2083 3458
130 165 254 220 [657]
660 179 876 205 PAPARUM
913 166 1298 208 AVENIONENSiUM
1743 171 1820 213 141

117 261 344 312 [Muratori,
373 269 401 299 t.
429 277 468 306 x,
492 261 564 299 col.
588 260 676 307 344,
704 260 792 309 349,
824 261 915 311 358]
937 261 980 298 in
1001 261 1104 299 libro
1127 261 1304 300 secundo
1325 262 1384 300 De
1406 262 1611 301 rebellione
1632 272 1667 301 et
1688 273 1821 302 contu-

115 320 244 357 macia
275 318 612 363 Cremonensium,
639 319 737 356 nihil
761 319 808 357 de
833 320 1133 359 parmensibus.
1159 320 1263 359 Tum
1283 321 1325 359 in
1344 322 1447 359 libro
1473 322 1660 372 sequenti
1681 337 1820 362 eorum

115 379 367 417 deditionem
383 377 576 416 describit
591 377 818 427 [Muratori,
835 386 863 416 t.
883 393 923 425 X,
944 380 1016 417 col.
1036 379 1111 417 364
1124 379 1150 429 ].
1174 379 1276 418 Vide
1297 380 1421 418 etiam
1440 395 1561 431 supra
1579 382 1620 419 in
1640 382 1821 420 Secunda

114 438 194 475 vita
211 437 422 475 Clementis
446 437 490 483 V,
509 451 547 487 p.
568 436 629 475 39.

168 497 210 536 P.
237 496 298 544 69,
331 496 396 545 lig.
434 495 495 534 24.
533 495 870 533 ORDINATIONEM
897 510 1206 535 CARDINALIUM.
1232 498 1542 536 cardinalatum
1565 513 1611 537 ea
1644 508 1819 550 tempes-

113 562 202 593 tate
222 569 294 605 per
314 555 487 592 rubeum
508 554 661 604 pileum
683 568 706 591 a
729 554 935 593 Clemente
958 555 991 592 V
1014 556 1244 593 exhibitum
1268 556 1389 595 fuisse
1421 557 1599 595 Guidoni
1629 558 1819 609 episcopo

114 613 379 664 Trajectensi,
400 613 468 651 sed
487 613 538 651 ab
557 627 602 651 eo
621 621 869 660 recusatum,
889 622 1067 652 testatur
1087 615 1265 653 Joannes
1285 616 1332 653 de
1350 616 1461 654 Beka
1491 616 1544 666 [p.
1567 616 1679 667 107].

168 673 210 712 Ρ.
231 673 293 720 69,
310 673 376 722 lig.
396 672 457 710 26.
477 672 715 709 ARNALDUS
736 687 789 708 DE
812 674 1082 720 FELGUERIIS,
1102 674 1185 712 sive
1216 674 1264 712 de
1282 675 1503 723 Feugeriis,
1522 683 1569 712 ut
1588 690 1679 714 eum
1697 684 1820 714 vocat

115 732 298 770 Clemens
316 731 350 768 V
371 731 413 769 in
429 730 555 769 literis
574 731 625 768 ad
643 745 777 780 regem
796 731 1031 782 Philippum
1055 734 1076 771 '.
1097 733 1229 780 Quare
1248 734 1514 771 vehementer
1530 734 1728 773 falluntur
1750 735 1819 785 qui

114 792 227 829 illum
252 790 370 829 aliter
393 790 622 828 nominant.
651 790 756 827 Eum
783 790 991 828 Frizonius
1015 791 1056 828 in
1087 791 1217 829 Gallia
1242 801 1478 842 purpurata,
1508 808 1545 843 p.
1573 793 1661 841 275,
1687 794 1746 832 ait
1777 794 1819 832 in

114 858 247 888 castro
275 849 519 887 Mirimontis
545 849 587 886 in
614 849 998 899 Novempopulania
1027 858 1163 888 ortum
1189 866 1286 898 esse,
1314 852 1383 889 sed
1414 866 1495 890 non
1529 852 1685 891 indicat
1711 853 1819 892 unde

112 909 223 947 istud
240 908 455 959 acceperit.
475 908 560 958 Ego
576 922 672 946 vero
690 922 782 946 cum
798 908 961 947 videam
976 909 1091 946 illum
1107 909 1251 947 statim
1267 910 1439 948 scribere
1458 911 1753 960 Raymundum
1770 912 1818 951 de

115 968 300 1017 Falgario
328 967 564 1017 episcopum
594 967 841 1004 Tolosanum
870 967 992 1006 fuisse
1021 968 1205 1017 ejusdem
1234 969 1483 1021 cognominis
1517 978 1557 1008 et
1584 971 1674 1017 loci,
1697 985 1819 1020 quem

111 1027 343 1065 Bernardus
372 1026 569 1064 Guidonis
596 1026 638 1064 in
665 1025 853 1075 Catalogo
879 1027 1153 1077 episcoporum
1182 1028 1466 1066 Tolosanoram
1493 1037 1534 1067 et
1562 1028 1604 1067 in
1631 1031 1819 1081 Catalogo

113 1085 299 1123 Priorum
319 1085 628 1135 provincialium
648 1085 800 1122 ordinis
820 1086 1155 1133 Praedicatorum,
1176 1086 1217 1124 in
1237 1087 1448 1136 provincia
1470 1088 1708 1127 Provinciae
1728 1089 1787 1126 ait
1806 1089 1820 1112 2

113 1152 250 1182 ortum
274 1144 323 1182 de
348 1144 593 1182 Miromonte
618 1152 752 1182 castro
778 1144 970 1183 dioecesis
995 1145 1233 1193 Tolosanae,
1250 1145 1366 1184 facile
1385 1146 1566 1184 adducor
1583 1148 1818 1185 utcredam

114 1203 346 1242 Frizonium
373 1203 431 1241 ita
460 1203 665 1253 scripsisse
693 1218 742 1241 ex
771 1204 1006 1253 conjectura
1035 1212 1214 1251 tantum,
1244 1212 1284 1242 et
1314 1205 1742 1255 Novempopulaniam
1769 1206 1818 1245 de

112 1277 184 1301 suo
214 1262 432 1309 addidisse,
464 1262 559 1312 quia
589 1262 760 1300 videbat
788 1263 896 1300 hunc
928 1263 1176 1301 cardinalem
1206 1263 1284 1301 dici
1314 1264 1541 1302 Vasconem
1577 1278 1596 1302 a
1629 1265 1818 1304 Ciaconio

123 1322 168 1372 [t.
194 1337 235 1368 11,
263 1322 336 1360 col.
365 1321 480 1372 379].
505 1321 656 1359 Contra
683 1335 755 1370 ego
782 1321 948 1359 omnino
974 1336 1213 1371 persuasum
1235 1323 1366 1360 habeo
1389 1323 1615 1360 Arnaldum
1642 1332 1682 1362 et
1710 1324 1818 1373 Ray-

112 1381 313 1418 mundum
340 1395 422 1418 non
449 1380 571 1419 fuisse
597 1388 821 1430 prognatos
849 1395 899 1418 ex
925 1381 1067 1418 eadem
1095 1381 1233 1431 stirpe,
1263 1381 1450 1431 quamvis
1479 1382 1611 1420 fatear
1637 1397 1721 1421 esse
1748 1383 1818 1421 ali-

112 1454 237 1489 quam
261 1439 507 1478 affinitatem
529 1440 637 1478 inter
660 1453 801 1477 eorum
824 1440 1003 1478 nomina.

166 1499 347 1537 Primam
371 1499 458 1549 ejus
483 1499 525 1536 in
549 1498 715 1537 ecclesia
743 1499 988 1548 dignitatem
1013 1499 1134 1537 fuisse
1154 1499 1310 1549 reperio
1331 1500 1659 1549 praepositatum
1682 1500 1819 1539 Arela-

111 1566 282 1605 tensem,
309 1572 389 1608 quo
414 1566 607 1595 ornatum
629 1557 744 1595 illum
769 1557 891 1595 fuisse
916 1572 1023 1595 anno
1049 1558 1269 1595 MCCCVII
1294 1566 1458 1596 constat
1490 1573 1541 1597 ex
1562 1559 1689 1597 literis
1717 1573 1817 1609 quas

111 1632 157 1655 eo
183 1631 290 1655 anno
317 1617 499 1655 Clemens
525 1617 559 1653 V
586 1616 700 1654 dedit
725 1617 776 1654 ad
800 1617 1034 1667 Philippum
1060 1631 1194 1666 regem
1214 1617 1463 1654 Francorum
1482 1632 1538 1655 xv
1560 1618 1638 1656 kal.
1661 1618 1816 1657 decem-

111 1676 192 1714 bris
222 1676 285 1726 [17
304 1675 551 1726 novembre]
569 1675 597 1724 3,
617 1690 667 1714 ex
685 1675 833 1725 quibus
852 1676 1055 1725 colligitur
1072 1690 1165 1714 eum
1182 1675 1352 1714 missum
1370 1676 1493 1715 fuisse
1510 1677 1563 1715 ad
1582 1677 1817 1727 Philippum

110 1749 184 1785 pro
214 1735 463 1785 quibusdam
492 1735 629 1773 arduis
659 1743 700 1773 et
730 1735 898 1773 occultis
929 1735 1114 1784 negotiis.
1150 1734 1211 1772 Illi
1240 1734 1385 1773 deinde
1408 1735 1644 1785 Onuphrius
1669 1736 1816 1774 Panvi-

111 1793 214 1841 nius,
244 1793 471 1842 Ciaconius,
501 1793 725 1841 Frizonius,
755 1793 1075 1841 Sammarthani,
1104 1793 1230 1832 etiam
1259 1794 1470 1841 Oldoinus,
1499 1794 1690 1832 tribuunt
1717 1795 1816 1832 titu-

109 1853 195 1890 lum
215 1853 436 1891 Camerarii
455 1867 648 1891 romanae
671 1853 888 1900 Ecclesiae,
910 1853 980 1891 sed
1000 1852 1129 1891 falso4.
1153 1852 1515 1903 Archiepiscopum
1536 1853 1816 1892 Arelatensem

110 1912 287 1950 evasisse
315 1912 433 1950 initio
462 1913 559 1950 anni
588 1912 833 1950 MCCCVIII
863 1919 1019 1949 certum
1049 1919 1110 1950 est
1128 1912 1154 1950 5.
1188 1911 1294 1949 Hinc
1332 1911 1465 1950 factus
1504 1920 1566 1950 est
1601 1913 1816 1963 presbyter

110 1971 327 2009 cardinalis
342 1985 452 2009 anno
472 1971 666 2018 MCCCX,
683 1971 746 2009 die
766 1985 840 2008 x1x
860 1970 1098 2018 decembris,
1115 1978 1155 2009 et
1170 1970 1314 2008 statim
1328 1972 1382 2009 ad
1397 1970 1663 2009 Sabinensem
1681 1972 1815 2010 Eccle-

109 2029 212 2068 siam
233 2030 458 2068 translatus
482 2030 561 2069 fine
582 2030 767 2080 ejusdem
787 2030 949 2077 mensis,
972 2044 1064 2067 cum
1094 2029 1157 2067 die
1187 2044 1246 2066 xx
1276 2029 1483 2068 extinctus
1505 2030 1648 2068 fuisset
1669 2031 1814 2069 Petrus

113 2088 320 2139 Hispanus
349 2089 563 2139 episcopus
593 2089 840 2127 Sabinensis.

163 2148 308 2186 Petrus
340 2148 486 2187 Saxius
516 2148 559 2186 in
588 2148 773 2186 Historia
803 2147 1029 2186 Primatum
1059 2147 1353 2185 Arelatensium
1395 2147 1449 2198 [p.
1482 2147 1582 2198 304]
1616 2148 1675 2186 ait
1712 2148 1813 2186 duos

109 2206 337 2245 Galhardos
374 2207 632 2245 Arelatenses
669 2206 995 2257 archiepiscopos
1031 2214 1126 2256 post
1162 2206 1390 2243 Arnaldum
1427 2206 1736 2245 commemorari
1771 2206 1813 2245 in

109 2265 239 2304 veteri
268 2266 435 2304 elencho
466 2266 703 2305 eorumdem
733 2265 1146 2316 archiepiscoporum,
1177 2279 1306 2302 unum
1337 2264 1503 2314 quidem
1533 2265 1703 2304 Arnaldi
1733 2265 1812 2304 fra-

108 2332 227 2372 trem,
248 2317 424 2363 alterum
444 2333 716 2375 cognomento
737 2325 946 2373 Saumate,
968 2324 1038 2363 sed
1058 2324 1134 2362 sibi
1154 2323 1282 2362 videri
1302 2323 1469 2361 unicum
1487 2331 1655 2362 tantum
1674 2324 1810 2365 fuisse.

108 2383 260 2421 Verum
285 2383 373 2422 illos
400 2398 484 2423 esse
511 2384 691 2422 diversos
717 2384 812 2422 hinc
838 2397 1000 2434 quoque
1026 2382 1190 2434 probari
1215 2396 1332 2432 posse
1358 2381 1523 2421 videtur
1548 2383 1655 2433 quod
1682 2383 1715 2421 is
1742 2383 1812 2433 qui

108 2442 304 2481 Saumate
335 2443 549 2482 dicebatur
577 2443 713 2481 fuerat
742 2450 865 2481 antea
895 2442 1087 2493 epicopus
1118 2441 1415 2491 Magalonensis
1445 2441 1497 2480 ab
1527 2455 1635 2480 anno
1664 2442 1811 2480 saltem

109 2500 374 2540 MCCCXVII
405 2516 534 2552 usque
566 2516 646 2552 quo
677 2501 811 2540 faetus
843 2509 904 2540 est
934 2500 1262 2551 archiepiscopus
1296 2500 1558 2548 Arelatensis,
1590 2508 1631 2539 et
1669 2508 1810 2539 tamen

127 2674 133 2682 '
157 2668 190 2701 1.
219 2668 368 2709 Baluze,
391 2674 418 2702 t.
440 2680 490 2709 111,
514 2680 549 2712 p.
573 2669 629 2702 90.

159 2721 189 2754 2.
220 2721 417 2762 Toulouse,
444 2734 511 2755 ms.
539 2721 620 2762 490,
647 2722 671 2755 f.
700 2723 743 2754 24
768 2725 801 2754 r0
825 2728 862 2755 et
888 2723 932 2755 65
958 2725 1009 2754 v0.

157 2775 189 2807 3.
219 2774 368 2815 Baluze,
391 2781 417 2808 t.
438 2787 489 2815 111,
512 2786 547 2818 p.
571 2775 627 2808 90.
648 2794 697 2798 —
718 2775 747 2808 Il
768 2775 862 2808 etait
883 2776 1018 2818 prevot
1038 2774 1181 2806 d’Arles
1204 2773 1266 2806 des
1288 2774 1380 2807 1306
1406 2773 1806 2816 (Albanes-Chevalier‚

114 2826 236 2860 Gallia
261 2827 474 2861 Christiana
499 2829 709 2867 novissima,
736 2828 853 2867 Artes,
881 2828 947 2860 col.
976 2827 1145 2866 583-590,
1173 2826 1294 2869 1106).
1314 2826 1366 2859 La
1392 2827 1489 2859 bulle
1517 2827 1567 2859 du
1583 2827 1627 2860 17
1654 2839 1809 2860 novem-

109 2880 172 2912 bre
197 2880 290 2914 1307
315 2881 431 2913 relate
457 2881 555 2913 aussi
580 2892 647 2913 son
672 2881 759 2914 titre
786 2881 829 2913 de
855 2880 1052 2924 chapelain
1076 2879 1283 2923 pontifical.

157 2933 189 2965 4.
221 2933 251 2965 Il
272 2945 317 2966 ne
339 2933 398 2966 fut
419 2945 486 2977 pas
508 2933 686 2967 camerier
708 2935 758 2966 du
788 2933 1030 2976 Saint-Siege,
1054 2932 1147 2965 mais
1178 2932 1427 2975 camerlingue
1459 2933 1509 2965 du
1531 2932 1640 2966 Sacre
1663 2932 1807 2977 Collega

112 2984 270 3028 (Archiv,
290 2992 316 3019 t.
334 2999 358 3026 1,
377 2998 412 3030 p.
433 2987 452 3020 8
470 2993 507 3019 et
527 2987 649 3027 Ehrle,
669 2987 837 3020 Historia
857 2985 1095 3025 bibliothecae,
1115 2992 1140 3018 t.
1158 2997 1182 3025 1,
1202 2997 1236 3028 p.
1256 2985 1304 3028 4).

158 3039 190 3072 5.
221 3039 251 3071 Il
264 3038 323 3071 fut
338 3041 488 3073 nomme
501 3040 533 3072 le
547 3040 592 3073 30
606 3039 753 3083 janvier
766 3040 858 3073 1308
877 3037 1278 3082 (Albanes-Chevalier‚
1293 3049 1350 3081 op.
1366 3039 1437 3078 cit.‚
1453 3050 1489 3072 n.
1505 3038 1610 3079 1451,
1625 3039 1692 3072 col.
1709 3039 1806 3082 583).
