2083 3458
270 229 354 271 856
922 241 1074 266 NOTAE
1109 241 1170 266 AD
1205 241 1332 266 VITAs
1829 224 1983 280 [1341]

270 330 444 368 Parmae
473 342 519 366 ac
548 325 729 366 Venetiis
757 325 1031 377 propinquus,
1060 339 1121 373 ea,
1149 333 1197 362 ut
1225 323 1383 375 opinor,
1412 324 1460 362 de
1501 337 1623 363 causa
1659 323 1770 374 quod
1806 322 1982 362 nesciret

270 388 512 439 episcopum
547 386 828 425 Castellanum
861 385 1054 424 eumdem
1087 399 1171 423 esse
1206 398 1299 423 cum
1333 383 1525 435 episcopo
1559 383 1840 422 Venetiarum.
1876 382 1984 420 Hinc

268 462 503 499 progressus
534 454 596 485 est
625 446 677 483 ad
707 445 993 495 quaerendum
1022 444 1311 495 episcopatum
1340 443 1622 482 Castellanum
1650 443 1693 481 in
1728 443 1859 482 Gallia
1892 442 1983 481 Bel-

272 509 370 558 gica.
405 507 459 544 Et
494 514 636 546 tamen
671 504 865 555 Aegidius
900 504 1130 544 Bellamera
1163 503 1202 542 in
1239 517 1327 554 cap.
1351 503 1520 551 Dilecta,
1539 503 1602 559 ρε
1636 517 1776 552 mayor.
1802 511 1836 540 et
1859 502 1982 549 obed„

271 567 431 618 pridem
454 573 673 604 monuerat
702 564 942 615 episcopum
973 564 1255 604 Castellanum
1284 578 1369 601 esse
1396 562 1636 613 episcopum
1650 561 1832 601 civitatis
1853 562 1986 600 Vene-

271 627 438 665 tiarum.

327 686 422 724 Fuit
444 686 509 723 ille
531 685 713 735 primum
736 683 952 734 episcopus
978 682 1205 721 Cerviensis
1229 696 1338 720 anno
1364 682 1664 729 MCCCLXIV3
1687 681 1782 720 inde
1805 681 1982 720 transla-

272 755 339 784 tus
375 753 438 784 est
473 745 526 782 ad
563 743 790 783 Ecclesiam
833 742 1084 782 Patavinam
1128 757 1237 780 anno
1274 741 1551 790 MCCCLXX,
1580 756 1607 779 x
1644 741 1725 780 kal.
1758 739 1954 780 februarii
1971 739 1984 762 1

283 806 348 856 [23
380 804 575 855 janvier]‚
620 812 712 841 tum
746 803 798 841 ad
844 803 1156 842 Urbevetanam
1199 802 1468 852 sequentibus
1514 801 1631 839 nonis
1686 801 1743 852 17]
1791 799 1987 847 octobris,

272 873 482 916 postremo
509 864 561 902 ad
588 863 867 901 Castellanam
893 877 1001 900 anno
1030 862 1369 910 MCCCLXXVI,
1395 869 1443 899 ut
1470 861 1612 899 scribit
1636 860 1747 900 idem
1775 860 1984 910 Ughellus.

327 925 425 963 Post
448 924 678 963 conflatum
700 922 877 962 schisma
899 922 941 959 in
966 921 1147 960 Ecclesia
1169 936 1342 960 romana
1365 921 1427 959 vir
1457 921 1549 969 iste,
1574 934 1815 971 quanquam
1841 920 1988 966 Italus,

273 993 314 1023 et
333 984 402 1035 qui
421 984 641 1022 cathedrae
659 982 925 1033 praesidebat
942 981 984 1019 in
1001 996 1047 1020 ea
1065 981 1279 1032 provincia
1298 980 1566 1029 constitutae,
1585 988 1750 1019 secutus
1768 987 1831 1018 est
1847 987 1987 1030 partes

275 1043 494 1083 Clementis
525 1043 605 1081 VII
636 1050 677 1081 et
705 1042 747 1079 in
777 1041 929 1080 Gallias
959 1040 1124 1081 secum
1153 1056 1199 1080 eo
1229 1040 1419 1079 contulit.
1454 1041 1600 1091 Itaque
1630 1054 1739 1078 anno
1768 1039 1983 1079 millesimo

274 1103 574 1150 CCCLXXXI,
598 1102 661 1140 die
685 1117 790 1139 xxvi
813 1100 993 1151 augusti,
1017 1100 1257 1139 nominatur
1279 1101 1386 1139 inter
1408 1108 1535 1139 testes
1559 1099 1629 1151 qui
1650 1108 1742 1138 tum
1763 1098 1987 1137 interfuere

273 1163 462 1214 publicae
496 1161 740 1227 professioni
775 1175 901 1211 quam
935 1161 977 1198 in
1012 1161 1081 1198 sav
1073 1175 1198 1198 orem
1233 1159 1443 1198 electionis
1479 1159 1700 1199 Clementis
1737 1158 1835 1197 fecit
1873 1158 1987 1209 apud

278 1223 435 1261 Niciam
459 1222 500 1260 in
518 1221 735 1260 Provincia
754 1221 895 1260 Simon
925 1221 973 1259 de
995 1221 1215 1267 Brossano,
1251 1220 1468 1258 cardinalis
1502 1218 1832 1266 Mediolanensis,
1862 1217 1988 1256 morti

274 1282 507 1333 proximus3
533 1281 626 1319 vide
649 1290 679 1320 t
702 1296 742 1318 VI
765 1280 977 1331 Spiczlegzz
1001 1280 1261 1327 Dacheiiani,
1283 1294 1322 1330 p.
1346 1280 1409 1318 48.

329 1343 448 1380 Anno
465 1341 823 1388 MCCCLXXXV,
840 1340 903 1378 die
920 1355 977 1377 ΧΠ
992 1340 1096 1390 julii,
1113 1311 1297 1379 Clemeiis
1314 1354 1406 1377 eum
1425 1339 1581 1378 creavit
1595 1338 1887 1389 presbyteium
1902 1351 1985 1375 car-

273 1402 469 1449 dinalem,
490 1401 585 1439 licet
605 1394 833 1438 absentem.
857 1400 980 1438 Venit
999 1408 1143 1450 postea
1165 1399 1422 1438 Avenionem
1441 1413 1550 1436 anno
1571 1396 1987 1437 MCCCLXXXVIII

275 1470 316 1500 et
342 1461 496 1500 curiam
521 1460 696 1498 intravit
721 1459 784 1498 die
811 1459 1007 1509 vigesima
1031 1459 1137 1509 junii
1156 1459 1183 1506 2,
1208 1468 1256 1497 ut
1280 1459 1533 1497 adnotatum
1551 1466 1614 1497 est
1636 1457 1678 1495 in
1702 1457 1805 1495 libro
1826 1456 1987 1505 Obliga-

275 1522 441 1559 tionum.
472 1521 578 1560 Tum
604 1534 702 1558 vero
731 1519 765 1558 ei
794 1520 915 1557 datus
944 1527 1006 1557 est
1032 1519 1180 1557 titulus
1210 1518 1351 1557 Sancti
1379 1517 1539 1568 Cyriaci
1565 1517 1607 1555 in
1633 1516 1819 1557 thermis.
1855 1516 1989 1566 Vulgo

275 1590 417 1620 tamen
434 1580 665 1619 vocabatur
682 1579 899 1617 cardinalis
919 1578 1199 1617 Venetiarum.

330 1641 449 1678 Anno
482 1639 748 1686 MCCCXCV,
781 1652 874 1677 cum
904 1638 945 1675 in
978 1638 1146 1676 consilio
1176 1637 1280 1687 regis
1314 1637 1511 1676 Franciae
1543 1645 1810 1687 quaereretur
1839 1635 1987 1675 modus

276 1698 546 1749 extinguendi
573 1697 820 1746 schismatis,
848 1712 977 1748 eaque
1005 1697 1072 1735 via
1101 1697 1258 1736 cunctis
1287 1696 1375 1735 visa
1403 1704 1510 1735 esset
1536 1696 1680 1736 melior
1707 1709 1833 1746 quam
1858 1695 1986 1733 Bene-

277 1759 411 1798 dictus
438 1759 523 1809 ipse
548 1757 707 1808 positus
734 1757 775 1794 in
802 1757 989 1796 conclavi
1012 1757 1227 1807 juraverat
1253 1772 1293 1795 se
1319 1771 1393 1807 pro
1419 1756 1528 1794 bono
1547 1755 1659 1806 pacis
1681 1755 1989 1806 amplexurum,

278 1819 310 1856 si
326 1818 461 1869 ipsum
479 1818 571 1867 eligi
588 1817 859 1867 contingeret,
877 1825 918 1855 et
936 1831 1062 1867 quam
1078 1825 1223 1867 postea
1236 1816 1507 1866 jurejurando
1525 1830 1688 1866 quoque
1706 1813 1988 1860 confirmavit,

278 1878 319 1916 id
335 1886 412 1925 est,
430 1877 556 1916 cessio
573 1877 792 1916 amborum
810 1877 858 1914 (16
875 1885 1036 1927 papatu
1053 1876 1412 1923 contendentium,
1429 1875 1543 1914 missi
1559 1883 1657 1913 sunt
1674 1875 1726 1912 ad
1743 1888 1838 1913 eum
1854 1888 1876 1911 a
1894 1887 1985 1923 rege

231 1984 242 1987 Δ
279 1937 448 1987 quidam
476 1936 554 1974 viri
583 1951 741 1986 graves,
769 1936 812 1973 in
838 1936 980 1986 primis
1010 1950 1106 1974 vero
1136 1937 1317 1974 „loannes
1348 1935 1433 1973 dux
1459 1934 1741 1982 Bituricensis,
1772 1933 1988 1984 Philippus

277 1996 539 2047 Burgundiae
566 2004 607 2034 et
634 1995 868 2034 Ludovicus
896 1995 1214 2034 Aurelianensis.
1244 1995 1298 2032 Hi
1323 2009 1417 2045 ergo
1444 2009 1537 2035 cum
1563 1993 1821 2033 Avenionem
1845 2007 1986 2044 perve-

278 2056 448 2103 nissent,
467 2055 529 2094 die
547 2055 679 2106 prima
696 2055 802 2105 junii
818 2055 860 2092 in
877 2055 1047 2093 aedibus
1067 2069 1170 2105 quae
1191 2054 1287 2094 olim
1314 2054 1479 2093 fuerant
1506 2053 1723 2093 cardinalis
1751 2053 1798 2091 de
1815 2051 1987 2090 Bolonia

279 2124 579 2165 congregarunt
599 2114 840 2162 cardinales,
864 2129 1014 2165 eosque
1034 2114 1204 2153 seorsim
1223 2114 1533 2164 interrogarunt
1552 2128 1624 2164 per
1637 2113 1922 2163 juramentum
1940 2119 1991 2149 ut

278 2175 461 2213 dicerent
479 2189 584 2225 quae
601 2174 668 2212 via
687 2174 910 2213 videbatur
926 2174 981 2212 eis
1000 2189 1084 2212 6556
1103 2173 1245 2213 melior
1263 2182 1304 2211 et
1321 2173 1462 2211 utilior
1477 2188 1552 2223 pro
1569 2171 1847 2223 extirpatione
1865 2170 1988 2209 schis-

278 2234 414 2274 matis.
442 2235 486 2271 In
510 2234 647 2272 codice
668 2233 799 2272 veteri
818 2233 976 2272 archivi
990 2233 1089 2283 regii
1106 2232 1343 2271 Parisiensis
1357 2232 1372 2255 3
1388 2233 1453 2271 hic
1472 2231 1690 2271 cardinalis
1713 2231 1769 2270 sic
1785 2229 1992 2282 prompsit

280 2294 530 2332 sententiam
549 2289 667 2332 suam
689 2309 696 2331 ε
714 2293 915 2331 Dominus
935 2293 1154 2331 cardinalis
1180 2293 1436 2331 Venetiaram
1455 2292 1557 2330 dixit
1579 2306 1619 2329 se
1642 2305 1794 2341 semper
1819 2289 1993 2328 tenuisse·

281 2367 430 2391 necnon
453 2361 577 2390 tenere
599 2354 701 2402 quod
721 2352 978 2390 consideratis
1001 2352 1183 2390 terminis
1204 2361 1238 2390 et
1258 2360 1363 2390 stata
1387 2352 1429 2389 in
1451 2351 1596 2401 quibus
1616 2350 1794 2388 Ecclesia
1813 2348 1993 2387 consistit

281 2414 324 2449 (le
339 2412 525 2462 presenti,
542 2412 607 2450 via
621 2412 812 2450 cessionis
826 2420 881 2449 est
896 2412 1045 2459 melior,
1063 2427 1181 2462 qnam
1193 2412 1338 2462 fortius
1358 2411 1473 2448 solito
1492 2411 1702 2461 approbat,
1727 2417 1870 2447 attento
1890 2408 1991 2459 quod

282 2486 346 2509 rea:
369 2472 461 2509 huic
484 2472 653 2519 adheret,
678 2472 744 2521 qui
770 2472 813 2509 in
838 2471 969 2521 ipsius
1004 2472 1063 2508 vie
1098 2472 1322 2509 executione
1356 2471 1461 2508 nihil
1481 2470 1608 2519 facere
1643 2470 1752 2507 vellet
1775 2468 1872 2518 quin
1894 2475 1992 2505 esset

280 2532 332 2568 ad
350 2531 533 2568 honorem
553 2531 745 2578 Ecclesie3
766 2531 860 2569 vide
881 2530 1006 2568 etiam
1028 2539 1059 2569 t.
1082 2546 1120 2569 v1
1142 2530 1356 2581 Spicilegii
1372 2529 1389 2552 4
1410 2528 1670 2576 Dacheriaffl,
1690 2543 1729 2579 p.
1753 2528 1840 2566 139.

337 2590 460 2627 Haud
483 2590 539 2628 ita
562 2590 694 2627 multo
715 2599 810 2640 post
831 2590 914 2639 regi
934 2598 975 2628 et
998 2590 1170 2629 ducibus
1191 2598 1432 2640 suggestum
1452 2597 1515 2627 est
1548 2588 1774 2627 cardinales
1804 2594 1987 2627 mutasse

281 2649 533 2687 sententiam
550 2658 644 2699 post
662 2663 802 2687 eorum
822 2649 1064 2689 abitionem.
1085 2650 1173 2697 Qua
1193 2649 1240 2687 de
1259 2663 1381 2688 causa
1401 2662 1543 2698 graves
1562 2648 1614 2685 ad
1632 2662 1699 2685 eos
1717 2646 1855 2685 literas
1874 2643 1989 2683 dedit

280 2707 385 2745 idem
407 2723 492 2756 reX,
512 2709 703 2746 hortatus
723 2717 770 2746 ut
792 2709 834 2746 in
857 2723 902 2747 ea
925 2708 1207 2759 persisterent.
1231 2707 1457 2746 Cardinalis
1481 2706 1750 2745 Venetiarum
1775 2703 1992 2756 respondit

328 2863 360 2894 ’1.
380 2862 654 2906 ]‚.c‘13j:mvicr
670 2864 764 2897 1369
782 2864 929 2907 (Eubel,
943 2863 1178 2903 Hierarchia,
1197 2869 1223 2897 t.
1241 2876 1265 2903 1,
1283 2876 1317 2907 p.
1336 2862 1435 2907 386).
1456 2863 1560 2896 Dans
1576 2863 1612 2895 la
1628 2861 1738 2901 suite,
1752 2861 1777 2894 il
1789 2861 1850 2893 fut
1865 2866 1990 2893 trans-

280 2914 353 2947 [ἐπ-(ἶ-
375 2928 438 2947 sur
458 2917 489 2947 1(·,
511 2917 608 2957 siege
631 2917 674 2948 dc
699 2917 832 2949 Patras
853 2918 885 2949 16
909 2918 952 2950 28
975 2917 1069 2949 avril
1085 2918 1192 2957 1371,
1211 2923 1248 2949 ct
1269 2929 1332 2949 sur
1353 2916 1448 2949 celui
1471 2917 1515 2949 de
1536 2915 1744 2949 Castellole
1767 2915 1810 2947 27
1831 2925 1992 2947 novem·

280 2968 341 2999 1)ι·ι
361 2969 394 2999 15
392 2970 453 3000 7.)
476 2969 518 3009 (Ιί
524 2970 621 3005 (ι1)(1
644 2976 680 3002 ul
696 2982 737 3008 s.‚
757 2976 783 3002 t.
802 2983 824 3009 Ι,
844 2982 878 3013 p.
899 2971 965 3002 171
986 2976 1023 3002 ct
1040 2970 1138 3014 394).

330 3022 359 3053 2.
395 3022 422 3052 1⁴]
429 3034 448 3052 n
473 3023 503 3052 1·
502 3023 565 3055 187
593 3023 739 3064 (lIubcl,
766 3029 802 3055 ut
823 3036 864 3062 s.,
889 3029 915 3056 t.
938 3036 961 3062 1,
985 3035 1019 3067 p.
1046 3024 1117 3067 28).

329 3075 360 3106 3.
392 3075 426 3106 1.
450 3075 529 3113 51&
552 3076 705 3108 [014102
727 3081 769 3115 1·0,
791 3083 829 3108 et
850 3077 1020 3109 Martene
1045 3077 1308 3120 (Amplissima
1328 3077 1497 3115 collectio,
1519 3081 1546 3109 t.
1568 3087 1632 3115 v11,
1655 3075 1723 3109 col.
1745 3073 1844 3117 469).

332 3127 348 3157 [1
397 3128 435 3157 11(
437 3128 470 3159 ll
478 3134 601 3169 (ξω-1,
627 3134 652 3161 t.
676 3141 713 3168 11,
737 3141 771 3172 p.
798 3130 878 3162 270.
