2083 3458
141 234 266 290 [915]
667 251 883 277 PAPARUM
918 250 1300 277 AVENIONENSIUM
1741 239 1821 280 431

187 334 227 373 Ρ.
260 333 348 381 296,
378 334 444 383 lig.
478 334 537 372 13.
573 335 667 371 Rex
700 349 750 371 ET
782 349 954 373 REGINA.
989 336 1044 373 La
1074 336 1182 374 reine
1213 336 1441 374 Constance
1472 351 1520 374 116
1550 337 1640 374 vint
1669 351 1740 387 pas
1770 352 1819 376 en

134 392 234 431 1346
256 406 355 430 avec
380 393 527 442 Jayme
556 393 609 440 II,
634 407 701 431 car
723 394 796 431 elle
821 394 923 431 etait
946 403 1076 432 morte
1101 397 1122 432 a
1142 403 1249 432 cette
1278 397 1434 445 epoque
1457 403 1498 433 et
1518 396 1554 433 le
1576 396 1632 433 roi
1660 396 1820 433 n’avait

132 465 204 501 pas
226 466 369 489 encore
391 452 560 489 convole
581 466 630 489 en
645 452 837 490 secondes
855 467 972 491 noces
992 453 1055 503 (Α.
1076 454 1210 502 Lecoy
1226 453 1274 492 de
1294 454 1331 491 la
1350 454 1527 501 Marche,
1546 454 1619 491 Les
1634 455 1820 492 relations

132 509 341 560 politiqaes
366 510 410 547 de
434 510 473 548 la
498 510 650 547 France
674 518 707 547 et
731 511 783 547 «la
809 526 993 560 royaztme
1018 513 1061 549 de
1088 512 1311 562 lllajorqae,
1339 521 1367 550 t.
1394 527 1436 560 11,
1462 528 1499 563 p.
1527 513 1614 560 155,
1641 522 1736 551 note
1765 514 1817 562 3).

133 569 186 606 Le
205 569 341 618 sejour
359 569 413 606 du
432 569 490 606 roi
510 569 557 607 de
578 569 789 618 Majorque
809 585 857 607 en
877 571 1065 619 Avignon
1082 579 1142 608 est
1156 573 1308 609 atteste
1327 571 1381 608 du
1401 572 1448 609 19
1462 572 1701 610 31126111315
1721 572 1820 610 ’1346

132 628 330 677 (Schafer,
367 628 558 665 Benedilst
592 628 698 675 XII,
737 643 773 677 p.
812 628 917 677 285).

186 687 227 725 P.
258 686 346 733 296,
373 687 439 735 lig.
470 686 531 724 20.
562 687 807 725 JOHANNES.
840 688 891 725 Le
920 688 977 725 roi
1006 688 1148 726 habita
1176 689 1426 727 Villeneuve.
1458 689 1530 727 Les
1560 698 1741 740 comptes
1771 690 1818 727 de

131 760 203 784 son
223 759 379 794 voyage
399 753 493 783 sont
512 746 589 783 313
608 745 652 783 Β.
676 745 740 792 N„
758 746 890 795 picces
911 747 1138 794 originales,
1158 748 1238 785 vol.
1259 747 1347 794 493,
1368 748 1520 786 dossier
1542 748 1717 797 Braque,
1739 763 1775 786 n.
1796 749 1818 785 5

133 804 325 853 (Histoire
348 805 392 841 (le
414 805 662 852 Langaecloe,
686 812 715 842 t.
740 819 798 851 lx,
822 820 860 854 p.
887 805 975 851 625,
1000 814 1041 843 et
1064 814 1092 844 t.
1120 821 1160 853 x,
1186 807 1368 854 Prezwes,
1393 808 1466 845 col.
1491 807 1570 855 47).
1600 807 1694 844 Voir
1718 807 1817 845 dans

132 863 298 902 Schafer
327 863 534 910 (Berzeclilct
559 863 666 910 XII,
695 878 733 913 p.
763 864 852 910 437,
881 864 969 910 440,
998 864 1089 913 454)
1118 865 1172 902 165
1201 865 1396 914 depenses
1425 866 1738 914 qu’occasionna
1767 881 1817 903 an

131 922 380 972 Saint-Siege
407 923 440 960 le
466 922 600 971 sejour
625 922 678 959 du
704 922 775 968 roi.

185 981 226 1019 P.
253 981 340 1028 298,
366 981 430 1029 lig.
458 981 490 1019 7.
518 982 703 1019 GRATIAS
728 995 994 1019 GENERALES.
1023 982 1075 1019 Le
1100 996 1203 1032 pape
1237 983 1407 1020 ecrivait
1429 983 1464 1021 le
1488 984 1537 1021 23
1561 987 1660 1021 ausit
1686 984 1784 1021 1342
1811 1000 1817 1021 ;

127 1040 331 1078 Dudum...
365 1041 417 1077 acl
444 1040 596 1089 apicem
625 1040 772 1077 summi
802 1041 1043 1089 apostolatus
1072 1041 1282 1090 assumpti,
1314 1042 1478 1084 volentes
1508 1056 1600 1091 erga
1627 1055 1820 1091 pauperes

130 1099 287 1136 clericos
316 1099 566 1136 liberalitatis
597 1099 806 1148 apostolice
834 1099 1004 1148 januam
1033 1100 1199 1148 aperire,
1227 1101 1422 1147 generales
1446 1101 1594 1149 gratias
1627 1101 1820 1138 icni'versis

130 1158 376 1207 pauperibus
403 1158 553 1195 clericis
579 1166 670 1195 tanc
698 1158 737 1195 in
766 1172 931 1195 romana
956 1158 1068 1195 caria
1094 1159 1354 1207 presentichS,
1382 1167 1414 1196 et
1440 1160 1491 1197 acl
1515 1174 1599 1197 eam
1628 1173 1745 1209 usqne
1772 1160 1823 1197 wl

131 1225 248 1254 certos
280 1217 465 1254 terminos
497 1217 756 1255 accessuris...
791 1217 979 1254 duximus
1011 1218 1272 1254 concedendas
1307 1233 1351 1255 ac
1383 1226 1500 1255 certos
1536 1219 1821 1256 esraminatores

129 1290 249 1325 saper
270 1276 339 1313 1106
362 1276 638 1325 deputavimus
661 1290 730 1326 per
754 1276 958 1313 universas
983 1276 1208 1325 provincias
1233 1277 1421 1326 (Deprez,
1446 1291 1483 1315 n.
1511 1277 1614 1320 162).

184 1335 226 1372 P.
248 1334 336 1381 298,
355 1335 421 1384 lig.
445 1335 504 1373 13.
528 1335 903 1372 RESERVATIONES.
926 1335 981 1371 La
1002 1337 1160 1373 reservo
1180 1336 1243 1372 fut
1263 1336 1490 1385 proclamee
1510 1337 1543 1373 le
1564 1335 1586 1373 5
1605 1337 1685 1373 mai
1708 1337 1819 1377 1343.

129 1408 233 1444 pour
255 1394 363 1432 deux
385 1408 471 1441 3115,
496 1396 515 1431 a
542 1394 672 1444 partir
696 1394 749 1431 du
775 1394 831 1430 1ΘΓ
851 1394 937 1443 juin
965 1394 1152 1443 (Deprez,
1178 1408 1215 1432 n.
1243 1394 1346 1442 173).

184 1453 226 1490 P.
244 1452 332 1499 299,
350 1453 414 1502 lig.
434 1453 493 1491 16.
512 1453 575 1489 ΑΙ)
594 1467 839 1490 MEMORIAM.
863 1454 976 1491 Hanc
992 1453 1147 1490 bullam
1163 1461 1203 1490 et
1218 1461 1458 1502 sequentem
1472 1453 1595 1492 refert
1614 1454 1818 1492 Albericus

129 1525 151 1549 a
170 1511 321 1550 Rosate
342 1512 498 1549 11115110
511 1512 773 1559 Dietionario,
789 1512 844 1549 sic
860 1520 999 1549 tamen
1014 1520 1060 1549 ut
1076 1512 1177 1549 nolit
1191 1526 1257 1549 eas
1273 1520 1480 1561 praestare
1497 1527 1623 1551 veras.
1646 1513 1818 1550 Easdem

127 1570 266 1608 inveni
296 1571 422 1609 etiam
450 1571 490 1608 in
522 1571 657 1609 codice
686 1569 790 1609 2835
819 1570 1091 1608 bibliothecae
1122 1571 1378 1609 Colbertinae
1398 1571 1424 1609 2.

184 1630 226 1667 P.
262 1630 350 1676 299,
384 1630 451 1679 lig.
487 1630 547 1667 22.
584 1630 677 1668 CUM
714 1644 887 1667 NATURA
923 1644 1119 1667 HUMANA.
1158 1631 1254 1667 Jure
1285 1630 1511 1679 meritoque
1540 1631 1820 1668 protestantes

128 1688 323 1726 adversus
361 1689 466 1727 hanc
503 1689 658 1726 bullam
693 1689 754 1726 uti
790 1689 1051 1727 temerariam
1091 1697 1131 1726 et
1176 1689 1461 1739 impudentem
1499 1689 1821 1736 insurrexerunt,

129 1747 224 1796 quia
243 1747 439 1785 videbant
463 1748 696 1785 Romanum
716 1748 955 1798 pontificem
975 1748 1128 1784 nullam
1148 1756 1399 1797 potestatem
1423 1749 1571 1786 habere
1593 1749 1632 1785 in
1658 1749 1821 1797 angelos

128 1814 202 1843 aut
222 1807 398 1856 reliquos
422 1807 533 1856 regni
557 1807 740 1845 caelestis
763 1807 914 1844 11160135
938 1815 978 1844 et
1000 1807 1267 1845 habitatores.
1294 1807 1378 1856 Ego
1402 1822 1497 1845 vero
1519 1808 1707 1845 lubenter
1729 1822 1822 1845 cum

127 1865 204 1903 illis
231 1866 375 1904 sentio.
406 1866 483 1904 Sex
510 1875 651 1904 tamen
678 1866 858 1903 diversas
885 1866 1050 1903 interim
1078 1866 1287 1916 opiniones
1316 1866 1527 1904 habemus.
1560 1866 1619 1903 Illi
1646 1866 1755 1904 eniin
1780 1867 1820 1903 in

127 1938 218 1961 eam
237 1933 284 1962 ut
304 1939 443 1963 veram
465 1939 511 1963 ac
533 1925 753 1974 genuinam
767 1918 1039 1971 invehuntur,
1061 1939 1133 1974 ego
1153 1925 1267 1962 illam
1287 1925 1433 1962 falsam
1453 1939 1498 1963 ac
1515 1925 1822 1975 supposititiam

127 1991 168 2020 et
191 1983 242 2020 ab
267 1983 404 2033 aliquo
428 1984 650 2033 impostore
676 1984 794 2021 valde
818 1984 1008 2034 imperito
1034 1984 1309 2033 conscriptam
1334 1984 1455 2021 fuisse
1480 1984 1696 2022 contendo.
1725 1984 1821 2030 Quis

126 2041 235 2079 enim
258 2056 380 2080 sanae
405 2043 553 2081 mentis
578 2044 700 2080 homo
724 2043 763 2080 in
789 2043 971 2079 animum
996 2043 1186 2080 inducere
1212 2051 1335 2092 queat
1362 2043 1494 2080 virum
1520 2057 1699 2091 gravem,
1728 2044 1820 2080 doc-

127 2108 230 2148 tum,
256 2101 416 2139 dicendi
441 2102 633 2151 peritum,
660 2102 919 2151 prudentem,
945 2116 990 2139 ac
1013 2101 1145 2139 limati
1162 2101 1319 2150 judicii,
1336 2102 1500 2150 qualem
1516 2102 1637 2139 fuisse
1657 2110 1819 2139 constat

127 2160 378 2197 Clementem
406 2169 582 2208 sextum,
612 2169 699 2198 tam
727 2175 870 2198 averso
899 2174 918 2197 a
950 2160 1074 2198 musis
1103 2160 1239 2199 animo
1269 2160 1404 2206 fuisse,
1433 2168 1520 2197 tam
1547 2160 1743 2197 insulsum
1773 2174 1819 2197 ac

127 2218 287 2256 fatuum
330 2227 377 2256 ut
419 2220 758 2269 compositionem
801 2219 1056 2266 dissolutam,
1099 2219 1327 2265 ridiculam,
1370 2219 1610 2257 abnormem
1649 2219 1818 2257 auderet

125 2285 199 2314 aut
230 2278 353 2316 vellet
385 2278 546 2328 publice
580 2278 830 2328 proponere?
864 2278 931 2325 At,
954 2278 1125 2328 inquies,
1153 2278 1332 2316 Weselus
1362 2278 1621 2316 Gansfortius
1646 2278 1816 2315 Gronin—

126 2336 257 2385 gensis
297 2336 351 2386 [p.
380 2337 456 2374 889
485 2346 525 2375 et
552 2337 653 2387 892]
683 2345 724 2376 et
752 2337 959 2375 Cornelius
989 2337 1169 2387 Agrippa
1198 2345 1407 2375 testantur
1434 2350 1525 2375 earn
1554 2336 1747 2381 Viennae,
1775 2337 1815 2373 in

127 2395 426 2443 Lemovicibus,
448 2396 558 2446 apud
581 2396 772 2434 Pictavos
793 2404 934 2434 extare
954 2396 1229 2446 plumbatam,
1251 2395 1434 2444 adeoque
1454 2395 1495 2432 in
1513 2395 1684 2433 dubium
1702 2410 1815 2432 revo-

125 2454 207 2491 cari
226 2468 307 2491 non
326 2469 442 2504 posse
463 2455 561 2505 quin
582 2469 677 2493 vera
697 2455 764 2502 sit,
784 2469 877 2494 cum
896 2463 1057 2493 constet
1075 2468 1166 2493 eam
1185 2454 1307 2492 fuisse
1328 2453 1531 2492 munitam
1551 2454 1660 2491 bulla
1681 2454 1812 2503 ponti-

127 2511 230 2551 ficia.
259 2513 442 2552 Primum
466 2514 709 2564 respondere
735 2528 902 2564 possum
927 2513 1135 2551 emersisse
1157 2513 1326 2550 diversis
1351 2512 1605 2562 temporibus
1631 2512 1813 2549 falsarios

124 2571 194 2620 qui
223 2572 505 2610 Romanorum
530 2573 781 2611 Pontificum
808 2572 938 2610 bullas
967 2572 1260 2621 confingerent,
1289 2585 1437 2620 easque
1458 2571 1615 2620 plumbi
1639 2571 1813 2609 Romani

122 2630 360 2668 testimonio
393 2631 633 2669 confirmare
664 2631 904 2669 niterentur.
940 2631 1051 2679 Quae
1082 2630 1368 2680 pestiferorum
1398 2629 1612 2667 hominum
1642 2629 1813 2667 audacia

124 2689 297 2727 extorsit
317 2689 450 2727 varias
472 2690 708 2728 eorumdem
731 2690 980 2728 Pontificum
1002 2688 1315 2727 constitutiones
1337 2688 1467 2726 editas
1487 2688 1528 2725 in
1548 2687 1659 2725 libris
1677 2688 1814 2725 Decre-

124 2747 266 2785 taliam
287 2756 328 2786 et
349 2748 459 2787 alibi.
482 2749 634 2787 Verum
656 2749 804 2787 omissa
825 2762 871 2786 ea
892 2747 1168 2797 responsione,
1191 2760 1430 2796 quanquam
1450 2761 1532 2784 non
1552 2746 1701 2794 inutili,
1725 2747 1813 2796 quis

123 2820 207 2843 non
235 2806 363 2854 Videt,
395 2807 483 2856 quis
513 2822 596 2844 non
625 2807 922 2845 animadvertit
952 2807 1110 2844 Weselo
1139 2805 1293 2843 homini
1316 2806 1478 2842 Batavo
1508 2813 1549 2843 et
1574 2805 1814 2854 exscriptori

123 2865 210 2914 ejus
242 2866 460 2916 Agrippae,
492 2866 724 2904 hominibus
757 2866 934 2903 multum
964 2865 1016 2902 ab
1047 2879 1148 2902 aevo
1181 2864 1398 2902 Clementis
1430 2864 1486 2901 VI
1518 2872 1559 2901 et
1589 2878 1610 2901 a
1644 2864 1815 2911 Vienna,

125 2923 316 2962 Ratiasto
343 2924 607 2962 Lemovicum
632 2933 673 2962 et
697 2924 965 2973 Augustorito
992 2923 1208 2961 Pictonum
1230 2922 1396 2960 remotis
1417 2923 1525 2959 nulla
1551 2922 1707 2959 ratione
1734 2937 1814 2959 crc-

168 3056 200 3088 1.
219 3055 388 3094 Leucon,
407 3066 454 3087 au
473 3061 553 3087 mot
570 3054 751 3088 Jubileus.

169 3108 200 3141 2.
223 3107 264 3140 Β.
291 3108 347 3147 N„
370 3107 464 3140 latin
487 3107 582 3140 4991
605 3108 647 3140 A.
