2083 3458
120 243 275 298 [1177]
643 261 860 287 PAPARUM
897 262 1282 288 AVENIONENSIUM
1730 249 1811 290 695

109 343 516 393 Majorismonasterii
551 345 718 383 exiverat
752 347 940 393 conclave,
977 346 1148 383 Romani
1183 347 1424 384 strinxerunt
1459 362 1546 385 eum
1592 349 1643 386 ad
1687 363 1811 386 unum

108 403 311 454 parietem,
337 403 394 440 vel
418 403 501 453 ipse
525 418 564 440 se
588 413 770 454 posuerat
794 405 947 454 quando
972 405 1069 442 vidit
1092 420 1153 442 eos
1178 406 1306 443 venire
1330 407 1381 443 ad
1402 421 1454 454 se,
1480 415 1513 444 et
1536 408 1689 445 audivit
1713 408 1813 457 quod

113 462 199 512 ipso
219 462 276 499 sic
296 461 479 500 existente
498 462 632 511 juncto
653 478 740 501 cum
761 464 920 513 pariete,
943 464 1114 501 Romani
1137 464 1288 502 iverunt
1308 466 1360 502 ad
1379 480 1467 503 eum
1488 466 1557 503 tali
1579 467 1690 504 modo
1712 467 1812 516 quod

113 521 314 559 videbatur
329 521 409 558 sibi
427 522 527 571 quod
543 523 718 560 volebant
736 523 940 560 immittere
957 538 1099 560 manus
1118 523 1160 560 in
1177 538 1277 571 eum,
1295 532 1328 561 et
1346 525 1446 574 quod
1462 539 1566 562 unus
1583 526 1811 575 capellanus

108 580 204 618 dicti
227 580 444 618 cardinalis
467 589 517 618 tot
542 581 641 618 bona
662 582 776 619 verba
797 582 852 619 eis
874 582 974 619 dixit
995 583 1095 631 quod
1115 582 1261 632 eripuit
1282 597 1370 620 eum
1392 584 1435 621 de
1457 584 1643 622 manibus
1664 599 1808 622 eorum.

115 640 161 677 In
179 639 432 689 depositione
452 640 616 678 Garsiae
638 641 746 678 Petri
765 641 812 679 de
832 641 1002 679 Tassara
1024 641 1195 679 Navarri
1214 642 1271 679 ita
1291 643 1488 692 scriptum
1506 651 1567 681 est
1587 644 1598 666 ¹
1620 660 1627 681 ε
1648 644 1698 681 Et
1715 644 1811 681 vidit

111 699 213 749 quod
231 698 402 736 Romani
424 699 658 737 reduxerunt
680 699 878 737 inhoneste
899 700 1140 738 cardinalem
1161 701 1565 750 Majorismonasterii
1587 703 1638 740 ad
1659 703 1809 740 intran-

109 758 206 795 dum
227 758 418 807 capellam
440 772 528 795 cum
549 759 655 805 aliis,
679 767 890 796 asserentes
910 773 998 797 eum
1021 760 1112 796 velle
1134 760 1300 797 recedere
1321 761 1372 797 ad
1393 761 1576 799 libratam
1596 776 1723 800 suam.
1749 763 1809 799 Ex

109 817 259 867 quibus
283 817 416 855 verbis
439 825 556 867 patet
579 832 731 855 vanam
753 818 979 867 falsamque
1002 833 1085 856 esse
1108 819 1384 858 narrationem
1408 820 1551 858 Jacobi
1573 821 1621 858 de
1645 821 1747 859 Seva
1768 821 1810 858 in

114 876 231 913 Facto
252 891 324 914 suo
346 876 558 914 scribentis
578 876 606 923 2,
629 892 667 927 p.
691 877 766 915 493
788 885 828 915 et
850 878 937 924 495,
961 878 1184 915 cardinales
1208 892 1358 925 omneS,
1382 893 1473 917 cum
1495 879 1543 917 de
1565 880 1748 918 conclavi
1769 888 1809 918 et

110 935 266 986 palatio
292 944 558 982 recesserunt,
587 936 638 973 ad
665 950 803 974 eorum
832 936 1008 986 hospitia
1032 937 1200 986 pacifice
1225 945 1265 975 et
1288 945 1377 975 tute
1401 953 1580 976 reversos
1606 939 1740 985 fuisse,
1768 947 1809 977 et

108 994 336 1044 quemlibet
367 1009 521 1041 eorum,
555 995 652 1032 dum
684 995 929 1033 recedebant
960 995 1011 1033 ad
1043 996 1183 1033 domos
1215 1010 1321 1043 suas,
1354 1011 1424 1046 per
1454 998 1668 1035 nonnullos
1702 998 1807 1036 cives

113 1054 321 1091 Romanos
341 1068 482 1092 eorum
501 1055 653 1092 amicos
675 1055 795 1092 fuisse
816 1054 1037 1092 honorifice
1058 1069 1185 1104 usque
1205 1055 1257 1092 ad
1277 1056 1416 1094 domos
1431 1048 1434 1052 ¹
1448 1056 1553 1106 ipsas
1574 1057 1808 1104 associatos,

110 1113 271 1162 illicque
299 1127 392 1151 cum
418 1127 558 1151 eorum
586 1113 747 1151 familiis
776 1122 864 1151 tute
891 1122 931 1151 et
957 1114 1125 1163 pacifice
1152 1122 1192 1152 et
1218 1114 1302 1152 sine
1340 1115 1474 1164 aliqua
1502 1116 1686 1154 molestia
1721 1131 1807 1166 per-

112 1186 321 1210 manSISse.

162 1231 343 1269 Tandem
365 1246 458 1281 ergo
479 1239 572 1281 post
592 1239 656 1269 tot
677 1231 853 1281 pericula
876 1231 1071 1269 Geraldus
1093 1231 1280 1281 pervenit
1299 1232 1352 1269 ad
1373 1232 1540 1270 domum
1560 1247 1689 1272 suam.
1713 1234 1806 1271 Pos-

108 1299 196 1328 tera
222 1290 298 1337 die,
323 1290 363 1328 id
388 1299 462 1337 est,
488 1304 595 1328 nona
619 1291 770 1341 aprilis,
795 1299 989 1329 evocatus
1015 1291 1065 1328 ab
1092 1291 1272 1337 Urbano,
1298 1292 1480 1331 nondum
1514 1292 1622 1330 enim
1645 1293 1806 1331 ablatus

109 1358 197 1388 erat
219 1349 355 1397 timor,
379 1350 431 1387 ad
453 1350 567 1387 illum
590 1350 772 1397 accessit,
796 1358 842 1387 ut
864 1350 1013 1388 docent
1035 1350 1158 1389 iidem
1182 1350 1359 1388 Jacobus
1383 1351 1430 1388 de
1455 1351 1570 1398 Seva,
1594 1366 1632 1401 p.
1656 1351 1744 1399 495,
1767 1360 1808 1390 et

107 1409 322 1459 episcopus
357 1409 616 1447 Cassanensis
650 1410 760 1459 apud
795 1409 1015 1447 Odoricum
1050 1409 1326 1458 Raynaldum,
1360 1424 1424 1447 an.
1462 1410 1574 1457 1378,
1614 1411 1630 1459 ἓ
1665 1410 1724 1448 12.
1764 1411 1808 1447 In

108 1468 364 1518 depositione
395 1483 492 1506 vero
524 1468 659 1506 fratris
693 1468 835 1517 Angeli
866 1468 1044 1518 episcopi
1078 1468 1327 1506 pisaurensis
1359 1469 1416 1506 ita
1448 1469 1646 1519 scriptum
1677 1468 1767 1507 est3
1799 1486 1806 1507 z

113 1528 209 1565 Item
226 1542 346 1578 super
363 1527 482 1565 LXV
500 1527 700 1577 respondit
730 1528 830 1577 quod
862 1528 921 1565 illi
954 1527 1174 1565 cardinales
1205 1536 1389 1565 venerunt
1421 1528 1485 1565 illo
1518 1543 1630 1567 mane
1649 1536 1682 1566 et
1710 1529 1810 1578 quod

111 1587 263 1624 nullam
299 1587 551 1624 reverentiam
585 1587 844 1624 exhibuerunt
879 1587 939 1624 illi
974 1595 1014 1624 ut
1047 1601 1162 1636 pape,
1197 1588 1264 1623 sed
1301 1587 1391 1624 bene
1426 1588 1680 1637 loquebantur
1721 1602 1808 1625 curn

106 1660 150 1683 eo
180 1647 224 1683 de
254 1646 432 1693 diversis,
464 1655 505 1684 ut
535 1646 749 1684 videbatur.
788 1647 930 1683 l'erurn
960 1646 1065 1683 testis
1095 1646 1161 1695 qui
1191 1646 1361 1698 loquitur
1390 1646 1542 1684 audivit
1571 1646 1809 1684 cardinalem

110 1705 518 1755 Majorismonasterii
549 1706 715 1743 multum
750 1705 1010 1742 blandientem
1039 1705 1118 1742 sibi
1149 1713 1182 1742 et
1212 1705 1398 1742 dicentem
1428 1706 1613 1755 quomodo
1644 1706 1809 1743 multum

106 1765 403 1802 contentabatur
425 1765 469 1802 de
498 1764 584 1814 ejus
604 1765 711 1814 felici
732 1773 835 1802 statu
857 1773 890 1802 et
910 1764 1102 1802 electione.
1128 1764 1204 1801 Sed
1236 1765 1333 1802 haec
1356 1764 1613 1804 simulatione
1636 1773 1676 1802 et
1698 1764 1808 1801 inani

107 1823 386 1862 ostentatione
410 1824 588 1874 fictoque
611 1838 794 1862 sermone
816 1824 867 1861 ab
889 1839 935 1861 eo
957 1831 1049 1861 acta
1070 1838 1154 1861 esse
1176 1832 1343 1873 propter
1364 1831 1520 1861 metum
1541 1838 1590 1861 ex
1615 1823 1807 1861 Romanis

109 1883 224 1921 facile
253 1883 477 1921 ostendunt
504 1883 730 1933 sequentia.
761 1883 925 1920 Etenim
953 1896 1045 1920 cum
1074 1883 1263 1920 Urbanus
1291 1883 1341 1919 ad
1370 1883 1483 1920 illum
1509 1891 1549 1920 et
1576 1883 1627 1919 ad
1655 1891 1806 1920 ceteros

106 1942 332 1980 cardinales
350 1942 419 1992 qui
435 1951 552 1980 erant
567 1942 608 1980 in
624 1951 757 1981 castro
775 1942 913 1980 Sancti
931 1941 1073 1991 Angeli
1088 1941 1263 1980 misisset
1279 1942 1473 1979 abbatem
1490 1941 1724 1979 Sitriensem
1740 1941 1807 1991 qui

106 2016 175 2039 eos
191 2010 375 2040 moneret
390 2010 437 2039 ut
452 2002 504 2039 ad
520 2016 559 2040 se
575 2001 938 2039 inthronizandum
953 2001 1153 2047 venirent,
1170 2001 1380 2047 Geraldus,
1397 2015 1499 2038 unus
1516 2015 1588 2050 pro
1605 2000 1806 2047 omnibus,

106 2060 214 2098 dixit
238 2060 418 2099 eundum
443 2075 526 2099 esse
551 2061 603 2098 ad
636 2061 854 2098 vitandum
879 2060 1020 2098 mortis
1046 2059 1282 2109 periculum.
1312 2059 1415 2097 Huic
1440 2059 1494 2097 rei
1527 2059 1808 2097 testimonium

108 2119 296 2169 perhibet
319 2119 492 2170 epistola
518 2119 627 2158 Petri
653 2119 853 2169 Rostagni
876 2120 928 2156 ad
952 2133 1086 2168 regem
1107 2118 1304 2156 Castellae
1320 2118 1335 2140 4
1356 2134 1362 2155 :
1386 2118 1461 2155 Die
1484 2127 1612 2155 autem
1635 2118 1807 2168 sequenti

109 2179 166 2216 vel
179 2179 364 2227 secunda,
383 2187 424 2217 ut
440 2193 522 2216 vere
537 2179 674 2228 fatear,
693 2179 795 2216 venit
811 2179 862 2216 ad
877 2187 1046 2216 castrum
1065 2178 1197 2227 ipsum
1214 2177 1374 2227 quidam
1391 2177 1598 2225 religiosus
1615 2178 1658 2213 de
1673 2177 1808 2214 ordine

106 2237 245 2276 Sancti
267 2238 483 2285 Benedicti,
508 2246 624 2276 natus
646 2239 690 2275 cle
713 2238 879 2288 quodam
904 2237 1082 2274 bastardo
1104 2237 1148 2273 de
1166 2236 1402 2282 Alcamenis,
1421 2244 1455 2273 et
1481 2250 1550 2285 pro
1573 2244 1664 2273 tunc
1685 2236 1807 2273 abbas

106 2296 329 2344 Sitriensis,
369 2297 515 2334 missus
553 2312 621 2347 per
649 2297 964 2334 Bartholomeurn
994 2296 1191 2333 intrusum
1218 2296 1269 2332 ad
1305 2294 1522 2332 cardinales
1550 2294 1738 2344 predictos
1768 2302 1807 2331 ut

106 2356 245 2394 vellent
270 2356 325 2393 ire
348 2357 400 2394 ad
422 2356 620 2406 palatium
644 2357 695 2393 ad
718 2356 998 2405 ratificandum
1024 2354 1332 2391 nominationem
1356 2354 1400 2391 de
1425 2353 1510 2403 ipso
1533 2353 1678 2402 jactam
1701 2361 1734 2390 et
1757 2353 1807 2390 ad

111 2414 292 2464 insignia
309 2415 477 2465 papalia
495 2415 575 2452 sibi
595 2415 782 2453 dandum.
804 2415 854 2452 Et
874 2414 1106 2462 interrogato
1125 2413 1274 2462 prefato
1293 2413 1431 2450 abbate
1451 2412 1493 2449 in
1513 2412 1587 2449 mei
1611 2411 1807 2461 presentia

106 2488 177 2524 per
205 2474 384 2511 dominos
413 2474 633 2512 cardinales
663 2474 697 2511 si
736 2474 911 2523 prefatus
941 2473 1235 2510 Bartliolomeus
1263 2486 1302 2508 se
1339 2486 1409 2521 pro
1450 2486 1559 2520 papa
1587 2471 1737 2508 tenebat
1774 2478 1807 2507 et

107 2533 275 2582 gerebat,
300 2541 334 2570 et
357 2547 541 2582 responso
565 2548 634 2583 per
658 2533 791 2583 ipsum
816 2533 917 2582 quod
938 2532 1008 2578 sic,
1035 2531 1194 2580 quidam
1219 2545 1305 2567 cum
1331 2530 1617 2578 indignatione,
1647 2529 1807 2579 quidam

106 2606 197 2629 cum
226 2592 420 2629 derisione
450 2592 632 2630 dixerunt
664 2608 670 2629 :
703 2592 823 2629 Estne
854 2600 932 2628 tam
961 2598 1287 2640 presumptuosus
1316 2597 1349 2626 et
1376 2588 1512 2638 fatuus
1542 2588 1641 2638 quod
1669 2602 1708 2625 se
1737 2602 1807 2638 pro

106 2665 218 2701 papa
238 2651 317 2688 hiis
346 2651 544 2688 stantibus
574 2649 753 2688 terminis
776 2651 909 2699 gerat?
940 2650 1013 2687 Illo
1042 2657 1171 2686 autem
1201 2648 1338 2685 abbate
1359 2647 1569 2697 replicante
1598 2661 1669 2696 pro
1699 2654 1807 2697 parte

105 2709 260 2747 domini
298 2709 516 2747 cardinalis
555 2708 973 2759 Majorismonasterii,
1006 2708 1071 2757 qui
1102 2707 1365 2756 plurimorum
1394 2706 1642 2743 dominorum
1682 2705 1806 2743 cardi-

107 2768 264 2806 nalium
297 2768 617 2818 consanguineus
648 2777 742 2815 erat,
777 2782 823 2804 ne
857 2768 990 2817 ipsum
1023 2767 1157 2803 vellent
1189 2773 1384 2802 mortuum
1416 2773 1449 2802 et
1481 2764 1580 2801 alios
1611 2772 1808 2814 sequentes

105 2827 273 2875 curiam,
299 2828 343 2865 de
366 2841 522 2865 accessu
546 2828 732 2864 dederant
755 2840 973 2873 assensum,
998 2824 1274 2875 presupposito
1298 2824 1398 2873 quod
1421 2823 1601 2860 haberent
1624 2821 1807 2860 securita-

156 2971 188 3004 1.
219 2971 287 3005 Ms.
310 2971 394 3011 cite,
418 2971 480 3004 fol.
505 2971 573 3003 229
594 2975 637 3004 r0.

155 3024 188 3057 2.
213 3024 388 3064 Bulaeus,
413 3023 869 3069 Historia-Universitatis
891 3021 1131 3061 Parisiensi3‚
1157 3026 1182 3054 t.
1205 3032 1256 3054 1v.

155 3078 188 3110 3.
215 3077 255 3110 B.
284 3077 342 3117 N.‚
368 3089 435 3110 ms.
460 3077 557 3109 latin
581 3077 709 3115 11745,
736 3076 798 3108 fol.
825 3075 890 3107 191
918 3079 961 3108 r⁰.

154 3129 189 3162 4.
211 3130 277 3163 Ms.
299 3130 383 3170 cite,
404 3130 466 3163 fol.
488 3130 532 3163 65
552 3134 602 3162 v0.
