2083 3458
129 191 252 246 [679]
656 203 871 228 PAPARL‘M
908 200 1291 227 AVENIONENSIL‘M
1736 187 1814 226 105

117 302 325 338 processus
344 287 480 325 fratris
496 285 694 323 Bernardi
714 284 898 323 Delitiosi
918 285 931 308 1
966 285 1164 335 reperiam
1181 285 1348 323 Petrum
1366 285 1565 332 Textoris‚
1585 285 1653 335 qui
1671 293 1813 336 postea

116 347 195 384 fuit
217 345 445 393 cardinalis,
465 344 587 383 fuisse
610 344 805 382 abbatem
829 344 967 383 Sancti
990 344 1199 382 Saturnini
1221 358 1330 381 anno
1350 344 1650 392 MCCCXVIII,
1671 344 1733 383 die
1756 359 1812 382 xn

113 405 217 455 julii.
242 405 421 443 Rursum
441 403 561 442 isthic
585 403 713 440 oritur
734 403 812 440 alia
835 402 1052 440 difficultas
1075 403 1178 440 circa
1201 402 1364 441 easdem
1385 402 1574 452 virgines,
1596 411 1637 441 et
1658 418 1703 441 ea
1727 404 1812 453 qui-

117 465 209 502 dem
234 463 486 514 gravissima.
513 461 679 499 Etenim
702 461 743 498 in
767 462 936 511 vulgato
960 462 1160 499 abbatum
1186 461 1324 499 Sancti
1354 461 1562 500 Saturnini
1595 463 1781 512 catalogo
1800 464 1814 485 ²

116 523 363 561 adnotatum
380 530 441 560 est
460 522 568 559 hunc
586 520 867 558 Raimundum
888 520 1083 558 abbatem
1096 528 1256 558 statuta
1270 520 1509 558 monialium
1526 521 1813 559 canonicarum

116 582 255 620 Sancti
282 579 491 619 Saturnini
517 578 767 617 ordinavisse
793 593 900 616 anno
927 579 1122 626 MCCCII,
1149 579 1212 617 die
1246 579 1369 617 tertia
1391 579 1495 628 julii,
1522 579 1590 616 diu
1625 580 1814 618 videlicet

115 649 211 678 ante
236 654 360 690 quam
385 639 530 677 Vitalis
556 638 733 687 cogitare
758 645 895 687 posset
920 638 968 676 de
993 637 1281 676 constituendo
1306 638 1553 676 monasterio
1577 640 1813 678 earumdem

116 699 420 737 canonicarum.
444 698 529 735 Aut
551 705 658 735 certe
681 695 898 733 dicendum
921 705 982 734 est
1004 697 1080 734 hoc
1102 696 1396 735 monasterium
1419 697 1487 734 diu
1510 705 1605 735 ante
1627 705 1812 748 tempora

116 757 260 796 vitalis
295 756 539 803 constitisse,
573 755 643 794 sed
676 755 727 793 ab
762 769 809 792 eo
840 763 1076 804 reparatum
1110 770 1156 793 ac
1190 755 1381 793 dotatum
1415 755 1536 794 fuisse
1555 757 1581 794 ²3.
1637 756 1813 794 Rursum

115 817 193 855 alia
225 817 365 866 ingens
400 815 618 853 difficultas
651 828 692 852 se
726 813 841 851 nobis
874 814 1021 863 ingerit
1054 822 1222 864 accepta
1255 829 1305 852 ex
1336 814 1462 852 literis
1497 811 1813 865 Joannisil'ducis

117 875 406 922 Normanniae,
431 888 531 924 quas
555 872 772 911 invenimus
796 872 836 909 in
859 881 1018 922 regesto
1039 873 1070 909 B
1095 873 1380 911 seneschalliae
1404 873 1640 913 Tolosanae.
1670 866 1716 911 ln
1738 874 1813 912 illis

116 934 268 984 quippe
294 933 419 972 literis
447 932 555 971 datis
581 946 689 969 anno
717 931 1006 979 MCCCXLVI,
1034 945 1171 970 mense
1196 931 1325 980 junio,
1354 932 1501 970 diserte
1528 933 1726 983 scriptum
1753 942 1815 971 est

116 993 311 1031 moniales
345 992 484 1031 Sancti
517 990 727 1030 Saturnini
759 990 928 1028 Tolosae
960 990 1082 1028 fuisse
1114 990 1318 1040 religiosas
1353 991 1502 1029 ordinis
1531 992 1812 1031 Cartusiensis.

122 1052 168 1090 In
197 1052 300 1090 libro
331 1066 427 1090 vero
459 1050 749 1088 miraculorum
783 1050 818 1088 S.
852 1049 1032 1087 Thomae
1064 1049 1296 1099 Aquinafis,
1329 1064 1433 1099 quae
1465 1050 1632 1088 collecta
1664 1059 1760 1088 sunt
1791 1066 1812 1088 a

116 1112 241 1150 fratre
264 1110 499 1148 Raimundo
521 1108 705 1158 Hugonis
730 1108 844 1158 [Acta
863 1116 1099 1155 sanctorum,
1121 1122 1242 1156 mars,
1264 1116 1292 1146 t.
1314 1123 1339 1147 1.
1361 1123 1399 1158 p.
1424 1108 1513 1159 724]
1540 1109 1682 1147 eodem
1712 1118 1813 1148 tem-

115 1184 212 1220 pore
229 1184 309 1220 quo
326 1184 471 1219 corpus
488 1168 672 1218 ejusdem
689 1167 820 1205 sancti
838 1167 1020 1205 delatum
1037 1167 1116 1204 fuit
1132 1167 1334 1214 Tolosam,
1352 1167 1508 1205 mentio
1522 1176 1584 1206 est
1599 1169 1813 1218 eujusdam

113 1228 322 1278 religiosae
339 1228 646 1266 canonissarum
663 1226 699 1265 S.
719 1226 929 1263 Saturnini
945 1226 1126 1265 Tolosae.
1145 1226 1208 1263 Ex
1230 1240 1312 1275 quo
1326 1226 1489 1264 videtur
1514 1227 1644 1276 colligi
1669 1227 1814 1266 debere

113 1301 180 1326 eas
198 1287 394 1325 moniales
413 1286 535 1324 fuisse
553 1300 646 1324 vere
665 1285 912 1332 canonissas‚
932 1299 1013 1322 non
1031 1299 1127 1322 vero
1146 1285 1435 1323 Cartusienses.
1454 1285 1539 1335 Ego
1555 1285 1813 1325 Tolosatibus

112 1360 180 1385 eas
213 1346 476 1384 difficultates
509 1345 696 1394 relinquo
713 1345 740 1383 4.
780 1344 883 1381 Illud
917 1343 1081 1382 interim
1114 1343 1266 1381 addam
1300 1358 1439 1382 eorum
1476 1344 1708 1394 opinionem
1745 1346 1814 1395 qui

115 1405 397 1444 Raimundum
417 1403 583 1443 Attonis
606 1418 624 1441 e
647 1411 766 1452 gente
781 1403 956 1440 Verdala
979 1410 1115 1440 ortum
1136 1402 1259 1440 fuisse
1274 1403 1420 1441 volunt
1440 1403 1533 1441 hinc
1547 1403 1682 1452 juvari
1704 1405 1813 1454 quod

113 1464 352 1502 Guillelmus
398 1463 602 1502 Bardinus
650 1462 691 1500 in
738 1461 922 1499 Historia
969 1461 1239 1510 chronologica
1272 1462 1606 1511 parlamentorum
1654 1462 1815 1512 linguae

112 1523 309 1561 accitanae
328 1523 498 1572 loquens
520 1522 568 1560 de
590 1521 839 1571 quibusdam
860 1519 1040 1558 motibus
1062 1520 1131 1570 qui
1151 1520 1192 1558 in
1213 1534 1259 1558 ea
1278 1520 1440 1570 regione
1461 1529 1686 1559 evenerunt
1706 1536 1812 1560 anno

112 1582 363 1621 MCCCXIII
386 1581 493 1620 inter
516 1579 758 1632 praecipuos
782 1587 969 1617 auctores
993 1579 1222 1617 rebellionis
1246 1579 1434 1617 nominat
1460 1579 1739 1617 Raimundum
1765 1581 1814 1620 de

112 1641 301 1689 Verdala,
324 1640 521 1679 abbatem
543 1639 683 1678 Sancti
705 1638 915 1677 Saturnini
934 1638 960 1677 5.

164 1700 228 1737 Ad
268 1707 500 1738 extremum
540 1698 768 1737 monendus
809 1705 871 1735 est
920 1698 1046 1735 lector
1096 1697 1253 1734 editum
1303 1712 1387 1735 esse
1429 1697 1664 1747 Moguntiae
1705 1712 1812 1736 anno
1839 1724 1841 1727 -

112 1759 346 1796 MDXXXI
370 1773 409 1809 p.
438 1758 542 1809 [247]
570 1757 762 1795 volumen
785 1757 860 1794 hoc
893 1756 1014 1794 titulo
1041 1772 1048 1793 ε
1071 1755 1120 1794 D.
1152 1756 1296 1794 Vitatis
1328 1756 1372 1793 de
1395 1756 1531 1793 Furno
1564 1756 1657 1794 olim
1687 1758 1812 1794 cardi-

112 1818 230 1865 natis,
253 1817 441 1856 archiatri
464 1825 504 1855 ut
525 1816 714 1865 insignis,
738 1815 793 1854 ita
814 1824 847 1853 et
867 1815 1115 1865 peritissimi,
1138 1829 1208 1865 pro
1230 1815 1494 1852 conservanda
1518 1816 1685 1854 sanitate
1704 1825 1811 1854 tuen-

111 1877 234 1926 daque
255 1891 444 1926 prospera
461 1875 695 1922 valetudine,
717 1875 770 1912 ad
789 1874 907 1912 totius
929 1874 1094 1912 humani
1110 1874 1282 1924 corporis
1302 1874 1454 1911 morbos
1474 1882 1508 1911 et
1532 1876 1810 1924 aegritudines,

110 1935 350 1974 salutarium
386 1935 645 1972 remediorum
692 1933 1014 1983 curationumque
1061 1933 1160 1970 liber
1193 1932 1440 1973 utilissimus,
1473 1932 1528 1970 Et
1558 1934 1809 1982 Waddingus

115 1995 146 2044 [t
182 2009 208 2042 Ι,
238 2009 277 2045 p.
304 1994 395 2045 224]
422 1994 588 2044 quidem
611 1993 687 2031 hoc
713 2007 813 2043 opus
837 1992 944 2030 inter
967 1991 1144 2041 reliquas
1168 1991 1313 2029 Vitalis
1342 1991 1646 2031 lucubrationes
1671 1992 1811 2031 retulit

111 2053 213 2091 citra
235 2052 570 2091 controversiam.
588 2052 643 2089 At
663 2066 735 2101 ego
755 2065 995 2102 persuasum
1018 2050 1185 2088 omnino
1204 2050 1336 2088 habeo
1355 2050 1455 2088 illud
1477 2066 1557 2090 non
1578 2066 1663 2090 esse
1683 2051 1809 2090 nostri

112 2112 271 2159 vitalis,
291 2126 337 2150 eo
356 2111 399 2149 in
416 2111 557 2162 primis
577 2118 820 2161 argumento
840 2110 949 2160 quod
968 2117 1112 2147 auctor
1130 2109 1235 2147 illius
1256 2109 1385 2159 operis
1405 2109 1553 2147 vixisse
1573 2124 1612 2147 se
1633 2117 1809 2147 testatur

111 2185 212 2209 aevo
240 2171 360 2209 Belae
388 2170 490 2220 regis
521 2169 770 2220 Hungariae,
800 2169 875 2207 hoc
903 2176 978 2215 est,
1008 2169 1185 2205 multum
1213 2176 1309 2206 ante
1338 2182 1462 2217 quam
1489 2168 1564 2206 iste
1594 2168 1807 2206 cardinalis

110 2230 151 2268 in
174 2230 281 2268 hunc
305 2230 506 2267 mundum
530 2229 701 2268 veniret.
729 2228 790 2266 Sic
814 2228 922 2266 enim
946 2227 1005 2265 ait
1036 2235 1191 2274 auctor,
1217 2241 1304 2277 cap.
1331 2226 1406 2265 298
1424 2228 1439 2250 6
1463 2242 1470 2264 :
1516 2227 1731 2277 Expertum
1755 2236 1808 2265 est

158 2372 190 2404 1.
211 2371 251 2404 B.
275 2371 332 2411 N„
353 2383 421 2404 ms.
442 2370 537 2404 latin
556 2370 663 2410 4270,
683 2371 708 2404 f.
731 2371 776 2404 92
795 2374 849 2404 r0.
869 2390 917 2393 -
947 2370 1066 2403 Pierre
1096 2370 1230 2402 Tissier
1257 2369 1317 2402 fut
1335 2371 1484 2402 nomme
1504 2370 1599 2403 abbe
1620 2370 1663 2402 de
1683 2370 1806 2403 Saint—

110 2424 241 2457 Sernin
260 2425 291 2457 le
313 2425 356 2457 27
378 2435 476 2457 mars
497 2425 590 2457 1318
614 2424 769 2467 (Mollem,
792 2435 826 2457 n.
850 2424 970 2466 6758).

159 2478 189 2510 2.
219 2476 341 2510 Gallia
362 2477 585 2517 Christiana,
610 2483 636 2510 t.
661 2489 739 2516 xm,
764 2478 830 2510 col.
855 2477 910 2510 96.

156 2531 189 2564 3.
230 2530 310 2563 Une
327 2530 425 2563 bulle
443 2531 486 2563 de
503 2530 600 2563 Jean
616 2530 747 2568 XXII,
763 2530 812 2562 du
829 2531 882 2562 1er
894 2530 1087 2563 decembre
1106 2529 1208 2567 1320,
1224 2534 1380 2572 apporte
1397 2534 1521 2562 tontes
1538 2528 1587 2561 les
1604 2528 1803 2571 precisions

109 2583 308 2616 de'sirahles
329 2583 484 2626 (Mollat‚
502 2595 536 2617 11.
554 2583 684 2626 12683)
706 2596 712 2615 :
730 2582 840 2616 Vidal
857 2583 906 2615 du
925 2583 1022 2615 Four
1038 2581 1225 2615 convertit
1241 2592 1308 2624 par
1322 2592 1362 2613 sa
1378 2580 1610 2624 predication
1627 2582 1689 2614 des
1714 2582 1802 2614 filles

109 2636 152 2668 de
171 2635 242 2679 joie
262 2642 300 2669 et
317 2636 433 2669 fonda
452 2648 546 2680 pour
563 2636 649 2669 elles
675 2637 707 2669 le
726 2638 937 2669 monastere
958 2636 1007 2668 du
1027 2635 1143 2674 Taur3
1164 2634 1353 2667 Raimond
1370 2634 1510 2673 Athon,
1532 2634 1627 2666 alors
1643 2634 1739 2667 abbe
1759 2635 1802 2667 de

108 2689 377 2728 Saint—Sernin,
407 2689 457 2722 les
487 2689 608 2722 admit
636 2701 779 2722 comme
809 2688 1068 2721 chanoinesses
1098 2694 1136 2720 et
1163 2687 1242 2720 leur
1268 2686 1414 2730 imposa
1441 2687 1476 2719 la
1504 2687 1600 2729 regle
1631 2687 1673 2719 de
1703 2687 1803 2720 saint

108 2742 308 2785 Augustin.
336 2742 390 2775 La
425 2741 626 2775 fondation
653 2742 713 2774 fut
744 2741 990 2774 transformee
1022 2753 1067 2773 en
1095 2740 1240 2782 abbaye
1273 2740 1304 2772 le
1333 2739 1378 2772 30
1405 2740 1496 2772 aofit
1523 2740 1616 2774 1328
1645 2739 1800 2782 (Mollat.

109 2807 143 2828 n.
166 2794 283 2828 42296
304 2800 342 2826 et
363 2794 528 2828 Histoire
548 2794 589 2827 de
608 2794 838 2837 Languedoc‚
862 2800 888 2826 t.
910 2806 948 2832 x,
973 2794 1146 2832 preuves,
1169 2804 1204 2836 p.
1227 2791 1323 2835 680).

155 2848 188 2880 4.
211 2846 338 2879 L’acte
360 2847 404 2879 de
421 2847 514 2880 1346
535 2847 611 2880 vise
633 2847 889 2881 evidemment
918 2858 969 2878 un
998 2846 1210 2878 monastere
1241 2844 1283 2875 de
1316 2843 1598 2877 Chartreusines
1628 2844 1802 2878 different

109 2900 152 2933 de
167 2901 261 2933 celui
276 2901 338 2934 des
353 2900 612 2934 chanoinesses
628 2901 672 2934 de
687 2900 944 2934 Saint—Sernin
962 2899 1136 2942 (Histoire
1150 2899 1190 2931 de
1201 2898 1427 2940 Languedoc,
1444 2903 1470 2930 t.
1485 2909 1538 2938 ix,
1555 2909 1588 2941 p.
1605 2897 1702 2940 371).

155 2953 188 2986 5.
210 2953 375 2987 Histoire
394 2954 435 2986 de
453 2953 682 2995 Languedoc,
710 2959 735 2985 t.
761 2964 798 2991 x,
823 2952 997 2988 Preuves,
1021 2962 1056 2994 p.
1085 2951 1141 2983 31.

157 3007 189 3040 6.
206 3007 295 3040 Bela
320 3007 468 3040 n’etant
491 3013 592 3040 mort
616 3007 728 3050 qu'en
744 3007 850 3046 1270,
867 3003 1200 3048 l’argumentation
1218 3004 1260 3036 de
1278 3003 1413 3035 Baluze
1430 3003 1527 3035 n’est
1542 3015 1608 3047 pas
1627 3004 1798 3038 decisive.

108 3058 158 3093 M.
174 3059 337 3093 Thomas
358 3059 418 3102 (H.
435 3059 490 3100 L.‚
508 3066 535 3093 t.
553 3059 707 3099 xxxvfl,
725 3071 759 3103 p.
773 3059 854 3096 304,
867 3059 949 3101 305)
970 3070 990 3090 a
1006 3058 1176 3090 constate
1193 3057 1254 3089 des
1271 3055 1493 3088 similitudes
1507 3056 1550 3088 de
1562 3056 1679 3089 forme
1694 3063 1798 3090 entre
