2083 3458
323 209 406 250 892
978 225 1130 250 NOTAE
1165 225 1226 250 AD
1260 186 1389 250 §ITAs
1884 208 2038 264 [1380]

321 308 372 345 ad
391 306 626 354 cardinales,
648 314 682 344 et
702 306 783 357 ipsi
808 307 899 344 bene
918 321 957 343 se
977 307 1163 345 haberent
1173 321 1266 356 erga
1282 321 1385 355 eum,
1399 308 1486 345 licet
1506 322 1585 345 non
1604 309 1771 346 crederet
1785 308 1887 358 quod
1906 306 2038 345 dimit-

322 375 441 404 terent
455 381 544 404 eum
559 381 722 416 papam,
739 366 806 404 sed
823 366 914 404 bene
928 366 1111 415 fecissent
1125 367 1381 406 cardinalem.
1396 367 1526 406 Scivit
1541 367 1668 405 etiam
1687 367 1857 406 Pontius
1873 364 2038 405 Beraldi

321 434 525 464 corrector
546 426 760 464 literarum
778 425 1114 476 apostolicarum,
1136 426 1178 464 in
1193 426 1309 476 cujus
1334 426 1590 477 depositione
1613 427 1671 465 ita
1689 427 1890 477 scriptum
1905 435 1967 465 est
1988 425 2004 448 1
2022 442 2029 464 :

324 486 422 523 Item
440 485 540 523 dixit
558 485 659 536 quod
676 485 886 535 episcopus
906 485 1235 536 Pampilonensis
1254 486 1358 524 venit
1375 487 1428 524 ad
1447 486 1561 525 illum
1588 487 1805 525 Barensem
1823 494 2031 537 postquam

321 545 543 583 cardinales
561 545 724 595 fuerunt
745 545 787 582 in
808 544 1004 595 Anagnia
1022 553 1057 583 et
1076 545 1228 583 dixerat
1246 545 1327 584 sibi
1348 560 1410 583 ore
1431 547 1597 584 rotundo
1616 554 1650 584 et
1676 555 1808 597 aperte
1829 546 1931 596 quod
1950 560 2030 583 non

320 613 402 642 erat
416 619 539 655 papa,
556 613 589 643 et
606 605 707 655 quod
722 604 966 643 renuntiaret
976 604 1061 654 juri
1074 604 1109 642 si
1123 605 1225 655 quod
1239 605 1418 653 habebat,
1435 613 1469 644 et
1485 606 1708 644 cardinales
1723 614 1849 643 essent
1860 605 2030 643 curiales

320 672 454 702 contra
473 679 573 702 eum.
598 665 648 702 Et
666 678 756 702 cum
774 665 918 702 sederet
939 664 1003 702 ille
1023 664 1215 702 Barensis
1234 665 1287 703 ad
1306 679 1496 713 mensam,
1518 666 1619 704 dixit
1640 665 1697 703 ibi
1717 665 1887 716 publice,
1908 664 2029 703 assis-

320 732 418 761 tente
443 724 500 761 ibi
525 724 685 762 domino
713 723 864 762 Thoma
888 724 932 762 de
957 724 1102 762 Sancto
1127 723 1313 762 Severino
1337 733 1371 762 et
1393 725 1502 773 aliis,
1528 733 1562 763 et
1587 725 1672 775 ipse
1687 734 1769 763 erat
1792 739 1965 775 presens,
1992 723 2028 761 si

321 784 576 822 consulebant
595 783 674 821 sibi
696 783 796 821 illud
815 784 917 834 quod
935 784 1180 822 renuntiaret
1199 784 1383 835 papatui,
1406 785 1567 823 ridendo
1588 786 1690 835 quod
1713 785 1864 823 dicebat
1883 784 2030 834 episco-

321 857 397 893 pus
419 843 761 893 PampilonensiS,
782 843 930 881 scilicet
951 844 1053 894 quod
1073 844 1318 882 renuntiaret
1337 844 1529 895 papatui3
1552 853 1586 882 et
1607 853 1699 882 tunc
1721 844 1823 882 discit
1842 843 1923 882 sibi
1946 843 2029 894 qui-

321 903 414 940 libet
442 903 544 953 quod
572 917 651 940 non
679 903 918 941 consulebat.

375 961 602 1000 Martinum
625 962 772 1001 deinde
797 962 1079 1002 discedentem
1102 962 1212 1001 idem
1237 963 1429 1002 Urbanus
1463 972 1607 1003 contra
1629 964 1694 1014 jus
1729 963 1917 1014 gentium
1941 962 2032 1012 capi

321 1021 417 1061 fecit
434 1030 475 1060 et
492 1022 680 1062 detineri.
699 1024 894 1061 Testatur
910 1021 1023 1061 istud
1040 1022 1149 1061 idem
1167 1023 1340 1062 Pontius
1358 1023 1418 1062 his
1437 1023 1572 1062 verbis
1592 1023 1606 1046 2
1625 1040 1632 1062 :
1665 1023 1763 1061 Item
1787 1024 1889 1074 quod
1902 1022 2032 1072 fuerat

320 1090 460 1132 captus
483 1082 694 1132 episcopus
718 1082 1048 1132 Pampilonensis
1072 1083 1229 1133 quando
1253 1083 1410 1121 recessit
1432 1084 1482 1121 ab
1509 1083 1576 1121 illo
1600 1091 1634 1121 et
1655 1083 1819 1133 familia
1840 1097 1931 1121 sua.
1961 1082 2038 1120 Sed

320 1150 407 1191 post
433 1141 497 1179 ille
525 1141 729 1181 mandavit
756 1142 858 1192 quod
881 1143 1092 1180 solveretur
1119 1142 1184 1180 ille
1210 1151 1377 1182 tantum.
1406 1143 1473 1181 Ad
1499 1143 1686 1181 ultimum
1712 1157 1845 1181 omnes
1873 1142 2039 1192 fuerunt

320 1201 452 1240 soluti.
484 1202 537 1239 Et
564 1200 670 1239 infra
701 1218 708 1240 :
742 1201 841 1239 Item
869 1203 1025 1252 quando
1052 1202 1264 1252 episcopus
1290 1202 1622 1252 Pampilonensis
1659 1202 1816 1240 recessit
1843 1202 1894 1240 ab
1922 1215 1964 1239 eo
1995 1201 2038 1239 in

322 1260 476 1299 civitate
500 1261 718 1299 Tiburtina
736 1261 816 1311 suit
836 1268 976 1312 captus
997 1276 1087 1300 cum
1105 1261 1268 1311 familia
1286 1276 1375 1301 sua.
1399 1263 1450 1300 Et
1470 1270 1604 1312 postea
1622 1262 1703 1312 suit
1723 1261 1929 1312 eaepeditus
1952 1261 2036 1311 ipse

323 1321 367 1358 de
393 1321 580 1358 mandato
606 1321 812 1369 Barensrffls
838 1322 906 1359 sed
929 1321 1092 1377 familia
1116 1336 1191 1359 sua
1217 1336 1297 1360 non
1323 1322 1470 1360 statim.
1500 1322 1578 1360 Sed
1602 1330 1691 1372 post
1715 1336 1849 1360 omnes
1875 1321 2038 1371 fuerunt

321 1380 441 1418 soluti
487 1388 523 1418 et
562 1380 748 1430 expediti.
797 1380 986 1419 Meminit
1034 1370 1157 1431 hujus
1206 1381 1377 1420 carceris
1426 1390 1572 1420 auctor
1618 1381 1920 1431 Allegationum
1964 1394 2038 1430 pio

323 1439 532 1478 Clemente
554 1440 634 1477 VII
651 1440 858 1479 factarum
876 1439 1111 1479 Avenione
1102 1455 1143 1478 in
1162 1440 1300 1480 codice
1314 1439 1393 1479 843
1408 1441 1549 1480 Sancti
1565 1440 1741 1480 Victoris
1758 1439 2036 1487 Parisiensis½
2007 1438 2023 1461 3

321 1499 362 1536 in
387 1499 551 1549 quibus,
574 1499 637 1538 uti
661 1514 785 1550 supra
809 1514 849 1550 p.
877 1500 977 1538 1007
1003 1500 1162 1539 dictum
1187 1509 1263 1547 est,
1288 1500 1438 1551 legitur
1458 1500 1671 1552 episcopos
1691 1501 1971 1539 Sarlatensem
1994 1507 2036 1538 et

323 1559 684 1609 pampilonensem
704 1559 836 1597 multa
857 1559 1011 1597 damna
1030 1568 1071 1598 et
1090 1559 1271 1610 pericula
1291 1568 1332 1599 et
1353 1569 1531 1599 mortem
1550 1560 1801 1599 servitorum
1817 1558 2035 1610 pertulisse

322 1619 459 1656 eundo
492 1619 604 1669 apud
637 1618 883 1668 Anagniam.

381 1678 566 1716 Tandem
606 1678 807 1717 Martinus
846 1679 899 1716 ad
938 1678 1167 1717 Ecclesiam
1207 1693 1325 1717 suam
1358 1679 1719 1729 Pampilonensem
1757 1694 1797 1718 se
1838 1677 2034 1725 contulit3

323 1737 394 1774 ubi
414 1737 571 1787 reperio
592 1737 707 1775 illum
729 1738 952 1776 celebrasse
974 1738 1179 1788 synodum
1202 1753 1311 1777 anno
1328 1739 1758 1787 MCCCLXXXVIII,
1775 1738 1914 1789 ibique
1929 1737 2037 1776 inter

325 1805 459 1835 cetera
488 1797 682 1836 statuisse
713 1797 898 1836 ordinem
925 1798 1177 1836 servandum
1204 1798 1245 1835 in
1276 1798 1382 1837 festo
1411 1807 1452 1837 et
1481 1807 1630 1837 octava
1660 1797 1839 1849 corporis
1871 1797 2036 1836 Christi.

328 1856 373 1894 Id
396 1854 602 1895 testatum
624 1856 723 1896 fecit
747 1857 1034 1896 Sandovallius
1058 1857 1100 1895 in
1124 1857 1313 1907 Catalogo
1335 1858 1613 1909 episcoporum
1643 1856 2035 1908 Pampilonensium.

378 1915 523 1966 Supra,
560 1931 600 1965 p.
641 1916 756 1964 1371,
794 1917 1029 1955 monuimus
1072 1917 1273 1955 Karolum
1318 1932 1454 1968 regem
1494 1918 1704 1956 Navarrae
1743 1916 1889 1955 obiisse
1927 1931 2036 1954 anno

265 2006 267 2008 .
325 1975 691 2014 MCCCLXXXVI
714 1991 785 2014 seu
809 1976 945 2027 potius
973 1977 1233 2025 LXXXVII,
1251 1977 1331 2016 kal.
1352 1977 1545 2027 januarii.
1572 1977 1620 2015 Ei
1643 1976 1840 2016 successit
1859 1976 2035 2028 Karolus

323 2034 410 2083 ejus
447 2034 568 2081 filius,
604 2049 727 2085 quem
761 2050 870 2074 anno
906 2036 1122 2074 millesimo
1157 2037 1342 2084 CCCXC,
1378 2037 1441 2075 die
1476 2036 1682 2075 dominica
1718 2052 1790 2075 xm
1824 2034 2036 2082 februarii,

322 2094 444 2131 unxit
476 2103 517 2133 et
550 2094 766 2133 coronavit
798 2096 865 2134 hic
899 2094 1101 2134 Martinus
1145 2096 1387 2147 episcopus,·
1409 2105 1457 2134 ut
1489 2097 1640 2135 docent
1673 2095 1961 2135 Sandovallius
1996 2103 2036 2133 et

325 2153 475 2192 Surita.
501 2154 629 2192 Addit
654 2154 852 2193 Odoricus
879 2155 1142 2205 Raynaldusf
1158 2170 1224 2195 an.
1250 2156 1364 2204 1390,
1394 2155 1410 2205 ξ
1434 2156 1496 2204 20,
1520 2156 1636 2194 illum
1650 2156 1728 2195 hoc
1750 2170 1860 2194 anno
1879 2153 2035 2193 nefaria

311 2220 465 2262 'regum
495 2213 663 2261 Galliae,
694 2214 893 2252 Castellae
934 2223 975 2253 et
1005 2215 1254 2265 Arragoniae
1294 2216 1483 2266 exempla
1527 2223 1716 2254 secutum
1743 2213 2034 2266 pronuntiasse

324 2271 452 2322 impio
483 2272 618 2311 edicto
653 2273 883 2312 Robertum
915 2274 1228 2313 Gebennensem
1258 2274 1320 2313 uti
1351 2289 1496 2314 verum
1526 2274 1770 2325 pontificem
1801 2273 2034 2321 colendum,

325 2331 530 2381 hujusque
563 2332 709 2381 flagitii
737 2341 951 2372 auctorem
980 2333 1103 2373 fuisse
1134 2333 1361 2372 Martinum
1390 2334 1631 2385 episcopum
1660 2333 2035 2399 Pampilonensem,

326 2390 396 2440 qui
414 2405 489 2441 pro
509 2392 668 2430 sceleris
689 2392 873 2443 praemio
892 2393 1344 2458 pseudocardinalitia
1334 2393 1509 2444 insignia
1529 2392 1686 2433 retulit.
1711 2392 1918 2432 Homine
1908 2407 2035 2443 impe-

325 2450 404 2487 rito
423 2465 638 2500 nunquam
658 2451 881 2502 quicquam
899 2452 1108 2502 injustius.
1124 2453 1217 2491 Non
1234 2461 1359 2504 putat
1378 2453 1575 2492 Odoricus
1595 2453 1836 2507 Raynaldus
1852 2451 2035 2503 potuisse

325 2524 436 2559 reges
467 2509 555 2548 illos
586 2510 821 2550 examinare
854 2512 919 2550 cui
948 2527 999 2551 ex
1030 2512 1190 2551 duobus
1222 2512 1360 2551 electis
1397 2511 1665 2563 pontificibus
1701 2511 1897 2550 Romanis
1929 2518 2037 2549 esset

327 2568 616 2617 obediendum,
637 2569 761 2621 idque
782 2571 857 2609 soli
877 2571 1048 2610 concilio
1070 2571 1331 2611 oecumenico
1352 2571 1570 2611 convenire
1591 2571 1664 2610 ait.
1688 2572 1741 2609 Et
1763 2580 1907 2610 tamen
1926 2570 2036 2614 idem

326 2627 428 2665 vitio
459 2642 539 2665 non
570 2629 697 2667 vertit
728 2630 968 2669 Wenceslao
997 2632 1081 2681 regi
1113 2632 1410 2679 Romanorum,
1444 2631 1639 2669 Eduardo
1680 2630 1763 2681 regi
1794 2629 2035 2680 Anglorum,

328 2686 537 2725 Ludovico
560 2688 642 2739 regi
668 2688 918 2739 Hungariae,
944 2690 1155 2729 Ludovico
1179 2690 1321 2729 comiti
1345 2690 1576 2737 Flandriae,
1600 2698 1641 2729 et
1664 2689 1808 2729 ceteris
1831 2689 1872 2727 in
1896 2697 2034 2740 partes

331 2746 486 2783 Urbani
516 2748 794 2796 transgressis,
816 2748 892 2787 illis
914 2749 1087 2799 inquam
1108 2749 1211 2788 vitio
1233 2764 1315 2788 non
1336 2749 1464 2789 vertit
1485 2749 1596 2800 quod
1618 2750 1670 2787 ad
1695 2749 1810 2787 illum
1831 2763 1872 2787 se
1901 2756 2035 2786 trans-

326 2805 497 2842 tulerint
523 2806 689 2856 proprio
715 2807 884 2856 judicio,
912 2808 1068 2859 absque
1096 2809 1346 2848 auctoritate
1374 2809 1521 2858 synodi
1548 2808 1847 2847 oecumenicae.
1879 2806 2034 2845 Deinde

330 2872 451 2900 vocat
465 2864 637 2914 impium
652 2865 752 2904 illud
768 2866 951 2905 edictum
967 2883 1047 2918 quo
1064 2868 1239 2906 Karolus
1252 2883 1323 2906 rex
1337 2869 1546 2906 Navarrae
1562 2868 1745 2906 declarat
1760 2882 1799 2905 se
1816 2880 2033 2916 agnoscere

379 2998 409 3030 Ἰ.
438 2998 505 3032 Ms.
533 3000 618 3039 cite,
645 3001 707 3034 fol.
735 3003 779 3035 50
806 3008 848 3036 r0.

380 3051 408 3083 2.
438 3052 505 3085 Ms.
535 3053 619 3092 cite,
648 3054 710 3087 fol.
740 3056 784 3088 50
811 3061 854 3089 r0.

380 3106 408 3135 53.
432 3105 470 3136 Βί
496 3105 553 3145 N„
574 3118 642 3140 ms.
663 3108 760 3140 latin
779 3109 909 3149 14644,
930 3109 993 3143 fol,
1015 3110 1084 3143 167
1105 3110 1229 3143 r0-173
1248 3114 1292 3143 ΥΟ.
