2083 3458
84 182 206 239 [586]
609 196 827 221 PAPARUM
862 195 1248 222 AVENIONENSIUM
1720 186 1774 226 49

71 281 275 332 Bonijacii
293 295 400 332 pape
423 280 548 327 VIII,
569 294 675 317 anno
693 280 823 329 primo
853 279 918 330 [29
935 279 1024 330 juin
1044 279 1183 331 1295].
1206 280 1320 318 Obiit
1338 295 1446 319 anno
1466 281 1771 332 MCCCXXIX,

72 342 135 381 die
154 356 229 379 ΧΧΙ
245 339 437 391 januarii.

126 401 168 439 P.
196 399 230 447 6,
256 400 322 450 lig.
354 399 414 437 13.
448 399 784 444 FIDUCIAVERAT,
811 398 1146 448 desponsaverat,
1174 398 1279 436 avoit
1301 398 1458 448 fiance'e.
1478 399 1579 438 Vide
1618 401 1769 440 Glossa-

73 460 179 498 rium
199 459 346 497 mediae
365 466 399 495 et
419 457 582 506 infimae
601 457 812 494 latinitatis
834 457 964 495 Caroli
986 457 1193 495 Dufresnii
1215 457 1370 507 Cangii.

125 520 169 557 P.
199 518 234 565 6,
261 518 327 568 lig.
359 517 419 555 13.
451 517 549 554 Nos
581 530 958 563 DESPONSAVERAT,
988 531 1070 554 non
1099 517 1275 555 duxerat
1308 531 1492 565 uxorem,
1523 518 1672 557 n’avoit
1699 535 1772 570 pas

70 580 263 629 espouse'e.

125 638 168 675 P.
195 636 232 684 6,
257 636 324 685 lig.
354 636 413 673 17.
440 635 681 672 EDOARDUS
723 634 776 671 IV
806 634 890 672 sive
910 634 1065 684 primus
1094 643 1188 685 post
1228 643 1513 685 conquestum.
1537 636 1632 675 Tres
1665 638 1772 675 enim

70 696 188 735 istius
204 695 379 733 nominis
397 694 561 732 fuerant
578 701 674 731 ante
688 702 973 743 conquestum,
989 694 1206 732 Eduardus
1224 694 1416 733 videlicet
1436 695 1465 737 Ι,
1481 695 1638 734 Alfredi
1653 696 1772 745 filius,

72 755 288 794 Eduardus
310 755 363 802 II,
385 753 536 803 Edgari
556 752 676 799 filius,
697 760 737 791 et
758 753 975 791 Eduardus
999 753 1076 800 ΙΙΙ,
1092 753 1277 803 Egelredi
1298 753 1417 792 filius.
1432 754 1633 805 Tempora
1653 770 1772 806 porro

70 822 316 864 conquestus
335 813 446 864 apud
465 812 616 862 Anglos
636 819 876 850 numeratur
895 813 946 850 ab
965 827 1073 850 anno
1090 812 1270 850 MLXVI
1286 827 1367 862 quo
1385 813 1622 861 WWIIelmus,
1640 829 1789 854 comes.

71 874 415 919 Normannorum,
433 886 603 921 regnum
622 871 791 921 Angliae
810 871 1072 921 conquisivit,
1090 879 1138 909 ut
1158 872 1276 921 vulgo
1294 872 1522 922 loquuntur
1539 873 1770 924 scriptoreS,

69 933 111 971 id
126 941 201 980 est,
218 931 342 970 armis
359 931 566 981 quaesivit
581 930 676 968 etin
695 930 895 968 ditionem
911 945 957 969 ac
973 938 1228 980 potestatem
1244 945 1361 969 suam
1376 931 1545 982 redegit.

123 993 167 1031 P.
192 991 228 1039 6,
250 991 318 1041 lig.
342 991 404 1029 22.
429 991 543 1028 Tafis
573 1004 810 1028 INGENuos.
833 990 864 1027 Il
895 989 1016 1027 laissa
1040 1005 1089 1027 en
1121 990 1264 1028 realite
1287 990 1491 1029 deux⁴fils
1516 999 1556 1030 et
1580 1006 1658 1030 une
1692 993 1771 1031 fille

72 1052 162 1101 (Art
177 1052 222 1089 de
238 1050 391 1100 ve'rifter
407 1050 459 1087 les
477 1050 595 1096 dates,
618 1056 648 1086 t.
662 1064 688 1096 1,
702 1064 740 1099 p.
755 1048 860 1097 808).
875 1071 927 1075 —
941 1049 1118 1098 Jacques
1137 1049 1393 1088 Stefaneschi
1419 1064 1438 1087 a
1460 1050 1650 1101 consigne
1666 1051 1770 1090 dans

70 1125 144 1149 son
162 1109 406 1149 ceremonial
420 1109 475 1147 les
492 1108 737 1147 ceremonies
756 1107 987 1158 religieuses
1007 1108 1076 1158 qui
1096 1116 1240 1146 eurent
1255 1109 1334 1147 lieu
1355 1111 1376 1146 a
1398 1109 1570 1148 Poitiers
1587 1112 1608 1148 a
1628 1110 1773 1149 l’occa-

70 1170 157 1209 sion
175 1170 223 1208 de
241 1170 278 1207 la
297 1176 406 1207 mort
424 1168 478 1206 du
496 1167 555 1206 roi
574 1184 581 1205 :
602 1167 708 1218 Quid
722 1167 801 1216 fuit
818 1167 1062 1205 observatum
1081 1167 1124 1204 in
1140 1168 1314 1218 exequiis
1331 1168 1435 1217 regis
1452 1169 1612 1218 Anglie.

122 1229 353 1266 Notandum
376 1228 476 1278 quod
499 1227 542 1265 in
564 1227 687 1265 missa
707 1227 869 1276 suerunt
891 1241 1037 1275 magna.
1059 1227 1206 1264 tortitia
1229 1227 1403 1265 videlicet
1425 1228 1458 1265 L
1479 1236 1513 1266 et
1533 1229 1661 1277 facule
1684 1237 1773 1267 ante

70 1289 227 1326 chorum
252 1296 285 1325 et
306 1302 430 1337 supra
457 1287 591 1324 altare.
613 1286 742 1323 stffulte
760 1294 794 1323 et
817 1286 903 1323 date
920 1286 1049 1335 facule
1067 1300 1170 1336 pape
1200 1294 1233 1323 et
1252 1287 1526 1324 cardinalibus
1555 1296 1589 1325 et
1612 1288 1774 1338 prelatis

69 1355 103 1385 et
122 1347 217 1385 aliis
238 1348 283 1385 de
304 1346 473 1384 Camera
493 1359 610 1396 pape.

126 1407 176 1444 In
191 1406 300 1444 obitu
314 1406 418 1455 regis
432 1405 592 1454 Anglie‚
612 1412 652 1442 ut
665 1405 794 1454 suerat
809 1404 984 1442 Pz'ctavis
1000 1404 1257 1452 observatam,
1276 1419 1368 1442 nam
1383 1405 1537 1454 singuli
1554 1406 1775 1444 cardinales

71 1466 255 1509 dixerunt
278 1465 321 1503 in
343 1465 526 1503 domibus
540 1464 626 1502 suis
649 1478 827 1514 vesperos
846 1471 880 1501 et
903 1463 1067 1512 vigilias
1091 1472 1334 1501 mortuorum
1349 1479 1437 1502 cum
1461 1472 1562 1502 nota.
1588 1466 1637 1502 In
1660 1478 1774 1503 mane

70 1525 243 1576 sequenti
266 1524 470 1562 celebravit
495 1523 690 1561 Ostiensis
712 1523 876 1560 missam
899 1523 942 1560 in
963 1522 1123 1560 ecclesia
1145 1523 1355 1561 cathedrali
1376 1538 1447 1573 pro
1470 1524 1675 1573 defunctis,
1704 1540 1775 1575 pro

71 1585 208 1623 anima
231 1584 346 1633 regis.
369 1583 567 1622 Dominus
591 1598 698 1633 papa
725 1582 870 1620 ibidem
892 1582 972 1631 fuit
993 1589 1027 1619 et
1050 1582 1282 1620 cardinales.
1309 1583 1426 1632 Papa
1451 1583 1521 1620 ivit
1545 1583 1587 1620 in
1610 1598 1710 1633 capa
1733 1584 1778 1621 de

2 1667 7 1673 ·
71 1644 229 1682 scarleto
253 1644 305 1681 ad
326 1643 526 1681 ecclesiam
550 1657 638 1680 cum
662 1642 809 1692 capello
833 1641 974 1691 papali
998 1649 1032 1679 et
1055 1641 1223 1691 portavit
1246 1642 1453 1691 capellum,
1480 1657 1574 1679 nam
1597 1643 1775 1692 pluebat,·

72 1703 175 1741 alias
194 1711 385 1753 portasset
404 1702 562 1740 mitram
585 1701 819 1751 simpliciter
838 1701 970 1738 albam
990 1715 1078 1738 cum
1099 1715 1199 1750 capa
1218 1701 1263 1738 de
1286 1701 1457 1739 scarleto.
1484 1701 1534 1738 In
1555 1701 1679 1740 missa
1697 1702 1777 1751 fuit

72 1777 159 1800 cum
175 1777 275 1812 capa
289 1761 463 1812 predicta
477 1769 511 1799 et
526 1761 643 1799 mitra
657 1760 890 1811 simpliciter
904 1760 1006 1797 alba.
1030 1759 1201 1797 Veniens
1215 1760 1267 1797 ad
1280 1760 1481 1798 ecclesiam
1508 1775 1586 1798 non
1601 1761 1777 1799 adoravit

75 1822 116 1859 in
132 1822 257 1859 medio
273 1821 426 1859 ecclesie
442 1835 509 1858 nec
522 1820 612 1870 fecit
628 1834 768 1857 nomen
783 1828 816 1857 et
831 1834 961 1857 coram
976 1819 1094 1856 altari
1110 1819 1287 1856 adoravit
1302 1827 1336 1857 et
1351 1819 1493 1857 obtulit
1507 1834 1690 1869 pannum
1708 1834 1776 1858 seu

72 1895 227 1932 pannos
247 1881 400 1918 sericos.
423 1880 490 1917 Ad
512 1879 688 1917 Introibo
708 1879 867 1917 accessit
887 1879 940 1916 ad
958 1879 1091 1924 altare,
1116 1886 1157 1916 ut
1178 1879 1298 1916 moris
1319 1887 1386 1926 est,
1408 1887 1441 1916 et
1457 1880 1705 1928 postmodum
1726 1880 1778 1917 ad

68 1941 198 1985 ‚sedem
230 1954 301 1990 que
343 1947 430 1989 post
458 1939 580 1976 altare
619 1947 710 1976 erat.
745 1938 873 1976 Erant
911 1938 1165 1975 circumcirca
1195 1938 1355 1975 diaconi
1395 1946 1527 1975 tamen
1557 1953 1582 1976 a
1613 1938 1774 1985 dextris,

73 1999 250 2049 episcopi
284 2007 318 2036 et
352 1998 559 2048 presbiteri
594 1998 816 2035 cardinales
849 2012 873 2035 a
906 1997 1096 2034 sinistris.
1127 1996 1363 2035 Cardinales
1399 2011 1488 2034 cum
1521 2011 1562 2034 eo
1588 1997 1775 2035 dixerunt

75 2058 262 2108 Requiem
284 2065 318 2095 et
340 2058 432 2095 hinc
455 2057 498 2094 in
521 2057 694 2095 oratione
717 2056 849 2094 debuit
870 2056 967 2106 poni
988 2056 1257 2106 faldistorium
1280 2064 1313 2093 et
1331 2056 1588 2106 genuflectere
1606 2056 1708 2094 sicut
1733 2056 1775 2093 in

75 2117 416 2168 quadragesima...
441 2117 491 2154 Et
512 2125 603 2154 tunc
624 2116 810 2154 dominus
824 2130 933 2166 papa
947 2123 1125 2153 mantum
1147 2116 1296 2165 accepit
1317 2129 1406 2153 cum
1422 2115 1539 2152 mitra
1559 2115 1726 2164 frigiata
1742 2123 1775 2152 et

74 2177 131 2214 sic
149 2177 219 2214 ivit
234 2191 303 2227 per
318 2176 530 2214 ecclesiam.
549 2176 600 2213 Et
615 2175 673 2213 sic
689 2175 883 2213 debuisset
899 2175 951 2212 ad
967 2175 1126 2212 domum
1143 2174 1278 2221 redire,
1296 2175 1363 2211 sed
1380 2175 1474 2224 quia
1489 2174 1605 2223 pluit,
1623 2174 1776 2211 recessit

78 2236 120 2273 in
135 2250 230 2286 equo
246 2249 334 2273 cum
350 2249 450 2285 capa
467 2235 511 2272 de
525 2235 685 2272 scarleto
700 2243 734 2272 et
749 2234 895 2284 capello
911 2234 1064 2284 papali.
1084 2234 1135 2271 Et
1150 2234 1366 2271 notandum
1383 2234 1483 2283 quod
1501 2233 1634 2270 nullus
1651 2233 1775 2270 cardi-

77 2295 181 2332 nalis
201 2295 258 2332 vel
276 2295 449 2344 prelatus
468 2294 559 2344 fecit
578 2294 793 2331 orationem
812 2307 880 2330 seu
900 2293 1185 2331 absolutionem
1206 2301 1428 2330 consuetam
1449 2306 1539 2329 cum
1561 2306 1701 2341 corpus
1723 2299 1777 2328 est

77 2368 247 2404 presens,
266 2368 333 2391 nec
349 2353 467 2391 etiam
483 2353 668 2391 dominus
685 2361 812 2390 noster
825 2353 915 2402 jecit
931 2352 1236 2399 absolutionem;
1253 2352 1321 2389 sed
1335 2351 1371 2388 si
1387 2365 1529 2400 corpus
1547 2365 1624 2387 non
1640 2350 1779 2399 fuisset

77 2427 235 2463 presens
259 2413 439 2450 ultimam
461 2412 722 2450 absolutionis
744 2412 895 2461 fecisset
918 2411 1103 2448 dominus
1122 2425 1211 2448 cum
1235 2418 1367 2447 manto
1391 2409 1522 2456 rubeo,
1540 2417 1574 2446 et
1595 2409 1652 2446 sic
1673 2416 1776 2458 post·

79 2472 236 2509 modum
252 2472 459 2522 equitasset
477 2471 780 2521 (Bibliotheque
799 2470 1045 2520 d'Avignon.
1064 2484 1138 2508 ms.
1156 2469 1273 2515 1706,
1293 2469 1319 2506 f.
1339 2468 1388 2506 20
1405 2470 1456 2516 r0)

132 2531 174 2568 P.
193 2531 228 2578 7,
242 2531 309 2581 lig.
326 2530 361 2569 5.
379 2531 642 2569 GROSPARMI.
658 2530 869 2568 Berthaud
895 2530 942 2567 de
959 2528 1220 2567 Saint-Denis
1246 2535 1411 2565 mourut
1424 2527 1459 2565 le
1477 2527 1533 2564 1er
1545 2528 1644 2564 aofit
1661 2525 1773 2564 1307.

80 2589 160 2628 Son
177 2604 408 2628 successeur
424 2589 488 2627 fut
505 2590 569 2627 elu
586 2604 637 2627 en
655 2589 768 2627 1308.
791 2589 822 2626 Il
839 2588 1057 2639 s'appelait
1078 2587 1223 2633 Raoul,
1242 2594 1281 2624 et
1299 2600 1381 2623 non
1400 2585 1560 2623 Nicolas
1580 2584 1776 2632 (Obituai-

81 2663 151 2696 res,
172 2657 202 2687 t.
223 2663 279 2696 111,
300 2663 339 2699 p.
363 2648 468 2697 197).

133 2708 176 2746 P.
202 2708 237 2755 7,
258 2707 324 2757 lig.
347 2707 383 2746 8.
416 2707 659 2754 FonTmUM,
695 2714 965 2756 cognomento
1000 2704 1316 2750 Almoravitum,
1352 2703 1559 2741 Navarrae
1582 2702 1776 2751 gonfana·

79 2765 199 2814 rium,
228 2766 291 2804 uti
318 2774 490 2805 vocatur
517 2766 560 2804 in
588 2765 845 2804 collectaneis
870 2765 930 2802 De
958 2764 1124 2802 dissidio
1152 2762 1357 2811 Bonisacii
1390 2761 1502 2799 VIII
1529 2769 1562 2798 et
1589 2761 1777 2811 Philippi

81 2825 232 2873 Pulcri,
251 2840 291 2875 p.
315 2825 401 2863 131.
425 2825 624 2875 Ejusdem
644 2824 896 2875 cognominis
918 2824 1060 2862 eadem
1081 2829 1328 2872 tempestate
1348 2820 1428 2857 fuit
1449 2814 1627 2858 Joannes
1649 2819 1777 2858 archi-

81 2883 293 2934 episcopus
336 2883 601 2934 Hispalensis,
640 2892 689 2921 ut
727 2883 958 2921 videbimus
997 2882 1119 2932 paulo
1158 2888 1264 2930 post.
1305 2879 1406 2917 Vide
1446 2878 1777 2917 continuatorem

83 2942 232 2992 Nangii
270 2943 314 2993 [t.
341 2957 367 2990 1,
394 2957 434 2993 p.
462 2942 563 2993 359]
591 2950 632 2981 et
659 2941 967 2981 Sandovallium
993 2940 1036 2978 in
1062 2939 1249 2987 Catalogo
1275 2938 1547 2988 episcoporum
1573 2937 1776 2987 Pampilo-

83 3002 280 3049 nensium,
298 3001 366 3040 fol.
385 3001 448 3040 98.

136 3060 179 3099 P.
205 3061 240 3101 7.
262 3060 328 3110 lig.
355 3060 414 3098 13.
440 3060 615 3098 STELLA.
638 3060 781 3098 Petrus
796 3057 1038 3097 venerabilis
1056 3057 1184 3094 abbas
1202 3055 1487 3101 cluniacensis,
1511 3055 1581 3093 lib.
1602 3055 1631 3101 I,
1648 3054 1778 3092 Mira-
