<?xml version="1.0" encoding="UTF-8"?>
<!DOCTYPE html PUBLIC "-//W3C//DTD XHTML 1.0 Transitional//EN"
    "http://www.w3.org/TR/xhtml1/DTD/xhtml1-transitional.dtd">
<html xmlns="http://www.w3.org/1999/xhtml" xml:lang="en" lang="en">
 <head>
  <title>
</title>
<meta http-equiv="Content-Type" content="text/html;charset=utf-8" />
  <meta name='ocr-system' content='tesseract 3.04.00' />
  <meta name='ocr-capabilities' content='ocr_page ocr_carea ocr_par ocr_line ocrx_word'/>
</head>
<body>
  <div class='ocr_page' id='page_1' title='image "./vitaepaparumaven02balu_0274.png"; bbox 0 0 2083 3458; ppageno 0'>
   <div class='ocr_carea' id='block_1_1' title="bbox 308 239 2012 295">
    <p class='ocr_par' dir='ltr' id='par_1_1' title="bbox 308 239 2012 295">
     <span class='ocr_line' id='line_1_1' title="bbox 308 239 2012 295; baseline -0.003 -11"><span class='ocrx_word' id='word_1_1' title='bbox 308 243 389 286; x_wconf 75' lang='lat'>264</span> <span class='ocrx_word' id='word_1_2' title='bbox 806 292 809 294; x_wconf 21' lang='grc' dir='ltr'>Ι</span> <span class='ocrx_word' id='word_1_3' title='bbox 956 256 1108 282; x_wconf 84' lang='lat' dir='ltr'><strong>NOTAE</strong></span> <span class='ocrx_word' id='word_1_4' title='bbox 1142 255 1203 281; x_wconf 82' lang='lat' dir='ltr'>AD</span> <span class='ocrx_word' id='word_1_5' title='bbox 1237 254 1366 281; x_wconf 78' lang='lat' dir='ltr'>VITAs</span> <span class='ocrx_word' id='word_1_6' title='bbox 1889 239 2012 295; x_wconf 87' lang='lat'>[762]</span> 
     </span>
    </p>
   </div>
   <div class='ocr_carea' id='block_1_2' title="bbox 295 338 2016 2877">
    <p class='ocr_par' dir='ltr' id='par_1_2' title="bbox 304 338 2016 631">
     <span class='ocr_line' id='line_1_2' title="bbox 305 338 2016 390; baseline -0.004 -7"><span class='ocrx_word' id='word_1_7' title='bbox 305 359 412 383; x_wconf 91' lang='lat' dir='ltr'>anno</span> <span class='ocrx_word' id='word_1_8' title='bbox 436 343 661 382; x_wconf 88' lang='lat' dir='ltr'>MCCCXX</span> <span class='ocrx_word' id='word_1_9' title='bbox 685 342 737 380; x_wconf 87' lang='lat' dir='ltr'>ad</span> <span class='ocrx_word' id='word_1_10' title='bbox 761 355 851 381; x_wconf 90' lang='lat' dir='ltr'>eam</span> <span class='ocrx_word' id='word_1_11' title='bbox 879 340 1119 380; x_wconf 79' lang='lat' dir='ltr'>cathedram</span> <span class='ocrx_word' id='word_1_12' title='bbox 1145 338 1379 390; x_wconf 87' lang='lat' dir='ltr'>pervenisse</span> <span class='ocrx_word' id='word_1_13' title='bbox 1410 339 1570 378; x_wconf 92' lang='lat' dir='ltr'>volunt.</span> <span class='ocrx_word' id='word_1_14' title='bbox 1597 339 1755 378; x_wconf 90' lang='lat' dir='ltr'>Eodem</span> <span class='ocrx_word' id='word_1_15' title='bbox 1778 353 1875 378; x_wconf 88' lang='lat' dir='ltr'>vero</span> <span class='ocrx_word' id='word_1_16' title='bbox 1907 353 2016 378; x_wconf 88' lang='lat' dir='ltr'>anno</span> 
     </span>
     <span class='ocr_line' id='line_1_3' title="bbox 304 397 2015 454; baseline -0.004 -11"><span class='ocrx_word' id='word_1_17' title='bbox 304 418 494 454; x_wconf 80' lang='lat' dir='ltr'>praesens</span> <span class='ocrx_word' id='word_1_18' title='bbox 532 410 620 441; x_wconf 88' lang='lat' dir='ltr'>erat</span> <span class='ocrx_word' id='word_1_19' title='bbox 657 401 846 440; x_wconf 82' lang='lat' dir='ltr'>Lutetiae</span> <span class='ocrx_word' id='word_1_20' title='bbox 885 399 1050 450; x_wconf 84' lang='lat' dir='ltr'>quando</span> <span class='ocrx_word' id='word_1_21' title='bbox 1088 399 1265 447; x_wconf 86' lang='lat' dir='ltr'>Joanna,</span> <span class='ocrx_word' id='word_1_22' title='bbox 1302 397 1441 448; x_wconf 86' lang='lat' dir='ltr'>regina</span> <span class='ocrx_word' id='word_1_23' title='bbox 1479 397 1675 437; x_wconf 87' lang='lat' dir='ltr'>Franciae</span> <span class='ocrx_word' id='word_1_24' title='bbox 1712 406 1753 437; x_wconf 87' lang='lat' dir='ltr'>et</span> <span class='ocrx_word' id='word_1_25' title='bbox 1790 398 2015 447; x_wconf 86' lang='lat' dir='ltr'>Navarrae,</span> 
     </span>
     <span class='ocr_line' id='line_1_4' title="bbox 305 457 2014 513; baseline -0.003 -13"><span class='ocrx_word' id='word_1_26' title='bbox 305 463 484 513; x_wconf 88' lang='lat' dir='ltr'>primum</span> <span class='ocrx_word' id='word_1_27' title='bbox 507 461 687 512; x_wconf 82' lang='lat' dir='ltr'>lapidem</span> <span class='ocrx_word' id='word_1_28' title='bbox 710 460 850 511; x_wconf 82' lang='lat' dir='ltr'>posuit</span> <span class='ocrx_word' id='word_1_29' title='bbox 872 459 912 497; x_wconf 89' lang='lat' dir='ltr'>in</span> <span class='ocrx_word' id='word_1_30' title='bbox 946 457 1229 497; x_wconf 78' lang='lat' dir='ltr'>fundamentis</span> <span class='ocrx_word' id='word_1_31' title='bbox 1255 457 1447 496; x_wconf 89' lang='lat' dir='ltr'>ecclesiae</span> <span class='ocrx_word' id='word_1_32' title='bbox 1473 457 1510 496; x_wconf 90' lang='lat' dir='ltr'>S.</span> <span class='ocrx_word' id='word_1_33' title='bbox 1538 457 1685 497; x_wconf 86' lang='lat' dir='ltr'>Jacobi</span> <span class='ocrx_word' id='word_1_34' title='bbox 1717 457 1766 497; x_wconf 90' lang='lat' dir='ltr'>de</span> <span class='ocrx_word' id='word_1_35' title='bbox 1793 457 2014 508; x_wconf 88' lang='lat' dir='ltr'>Hospitali,</span> 
     </span>
     <span class='ocr_line' id='line_1_5' title="bbox 305 516 2016 572; baseline -0.003 -13"><span class='ocrx_word' id='word_1_36' title='bbox 305 522 373 561; x_wconf 89' lang='lat' dir='ltr'>ubi</span> <span class='ocrx_word' id='word_1_37' title='bbox 409 536 480 572; x_wconf 90' lang='lat' dir='ltr'>per</span> <span class='ocrx_word' id='word_1_38' title='bbox 514 527 898 563; x_wconf 24' lang='lat' dir='ltr'>errorem‘vocatur</span> <span class='ocrx_word' id='word_1_39' title='bbox 932 519 1146 568; x_wconf 81' lang='lat' dir='ltr'>episcopus</span> <span class='ocrx_word' id='word_1_40' title='bbox 1182 516 1466 563; x_wconf 83' lang='lat' dir='ltr'>Nivernensis3</span> <span class='ocrx_word' id='word_1_41' title='bbox 1499 517 1679 556; x_wconf 82' lang='lat' dir='ltr'>Jacobus</span> <span class='ocrx_word' id='word_1_42' title='bbox 1715 517 1770 555; x_wconf 90' lang='lat' dir='ltr'>du</span> <span class='ocrx_word' id='word_1_43' title='bbox 1803 516 1942 556; x_wconf 86' lang='lat' dir='ltr'>Breuil</span> <span class='ocrx_word' id='word_1_44' title='bbox 1973 516 2016 554; x_wconf 90' lang='lat' dir='ltr'>in</span> 
     </span>
     <span class='ocr_line' id='line_1_6' title="bbox 305 575 1285 631; baseline -0.006 -12"><span class='ocrx_word' id='word_1_45' title='bbox 305 579 587 631; x_wconf 82' lang='lat' dir='ltr'>Antiquitatib.</span> <span class='ocrx_word' id='word_1_46' title='bbox 611 578 759 626; x_wconf 89' lang='lat' dir='ltr'>Paris.,</span> <span class='ocrx_word' id='word_1_47' title='bbox 783 593 822 628; x_wconf 84' lang='lat' dir='ltr'>p.</span> <span class='ocrx_word' id='word_1_48' title='bbox 847 577 935 625; x_wconf 84' lang='lat'>733,</span> <span class='ocrx_word' id='word_1_49' title='bbox 961 577 1056 615; x_wconf 84' lang='lat' dir='ltr'>edit.</span> <span class='ocrx_word' id='word_1_50' title='bbox 1082 590 1146 617; x_wconf 74' lang='lat' dir='ltr'>an.</span> <span class='ocrx_word' id='word_1_51' title='bbox 1173 575 1285 614; x_wconf 82' lang='grc'><strong>1639.</strong></span> 
     </span>
    </p>

    <p class='ocr_par' dir='ltr' id='par_1_3' title="bbox 303 634 2016 1042">
     <span class='ocr_line' id='line_1_7' title="bbox 358 634 2014 686; baseline -0.002 -9"><span class='ocrx_word' id='word_1_52' title='bbox 358 640 476 677; x_wconf 70' lang='lat' dir='ltr'>Anno</span> <span class='ocrx_word' id='word_1_53' title='bbox 492 636 767 686; x_wconf 87' lang='lat' dir='ltr'>MCCCXXV‚</span> <span class='ocrx_word' id='word_1_54' title='bbox 785 637 827 675; x_wconf 89' lang='lat' dir='ltr'>in</span> <span class='ocrx_word' id='word_1_55' title='bbox 841 636 979 686; x_wconf 88' lang='lat' dir='ltr'>vigilia</span> <span class='ocrx_word' id='word_1_56' title='bbox 996 636 1273 683; x_wconf 78' lang='lat' dir='ltr'>pentecostes,</span> <span class='ocrx_word' id='word_1_57' title='bbox 1291 634 1333 672; x_wconf 90' lang='lat' dir='ltr'>id</span> <span class='ocrx_word' id='word_1_58' title='bbox 1351 644 1426 684; x_wconf 85' lang='lat' dir='ltr'>est,</span> <span class='ocrx_word' id='word_1_59' title='bbox 1443 635 1506 675; x_wconf 92' lang='lat' dir='ltr'>die</span> <span class='ocrx_word' id='word_1_60' title='bbox 1525 650 1615 673; x_wconf 78' lang='lat' dir='ltr'>xxv</span> <span class='ocrx_word' id='word_1_61' title='bbox 1626 636 1738 684; x_wconf 90' lang='lat' dir='ltr'>maii,</span> <span class='ocrx_word' id='word_1_62' title='bbox 1753 635 1930 674; x_wconf 89' lang='lat' dir='ltr'>Karolus</span> <span class='ocrx_word' id='word_1_63' title='bbox 1945 634 2014 684; x_wconf 89' lang='lat' dir='ltr'>IV,</span> 
     </span>
     <span class='ocr_line' id='line_1_8' title="bbox 304 693 2015 746; baseline -0.003 -9"><span class='ocrx_word' id='word_1_64' title='bbox 304 714 374 738; x_wconf 86' lang='lat' dir='ltr'>rex</span> <span class='ocrx_word' id='word_1_65' title='bbox 410 697 618 746; x_wconf 70' lang='lat' dir='ltr'>anciae,</span> <span class='ocrx_word' id='word_1_66' title='bbox 654 697 748 735; x_wconf 87' lang='lat' dir='ltr'>huic</span> <span class='ocrx_word' id='word_1_67' title='bbox 784 696 906 734; x_wconf 86' lang='lat' dir='ltr'>Petro</span> <span class='ocrx_word' id='word_1_68' title='bbox 941 695 1132 746; x_wconf 87' lang='lat' dir='ltr'>episcopo</span> <span class='ocrx_word' id='word_1_69' title='bbox 1168 694 1399 733; x_wconf 85' lang='lat' dir='ltr'>Vivariensi</span> <span class='ocrx_word' id='word_1_70' title='bbox 1434 703 1475 733; x_wconf 92' lang='lat' dir='ltr'>et</span> <span class='ocrx_word' id='word_1_71' title='bbox 1510 694 1761 745; x_wconf 87' lang='lat' dir='ltr'>quibusdam</span> <span class='ocrx_word' id='word_1_72' title='bbox 1795 694 1883 733; x_wconf 88' lang='lat' dir='ltr'>aliis</span> <span class='ocrx_word' id='word_1_73' title='bbox 1918 693 2015 733; x_wconf 90' lang='lat' dir='ltr'>viris</span> 
     </span>
     <span class='ocr_line' id='line_1_9' title="bbox 303 753 2015 808; baseline -0.002 -12"><span class='ocrx_word' id='word_1_74' title='bbox 303 756 643 808; x_wconf 85' lang='lat' dir='ltr'>praepotentibus</span> <span class='ocrx_word' id='word_1_75' title='bbox 666 756 782 794; x_wconf 90' lang='lat' dir='ltr'>aulae</span> <span class='ocrx_word' id='word_1_76' title='bbox 804 754 936 805; x_wconf 82' lang='lat' dir='ltr'>regiae</span> <span class='ocrx_word' id='word_1_77' title='bbox 958 762 1213 804; x_wconf 88' lang='lat' dir='ltr'>potestatem</span> <span class='ocrx_word' id='word_1_78' title='bbox 1235 753 1350 793; x_wconf 90' lang='lat' dir='ltr'>dedit</span> <span class='ocrx_word' id='word_1_79' title='bbox 1372 753 1643 793; x_wconf 86' lang='lat' dir='ltr'>conveniendi</span> <span class='ocrx_word' id='word_1_80' title='bbox 1665 768 1759 792; x_wconf 90' lang='lat' dir='ltr'>cum</span> <span class='ocrx_word' id='word_1_81' title='bbox 1781 753 2015 804; x_wconf 80' lang='lat' dir='ltr'>delegandis</span> 
     </span>
     <span class='ocr_line' id='line_1_10' title="bbox 304 813 2016 864; baseline -0.003 -9"><span class='ocrx_word' id='word_1_82' title='bbox 304 817 354 855; x_wconf 89' lang='lat' dir='ltr'>ab</span> <span class='ocrx_word' id='word_1_83' title='bbox 382 816 576 854; x_wconf 86' lang='lat' dir='ltr'>Eduardo</span> <span class='ocrx_word' id='word_1_84' title='bbox 606 815 658 863; x_wconf 89' lang='grc' dir='ltr'>ΙΙ,</span> <span class='ocrx_word' id='word_1_85' title='bbox 684 829 775 864; x_wconf 86' lang='lat' dir='ltr'>rege</span> <span class='ocrx_word' id='word_1_86' title='bbox 802 813 985 864; x_wconf 88' lang='lat' dir='ltr'>Angliae,</span> <span class='ocrx_word' id='word_1_87' title='bbox 1012 827 1239 864; x_wconf 88' lang='lat' dir='ltr'>pacemque</span> <span class='ocrx_word' id='word_1_88' title='bbox 1265 827 1359 851; x_wconf 92' lang='lat' dir='ltr'>cum</span> <span class='ocrx_word' id='word_1_89' title='bbox 1384 813 1438 852; x_wconf 90' lang='lat' dir='ltr'>eis</span> <span class='ocrx_word' id='word_1_90' title='bbox 1464 813 1687 862; x_wconf 81' lang='lat' dir='ltr'>tractandi,</span> <span class='ocrx_word' id='word_1_91' title='bbox 1715 827 1820 863; x_wconf 91' lang='lat' dir='ltr'>quae</span> <span class='ocrx_word' id='word_1_92' title='bbox 1845 813 2016 852; x_wconf 89' lang='lat' dir='ltr'>tandem</span> 
     </span>
     <span class='ocr_line' id='line_1_11' title="bbox 304 872 2016 923; baseline -0.002 -9"><span class='ocrx_word' id='word_1_93' title='bbox 304 876 492 914; x_wconf 85' lang='lat' dir='ltr'>conclusa</span> <span class='ocrx_word' id='word_1_94' title='bbox 512 875 602 913; x_wconf 84' lang='lat' dir='ltr'>fuit.</span> <span class='ocrx_word' id='word_1_95' title='bbox 624 875 784 912; x_wconf 82' lang='lat' dir='ltr'>Extant</span> <span class='ocrx_word' id='word_1_96' title='bbox 801 873 949 911; x_wconf 89' lang='lat' dir='ltr'>harum</span> <span class='ocrx_word' id='word_1_97' title='bbox 967 886 1103 911; x_wconf 89' lang='lat' dir='ltr'>rerum</span> <span class='ocrx_word' id='word_1_98' title='bbox 1120 880 1246 911; x_wconf 89' lang='lat' dir='ltr'>testes</span> <span class='ocrx_word' id='word_1_99' title='bbox 1263 873 1407 911; x_wconf 87' lang='lat' dir='ltr'>literae</span> <span class='ocrx_word' id='word_1_100' title='bbox 1425 872 1611 923; x_wconf 84' lang='lat' dir='ltr'>ejusdem</span> <span class='ocrx_word' id='word_1_101' title='bbox 1627 872 1745 923; x_wconf 86' lang='lat' dir='ltr'>regis,</span> <span class='ocrx_word' id='word_1_102' title='bbox 1765 881 1857 911; x_wconf 90' lang='lat' dir='ltr'>tum</span> <span class='ocrx_word' id='word_1_103' title='bbox 1872 873 2016 911; x_wconf 84' lang='lat' dir='ltr'>literae</span> 
     </span>
     <span class='ocr_line' id='line_1_12' title="bbox 304 930 2014 984; baseline -0.002 -11"><span class='ocrx_word' id='word_1_104' title='bbox 304 935 584 984; x_wconf 80' lang='lat' dir='ltr'>delegatorum</span> <span class='ocrx_word' id='word_1_105' title='bbox 623 933 799 971; x_wconf 89' lang='lat' dir='ltr'>duorum</span> <span class='ocrx_word' id='word_1_106' title='bbox 835 946 978 982; x_wconf 87' lang='lat' dir='ltr'>regum</span> <span class='ocrx_word' id='word_1_107' title='bbox 1014 931 1057 970; x_wconf 94' lang='lat' dir='ltr'>in</span> <span class='ocrx_word' id='word_1_108' title='bbox 1094 932 1233 971; x_wconf 88' lang='lat' dir='ltr'>codice</span> <span class='ocrx_word' id='word_1_109' title='bbox 1263 930 1368 970; x_wconf 82' lang='grc'><em>3126</em></span> <span class='ocrx_word' id='word_1_110' title='bbox 1395 931 1670 971; x_wconf 81' lang='lat' dir='ltr'>bibliothecae</span> <span class='ocrx_word' id='word_1_111' title='bbox 1702 931 2014 978; x_wconf 76' lang='lat' dir='ltr'>Colbertinae13</span> 
     </span>
     <span class='ocr_line' id='line_1_13' title="bbox 303 990 1476 1042; baseline -0.002 -12"><span class='ocrx_word' id='word_1_112' title='bbox 303 993 395 1032; x_wconf 75' lang='lat' dir='ltr'>vide</span> <span class='ocrx_word' id='word_1_113' title='bbox 416 994 542 1032; x_wconf 88' lang='lat' dir='ltr'>etiam</span> <span class='ocrx_word' id='word_1_114' title='bbox 562 992 785 1031; x_wconf 89' lang='lat' dir='ltr'>Odoricum</span> <span class='ocrx_word' id='word_1_115' title='bbox 806 991 1086 1042; x_wconf 85' lang='lat' dir='ltr'>Raynaldum,</span> <span class='ocrx_word' id='word_1_116' title='bbox 1108 1005 1216 1030; x_wconf 89' lang='lat' dir='ltr'>anno</span> <span class='ocrx_word' id='word_1_117' title='bbox 1237 990 1352 1039; x_wconf 80' lang='lat'>1325,</span> <span class='ocrx_word' id='word_1_118' title='bbox 1379 991 1396 1040; x_wconf 64' lang='grc' dir='ltr'>ξ</span> <span class='ocrx_word' id='word_1_119' title='bbox 1417 991 1476 1028; x_wconf 83' lang='grc'>12.</span> 
     </span>
    </p>

    <p class='ocr_par' dir='ltr' id='par_1_4' title="bbox 298 1050 2016 1518">
     <span class='ocr_line' id='line_1_14' title="bbox 356 1050 2014 1100; baseline -0.001 -10"><span class='ocrx_word' id='word_1_120' title='bbox 356 1053 511 1091; x_wconf 87' lang='lat' dir='ltr'>Eodem</span> <span class='ocrx_word' id='word_1_121' title='bbox 539 1066 660 1100; x_wconf 34' lang='lat' dir='ltr'>anno·</span> <span class='ocrx_word' id='word_1_122' title='bbox 689 1065 840 1090; x_wconf 92' lang='lat' dir='ltr'>mense</span> <span class='ocrx_word' id='word_1_123' title='bbox 869 1059 918 1089; x_wconf 88' lang='lat' dir='ltr'>ut</span> <span class='ocrx_word' id='word_1_124' title='bbox 943 1050 1121 1099; x_wconf 80' lang='lat' dir='ltr'>videtur,</span> <span class='ocrx_word' id='word_1_125' title='bbox 1152 1050 1324 1098; x_wconf 83' lang='lat' dir='ltr'>octobri,</span> <span class='ocrx_word' id='word_1_126' title='bbox 1353 1066 1372 1089; x_wconf 91' lang='lat' dir='ltr'>e</span> <span class='ocrx_word' id='word_1_127' title='bbox 1401 1050 1597 1089; x_wconf 88' lang='lat' dir='ltr'>cathedra</span> <span class='ocrx_word' id='word_1_128' title='bbox 1625 1050 1855 1090; x_wconf 85' lang='lat' dir='ltr'>Vivariensi</span> <span class='ocrx_word' id='word_1_129' title='bbox 1882 1059 2014 1089; x_wconf 88' lang='lat' dir='ltr'>trans—</span> 
     </span>
     <span class='ocr_line' id='line_1_15' title="bbox 300 1094 2013 1160; baseline -0.001 -11"><span class='ocrx_word' id='word_1_130' title='bbox 300 1112 407 1151; x_wconf 91' lang='lat' dir='ltr'>latus</span> <span class='ocrx_word' id='word_1_131' title='bbox 431 1120 492 1150; x_wconf 88' lang='lat' dir='ltr'>est</span> <span class='ocrx_word' id='word_1_132' title='bbox 513 1111 566 1149; x_wconf 90' lang='lat' dir='ltr'>ad</span> <span class='ocrx_word' id='word_1_133' title='bbox 587 1094 1019 1150; x_wconf 82' lang='lat' dir='ltr'>Autissiodorensem:</span> <span class='ocrx_word' id='word_1_134' title='bbox 1042 1118 1076 1148; x_wconf 87' lang='lat' dir='ltr'>et</span> <span class='ocrx_word' id='word_1_135' title='bbox 1098 1109 1272 1158; x_wconf 68' lang='lat' dir='ltr'>intravit,</span> <span class='ocrx_word' id='word_1_136' title='bbox 1294 1109 1490 1159; x_wconf 88' lang='lat' dir='ltr'>inquiunt</span> <span class='ocrx_word' id='word_1_137' title='bbox 1518 1109 1633 1148; x_wconf 88' lang='lat' dir='ltr'>Gesta</span> <span class='ocrx_word' id='word_1_138' title='bbox 1653 1123 1776 1160; x_wconf 91' lang='lat' dir='ltr'>supra</span> <span class='ocrx_word' id='word_1_139' title='bbox 1797 1108 2002 1148; x_wconf 82' lang='lat' dir='ltr'>laudata2</span> <span class='ocrx_word' id='word_1_140' title='bbox 2004 1140 2013 1158; x_wconf 91' lang='lat'>,</span> 
     </span>
     <span class='ocr_line' id='line_1_16' title="bbox 301 1141 2014 1220; baseline -0.001 -11"><span class='ocrx_word' id='word_1_141' title='bbox 301 1185 388 1209; x_wconf 86' lang='lat' dir='ltr'>cum</span> <span class='ocrx_word' id='word_1_142' title='bbox 411 1170 541 1209; x_wconf 80' lang='lat' dir='ltr'>debita</span> <span class='ocrx_word' id='word_1_143' title='bbox 562 1170 806 1208; x_wconf 76' lang='lat' dir='ltr'>solemnitaze</span> <span class='ocrx_word' id='word_1_144' title='bbox 829 1169 1025 1207; x_wconf 67' lang='lat' dir='ltr'>civitatem</span> <span class='ocrx_word' id='word_1_145' title='bbox 1055 1177 1089 1207; x_wconf 89' lang='lat' dir='ltr'>et</span> <span class='ocrx_word' id='word_1_146' title='bbox 1111 1141 1313 1207; x_wconf 80' lang='lat' dir='ltr'>eeclesicim</span> <span class='ocrx_word' id='word_1_147' title='bbox 1335 1169 1724 1207; x_wconf 84' lang='lat' dir='ltr'>Autissiodorensem</span> <span class='ocrx_word' id='word_1_148' title='bbox 1754 1183 1843 1207; x_wconf 86' lang='lat' dir='ltr'>cum</span> <span class='ocrx_word' id='word_1_149' title='bbox 1865 1167 2014 1220; x_wconf 81' lang='lat' dir='ltr'>princi-</span> 
     </span>
     <span class='ocr_line' id='line_1_17' title="bbox 300 1228 2014 1280; baseline -0.001 -12"><span class='ocrx_word' id='word_1_150' title='bbox 300 1230 420 1280; x_wconf 83' lang='lat' dir='ltr'>pibus</span> <span class='ocrx_word' id='word_1_151' title='bbox 445 1238 479 1268; x_wconf 81' lang='lat' dir='ltr'>et</span> <span class='ocrx_word' id='word_1_152' title='bbox 505 1229 678 1267; x_wconf 84' lang='lat' dir='ltr'>dominis</span> <span class='ocrx_word' id='word_1_153' title='bbox 703 1229 797 1267; x_wconf 87' lang='lat' dir='ltr'>aliis</span> <span class='ocrx_word' id='word_1_154' title='bbox 824 1228 1108 1279; x_wconf 75' lang='lat' dir='ltr'>temporalibus</span> <span class='ocrx_word' id='word_1_155' title='bbox 1134 1229 1202 1278; x_wconf 78' lang='lat' dir='ltr'>qui</span> <span class='ocrx_word' id='word_1_156' title='bbox 1228 1228 1363 1279; x_wconf 87' lang='lat' dir='ltr'>ipsum</span> <span class='ocrx_word' id='word_1_157' title='bbox 1388 1236 1543 1279; x_wconf 85' lang='lat' dir='ltr'>portare</span> <span class='ocrx_word' id='word_1_158' title='bbox 1569 1228 1759 1266; x_wconf 79' lang='lat' dir='ltr'>debebant</span> <span class='ocrx_word' id='word_1_159' title='bbox 1783 1236 1817 1266; x_wconf 87' lang='lat' dir='ltr'>et</span> <span class='ocrx_word' id='word_1_160' title='bbox 1834 1236 2014 1279; x_wconf 73' lang='lat' dir='ltr'>portave</span> 
     </span>
     <span class='ocr_line' id='line_1_18' title="bbox 300 1287 2016 1339; baseline -0.001 -12"><span class='ocrx_word' id='word_1_161' title='bbox 300 1297 403 1337; x_wconf 87' lang='lat' dir='ltr'>runt,</span> <span class='ocrx_word' id='word_1_162' title='bbox 434 1289 533 1327; x_wconf 88' lang='lat' dir='ltr'>inter</span> <span class='ocrx_word' id='word_1_163' title='bbox 561 1303 654 1339; x_wconf 80' lang='lat' dir='ltr'>quos</span> <span class='ocrx_word' id='word_1_164' title='bbox 681 1288 760 1338; x_wconf 75' lang='lat' dir='ltr'>fuit</span> <span class='ocrx_word' id='word_1_165' title='bbox 787 1302 910 1327; x_wconf 88' lang='lat' dir='ltr'>eomes</span> <span class='ocrx_word' id='word_1_166' title='bbox 940 1287 1202 1326; x_wconf 83' lang='lat' dir='ltr'>Flandrensis</span> <span class='ocrx_word' id='word_1_167' title='bbox 1229 1287 1380 1325; x_wconf 83' lang='lat' dir='ltr'>ratione</span> <span class='ocrx_word' id='word_1_168' title='bbox 1411 1287 1597 1325; x_wconf 75' lang='lat' dir='ltr'>baroniae</span> <span class='ocrx_word' id='word_1_169' title='bbox 1624 1288 1669 1326; x_wconf 81' lang='lat' dir='ltr'>de</span> <span class='ocrx_word' id='word_1_170' title='bbox 1692 1287 1906 1328; x_wconf 79' lang='lat' dir='ltr'>Donziaco.</span> <span class='ocrx_word' id='word_1_171' title='bbox 1937 1287 2016 1338; x_wconf 79' lang='lat' dir='ltr'>Qui</span> 
     </span>
     <span class='ocr_line' id='line_1_19' title="bbox 300 1346 2015 1398; baseline -0.001 -12"><span class='ocrx_word' id='word_1_172' title='bbox 300 1363 435 1396; x_wconf 85' lang='lat' dir='ltr'>comes,</span> <span class='ocrx_word' id='word_1_173' title='bbox 457 1348 559 1398; x_wconf 77' lang='lat' dir='ltr'>facto</span> <span class='ocrx_word' id='word_1_174' title='bbox 580 1347 763 1397; x_wconf 79' lang='lat' dir='ltr'>homagio</span> <span class='ocrx_word' id='word_1_175' title='bbox 787 1347 868 1398; x_wconf 86' lang='lat' dir='ltr'>ipsi</span> <span class='ocrx_word' id='word_1_176' title='bbox 889 1347 1086 1398; x_wconf 80' lang='lat' dir='ltr'>episeopo,</span> <span class='ocrx_word' id='word_1_177' title='bbox 1110 1347 1233 1385; x_wconf 65' lang='lat' dir='ltr'>voluit</span> <span class='ocrx_word' id='word_1_178' title='bbox 1252 1355 1287 1385; x_wconf 77' lang='lat' dir='ltr'>et</span> <span class='ocrx_word' id='word_1_179' title='bbox 1308 1346 1422 1385; x_wconf 84' lang='lat' dir='ltr'>nisus</span> <span class='ocrx_word' id='word_1_180' title='bbox 1442 1347 1523 1396; x_wconf 70' lang='lat' dir='ltr'>fuit</span> <span class='ocrx_word' id='word_1_181' title='bbox 1543 1361 1680 1397; x_wconf 85' lang='lat' dir='ltr'>rapere</span> <span class='ocrx_word' id='word_1_182' title='bbox 1700 1348 1900 1385; x_wconf 85' lang='lat' dir='ltr'>annulum</span> <span class='ocrx_word' id='word_1_183' title='bbox 1921 1346 2015 1385; x_wconf 78' lang='lat' dir='ltr'>dieti</span> 
     </span>
     <span class='ocr_line' id='line_1_20' title="bbox 298 1405 2016 1458; baseline -0.001 -13"><span class='ocrx_word' id='word_1_184' title='bbox 298 1407 488 1458; x_wconf 75' lang='lat' dir='ltr'>episcopi,</span> <span class='ocrx_word' id='word_1_185' title='bbox 516 1408 584 1445; x_wconf 84' lang='lat' dir='ltr'>sed</span> <span class='ocrx_word' id='word_1_186' title='bbox 610 1421 690 1445; x_wconf 88' lang='lat' dir='ltr'>non</span> <span class='ocrx_word' id='word_1_187' title='bbox 716 1406 856 1457; x_wconf 88' lang='lat' dir='ltr'>potuit.</span> <span class='ocrx_word' id='word_1_188' title='bbox 892 1407 1038 1445; x_wconf 80' lang='lat' dir='ltr'>Verum</span> <span class='ocrx_word' id='word_1_189' title='bbox 1065 1414 1196 1444; x_wconf 87' lang='lat' dir='ltr'>tamen</span> <span class='ocrx_word' id='word_1_190' title='bbox 1221 1406 1407 1457; x_wconf 80' lang='lat' dir='ltr'>promisit</span> <span class='ocrx_word' id='word_1_191' title='bbox 1432 1406 1643 1457; x_wconf 87' lang='lat' dir='ltr'>episcopus</span> <span class='ocrx_word' id='word_1_192' title='bbox 1669 1421 1710 1444; x_wconf 84' lang='lat' dir='ltr'>se</span> <span class='ocrx_word' id='word_1_193' title='bbox 1738 1407 1954 1456; x_wconf 73' lang='lat' dir='ltr'>informare</span> <span class='ocrx_word' id='word_1_194' title='bbox 1979 1405 2016 1444; x_wconf 84' lang='lat' dir='ltr'>si</span> 
     </span>
     <span class='ocr_line' id='line_1_21' title="bbox 298 1465 1748 1518; baseline 0 -13"><span class='ocrx_word' id='word_1_195' title='bbox 298 1475 485 1518; x_wconf 75' lang='lat' dir='ltr'>spectaret</span> <span class='ocrx_word' id='word_1_196' title='bbox 507 1467 559 1504; x_wconf 87' lang='lat' dir='ltr'>acl</span> <span class='ocrx_word' id='word_1_197' title='bbox 579 1466 646 1516; x_wconf 90' lang='lat' dir='ltr'>jus</span> <span class='ocrx_word' id='word_1_198' title='bbox 670 1466 803 1517; x_wconf 83' lang='lat' dir='ltr'>ipsius</span> <span class='ocrx_word' id='word_1_199' title='bbox 826 1465 979 1504; x_wconf 88' lang='lat' dir='ltr'>comitis</span> <span class='ocrx_word' id='word_1_200' title='bbox 1003 1474 1037 1504; x_wconf 88' lang='lat' dir='ltr'>et</span> <span class='ocrx_word' id='word_1_201' title='bbox 1058 1465 1139 1503; x_wconf 79' lang='lat' dir='ltr'>sibi</span> <span class='ocrx_word' id='word_1_202' title='bbox 1161 1465 1288 1516; x_wconf 72' lang='lat' dir='ltr'>jacere</span> <span class='ocrx_word' id='word_1_203' title='bbox 1309 1480 1430 1516; x_wconf 86' lang='lat' dir='ltr'>super</span> <span class='ocrx_word' id='word_1_204' title='bbox 1452 1465 1521 1504; x_wconf 81' lang='lat' dir='ltr'>lzoc</span> <span class='ocrx_word' id='word_1_205' title='bbox 1544 1466 1748 1505; x_wconf 85' lang='lat' dir='ltr'>rationem.</span> 
     </span>
    </p>

    <p class='ocr_par' dir='ltr' id='par_1_5' title="bbox 296 1524 2014 1754">
     <span class='ocr_line' id='line_1_22' title="bbox 351 1524 2014 1573; baseline -0.001 -9"><span class='ocrx_word' id='word_1_206' title='bbox 351 1526 469 1564; x_wconf 89' lang='lat' dir='ltr'>Anno</span> <span class='ocrx_word' id='word_1_207' title='bbox 488 1526 813 1573; x_wconf 83' lang='lat' dir='ltr'>MCCCXXVII,</span> <span class='ocrx_word' id='word_1_208' title='bbox 833 1525 897 1564; x_wconf 84' lang='lat' dir='ltr'>die</span> <span class='ocrx_word' id='word_1_209' title='bbox 915 1525 1080 1564; x_wconf 88' lang='lat' dir='ltr'>sabbati</span> <span class='ocrx_word' id='word_1_210' title='bbox 1098 1525 1278 1564; x_wconf 89' lang='lat' dir='ltr'>secunda</span> <span class='ocrx_word' id='word_1_211' title='bbox 1296 1524 1407 1573; x_wconf 80' lang='lat' dir='ltr'>maii,</span> <span class='ocrx_word' id='word_1_212' title='bbox 1425 1524 1616 1564; x_wconf 83' lang='lat' dir='ltr'>interfuit</span> <span class='ocrx_word' id='word_1_213' title='bbox 1634 1525 1826 1564; x_wconf 85' lang='lat' dir='ltr'>Lutetiae</span> <span class='ocrx_word' id='word_1_214' title='bbox 1843 1525 2014 1564; x_wconf 86' lang='lat' dir='ltr'>solemni</span> 
     </span>
     <span class='ocr_line' id='line_1_23' title="bbox 297 1583 2014 1636; baseline -0.001 -12"><span class='ocrx_word' id='word_1_215' title='bbox 297 1585 557 1624; x_wconf 84' lang='lat' dir='ltr'>translationi</span> <span class='ocrx_word' id='word_1_216' title='bbox 586 1584 703 1635; x_wconf 84' lang='lat' dir='ltr'>digiti</span> <span class='ocrx_word' id='word_1_217' title='bbox 730 1585 863 1624; x_wconf 84' lang='lat' dir='ltr'>sancti</span> <span class='ocrx_word' id='word_1_218' title='bbox 891 1584 1050 1634; x_wconf 83' lang='lat' dir='ltr'>Jacobi,</span> <span class='ocrx_word' id='word_1_219' title='bbox 1080 1598 1204 1634; x_wconf 89' lang='lat' dir='ltr'>quem</span> <span class='ocrx_word' id='word_1_220' title='bbox 1229 1585 1351 1623; x_wconf 86' lang='lat' dir='ltr'>theca</span> <span class='ocrx_word' id='word_1_221' title='bbox 1376 1583 1582 1623; x_wconf 88' lang='lat' dir='ltr'>inclusum</span> <span class='ocrx_word' id='word_1_222' title='bbox 1608 1583 1801 1623; x_wconf 87' lang='lat' dir='ltr'>ecclesiae</span> <span class='ocrx_word' id='word_1_223' title='bbox 1828 1584 2014 1636; x_wconf 86' lang='lat' dir='ltr'>ejusdem</span> 
     </span>
     <span class='ocr_line' id='line_1_24' title="bbox 296 1642 2013 1695; baseline -0.001 -13"><span class='ocrx_word' id='word_1_224' title='bbox 296 1645 427 1684; x_wconf 90' lang='lat' dir='ltr'>sancti</span> <span class='ocrx_word' id='word_1_225' title='bbox 451 1644 585 1683; x_wconf 87' lang='lat' dir='ltr'>dictae</span> <span class='ocrx_word' id='word_1_226' title='bbox 609 1644 658 1683; x_wconf 90' lang='lat' dir='ltr'>de</span> <span class='ocrx_word' id='word_1_227' title='bbox 682 1644 890 1695; x_wconf 90' lang='lat' dir='ltr'>Hospitali</span> <span class='ocrx_word' id='word_1_228' title='bbox 913 1644 1028 1682; x_wconf 88' lang='lat' dir='ltr'>dedit</span> <span class='ocrx_word' id='word_1_229' title='bbox 1049 1643 1195 1683; x_wconf 89' lang='lat' dir='ltr'>eadem</span> <span class='ocrx_word' id='word_1_230' title='bbox 1218 1643 1381 1682; x_wconf 87' lang='lat' dir='ltr'>Joanna</span> <span class='ocrx_word' id='word_1_231' title='bbox 1403 1643 1562 1694; x_wconf 83' lang='lat' dir='ltr'>regina3</span> <span class='ocrx_word' id='word_1_232' title='bbox 1587 1644 1768 1683; x_wconf 85' lang='lat' dir='ltr'>Jacobus</span> <span class='ocrx_word' id='word_1_233' title='bbox 1800 1644 1855 1682; x_wconf 91' lang='lat' dir='ltr'>du</span> <span class='ocrx_word' id='word_1_234' title='bbox 1875 1642 2013 1683; x_wconf 90' lang='lat' dir='ltr'>Breuil</span> 
     </span>
     <span class='ocr_line' id='line_1_25' title="bbox 296 1703 1003 1754; baseline 0 -13"><span class='ocrx_word' id='word_1_235' title='bbox 296 1703 337 1741; x_wconf 86' lang='lat' dir='ltr'>in</span> <span class='ocrx_word' id='word_1_236' title='bbox 363 1704 452 1742; x_wconf 91' lang='lat' dir='ltr'>loco</span> <span class='ocrx_word' id='word_1_237' title='bbox 480 1717 603 1754; x_wconf 89' lang='lat' dir='ltr'>supra</span> <span class='ocrx_word' id='word_1_238' title='bbox 630 1703 816 1752; x_wconf 82' lang='lat' dir='ltr'>laudato,</span> <span class='ocrx_word' id='word_1_239' title='bbox 844 1718 884 1754; x_wconf 89' lang='lat' dir='ltr'>p.</span> <span class='ocrx_word' id='word_1_240' title='bbox 916 1703 1003 1742; x_wconf 84' lang='lat'>734.</span> 
     </span>
    </p>

    <p class='ocr_par' dir='ltr' id='par_1_6' title="bbox 295 1761 2013 2169">
     <span class='ocr_line' id='line_1_26' title="bbox 352 1761 2011 1813; baseline 0.001 -13"><span class='ocrx_word' id='word_1_241' title='bbox 352 1763 398 1801; x_wconf 93' lang='lat' dir='ltr'>In</span> <span class='ocrx_word' id='word_1_242' title='bbox 419 1762 531 1801; x_wconf 90' lang='lat' dir='ltr'>Actis</span> <span class='ocrx_word' id='word_1_243' title='bbox 553 1763 724 1813; x_wconf 88' lang='lat' dir='ltr'>capituli</span> <span class='ocrx_word' id='word_1_244' title='bbox 745 1762 1008 1813; x_wconf 86' lang='lat' dir='ltr'>provincialis</span> <span class='ocrx_word' id='word_1_245' title='bbox 1031 1761 1182 1801; x_wconf 90' lang='lat' dir='ltr'>ordinis</span> <span class='ocrx_word' id='word_1_246' title='bbox 1206 1762 1545 1802; x_wconf 77' lang='lat' dir='ltr'>praedicatorum</span> <span class='ocrx_word' id='word_1_247' title='bbox 1567 1762 1761 1802; x_wconf 88' lang='lat' dir='ltr'>celebrati</span> <span class='ocrx_word' id='word_1_248' title='bbox 1783 1762 2011 1802; x_wconf 89' lang='lat' dir='ltr'>Lemovicis</span> 
     </span>
     <span class='ocr_line' id='line_1_27' title="bbox 296 1821 2013 1872; baseline 0.001 -13"><span class='ocrx_word' id='word_1_249' title='bbox 296 1836 403 1860; x_wconf 90' lang='lat' dir='ltr'>anno</span> <span class='ocrx_word' id='word_1_250' title='bbox 438 1822 582 1861; x_wconf 86' lang='lat' dir='ltr'>eodem</span> <span class='ocrx_word' id='word_1_251' title='bbox 616 1822 927 1861; x_wconf 90' lang='lat' dir='ltr'>MCCCXXVII</span> <span class='ocrx_word' id='word_1_252' title='bbox 961 1821 1003 1860; x_wconf 93' lang='lat' dir='ltr'>in</span> <span class='ocrx_word' id='word_1_253' title='bbox 1042 1822 1200 1860; x_wconf 86' lang='lat' dir='ltr'>octavis</span> <span class='ocrx_word' id='word_1_254' title='bbox 1235 1829 1474 1860; x_wconf 87' lang='lat' dir='ltr'>sanctorum</span> <span class='ocrx_word' id='word_1_255' title='bbox 1508 1822 1792 1872; x_wconf 89' lang='lat' dir='ltr'>apostolorum</span> <span class='ocrx_word' id='word_1_256' title='bbox 1826 1822 1938 1861; x_wconf 88' lang='lat' dir='ltr'>Petri</span> <span class='ocrx_word' id='word_1_257' title='bbox 1972 1829 2013 1861; x_wconf 85' lang='lat' dir='ltr'>et</span> 
     </span>
     <span class='ocr_line' id='line_1_28' title="bbox 297 1880 2012 1932; baseline 0.001 -14"><span class='ocrx_word' id='word_1_258' title='bbox 297 1881 412 1920; x_wconf 87' lang='lat' dir='ltr'>Pauli</span> <span class='ocrx_word' id='word_1_259' title='bbox 435 1881 693 1932; x_wconf 86' lang='lat' dir='ltr'>imperantur</span> <span class='ocrx_word' id='word_1_260' title='bbox 715 1896 854 1932; x_wconf 81' lang='lat' dir='ltr'>preces</span> <span class='ocrx_word' id='word_1_261' title='bbox 879 1895 952 1931; x_wconf 87' lang='lat' dir='ltr'>pro</span> <span class='ocrx_word' id='word_1_262' title='bbox 977 1880 1100 1919; x_wconf 85' lang='lat' dir='ltr'>variis</span> <span class='ocrx_word' id='word_1_263' title='bbox 1125 1880 1339 1932; x_wconf 89' lang='lat' dir='ltr'>episcopis,</span> <span class='ocrx_word' id='word_1_264' title='bbox 1365 1889 1406 1919; x_wconf 91' lang='lat' dir='ltr'>et</span> <span class='ocrx_word' id='word_1_265' title='bbox 1429 1880 1537 1919; x_wconf 87' lang='lat' dir='ltr'>inter</span> <span class='ocrx_word' id='word_1_266' title='bbox 1559 1881 1647 1929; x_wconf 91' lang='lat' dir='ltr'>hos,</span> <span class='ocrx_word' id='word_1_267' title='bbox 1671 1895 1745 1931; x_wconf 91' lang='lat' dir='ltr'>pro</span> <span class='ocrx_word' id='word_1_268' title='bbox 1770 1881 2012 1920; x_wconf 88' lang='lat' dir='ltr'>Altissiodo—</span> 
     </span>
     <span class='ocr_line' id='line_1_29' title="bbox 295 1939 2013 1992; baseline 0 -14"><span class='ocrx_word' id='word_1_269' title='bbox 295 1940 414 1988; x_wconf 81' lang='lat' dir='ltr'>rensi,</span> <span class='ocrx_word' id='word_1_270' title='bbox 434 1940 476 1978; x_wconf 87' lang='lat' dir='ltr'>id</span> <span class='ocrx_word' id='word_1_271' title='bbox 496 1949 571 1989; x_wconf 85' lang='lat' dir='ltr'>est,</span> <span class='ocrx_word' id='word_1_272' title='bbox 591 1941 668 1979; x_wconf 85' lang='lat' dir='ltr'>hoc</span> <span class='ocrx_word' id='word_1_273' title='bbox 687 1949 829 1979; x_wconf 87' lang='lat' dir='ltr'>nostro</span> <span class='ocrx_word' id='word_1_274' title='bbox 850 1955 858 1979; x_wconf 74' lang='lat' dir='ltr'>t</span> <span class='ocrx_word' id='word_1_275' title='bbox 882 1940 981 1979; x_wconf 86' lang='lat' dir='ltr'>Item</span> <span class='ocrx_word' id='word_1_276' title='bbox 999 1954 1071 1991; x_wconf 83' lang='lat' dir='ltr'>pro</span> <span class='ocrx_word' id='word_1_277' title='bbox 1090 1939 1383 1978; x_wconf 71' lang='lat' dir='ltr'>venerabilibus</span> <span class='ocrx_word' id='word_1_278' title='bbox 1400 1939 1585 1990; x_wconf 83' lang='lat' dir='ltr'>patribus</span> <span class='ocrx_word' id='word_1_279' title='bbox 1605 1940 1779 1979; x_wconf 82' lang='lat' dir='ltr'>dominis</span> <span class='ocrx_word' id='word_1_280' title='bbox 1797 1940 2013 1992; x_wconf 82' lang='lat' dir='ltr'>archiepis-</span> 
     </span>
     <span class='ocr_line' id='line_1_30' title="bbox 296 1999 2010 2050; baseline 0.001 -13"><span class='ocrx_word' id='word_1_281' title='bbox 296 1999 404 2050; x_wconf 83' lang='lat' dir='ltr'>copis</span> <span class='ocrx_word' id='word_1_282' title='bbox 431 1999 623 2050; x_wconf 78' lang='lat' dir='ltr'>Aquensi‚</span> <span class='ocrx_word' id='word_1_283' title='bbox 654 2000 910 2049; x_wconf 81' lang='lat' dir='ltr'>Bituricensi‚</span> <span class='ocrx_word' id='word_1_284' title='bbox 939 2008 973 2037; x_wconf 87' lang='lat' dir='ltr'>et</span> <span class='ocrx_word' id='word_1_285' title='bbox 998 1999 1261 2047; x_wconf 73' lang='lat' dir='ltr'>Revennensi,</span> <span class='ocrx_word' id='word_1_286' title='bbox 1289 2007 1323 2037; x_wconf 89' lang='lat' dir='ltr'>et</span> <span class='ocrx_word' id='word_1_287' title='bbox 1349 1999 1523 2037; x_wconf 85' lang='lat' dir='ltr'>dominis</span> <span class='ocrx_word' id='word_1_288' title='bbox 1549 1999 1749 2050; x_wconf 85' lang='lat' dir='ltr'>episcopis</span> <span class='ocrx_word' id='word_1_289' title='bbox 1775 1999 2010 2050; x_wconf 83' lang='lat' dir='ltr'>Bajonensi,</span> 
     </span>
     <span class='ocr_line' id='line_1_31' title="bbox 298 2058 2011 2108; baseline 0.002 -13"><span class='ocrx_word' id='word_1_290' title='bbox 298 2058 527 2107; x_wconf 87' lang='lat' dir='ltr'>Tutellensi,</span> <span class='ocrx_word' id='word_1_291' title='bbox 551 2059 881 2108; x_wconf 69' lang='lat' dir='ltr'>Petragoricensi&gt;</span> <span class='ocrx_word' id='word_1_292' title='bbox 904 2058 1105 2107; x_wconf 83' lang='lat' dir='ltr'>Albiensi,</span> <span class='ocrx_word' id='word_1_293' title='bbox 1120 2058 1368 2108; x_wconf 72' lang='lat' dir='ltr'>Agennensi,</span> <span class='ocrx_word' id='word_1_294' title='bbox 1393 2058 1735 2108; x_wconf 70' lang='lat' dir='ltr'>Ahissiodomnsi,</span> <span class='ocrx_word' id='word_1_295' title='bbox 1754 2058 2011 2108; x_wconf 84' lang='lat' dir='ltr'>Anniciensi,</span> 
     </span>
     <span class='ocr_line' id='line_1_32' title="bbox 296 2117 1357 2169; baseline 0.002 -15"><span class='ocrx_word' id='word_1_296' title='bbox 296 2117 594 2157; x_wconf 86' lang='lat' dir='ltr'>Aurelianensi.</span> <span class='ocrx_word' id='word_1_297' title='bbox 1352 2163 1357 2169; x_wconf 26' lang='grc' dir='ltr'><strong>ο</strong></span> 
     </span>
    </p>

    <p class='ocr_par' dir='ltr' id='par_1_7' title="bbox 297 2176 2011 2464">
     <span class='ocr_line' id='line_1_33' title="bbox 350 2176 2011 2228; baseline 0.001 -14"><span class='ocrx_word' id='word_1_298' title='bbox 350 2176 507 2215; x_wconf 87' lang='lat' dir='ltr'>Eodem</span> <span class='ocrx_word' id='word_1_299' title='bbox 527 2191 649 2225; x_wconf 87' lang='lat' dir='ltr'>anno,</span> <span class='ocrx_word' id='word_1_300' title='bbox 673 2192 730 2215; x_wconf 84' lang='lat' dir='ltr'>xv</span> <span class='ocrx_word' id='word_1_301' title='bbox 753 2178 832 2216; x_wconf 88' lang='lat' dir='ltr'>kal.</span> <span class='ocrx_word' id='word_1_302' title='bbox 854 2177 1047 2227; x_wconf 84' lang='lat' dir='ltr'>januarii,</span> <span class='ocrx_word' id='word_1_303' title='bbox 1071 2177 1252 2216; x_wconf 86' lang='lat' dir='ltr'>Joannes</span> <span class='ocrx_word' id='word_1_304' title='bbox 1276 2177 1406 2215; x_wconf 90' lang='lat' dir='ltr'>XXII</span> <span class='ocrx_word' id='word_1_305' title='bbox 1428 2190 1523 2215; x_wconf 91' lang='lat' dir='ltr'>eum</span> <span class='ocrx_word' id='word_1_306' title='bbox 1544 2177 1701 2216; x_wconf 83' lang='lat' dir='ltr'>creavit</span> <span class='ocrx_word' id='word_1_307' title='bbox 1721 2177 2011 2228; x_wconf 87' lang='lat' dir='ltr'>presbyterum</span> 
     </span>
     <span class='ocr_line' id='line_1_34' title="bbox 297 2235 2010 2287; baseline 0.002 -15"><span class='ocrx_word' id='word_1_308' title='bbox 297 2235 546 2274; x_wconf 87' lang='lat' dir='ltr'>cardinalem</span> <span class='ocrx_word' id='word_1_309' title='bbox 572 2237 685 2275; x_wconf 86' lang='lat' dir='ltr'>tituli</span> <span class='ocrx_word' id='word_1_310' title='bbox 713 2236 749 2275; x_wconf 86' lang='lat' dir='ltr'>S.</span> <span class='ocrx_word' id='word_1_311' title='bbox 781 2236 980 2287; x_wconf 87' lang='lat' dir='ltr'>Stephani</span> <span class='ocrx_word' id='word_1_312' title='bbox 1007 2236 1048 2274; x_wconf 91' lang='lat' dir='ltr'>in</span> <span class='ocrx_word' id='word_1_313' title='bbox 1077 2236 1212 2275; x_wconf 89' lang='lat' dir='ltr'>Coelio</span> <span class='ocrx_word' id='word_1_314' title='bbox 1239 2244 1394 2286; x_wconf 88' lang='lat' dir='ltr'>monte,</span> <span class='ocrx_word' id='word_1_315' title='bbox 1423 2244 1465 2275; x_wconf 93' lang='lat' dir='ltr'>et</span> <span class='ocrx_word' id='word_1_316' title='bbox 1492 2250 1600 2274; x_wconf 94' lang='lat' dir='ltr'>anno</span> <span class='ocrx_word' id='word_1_317' title='bbox 1628 2237 1817 2286; x_wconf 83' lang='lat' dir='ltr'>sequenti</span> <span class='ocrx_word' id='word_1_318' title='bbox 1846 2236 1889 2275; x_wconf 91' lang='lat' dir='ltr'>in</span> <span class='ocrx_word' id='word_1_319' title='bbox 1916 2251 2010 2276; x_wconf 88' lang='lat' dir='ltr'>eum</span> 
     </span>
     <span class='ocr_line' id='line_1_35' title="bbox 297 2294 2010 2347; baseline 0.002 -16"><span class='ocrx_word' id='word_1_320' title='bbox 297 2295 473 2333; x_wconf 81' lang='lat' dir='ltr'>contu‘lit</span> <span class='ocrx_word' id='word_1_321' title='bbox 509 2295 892 2334; x_wconf 88' lang='lat' dir='ltr'>archidiaconatum</span> <span class='ocrx_word' id='word_1_322' title='bbox 923 2295 1186 2335; x_wconf 88' lang='lat' dir='ltr'>Constantini</span> <span class='ocrx_word' id='word_1_323' title='bbox 1215 2295 1257 2334; x_wconf 93' lang='lat' dir='ltr'>in</span> <span class='ocrx_word' id='word_1_324' title='bbox 1286 2295 1468 2334; x_wconf 89' lang='lat' dir='ltr'>Ecclesia</span> <span class='ocrx_word' id='word_1_325' title='bbox 1493 2294 1820 2343; x_wconf 82' lang='lat' dir='ltr'>Constantiensi3</span> <span class='ocrx_word' id='word_1_326' title='bbox 1847 2310 2010 2347; x_wconf 81' lang='lat' dir='ltr'>eumque</span> 
     </span>
     <span class='ocr_line' id='line_1_36' title="bbox 297 2353 2010 2404; baseline 0.002 -14"><span class='ocrx_word' id='word_1_327' title='bbox 297 2353 423 2391; x_wconf 72' lang='lat' dir='ltr'>dictas</span> <span class='ocrx_word' id='word_1_328' title='bbox 445 2354 662 2392; x_wconf 80' lang='lat' dir='ltr'>cardinalis</span> <span class='ocrx_word' id='word_1_329' title='bbox 683 2354 856 2404; x_wconf 75' lang='lat' dir='ltr'>possedit</span> <span class='ocrx_word' id='word_1_330' title='bbox 879 2369 998 2404; x_wconf 80' lang='lat' dir='ltr'>usque</span> <span class='ocrx_word' id='word_1_331' title='bbox 1020 2355 1072 2392; x_wconf 82' lang='lat' dir='ltr'>ad</span> <span class='ocrx_word' id='word_1_332' title='bbox 1092 2354 1255 2404; x_wconf 83' lang='lat' dir='ltr'>obitum,</span> <span class='ocrx_word' id='word_1_333' title='bbox 1277 2354 1474 2404; x_wconf 87' lang='lat' dir='ltr'>inquiunt</span> <span class='ocrx_word' id='word_1_334' title='bbox 1496 2363 1589 2393; x_wconf 88' lang='lat' dir='ltr'>acta</span> <span class='ocrx_word' id='word_1_335' title='bbox 1608 2363 1750 2394; x_wconf 86' lang='lat' dir='ltr'>vetera</span> <span class='ocrx_word' id='word_1_336' title='bbox 1770 2355 1882 2394; x_wconf 90' lang='lat' dir='ltr'>edita</span> <span class='ocrx_word' id='word_1_337' title='bbox 1902 2354 2010 2394; x_wconf 88' lang='lat' dir='ltr'>inter</span> 
     </span>
     <span class='ocr_line' id='line_1_37' title="bbox 298 2412 1531 2464; baseline 0.002 -14"><span class='ocrx_word' id='word_1_338' title='bbox 298 2412 560 2461; x_wconf 85' lang='lat' dir='ltr'>probationes</span> <span class='ocrx_word' id='word_1_339' title='bbox 590 2413 794 2451; x_wconf 77' lang='lat' dir='ltr'>Historiae</span> <span class='ocrx_word' id='word_1_340' title='bbox 823 2413 1091 2451; x_wconf 80' lang='lat' dir='ltr'>cardinalium</span> <span class='ocrx_word' id='word_1_341' title='bbox 1126 2413 1342 2461; x_wconf 79' lang='lat' dir='ltr'>Gallorum,</span> <span class='ocrx_word' id='word_1_342' title='bbox 1372 2428 1411 2464; x_wconf 93' lang='lat' dir='ltr'>p.</span> <span class='ocrx_word' id='word_1_343' title='bbox 1443 2413 1531 2452; x_wconf 87' lang='lat'>270.</span> 
     </span>
    </p>

    <p class='ocr_par' dir='ltr' id='par_1_8' title="bbox 300 2471 2010 2877">
     <span class='ocr_line' id='line_1_38' title="bbox 353 2471 2006 2524; baseline 0.002 -16"><span class='ocrx_word' id='word_1_344' title='bbox 353 2471 440 2519; x_wconf 85' lang='lat' dir='ltr'>Qua</span> <span class='ocrx_word' id='word_1_345' title='bbox 464 2480 713 2522; x_wconf 88' lang='lat' dir='ltr'>tempestate</span> <span class='ocrx_word' id='word_1_346' title='bbox 738 2473 908 2511; x_wconf 88' lang='lat' dir='ltr'>Petrum</span> <span class='ocrx_word' id='word_1_347' title='bbox 932 2472 1097 2522; x_wconf 84' lang='lat' dir='ltr'>Rogerii</span> <span class='ocrx_word' id='word_1_348' title='bbox 1120 2473 1394 2522; x_wconf 81' lang='lat' dir='ltr'>Lemovicem‚</span> <span class='ocrx_word' id='word_1_349' title='bbox 1419 2487 1542 2523; x_wconf 87' lang='lat' dir='ltr'>quem</span> <span class='ocrx_word' id='word_1_350' title='bbox 1563 2481 1612 2511; x_wconf 90' lang='lat' dir='ltr'>ut</span> <span class='ocrx_word' id='word_1_351' title='bbox 1637 2472 1767 2512; x_wconf 88' lang='lat' dir='ltr'>filium</span> <span class='ocrx_word' id='word_1_352' title='bbox 1796 2473 2006 2524; x_wconf 87' lang='lat' dir='ltr'>diligebat,</span> 
     </span>
     <span class='ocr_line' id='line_1_39' title="bbox 300 2531 2007 2582; baseline 0.002 -16"><span class='ocrx_word' id='word_1_353' title='bbox 300 2531 489 2568; x_wconf 82' lang='lat' dir='ltr'>evocavit</span> <span class='ocrx_word' id='word_1_354' title='bbox 518 2531 569 2568; x_wconf 87' lang='lat' dir='ltr'>ad</span> <span class='ocrx_word' id='word_1_355' title='bbox 598 2532 753 2569; x_wconf 89' lang='lat' dir='ltr'>curiam</span> <span class='ocrx_word' id='word_1_356' title='bbox 783 2532 1029 2581; x_wconf 86' lang='lat' dir='ltr'>Romanam,</span> <span class='ocrx_word' id='word_1_357' title='bbox 1051 2540 1099 2570; x_wconf 86' lang='lat' dir='ltr'>ut</span> <span class='ocrx_word' id='word_1_358' title='bbox 1125 2532 1275 2582; x_wconf 83' lang='lat' dir='ltr'>legitur</span> <span class='ocrx_word' id='word_1_359' title='bbox 1301 2532 1344 2570; x_wconf 90' lang='lat' dir='ltr'>in</span> <span class='ocrx_word' id='word_1_360' title='bbox 1374 2531 1555 2570; x_wconf 84' lang='lat' dir='ltr'>Secunda</span> <span class='ocrx_word' id='word_1_361' title='bbox 1576 2532 1662 2574; x_wconf 64' lang='lat' dir='ltr'>⁴vita</span> <span class='ocrx_word' id='word_1_362' title='bbox 1690 2532 1902 2570; x_wconf 87' lang='lat' dir='ltr'>Clementis</span> <span class='ocrx_word' id='word_1_363' title='bbox 1934 2532 2007 2580; x_wconf 88' lang='lat' dir='ltr'>VI,</span> 
     </span>
     <span class='ocr_line' id='line_1_40' title="bbox 300 2588 2007 2641; baseline 0.003 -17"><span class='ocrx_word' id='word_1_364' title='bbox 300 2602 337 2637; x_wconf 87' lang='lat' dir='ltr'>p.</span> <span class='ocrx_word' id='word_1_365' title='bbox 366 2588 452 2627; x_wconf 79' lang='lat'>262.</span> <span class='ocrx_word' id='word_1_366' title='bbox 483 2589 541 2628; x_wconf 88' lang='lat' dir='ltr'>De</span> <span class='ocrx_word' id='word_1_367' title='bbox 567 2590 710 2629; x_wconf 89' lang='lat' dir='ltr'>eadem</span> <span class='ocrx_word' id='word_1_368' title='bbox 735 2605 776 2629; x_wconf 91' lang='lat' dir='ltr'>re</span> <span class='ocrx_word' id='word_1_369' title='bbox 802 2591 858 2629; x_wconf 90' lang='lat' dir='ltr'>sic</span> <span class='ocrx_word' id='word_1_370' title='bbox 883 2591 1024 2630; x_wconf 85' lang='lat' dir='ltr'>scribit</span> <span class='ocrx_word' id='word_1_371' title='bbox 1050 2591 1236 2641; x_wconf 88' lang='lat' dir='ltr'>Papirius</span> <span class='ocrx_word' id='word_1_372' title='bbox 1264 2591 1477 2629; x_wconf 89' lang='lat' dir='ltr'>Massonus</span> <span class='ocrx_word' id='word_1_373' title='bbox 1502 2591 1545 2629; x_wconf 91' lang='lat' dir='ltr'>in</span> <span class='ocrx_word' id='word_1_374' title='bbox 1575 2591 1668 2629; x_wconf 85' lang='lat' dir='ltr'>Vita</span> <span class='ocrx_word' id='word_1_375' title='bbox 1693 2591 1905 2629; x_wconf 82' lang='lat' dir='ltr'>Clementis</span> <span class='ocrx_word' id='word_1_376' title='bbox 1934 2591 2007 2640; x_wconf 88' lang='lat' dir='ltr'>VI,</span> 
     </span>
     <span class='ocr_line' id='line_1_41' title="bbox 302 2647 2008 2699; baseline 0.004 -16"><span class='ocrx_word' id='word_1_377' title='bbox 302 2647 367 2685; x_wconf 82' lang='lat' dir='ltr'>fol.</span> <span class='ocrx_word' id='word_1_378' title='bbox 399 2647 473 2685; x_wconf 72' lang='lat'>288</span> <span class='ocrx_word' id='word_1_379' title='bbox 503 2664 509 2686; x_wconf 94' lang='lat'>:</span> <span class='ocrx_word' id='word_1_380' title='bbox 540 2648 725 2687; x_wconf 85' lang='lat' dir='ltr'>Primum</span> <span class='ocrx_word' id='word_1_381' title='bbox 752 2650 859 2687; x_wconf 86' lang='lat' dir='ltr'>enim</span> <span class='ocrx_word' id='word_1_382' title='bbox 886 2649 994 2688; x_wconf 78' lang='lat' dir='ltr'>Petri</span> <span class='ocrx_word' id='word_1_383' title='bbox 1023 2649 1318 2698; x_wconf 83' lang='lat' dir='ltr'>Mortuimaris,</span> <span class='ocrx_word' id='word_1_384' title='bbox 1348 2649 1566 2687; x_wconf 81' lang='lat' dir='ltr'>cardinalis</span> <span class='ocrx_word' id='word_1_385' title='bbox 1593 2650 1872 2699; x_wconf 63' lang='lat' dir='ltr'>Pictaviensis,</span> <span class='ocrx_word' id='word_1_386' title='bbox 1901 2650 2008 2689; x_wconf 80' lang='lat' dir='ltr'>tituli</span> 
     </span>
     <span class='ocr_line' id='line_1_42' title="bbox 303 2704 2009 2758; baseline 0.004 -16"><span class='ocrx_word' id='word_1_387' title='bbox 303 2704 438 2743; x_wconf 81' lang='lat' dir='ltr'>Sancti</span> <span class='ocrx_word' id='word_1_388' title='bbox 464 2706 654 2756; x_wconf 76' lang='lat' dir='ltr'>Stephani</span> <span class='ocrx_word' id='word_1_389' title='bbox 680 2708 723 2745; x_wconf 84' lang='lat' dir='ltr'>in</span> <span class='ocrx_word' id='word_1_390' title='bbox 747 2707 878 2746; x_wconf 87' lang='lat' dir='ltr'>Coelio</span> <span class='ocrx_word' id='word_1_391' title='bbox 903 2716 1041 2756; x_wconf 86' lang='lat' dir='ltr'>monte,</span> <span class='ocrx_word' id='word_1_392' title='bbox 1062 2708 1129 2758; x_wconf 83' lang='lat' dir='ltr'>qui</span> <span class='ocrx_word' id='word_1_393' title='bbox 1154 2708 1268 2746; x_wconf 89' lang='lat' dir='ltr'>illum</span> <span class='ocrx_word' id='word_1_394' title='bbox 1286 2708 1400 2746; x_wconf 85' lang='lat' dir='ltr'>unice</span> <span class='ocrx_word' id='word_1_395' title='bbox 1417 2708 1618 2757; x_wconf 85' lang='lat' dir='ltr'>diligebat,</span> <span class='ocrx_word' id='word_1_396' title='bbox 1643 2709 1768 2747; x_wconf 84' lang='lat' dir='ltr'>literis</span> <span class='ocrx_word' id='word_1_397' title='bbox 1788 2710 1841 2748; x_wconf 82' lang='lat' dir='ltr'>ad</span> <span class='ocrx_word' id='word_1_398' title='bbox 1856 2709 2009 2748; x_wconf 86' lang='lat' dir='ltr'>curiam</span> 
     </span>
     <span class='ocr_line' id='line_1_43' title="bbox 303 2766 2010 2818; baseline 0.004 -18"><span class='ocrx_word' id='word_1_399' title='bbox 303 2772 468 2813; x_wconf 70' lang='lat' dir='ltr'>vocatus,</span> <span class='ocrx_word' id='word_1_400' title='bbox 499 2766 650 2803; x_wconf 51' lang='lat' dir='ltr'>,Ioanni</span> <span class='ocrx_word' id='word_1_401' title='bbox 676 2767 899 2805; x_wconf 82' lang='lat' dir='ltr'>doctissimo</span> <span class='ocrx_word' id='word_1_402' title='bbox 923 2766 1107 2817; x_wconf 76' lang='lat' dir='ltr'>pontifici</span> <span class='ocrx_word' id='word_1_403' title='bbox 1133 2766 1316 2806; x_wconf 83' lang='lat' dir='ltr'>innotuit.</span> <span class='ocrx_word' id='word_1_404' title='bbox 1347 2766 1454 2806; x_wconf 89' lang='lat' dir='ltr'>Hinc</span> <span class='ocrx_word' id='word_1_405' title='bbox 1479 2781 1572 2818; x_wconf 85' lang='lat' dir='ltr'>ergo</span> <span class='ocrx_word' id='word_1_406' title='bbox 1597 2776 1716 2818; x_wconf 88' lang='lat' dir='ltr'>patet</span> <span class='ocrx_word' id='word_1_407' title='bbox 1740 2768 1846 2807; x_wconf 88' lang='lat' dir='ltr'>hanc</span> <span class='ocrx_word' id='word_1_408' title='bbox 1876 2768 2010 2807; x_wconf 86' lang='lat' dir='ltr'>Vitam</span> 
     </span>
     <span class='ocr_line' id='line_1_44' title="bbox 305 2821 1231 2877; baseline 0.008 -20"><span class='ocrx_word' id='word_1_409' title='bbox 305 2821 513 2860; x_wconf 78' lang='lat' dir='ltr'>Clementis</span> <span class='ocrx_word' id='word_1_410' title='bbox 534 2833 677 2862; x_wconf 86' lang='lat' dir='ltr'>notam</span> <span class='ocrx_word' id='word_1_411' title='bbox 698 2826 820 2864; x_wconf 80' lang='lat' dir='ltr'>fuisse</span> <span class='ocrx_word' id='word_1_412' title='bbox 844 2826 1006 2877; x_wconf 84' lang='lat' dir='ltr'>Papirio</span> <span class='ocrx_word' id='word_1_413' title='bbox 1029 2826 1231 2866; x_wconf 87' lang='lat' dir='ltr'>Massono.</span> 
     </span>
    </p>
   </div>
   <div class='ocr_carea' id='block_1_3' title="bbox 359 2880 2009 2934">
    <p class='ocr_par' dir='ltr' id='par_1_9' title="bbox 359 2880 2009 2934">
     <span class='ocr_line' id='line_1_45' title="bbox 359 2880 2009 2934; baseline 0.005 -18"><span class='ocrx_word' id='word_1_414' title='bbox 359 2880 474 2919; x_wconf 65' lang='lat' dir='ltr'>Anno</span> <span class='ocrx_word' id='word_1_415' title='bbox 504 2882 806 2934; x_wconf 80' lang='lat' dir='ltr'>MCCCXXXI,</span> <span class='ocrx_word' id='word_1_416' title='bbox 835 2899 881 2924; x_wconf 90' lang='lat' dir='ltr'>eo</span> <span class='ocrx_word' id='word_1_417' title='bbox 908 2893 949 2924; x_wconf 90' lang='lat' dir='ltr'>et</span> <span class='ocrx_word' id='word_1_418' title='bbox 976 2884 1180 2923; x_wconf 85' lang='lat' dir='ltr'>Anibaldo</span> <span class='ocrx_word' id='word_1_419' title='bbox 1208 2884 1256 2923; x_wconf 91' lang='lat' dir='ltr'>de</span> <span class='ocrx_word' id='word_1_420' title='bbox 1284 2885 1465 2923; x_wconf 85' lang='lat' dir='ltr'>Ceccano</span> <span class='ocrx_word' id='word_1_421' title='bbox 1493 2885 1697 2925; x_wconf 87' lang='lat' dir='ltr'>cardinale</span> <span class='ocrx_word' id='word_1_422' title='bbox 1725 2886 2009 2925; x_wconf 86' lang='lat' dir='ltr'>adnitentibus</span> 
     </span>
    </p>
   </div>
   <div class='ocr_carea' id='block_1_4' title="bbox 309 3017 2012 3170">
    <p class='ocr_par' dir='ltr' id='par_1_10' title="bbox 309 3017 2012 3170">
     <span class='ocr_line' id='line_1_46' title="bbox 357 3017 2012 3067; baseline 0.006 -20"><span class='ocrx_word' id='word_1_423' title='bbox 357 3017 387 3048; x_wconf 81' lang='grc'>1,</span> <span class='ocrx_word' id='word_1_424' title='bbox 411 3017 449 3049; x_wconf 66' lang='lat'>11.</span> <span class='ocrx_word' id='word_1_425' title='bbox 476 3017 530 3056; x_wconf 60' lang='lat' dir='ltr'>N„</span> <span class='ocrx_word' id='word_1_426' title='bbox 554 3030 620 3052; x_wconf 80' lang='lat' dir='ltr'>ms.</span> <span class='ocrx_word' id='word_1_427' title='bbox 642 3020 736 3052; x_wconf 80' lang='lat' dir='ltr'>latin</span> <span class='ocrx_word' id='word_1_428' title='bbox 756 3020 860 3062; x_wconf 75' lang='lat'>5954,</span> <span class='ocrx_word' id='word_1_429' title='bbox 882 3021 906 3055; x_wconf 82' lang='lat' dir='ltr'>s.</span> <span class='ocrx_word' id='word_1_430' title='bbox 929 3022 974 3055; x_wconf 78' lang='lat'>18</span> <span class='ocrx_word' id='word_1_431' title='bbox 995 3022 1027 3054; x_wconf 88' lang='lat' dir='ltr'>r⁰</span> <span class='ocrx_word' id='word_1_432' title='bbox 1047 3026 1085 3054; x_wconf 80' lang='lat' dir='ltr'>ct</span> <span class='ocrx_word' id='word_1_433' title='bbox 1105 3021 1148 3054; x_wconf 87' lang='grc'>19</span> <span class='ocrx_word' id='word_1_434' title='bbox 1170 3021 1226 3059; x_wconf 91' lang='lat' dir='ltr'>v⁰;</span> <span class='ocrx_word' id='word_1_435' title='bbox 1250 3020 1330 3054; x_wconf 84' lang='lat' dir='ltr'>voir</span> <span class='ocrx_word' id='word_1_436' title='bbox 1351 3020 1392 3054; x_wconf 94' lang='lat' dir='ltr'>E.</span> <span class='ocrx_word' id='word_1_437' title='bbox 1411 3021 1554 3065; x_wconf 76' lang='lat' dir='ltr'>Deprez</span> <span class='ocrx_word' id='word_1_438' title='bbox 1579 3022 1659 3066; x_wconf 83' lang='lat' dir='ltr'>(Les</span> <span class='ocrx_word' id='word_1_439' title='bbox 1678 3023 1950 3067; x_wconf 78' lang='lat' dir='ltr'>preliminaires</span> <span class='ocrx_word' id='word_1_440' title='bbox 1970 3023 2012 3056; x_wconf 86' lang='lat' dir='ltr'>de</span> 
     </span>
     <span class='ocr_line' id='line_1_47' title="bbox 309 3068 932 3117; baseline 0.011 -17"><span class='ocrx_word' id='word_1_441' title='bbox 309 3068 343 3101; x_wconf 83' lang='lat' dir='ltr'>la</span> <span class='ocrx_word' id='word_1_442' title='bbox 370 3068 500 3101; x_wconf 66' lang='lat' dir='ltr'>warrc</span> <span class='ocrx_word' id='word_1_443' title='bbox 521 3072 560 3103; x_wconf 77' lang='lat' dir='ltr'>de</span> <span class='ocrx_word' id='word_1_444' title='bbox 581 3072 669 3105; x_wconf 79' lang='lat' dir='ltr'>Cent</span> <span class='ocrx_word' id='word_1_445' title='bbox 688 3073 779 3113; x_wconf 74' lang='lat' dir='ltr'>Ans,</span> <span class='ocrx_word' id='word_1_446' title='bbox 803 3086 837 3117; x_wconf 91' lang='lat' dir='ltr'>p.</span> <span class='ocrx_word' id='word_1_447' title='bbox 860 3074 932 3117; x_wconf 74' lang='lat'>19).</span> 
     </span>
     <span class='ocr_line' id='line_1_48' title="bbox 360 3121 1280 3170; baseline 0.009 -18"><span class='ocrx_word' id='word_1_448' title='bbox 360 3123 389 3154; x_wconf 74' lang='lat'>2.</span> <span class='ocrx_word' id='word_1_449' title='bbox 412 3121 474 3154; x_wconf 76' lang='lat' dir='ltr'>l&#39;l).</span> <span class='ocrx_word' id='word_1_450' title='bbox 497 3123 634 3165; x_wconf 77' lang='lat' dir='ltr'>Labbc,</span> <span class='ocrx_word' id='word_1_451' title='bbox 655 3126 778 3158; x_wconf 59' lang='lat' dir='ltr'>Novae</span> <span class='ocrx_word' id='word_1_452' title='bbox 797 3125 1038 3167; x_wconf 79' lang='lat' dir='ltr'>bibliothecae,</span> <span class='ocrx_word' id='word_1_453' title='bbox 1060 3133 1084 3160; x_wconf 79' lang='lat'>1.</span> <span class='ocrx_word' id='word_1_454' title='bbox 1103 3139 1126 3166; x_wconf 90' lang='lat'>1,</span> <span class='ocrx_word' id='word_1_455' title='bbox 1146 3138 1180 3170; x_wconf 89' lang='lat' dir='ltr'>p.</span> <span class='ocrx_word' id='word_1_456' title='bbox 1201 3127 1280 3160; x_wconf 85' lang='lat'>510.</span> 
     </span>
    </p>
   </div>
  </div>
 </body>
</html>
