2083 3458
233 223 316 264 426
886 236 1038 261 NOTAE
1072 235 1132 260 AD
1167 235 1294 261 v1TAs
1816 219 1942 277 [912]

236 322 329 361 tatis
360 321 544 359 ultimum
573 320 745 369 elogium
776 320 819 357 in
847 319 1049 357 ecclesiam
1080 319 1393 357 Lemovicensem
1431 320 1680 368 translatum,
1720 319 1867 357 ibidem
1898 319 1941 357 in

236 382 377 419 sacello
392 380 520 418 sancti
537 380 709 417 Tliomae
724 387 954 429 nuncupato
970 379 1043 416 cele
1051 378 1213 416 heri-ime
1228 379 1429 417 conditum
1443 388 1509 426 est,
1528 379 1677 417 beatam
1691 393 1780 417 cum
1793 379 1943 417 sanctis

239 440 556 478 resurrectionem
581 447 800 489 expectans.
828 439 886 477 De
910 438 1128 476 Guillelmo
1150 438 1229 476 ista
1265 439 1458 488 leguntur
1484 439 1526 476 in
1557 438 1790 488 Neci-ologio
1812 438 1942 476 Eccle-

237 500 320 538 siae
345 499 578 546 Vaurensis,
598 498 650 535 ad
669 498 783 537 diem
796 512 903 535 XXIX
922 497 1061 548 aprilis
1081 513 1089 535 :
1110 496 1251 535 Obitus
1269 498 1422 535 domini
1447 497 1650 536 Guillelmi
1668 497 1803 535 Amici
1821 512 1942 547 quon-

238 560 327 597 dam
347 558 567 608 praepositi
591 557 824 605 Yam-ensis,
843 565 876 594 et
893 556 1144 607 patriarchae
1160 556 1531 607 Hierosolymitani.

292 618 334 656 P.
362 617 452 665 265,
477 617 546 667 lig.
575 617 635 656 11.
664 617 982 663 MANL‘TERGIIS,
1007 616 1048 653 id
1069 624 1145 664 est,
1174 616 1366 667 capistro.
1398 617 1488 655 Joa.
1517 616 1732 663 Villanius,
1753 616 1822 654 lib.
1842 616 1942 663 XII,

238 692 326 728 cap.
347 692 382 724 L,
405 691 423 714 e
442 676 625 726 messogli
645 690 724 714 uno
742 684 918 726 capresto
936 676 1016 713 alla
1036 676 1124 724 gola
1154 675 1384 725 [Muratori,
1403 684 1433 714 t.
1455 690 1542 723 x111,
1562 676 1636 714 col.
1657 675 1772 726 931].

293 737 335 776 P.
355 736 444 783 265,
461 736 528 786 lig.
547 735 609 774 22.
628 735 724 773 Vox
744 749 985 773 SANGUINIS.
1006 735 1059 773 Le
1078 734 1259 773 discours
1277 735 1332 772 du
1351 749 1456 786 pape
1479 735 1631 773 debute
1654 735 1757 773 ainsi
1776 733 1941 783 (Biblio-

236 796 390 845 theque
414 794 823 842 Sainte-Genevieve,
846 808 920 833 ms.
943 793 1034 842 240,
1057 794 1125 833 fol.
1149 794 1224 833 361
1246 795 1312 844 ΓΟ).

292 856 334 894 P.
357 855 446 903 267,
465 855 532 905 lig.
553 854 615 893 27.
639 855 912 893 HOSTILITER.
935 854 989 892 Le
1007 853 1067 891 roi
1087 853 1369 903 d'Angleterre
1389 854 1600 904 debarqua
1620 868 1669 891 en
1690 853 1941 891 Normandie

237 915 271 952 le
292 914 339 952 12
356 914 491 964 juillet
512 914 632 960 1346:
652 913 741 952 voir
757 914 794 952 le
811 913 913 951 recit
932 913 1000 951 des
1021 915 1284 951 evenements
1305 913 1406 951 dans
1427 913 1587 951 Denifle
1608 914 1682 962 (La
1696 912 1941 958 Desolation,

237 982 265 1012 t.
296 989 336 1021 11,
367 989 405 1024 p.
437 973 587 1022 35-49).

290 1034 332 1072 P.
368 1033 458 1080 267,
489 1033 557 1083 lig.
591 1032 653 1071 35.
691 1033 933 1085 IMPUGNAT.
970 1032 1045 1070 Sur
1077 1032 1346 1082 l’expedition
1379 1032 1434 1069 du
1467 1040 1601 1070 comte
1635 1031 1683 1070 de
1718 1031 1857 1079 Derby
1890 1045 1940 1069 en

238 1093 436 1140 Guienne,
467 1092 556 1131 voir
587 1092 761 1139 Denisse,
792 1105 853 1141 op.
886 1092 965 1139 cit.,
996 1099 1025 1130 t.
1056 1106 1097 1139 11,
1128 1106 1166 1141 p.
1199 1091 1338 1135 24-33;
1369 1106 1437 1129 sur
1467 1092 1564 1130 celle
1595 1091 1648 1128 du
1674 1090 1940 1137 Toulousain,

235 1167 273 1202 p.
302 1152 363 1190 64.

291 1212 333 1249 P.
359 1211 448 1259 268,
470 1211 536 1261 lig.
562 1210 624 1249 28.
649 1211 855 1249 UXOREM.
881 1210 935 1249 Le
958 1218 1124 1249 contrat
1146 1210 1194 1248 de
1217 1210 1397 1260 mariage
1419 1210 1485 1248 fut
1506 1210 1619 1260 signe
1639 1210 1675 1248 16
1699 1209 1748 1247 10
1770 1223 1940 1247 novem—

237 1271 306 1309 bre
339 1271 439 1309 1347
471 1270 534 1320 (A.
567 1270 702 1320 Lecoy
731 1270 779 1308 de
808 1270 847 1307 16
877 1269 1055 1317 Marche,
1086 1269 1157 1307 Les
1188 1269 1376 1307 relations
1403 1269 1615 1320 politiques
1644 1270 1688 1307 de
1716 1269 1754 1306 Za
1787 1269 1943 1306 France

236 1338 270 1367 et
289 1331 341 1367 clu
362 1344 549 1380 royaume
569 1330 613 1367 de
633 1329 860 1379 Majorque,
883 1329 1010 1377 Paris,
1033 1328 1148 1377 1892,
1169 1337 1199 1367 t.
1220 1344 1261 1377 11,
1282 1344 1321 1379 p.
1345 1328 1450 1379 156).

290 1390 333 1428 Ρ.
351 1389 440 1437 269,
456 1389 522 1439 lig.
542 1389 576 1429 1.
595 1389 659 1427 UT
675 1403 834 1427 FILIUM.
854 1389 1002 1438 Jayme
1022 1389 1085 1426 ΙΙΙ
1101 1396 1224 1436 resta,
1241 1402 1294 1426 au
1310 1388 1527 1435 contraire,
1544 1388 1724 1427 enferme
1744 1387 1845 1425 dans
1862 1401 1940 1424 une

236 1463 332 1499 cage
360 1449 408 1487 de
436 1449 495 1487 ser
521 1448 676 1486 durant
701 1448 826 1486 treize
853 1462 926 1486 ans
955 1448 1108 1498 (Lecoy
1135 1448 1183 1486 de
1209 1449 1247 1486 16
1276 1448 1454 1496 Marche,
1482 1456 1512 1487 t.
1534 1462 1575 1496 Π,
1593 1462 1631 1498 p.
1656 1447 1761 1497 160).
1785 1447 1941 1485 Encore

236 1509 367 1546 moins
388 1509 422 1546 le
443 1508 501 1546 roi
522 1508 728 1558 d’Aragon
750 1507 807 1545 lui
826 1507 1009 1545 rendit-il
1029 1522 1089 1546 ses
1107 1497 1241 1547 Etats.

291 1568 333 1606 P.
351 1567 441 1614 269,
455 1568 521 1617 lig.
540 1567 575 1606 9.
593 1567 853 1605 SERMONEM.
874 1567 906 1604 Il
920 1575 982 1605 est
997 1566 1100 1604 ainsi
1114 1569 1300 1605 annonce
1316 1567 1418 1605 dans
1435 1567 1471 1605 16
1485 1581 1560 1605 ms.
1574 1565 1654 1604 :240
1667 1566 1716 1605 de
1736 1566 1774 1604 16
1788 1566 1940 1604 Biblio-
2004 1602 2011 1611 ,

237 1628 389 1676 theque
413 1626 824 1674 Sainte-Genevieve,
846 1626 914 1665 fol.
937 1626 1014 1664 416
1034 1628 1071 1663 r⁰
1092 1642 1099 1665 ε
1123 1626 1291 1664 Collatio
1311 1627 1356 1664 de
1375 1626 1568 1664 creatione
1588 1634 1622 1664 et
1640 1626 1809 1663 adventu
1833 1625 1942 1663 Petri

237 1686 400 1735 Rogerii
443 1686 602 1724 diaconi
644 1685 864 1723 cardinalis
907 1685 950 1723 in
992 1693 1126 1723 octava
1167 1685 1428 1723 Ascensionis
1470 1685 1638 1723 Domini
1684 1688 1790 1723 anno
1838 1684 1943 1723 VII⁰

249 1746 286 1796 [5
304 1746 393 1795 juin
415 1745 516 1784 1348
529 1745 555 1796 ].
578 1745 712 1783 Pierre
734 1745 869 1795 Roger
889 1744 932 1782 in
951 1745 1013 1782 die
1031 1745 1284 1783 Pentecosten
1302 1760 1326 1783 a
1345 1745 1504 1782 domino
1524 1753 1653 1783 nostro
1671 1759 1782 1794 papa
1800 1744 1944 1794 recepit

237 1805 414 1843 ordinem
440 1805 673 1842 diaconatus
700 1804 924 1842 immediate
948 1812 1037 1854 post
1060 1804 1269 1854 epistolam
1289 1804 1487 1854 (Gattico,
1506 1806 1607 1842 Acta
1630 1805 1782 1851 selecta,
1800 1818 1839 1854 p.
1860 1803 1941 1853 50).

292 1865 334 1903 Ρ.
360 1864 449 1911 271,
472 1864 538 1914 lig.
566 1864 624 1902 17.
653 1864 884 1902 CAPELLAM
909 1878 1214 1903 AMPLISSIMAM.
1241 1863 1452 1912 Labande,
1476 1863 1530 1901 Le
1556 1863 1690 1914 palais
1716 1863 1781 1901 des
1802 1877 1941 1913 papes,

236 1939 274 1974 p.
307 1923 491 1962 145-148.

293 1984 335 2022 P.
363 1983 452 2030 271,
478 1983 544 2033 lig.
572 1982 633 2020 25.
663 1982 986 2021 RESTAURAVIT.
1012 1982 1087 2020 Les
1109 1982 1368 2032 reparations
1389 1996 1441 2020 au
1462 1982 1619 2020 Latran
1640 1982 1779 2020 furent
1799 1984 1942 2020 execu-

240 2045 325 2081 tees
356 2042 404 2080 de
436 2042 537 2080 1343
566 2044 588 2079 6
619 2041 733 2081 1346.
764 2041 817 2080 M.
849 2041 922 2080 Ph.
955 2042 1087 2080 Lauer
1116 2056 1138 2079 6
1166 2041 1307 2092 Ρυ1)11’6
1335 2042 1391 2080 les
1434 2050 1618 2092 comptes
1659 2041 1707 2079 de
1746 2041 1942 2092 depenses

244 2102 313 2150 (Le
335 2102 470 2151 palais
493 2102 546 2139 du
567 2101 733 2149 Latran,
757 2101 886 2148 Paris,
911 2101 1027 2148 1911,
1049 2116 1089 2151 p.
1114 2100 1317 2150 252·254).

296 2162 337 2200 P.
371 2161 461 2208 271,
492 2161 558 2210 lig.
591 2160 652 2199 29.
686 2160 964 2199 PREDICAVIT.
998 2160 1111 2198 Nous
1139 2160 1365 2215 possedons
1396 2174 1452 2198 un
1482 2174 1644 2198 sermon
1673 2162 1880 2210 prononce
1910 2160 1944 2198 le

240 2221 333 2270 jour
358 2220 406 2258 de
431 2221 467 2257 16
495 2220 717 2258 Toussaint
740 2235 747 2257 ε
776 2219 911 2257 Sermo
927 2219 1159 2269 sollempnis
1184 2219 1226 2257 in
1249 2219 1311 2257 die
1328 2218 1519 2257 Omnium
1535 2219 1771 2257 Sanctorum
1805 2219 1946 2257 Omnis

242 2280 451 2317 multitudo
478 2279 784 2328 (Bibliotheque
812 2278 1220 2326 Sainte—Genevieve,
1247 2293 1320 2317 ms.
1348 2277 1438 2326 240,
1465 2278 1532 2316 fol.
1560 2278 1611 2316 49
1635 2279 1709 2328 v0).

297 2339 339 2378 P.
361 2338 451 2386 272,
468 2338 535 2388 lig.
558 2338 618 2377 14.
639 2338 878 2377 SEPULCRO.
899 2338 962 2376 On
980 2352 1030 2376 en
1046 2346 1240 2376 trouvera
1258 2338 1296 2376 16
1315 2337 1565 2388 description
1583 2338 1683 2376 dans
1702 2337 1755 2377 M.
1780 2338 1945 2375 Faucon

248 2398 501 2447 (Documents
530 2397 675 2435 inedits
701 2411 771 2434 sur
799 2397 948 2446 l'eglise
976 2398 1019 2435 de
1047 2397 1085 2435 Za
1105 2397 1395 2445 Clzaise-Dieu‚
1425 2397 1526 2434 dans
1556 2397 1733 2435 Bulletin
1754 2397 1946 2435 arche'olo-

246 2457 372 2507 gique,
405 2457 520 2504 1884,
550 2471 588 2507 p.
620 2456 825 2505 416-428).
854 2457 1051 2495 L’auteur
1076 2465 1238 2495 montre
1264 2471 1355 2506 que,
1382 2456 1704 2495 contrairement
1730 2470 1813 2494 aux
1842 2456 1946 2494 dires

246 2516 299 2553 du
321 2516 609 2565 chroniqueur,
628 2516 684 2553 les
705 2524 886 2553 travaux
906 2515 954 2554 (16
975 2516 1183 2566 sculpture
1204 2516 1342 2554 sur-ent
1356 2516 1555 2559 ,effectues
1576 2517 1598 2553 6
1616 2516 1654 2553 16
1676 2513 1953 2554 Chaise÷Dieu

243 2590 386 2614 lnenle.

298 2635 340 2673 P.
369 2634 458 2681 273,
483 2634 549 2683 lig.
579 2633 639 2673 12.
670 2634 811 2671 ROSAs
836 2648 880 2672 IN
909 2647 1074 2672 eLYPEO
1099 2648 1171 2672 sex
1195 2633 1402 2673 nimirum.
1432 2633 1605 2671 Fallitur
1630 2648 1723 2683 ergo
1750 2633 1943 2671 Albertus

246 2693 570 2742 Argentinensis‚
593 2707 632 2743 p.
659 2692 747 2740 188,
770 2693 829 2730 ita
853 2692 902 2731 de
926 2693 1133 2731 Clemente
1157 2693 1213 2730 VI
1237 2693 1417 2731 scribens
1442 2709 1449 2731 :
1474 2693 1555 2730 Hic
1575 2707 1699 2742 papa,
1722 2707 1811 2730 cum
1833 2707 1946 2730 arma

246 2752 447 2801 progeniei
462 2766 531 2789 sue
545 2752 594 2789 ha
602 2752 730 2789 herent
743 2751 915 2802 quinque
928 2766 1050 2800 rosas,
1065 2760 1199 2789 contra
1211 2766 1354 2789 morem
1366 2760 1653 2789 antecessorum
1666 2751 1823 2789 totidem
1836 2765 1946 2789 rosas

246 2811 341 2860 poni
362 2811 452 2859 lecit
483 2811 525 2848 in
557 2811 675 2850 bulla.
710 2811 822 2849 Haec
851 2825 944 2861 ergo
975 2811 1054 2849 fuit
1083 2811 1241 2849 Alherti
1271 2811 1431 2848 errandi
1452 2811 1621 2849 occasio.
1652 2811 1758 2848 Nam
1777 2825 1818 2848 re
1846 2824 1943 2849 vera

246 2870 426 2918 quinque
457 2878 625 2907 tantum
654 2883 768 2907 rosae
798 2870 1019 2920 impressae
1046 2878 1143 2907 sunt
1171 2870 1212 2907 in
1235 2883 1377 2908 aversa
1404 2870 1505 2908 facie
1529 2870 1735 2907 bullarum
1759 2869 1944 2918 ejusdem

245 2928 475 2967 Clementis.

303 2988 341 3024 l'.
366 2987 453 3034 273,
476 2987 541 3036 lig.
566 2988 625 3025 16.
645 2987 863 3026 NUMERUS
886 3002 1095 3025 SENAmUs
1118 3002 1393 3026 ΡΕΒΡΕΕΤΙΟΒ.
1420 2988 1604 3038 Epistola
1625 2988 1827 3026 Ecclesiae
1846 2988 1944 3025 Leo-

248 3046 395 3081 ‹lh-usis
429 3046 479 3082 ad
499 3046 689 3084 eumdem
712 3048 964 3084 Clementem
989 3047 1099 3096 apud
1124 3047 1388 3085 Hocsemium
1422 3047 1466 3096 [t.
1488 3061 1529 3094 11,
1552 3062 1590 3096 p.
1616 3046 1690 3084 164
1703 3046 1743 3096 ]:
1769 3046 1946 3096 Cumque

249 3119 324 3140 note
349 3104 434 3140 sine
459 3105 594 3141 divino
618 3106 852 3142 credendum
874 3106 926 3163 sit
949 3106 1158 3155 praesagio
1183 3105 1392 3154 contigisse
1416 3106 1517 3155 quod
1539 3106 1588 3143 al)
1614 3105 1836 3155 imperfecto
1860 3105 1944 3154 qui-
