<?xml version="1.0" encoding="UTF-8"?>
<!DOCTYPE html PUBLIC "-//W3C//DTD XHTML 1.0 Transitional//EN"
    "http://www.w3.org/TR/xhtml1/DTD/xhtml1-transitional.dtd">
<html xmlns="http://www.w3.org/1999/xhtml" xml:lang="en" lang="en">
 <head>
  <title>
</title>
<meta http-equiv="Content-Type" content="text/html;charset=utf-8" />
  <meta name='ocr-system' content='tesseract 3.04.00' />
  <meta name='ocr-capabilities' content='ocr_page ocr_carea ocr_par ocr_line ocrx_word'/>
</head>
<body>
  <div class='ocr_page' id='page_1' title='image "./vitaepaparumaven02balu_0268.png"; bbox 0 0 2083 3458; ppageno 0'>
   <div class='ocr_carea' id='block_1_1' title="bbox 295 233 1999 288">
    <p class='ocr_par' dir='ltr' id='par_1_1' title="bbox 295 233 1999 288">
     <span class='ocr_line' id='line_1_1' title="bbox 295 233 1999 288; baseline -0.002 -11"><span class='ocrx_word' id='word_1_1' title='bbox 295 237 376 279; x_wconf 73' lang='grc'>258</span> <span class='ocrx_word' id='word_1_2' title='bbox 943 251 1093 275; x_wconf 76' lang='lat' dir='ltr'>NOTAE</span> <span class='ocrx_word' id='word_1_3' title='bbox 1130 250 1188 274; x_wconf 68' lang='lat' dir='ltr'>AD</span> <span class='ocrx_word' id='word_1_4' title='bbox 1227 250 1351 274; x_wconf 75' lang='lat' dir='ltr'>VITAs</span> <span class='ocrx_word' id='word_1_5' title='bbox 1875 233 1999 288; x_wconf 78' lang='lat'>[756]</span> 
     </span>
    </p>
   </div>
   <div class='ocr_carea' id='block_1_2' title="bbox 293 334 2036 1215">
    <p class='ocr_par' dir='ltr' id='par_1_2' title="bbox 293 334 2003 506">
     <span class='ocr_line' id='line_1_2' title="bbox 294 334 2002 388; baseline -0.002 -12"><span class='ocrx_word' id='word_1_6' title='bbox 294 351 419 387; x_wconf 86' lang='lat' dir='ltr'>quam</span> <span class='ocrx_word' id='word_1_7' title='bbox 448 352 558 388; x_wconf 85' lang='lat' dir='ltr'>reges</span> <span class='ocrx_word' id='word_1_8' title='bbox 590 337 788 375; x_wconf 86' lang='lat' dir='ltr'>Castellae</span> <span class='ocrx_word' id='word_1_9' title='bbox 818 343 859 374; x_wconf 92' lang='lat' dir='ltr'>et</span> <span class='ocrx_word' id='word_1_10' title='bbox 889 334 1164 385; x_wconf 85' lang='lat' dir='ltr'>Portugalliae</span> <span class='ocrx_word' id='word_1_11' title='bbox 1185 341 1502 384; x_wconf 77' lang='lat' dir='ltr'>reportaverant</span> <span class='ocrx_word' id='word_1_12' title='bbox 1526 334 1574 373; x_wconf 85' lang='lat' dir='ltr'>de</span> <span class='ocrx_word' id='word_1_13' title='bbox 1601 334 1845 373; x_wconf 83' lang='lat' dir='ltr'>Sarracenis.</span> <span class='ocrx_word' id='word_1_14' title='bbox 1871 334 2002 372; x_wconf 82' lang='lat' dir='ltr'><strong>Extat</strong></span> 
     </span>
     <span class='ocr_line' id='line_1_3' title="bbox 293 391 2003 447; baseline -0.002 -11"><span class='ocrx_word' id='word_1_15' title='bbox 293 411 339 436; x_wconf 86' lang='lat' dir='ltr'>ea</span> <span class='ocrx_word' id='word_1_16' title='bbox 357 397 529 447; x_wconf 86' lang='lat' dir='ltr'>epistola</span> <span class='ocrx_word' id='word_1_17' title='bbox 545 396 586 434; x_wconf 88' lang='lat' dir='ltr'>in</span> <span class='ocrx_word' id='word_1_18' title='bbox 604 395 797 434; x_wconf 76' lang='lat' dir='ltr'>Chronico</span> <span class='ocrx_word' id='word_1_19' title='bbox 813 393 1119 443; x_wconf 73' lang='lat' dir='ltr'>Rochomagensi</span> <span class='ocrx_word' id='word_1_20' title='bbox 1137 393 1247 443; x_wconf 87' lang='lat' dir='ltr'>quod</span> <span class='ocrx_word' id='word_1_21' title='bbox 1265 391 1393 432; x_wconf 80' lang='lat' dir='ltr'>edidit</span> <span class='ocrx_word' id='word_1_22' title='bbox 1411 392 1624 444; x_wconf 82' lang='lat' dir='ltr'>Philippus</span> <span class='ocrx_word' id='word_1_23' title='bbox 1642 393 1846 442; x_wconf 72' lang='lat' dir='ltr'>Labb&#39;euS,</span> <span class='ocrx_word' id='word_1_24' title='bbox 1863 408 1903 445; x_wconf 83' lang='lat' dir='ltr'>p.</span> <span class='ocrx_word' id='word_1_25' title='bbox 1925 392 2003 439; x_wconf 86' lang='lat'><strong>388</strong></span> 
     </span>
     <span class='ocr_line' id='line_1_4' title="bbox 306 453 883 506; baseline -0.003 -13"><span class='ocrx_word' id='word_1_26' title='bbox 306 456 456 506; x_wconf 69' lang='lat' dir='ltr'>[Novae</span> <span class='ocrx_word' id='word_1_27' title='bbox 489 454 753 503; x_wconf 74' lang='lat' dir='ltr'>bibliothecae,</span> <span class='ocrx_word' id='word_1_28' title='bbox 778 462 808 492; x_wconf 89' lang='lat' dir='ltr'>t.</span> <span class='ocrx_word' id='word_1_29' title='bbox 832 453 883 504; x_wconf 84' lang='lat'>1].</span> 
     </span>
    </p>

    <p class='ocr_par' dir='ltr' id='par_1_3' title="bbox 294 511 2036 741">
     <span class='ocr_line' id='line_1_5' title="bbox 348 511 2036 562; baseline -0.002 -9"><span class='ocrx_word' id='word_1_30' title='bbox 348 515 466 553; x_wconf 89' lang='lat' dir='ltr'>Anno</span> <span class='ocrx_word' id='word_1_31' title='bbox 493 513 769 562; x_wconf 83' lang='lat' dir='ltr'>MCCCXLII,</span> <span class='ocrx_word' id='word_1_32' title='bbox 786 514 932 551; x_wconf 87' lang='lat' dir='ltr'>missus</span> <span class='ocrx_word' id='word_1_33' title='bbox 954 520 1016 551; x_wconf 89' lang='lat' dir='ltr'>est</span> <span class='ocrx_word' id='word_1_34' title='bbox 1040 525 1123 549; x_wconf 89' lang='lat' dir='ltr'>una</span> <span class='ocrx_word' id='word_1_35' title='bbox 1150 525 1243 550; x_wconf 88' lang='lat' dir='ltr'>cum</span> <span class='ocrx_word' id='word_1_36' title='bbox 1261 511 1384 550; x_wconf 91' lang='lat' dir='ltr'>Petro</span> <span class='ocrx_word' id='word_1_37' title='bbox 1408 511 1674 551; x_wconf 86' lang='lat' dir='ltr'>Praenestino</span> <span class='ocrx_word' id='word_1_38' title='bbox 1690 511 1730 549; x_wconf 86' lang='lat' dir='ltr'>in</span> <span class='ocrx_word' id='word_1_39' title='bbox 1754 511 1930 551; x_wconf 82' lang='lat' dir='ltr'>Galliam</span> <span class='ocrx_word' id='word_1_40' title='bbox 1950 512 2002 550; x_wconf 90' lang='lat' dir='ltr'>ad</span> <span class='ocrx_word' id='word_1_41' title='bbox 2034 521 2036 524; x_wconf 78' lang='grc'>’</span> 
     </span>
     <span class='ocr_line' id='line_1_6' title="bbox 294 569 2002 623; baseline -0.002 -11"><span class='ocrx_word' id='word_1_42' title='bbox 294 574 599 612; x_wconf 76' lang='lat' dir='ltr'>reformandam</span> <span class='ocrx_word' id='word_1_43' title='bbox 623 586 767 623; x_wconf 78' lang='lat' dir='ltr'>pacem</span> <span class='ocrx_word' id='word_1_44' title='bbox 790 573 898 611; x_wconf 89' lang='lat' dir='ltr'>inter</span> <span class='ocrx_word' id='word_1_45' title='bbox 922 585 1033 621; x_wconf 82' lang='lat' dir='ltr'>reges</span> <span class='ocrx_word' id='word_1_46' title='bbox 1058 569 1254 609; x_wconf 89' lang='lat' dir='ltr'>Franciae</span> <span class='ocrx_word' id='word_1_47' title='bbox 1280 578 1321 609; x_wconf 90' lang='lat' dir='ltr'>et</span> <span class='ocrx_word' id='word_1_48' title='bbox 1345 570 1535 622; x_wconf 83' lang='lat' dir='ltr'>Angliae3</span> <span class='ocrx_word' id='word_1_49' title='bbox 1556 571 1699 609; x_wconf 73' lang='lat' dir='ltr'>Prima</span> <span class='ocrx_word' id='word_1_50' title='bbox 1723 571 1803 609; x_wconf 67' lang='lat' dir='ltr'>vita</span> <span class='ocrx_word' id='word_1_51' title='bbox 1828 570 2002 609; x_wconf 84' lang='lat' dir='ltr'>Clemen-</span> 
     </span>
     <span class='ocr_line' id='line_1_7' title="bbox 294 629 2003 684; baseline -0.001 -14"><span class='ocrx_word' id='word_1_52' title='bbox 294 634 343 671; x_wconf 81' lang='lat' dir='ltr'>tis</span> <span class='ocrx_word' id='word_1_53' title='bbox 367 633 439 681; x_wconf 80' lang='grc' dir='ltr'>ῙἽ,</span> <span class='ocrx_word' id='word_1_54' title='bbox 458 648 497 684; x_wconf 86' lang='lat' dir='ltr'>p.</span> <span class='ocrx_word' id='word_1_55' title='bbox 518 632 612 678; x_wconf 82' lang='lat'><strong>2423</strong></span> <span class='ocrx_word' id='word_1_56' title='bbox 632 633 771 679; x_wconf 84' lang='lat' dir='ltr'>Bzov.,</span> <span class='ocrx_word' id='word_1_57' title='bbox 792 645 857 671; x_wconf 89' lang='lat' dir='ltr'>an.</span> <span class='ocrx_word' id='word_1_58' title='bbox 879 630 993 678; x_wconf 99' lang='lat'><strong>1342,</strong></span> <span class='ocrx_word' id='word_1_59' title='bbox 1020 630 1036 679; x_wconf 63' lang='grc' dir='ltr'>ξ</span> <span class='ocrx_word' id='word_1_60' title='bbox 1055 629 1124 677; x_wconf 89' lang='grc'>32;</span> <span class='ocrx_word' id='word_1_61' title='bbox 1145 629 1306 669; x_wconf 90' lang='lat' dir='ltr'>Odoric.</span> <span class='ocrx_word' id='word_1_62' title='bbox 1330 630 1549 680; x_wconf 70' lang='lat' dir='ltr'>Raynald,</span> <span class='ocrx_word' id='word_1_63' title='bbox 1570 644 1634 670; x_wconf 92' lang='lat' dir='ltr'>an.</span> <span class='ocrx_word' id='word_1_64' title='bbox 1657 629 1772 678; x_wconf 87' lang='lat'><strong>1342,</strong></span> <span class='ocrx_word' id='word_1_65' title='bbox 1794 630 1811 679; x_wconf 60' lang='grc' dir='ltr'><strong>ἓ</strong></span> <span class='ocrx_word' id='word_1_66' title='bbox 1830 629 1866 680; x_wconf 94' lang='grc'>9,</span> <span class='ocrx_word' id='word_1_67' title='bbox 1888 630 2003 680; x_wconf 89' lang='grc'>1343,</span> 
     </span>
     <span class='ocr_line' id='line_1_8' title="bbox 302 686 1848 741; baseline -0.001 -12"><span class='ocrx_word' id='word_1_68' title='bbox 302 692 317 741; x_wconf 65' lang='grc' dir='ltr'>ξ</span> <span class='ocrx_word' id='word_1_69' title='bbox 340 692 401 741; x_wconf 93' lang='grc'>24,</span> <span class='ocrx_word' id='word_1_70' title='bbox 426 691 540 739; x_wconf 85' lang='grc'>1345,</span> <span class='ocrx_word' id='word_1_71' title='bbox 568 691 585 740; x_wconf 63' lang='grc' dir='ltr'>ξ</span> <span class='ocrx_word' id='word_1_72' title='bbox 608 691 668 740; x_wconf 89' lang='grc'>11,</span> <span class='ocrx_word' id='word_1_73' title='bbox 693 690 759 738; x_wconf 91' lang='grc'>12;</span> <span class='ocrx_word' id='word_1_74' title='bbox 781 689 999 729; x_wconf 86' lang='lat' dir='ltr'>Buzelinus</span> <span class='ocrx_word' id='word_1_75' title='bbox 1021 686 1063 727; x_wconf 87' lang='lat' dir='ltr'>in</span> <span class='ocrx_word' id='word_1_76' title='bbox 1083 689 1279 729; x_wconf 73' lang='lat' dir='ltr'>Annalib.</span> <span class='ocrx_word' id='word_1_77' title='bbox 1310 688 1673 738; x_wconf 77' lang='lat' dir='ltr'>Gallo-Flandriae,</span> <span class='ocrx_word' id='word_1_78' title='bbox 1696 704 1735 740; x_wconf 87' lang='lat' dir='ltr'>p.</span> <span class='ocrx_word' id='word_1_79' title='bbox 1759 689 1848 729; x_wconf 84' lang='lat'><strong>341.</strong></span> 
     </span>
    </p>

    <p class='ocr_par' dir='ltr' id='par_1_4' title="bbox 295 748 2006 979">
     <span class='ocr_line' id='line_1_9' title="bbox 347 748 2004 799; baseline -0.001 -10"><span class='ocrx_word' id='word_1_80' title='bbox 347 751 466 789; x_wconf 87' lang='lat' dir='ltr'>Anno</span> <span class='ocrx_word' id='word_1_81' title='bbox 490 750 803 798; x_wconf 87' lang='lat' dir='ltr'><strong>MCCCXLVII,</strong></span> <span class='ocrx_word' id='word_1_82' title='bbox 829 749 963 787; x_wconf 87' lang='lat' dir='ltr'>adhuc</span> <span class='ocrx_word' id='word_1_83' title='bbox 985 749 1144 799; x_wconf 84' lang='lat' dir='ltr'>legatus</span> <span class='ocrx_word' id='word_1_84' title='bbox 1167 748 1210 786; x_wconf 91' lang='lat' dir='ltr'>in</span> <span class='ocrx_word' id='word_1_85' title='bbox 1234 748 1365 787; x_wconf 90' lang='lat' dir='ltr'>Gallia</span> <span class='ocrx_word' id='word_1_86' title='bbox 1389 749 1645 788; x_wconf 83' lang='lat' dir='ltr'>consecravit</span> <span class='ocrx_word' id='word_1_87' title='bbox 1669 749 1859 788; x_wconf 79' lang='lat' dir='ltr'>Lutetiae</span> <span class='ocrx_word' id='word_1_88' title='bbox 1881 749 2004 788; x_wconf 87' lang='lat' dir='ltr'>eccle-</span> 
     </span>
     <span class='ocr_line' id='line_1_10' title="bbox 295 806 2005 859; baseline -0.001 -12"><span class='ocrx_word' id='word_1_89' title='bbox 295 810 397 848; x_wconf 65' lang='lat' dir='ltr'>siam</span> <span class='ocrx_word' id='word_1_90' title='bbox 422 809 586 859; x_wconf 79' lang='lat' dir='ltr'>collegii</span> <span class='ocrx_word' id='word_1_91' title='bbox 606 809 812 848; x_wconf 84' lang='lat' dir='ltr'>Sorbonae</span> <span class='ocrx_word' id='word_1_92' title='bbox 836 823 908 846; x_wconf 99' lang='lat' dir='ltr'>XIV</span> <span class='ocrx_word' id='word_1_93' title='bbox 926 808 1005 847; x_wconf 83' lang='lat' dir='ltr'>kal.</span> <span class='ocrx_word' id='word_1_94' title='bbox 1031 808 1267 846; x_wconf 84' lang='lat' dir='ltr'>novembris</span> <span class='ocrx_word' id='word_1_95' title='bbox 1293 807 1357 859; x_wconf 91' lang='lat'><strong>[19</strong></span> <span class='ocrx_word' id='word_1_96' title='bbox 1376 806 1574 858; x_wconf 86' lang='lat' dir='ltr'>octobre],</span> <span class='ocrx_word' id='word_1_97' title='bbox 1612 817 1660 847; x_wconf 91' lang='lat' dir='ltr'>ut</span> <span class='ocrx_word' id='word_1_98' title='bbox 1681 808 1801 847; x_wconf 85' lang='lat' dir='ltr'>docet</span> <span class='ocrx_word' id='word_1_99' title='bbox 1824 808 2005 847; x_wconf 87' lang='lat' dir='ltr'>Joannes</span> 
     </span>
     <span class='ocr_line' id='line_1_11' title="bbox 297 863 2006 922; baseline -0.001 -15"><span class='ocrx_word' id='word_1_100' title='bbox 297 869 520 908; x_wconf 90' lang='lat' dir='ltr'>Chenutius</span> <span class='ocrx_word' id='word_1_101' title='bbox 550 868 592 906; x_wconf 86' lang='lat' dir='ltr'>in</span> <span class='ocrx_word' id='word_1_102' title='bbox 622 867 903 906; x_wconf 80' lang='lat' dir='ltr'>additionibus</span> <span class='ocrx_word' id='word_1_103' title='bbox 935 867 987 905; x_wconf 91' lang='lat' dir='ltr'>ad</span> <span class='ocrx_word' id='word_1_104' title='bbox 1016 867 1242 905; x_wconf 76' lang='lat' dir='ltr'>Historiam</span> <span class='ocrx_word' id='word_1_105' title='bbox 1271 867 1585 918; x_wconf 79' lang='lat' dir='ltr'>chronologicam</span> <span class='ocrx_word' id='word_1_106' title='bbox 1610 863 2006 922; x_wconf 50' lang='lat' dir='ltr'>[archiepiscoporum</span> 
     </span>
     <span class='ocr_line' id='line_1_12' title="bbox 295 926 818 979; baseline 0.002 -14"><span class='ocrx_word' id='word_1_107' title='bbox 295 936 328 966; x_wconf 81' lang='lat' dir='ltr'>et</span> <span class='ocrx_word' id='word_1_108' title='bbox 347 928 622 979; x_wconf 75' lang='lat' dir='ltr'>episcoporum</span> <span class='ocrx_word' id='word_1_109' title='bbox 653 926 818 966; x_wconf 76' lang='lat' dir='ltr'>Galliae.</span> 
     </span>
    </p>

    <p class='ocr_par' dir='ltr' id='par_1_5' title="bbox 296 986 2007 1215">
     <span class='ocr_line' id='line_1_13' title="bbox 348 986 2006 1037; baseline 0 -13"><span class='ocrx_word' id='word_1_110' title='bbox 348 987 466 1025; x_wconf 90' lang='lat' dir='ltr'>Anno</span> <span class='ocrx_word' id='word_1_111' title='bbox 492 986 830 1035; x_wconf 86' lang='lat' dir='ltr'>MCCCXLVIII,</span> <span class='ocrx_word' id='word_1_112' title='bbox 855 987 1002 1025; x_wconf 89' lang='lat' dir='ltr'>missus</span> <span class='ocrx_word' id='word_1_113' title='bbox 1028 994 1090 1025; x_wconf 91' lang='lat' dir='ltr'>est</span> <span class='ocrx_word' id='word_1_114' title='bbox 1121 986 1161 1024; x_wconf 92' lang='lat' dir='ltr'>in</span> <span class='ocrx_word' id='word_1_115' title='bbox 1199 986 1363 1025; x_wconf 88' lang='lat' dir='ltr'>Italiam</span> <span class='ocrx_word' id='word_1_116' title='bbox 1389 986 1506 1037; x_wconf 87' lang='lat' dir='ltr'>eique</span> <span class='ocrx_word' id='word_1_117' title='bbox 1539 986 1803 1036; x_wconf 83' lang='lat' dir='ltr'>adjacentem</span> <span class='ocrx_word' id='word_1_118' title='bbox 1827 986 2006 1025; x_wconf 87' lang='lat' dir='ltr'>Siciliam</span> 
     </span>
     <span class='ocr_line' id='line_1_14' title="bbox 296 1045 2007 1096; baseline 0 -12"><span class='ocrx_word' id='word_1_119' title='bbox 296 1045 504 1085; x_wconf 85' lang='lat' dir='ltr'>occasione</span> <span class='ocrx_word' id='word_1_120' title='bbox 528 1046 727 1085; x_wconf 87' lang='lat' dir='ltr'>novitatis</span> <span class='ocrx_word' id='word_1_121' title='bbox 753 1059 857 1096; x_wconf 88' lang='lat' dir='ltr'>quae</span> <span class='ocrx_word' id='word_1_122' title='bbox 883 1046 1046 1089; x_wconf 83' lang='lat' dir='ltr'>Romae</span> <span class='ocrx_word' id='word_1_123' title='bbox 1065 1053 1260 1085; x_wconf 87' lang='lat' dir='ltr'>evenerat</span> <span class='ocrx_word' id='word_1_124' title='bbox 1283 1045 1574 1084; x_wconf 86' lang='lat' dir='ltr'>eX·tribunatu</span> <span class='ocrx_word' id='word_1_125' title='bbox 1598 1045 1758 1084; x_wconf 89' lang='lat' dir='ltr'>Nicolai</span> <span class='ocrx_word' id='word_1_126' title='bbox 1781 1045 2007 1094; x_wconf 86' lang='lat' dir='ltr'>Laurentii,</span> 
     </span>
     <span class='ocr_line' id='line_1_15' title="bbox 296 1104 2006 1155; baseline 0 -12"><span class='ocrx_word' id='word_1_127' title='bbox 296 1113 336 1143; x_wconf 90' lang='lat' dir='ltr'>et</span> <span class='ocrx_word' id='word_1_128' title='bbox 361 1113 408 1142; x_wconf 89' lang='lat' dir='ltr'>ut</span> <span class='ocrx_word' id='word_1_129' title='bbox 434 1104 691 1155; x_wconf 84' lang='lat' dir='ltr'>provinciam</span> <span class='ocrx_word' id='word_1_130' title='bbox 715 1104 830 1143; x_wconf 85' lang='lat' dir='ltr'>illam</span> <span class='ocrx_word' id='word_1_131' title='bbox 855 1104 896 1143; x_wconf 88' lang='lat' dir='ltr'>in</span> <span class='ocrx_word' id='word_1_132' title='bbox 925 1104 1056 1144; x_wconf 86' lang='lat' dir='ltr'>officio</span> <span class='ocrx_word' id='word_1_133' title='bbox 1084 1104 1333 1152; x_wconf 80' lang='lat' dir='ltr'>contineret3</span> <span class='ocrx_word' id='word_1_134' title='bbox 1357 1105 1518 1144; x_wconf 86' lang='lat' dir='ltr'>Odoric.</span> <span class='ocrx_word' id='word_1_135' title='bbox 1549 1105 1770 1155; x_wconf 57' lang='lat' dir='ltr'>Rayuald„</span> <span class='ocrx_word' id='word_1_136' title='bbox 1795 1119 1860 1144; x_wconf 88' lang='lat' dir='ltr'>an.</span> <span class='ocrx_word' id='word_1_137' title='bbox 1891 1105 2006 1153; x_wconf 88' lang='lat'><strong>1348,</strong></span> 
     </span>
     <span class='ocr_line' id='line_1_16' title="bbox 301 1163 2007 1215; baseline 0 -13"><span class='ocrx_word' id='word_1_138' title='bbox 301 1164 317 1213; x_wconf 61' lang='grc' dir='ltr'>ξ</span> <span class='ocrx_word' id='word_1_139' title='bbox 339 1164 399 1212; x_wconf 86' lang='grc'>12,</span> <span class='ocrx_word' id='word_1_140' title='bbox 423 1164 489 1211; x_wconf 81' lang='lat'>133</span> <span class='ocrx_word' id='word_1_141' title='bbox 509 1164 650 1212; x_wconf 85' lang='lat' dir='ltr'>Bzov.,</span> <span class='ocrx_word' id='word_1_142' title='bbox 671 1178 736 1203; x_wconf 88' lang='lat' dir='ltr'>an.</span> <span class='ocrx_word' id='word_1_143' title='bbox 759 1163 874 1212; x_wconf 85' lang='lat'><strong>1348,</strong></span> <span class='ocrx_word' id='word_1_144' title='bbox 902 1164 918 1213; x_wconf 66' lang='grc' dir='ltr'>ἓ</span> <span class='ocrx_word' id='word_1_145' title='bbox 939 1164 1000 1203; x_wconf 92' lang='grc'>29.</span> <span class='ocrx_word' id='word_1_146' title='bbox 1025 1164 1132 1203; x_wconf 92' lang='lat' dir='ltr'>Hinc</span> <span class='ocrx_word' id='word_1_147' title='bbox 1153 1165 1331 1203; x_wconf 86' lang='lat' dir='ltr'>Romam</span> <span class='ocrx_word' id='word_1_148' title='bbox 1348 1164 1484 1214; x_wconf 88' lang='lat' dir='ltr'>jussus</span> <span class='ocrx_word' id='word_1_149' title='bbox 1505 1164 1709 1215; x_wconf 83' lang='lat' dir='ltr'>proficisci</span> <span class='ocrx_word' id='word_1_150' title='bbox 1729 1164 1781 1202; x_wconf 84' lang='lat' dir='ltr'>ad</span> <span class='ocrx_word' id='word_1_151' title='bbox 1803 1164 2007 1203; x_wconf 87' lang='lat' dir='ltr'>celebran-</span> 
     </span>
    </p>
   </div>
   <div class='ocr_carea' id='block_1_3' title="bbox 296 1223 2074 1275">
    <p class='ocr_par' dir='ltr' id='par_1_6' title="bbox 296 1223 2074 1275">
     <span class='ocr_line' id='line_1_17' title="bbox 296 1223 2074 1275; baseline 0.001 -15"><span class='ocrx_word' id='word_1_152' title='bbox 296 1224 394 1261; x_wconf 90' lang='lat' dir='ltr'>dum</span> <span class='ocrx_word' id='word_1_153' title='bbox 411 1223 657 1272; x_wconf 77' lang='lat' dir='ltr'>jubilaeum3</span> <span class='ocrx_word' id='word_1_154' title='bbox 676 1223 826 1262; x_wconf 88' lang='lat' dir='ltr'>Matth.</span> <span class='ocrx_word' id='word_1_155' title='bbox 847 1223 1011 1272; x_wconf 62' lang='lat' dir='ltr'>Villam„</span> <span class='ocrx_word' id='word_1_156' title='bbox 1029 1223 1098 1262; x_wconf 86' lang='lat' dir='ltr'>lib.</span> <span class='ocrx_word' id='word_1_157' title='bbox 1123 1224 1152 1273; x_wconf 87' lang='lat' dir='ltr'><strong>I,</strong></span> <span class='ocrx_word' id='word_1_158' title='bbox 1173 1238 1261 1275; x_wconf 89' lang='lat' dir='ltr'>cap.</span> <span class='ocrx_word' id='word_1_159' title='bbox 1281 1239 1389 1262; x_wconf 89' lang='lat' dir='ltr'>XXIX</span> <span class='ocrx_word' id='word_1_160' title='bbox 1413 1223 1642 1275; x_wconf 87' lang='lat' dir='ltr'>[Muratori,</span> <span class='ocrx_word' id='word_1_161' title='bbox 1661 1232 1691 1262; x_wconf 91' lang='lat' dir='ltr'>t.</span> <span class='ocrx_word' id='word_1_162' title='bbox 1712 1238 1798 1271; x_wconf 84' lang='lat' dir='ltr'>XIV,</span> <span class='ocrx_word' id='word_1_163' title='bbox 1818 1224 1892 1263; x_wconf 90' lang='lat' dir='ltr'>col.</span> <span class='ocrx_word' id='word_1_164' title='bbox 1917 1223 2006 1275; x_wconf 86' lang='lat'><strong>33].</strong></span> <span class='ocrx_word' id='word_1_165' title='bbox 2071 1251 2074 1253; x_wconf 93' lang='lat'><em>-</em></span> 
     </span>
    </p>
   </div>
   <div class='ocr_carea' id='block_1_4' title="bbox 296 1276 2013 1928">
    <p class='ocr_par' dir='ltr' id='par_1_7' title="bbox 296 1276 2013 1928">
     <span class='ocr_line' id='line_1_18' title="bbox 296 1276 1882 1333; baseline 0.002 -14"><span class='ocrx_word' id='word_1_166' title='bbox 296 1282 383 1331; x_wconf 80' lang='lat' dir='ltr'>Qua</span> <span class='ocrx_word' id='word_1_167' title='bbox 406 1282 454 1321; x_wconf 89' lang='lat' dir='ltr'>de</span> <span class='ocrx_word' id='word_1_168' title='bbox 476 1298 517 1321; x_wconf 87' lang='lat' dir='ltr'>re</span> <span class='ocrx_word' id='word_1_169' title='bbox 539 1297 706 1333; x_wconf 76' lang='lat' dir='ltr'>agemus</span> <span class='ocrx_word' id='word_1_170' title='bbox 726 1282 766 1320; x_wconf 90' lang='lat' dir='ltr'>in</span> <span class='ocrx_word' id='word_1_171' title='bbox 790 1283 899 1321; x_wconf 87' lang='lat' dir='ltr'>notis</span> <span class='ocrx_word' id='word_1_172' title='bbox 922 1283 974 1321; x_wconf 87' lang='lat' dir='ltr'>ad</span> <span class='ocrx_word' id='word_1_173' title='bbox 1001 1276 1137 1321; x_wconf 72' lang='lat' dir='ltr'>Vitam</span> <span class='ocrx_word' id='word_1_174' title='bbox 1157 1283 1370 1322; x_wconf 76' lang='lat' dir='ltr'>Clementis</span> <span class='ocrx_word' id='word_1_175' title='bbox 1396 1283 1469 1331; x_wconf 89' lang='lat' dir='ltr'>VI,</span> <span class='ocrx_word' id='word_1_176' title='bbox 1493 1291 1534 1322; x_wconf 89' lang='lat' dir='ltr'>et</span> <span class='ocrx_word' id='word_1_177' title='bbox 1556 1283 1605 1322; x_wconf 92' lang='lat' dir='ltr'>de</span> <span class='ocrx_word' id='word_1_178' title='bbox 1627 1283 1714 1333; x_wconf 86' lang='lat' dir='ltr'>ejus</span> <span class='ocrx_word' id='word_1_179' title='bbox 1736 1291 1882 1322; x_wconf 82' lang='lat' dir='ltr'>morte.</span> 
     </span>
     <span class='ocr_line' id='line_1_19' title="bbox 347 1341 2008 1394; baseline 0.001 -15"><span class='ocrx_word' id='word_1_180' title='bbox 347 1342 524 1380; x_wconf 89' lang='lat' dir='ltr'>Thomas</span> <span class='ocrx_word' id='word_1_181' title='bbox 549 1341 794 1381; x_wconf 86' lang='lat' dir='ltr'>Fortifiocca</span> <span class='ocrx_word' id='word_1_182' title='bbox 816 1342 858 1380; x_wconf 90' lang='lat' dir='ltr'>in</span> <span class='ocrx_word' id='word_1_183' title='bbox 878 1342 971 1380; x_wconf 78' lang='lat' dir='ltr'>Vita</span> <span class='ocrx_word' id='word_1_184' title='bbox 987 1343 1149 1381; x_wconf 80' lang='lat' dir='ltr'>Nicolai</span> <span class='ocrx_word' id='word_1_185' title='bbox 1162 1342 1386 1391; x_wconf 79' lang='lat' dir='ltr'>Laurentii,</span> <span class='ocrx_word' id='word_1_186' title='bbox 1405 1357 1493 1394; x_wconf 88' lang='lat' dir='ltr'>cap.</span> <span class='ocrx_word' id='word_1_187' title='bbox 1518 1357 1620 1390; x_wconf 86' lang='lat' dir='ltr'>XVII,</span> <span class='ocrx_word' id='word_1_188' title='bbox 1636 1343 1780 1393; x_wconf 83' lang='lat' dir='ltr'>prioris</span> <span class='ocrx_word' id='word_1_189' title='bbox 1802 1342 2008 1389; x_wconf 82' lang='lat' dir='ltr'>editionis,</span> 
     </span>
     <span class='ocr_line' id='line_1_20' title="bbox 296 1400 2008 1452; baseline 0.001 -13"><span class='ocrx_word' id='word_1_190' title='bbox 296 1408 337 1439; x_wconf 89' lang='lat' dir='ltr'>et</span> <span class='ocrx_word' id='word_1_191' title='bbox 356 1401 426 1440; x_wconf 91' lang='lat' dir='ltr'>lib.</span> <span class='ocrx_word' id='word_1_192' title='bbox 455 1400 507 1449; x_wconf 92' lang='grc' dir='ltr'>ΙΙ,</span> <span class='ocrx_word' id='word_1_193' title='bbox 527 1415 614 1452; x_wconf 88' lang='lat' dir='ltr'>cap.</span> <span class='ocrx_word' id='word_1_194' title='bbox 637 1416 649 1439; x_wconf 91' lang='lat'>1</span> <span class='ocrx_word' id='word_1_195' title='bbox 676 1401 766 1452; x_wconf 83' lang='lat' dir='ltr'>[col.</span> <span class='ocrx_word' id='word_1_196' title='bbox 791 1401 979 1451; x_wconf 90' lang='lat'><strong>481-484]</strong></span> <span class='ocrx_word' id='word_1_197' title='bbox 1005 1402 1221 1451; x_wconf 83' lang='lat' dir='ltr'>secundae,</span> <span class='ocrx_word' id='word_1_198' title='bbox 1238 1410 1425 1452; x_wconf 87' lang='lat' dir='ltr'>satyram</span> <span class='ocrx_word' id='word_1_199' title='bbox 1437 1402 1573 1441; x_wconf 78' lang='lat' dir='ltr'>verius</span> <span class='ocrx_word' id='word_1_200' title='bbox 1597 1402 1759 1452; x_wconf 84' lang='lat' dir='ltr'>scripsit</span> <span class='ocrx_word' id='word_1_201' title='bbox 1782 1415 1908 1452; x_wconf 86' lang='lat' dir='ltr'>quam</span> <span class='ocrx_word' id='word_1_202' title='bbox 1929 1402 2008 1440; x_wconf 88' lang='lat' dir='ltr'>his-</span> 
     </span>
     <span class='ocr_line' id='line_1_21' title="bbox 296 1460 2008 1512; baseline 0.001 -14"><span class='ocrx_word' id='word_1_203' title='bbox 296 1460 445 1498; x_wconf 88' lang='lat' dir='ltr'>toriam</span> <span class='ocrx_word' id='word_1_204' title='bbox 478 1460 708 1499; x_wconf 88' lang='lat' dir='ltr'>describens</span> <span class='ocrx_word' id='word_1_205' title='bbox 750 1475 796 1500; x_wconf 91' lang='lat' dir='ltr'>ea</span> <span class='ocrx_word' id='word_1_206' title='bbox 830 1475 935 1511; x_wconf 84' lang='lat' dir='ltr'>quae</span> <span class='ocrx_word' id='word_1_207' title='bbox 967 1461 1018 1499; x_wconf 89' lang='lat' dir='ltr'>ab</span> <span class='ocrx_word' id='word_1_208' title='bbox 1052 1461 1287 1499; x_wconf 88' lang='lat' dir='ltr'>Annibaldo</span> <span class='ocrx_word' id='word_1_209' title='bbox 1321 1470 1434 1512; x_wconf 82' lang='lat' dir='ltr'>gesta</span> <span class='ocrx_word' id='word_1_210' title='bbox 1467 1469 1564 1500; x_wconf 86' lang='lat' dir='ltr'>sunt</span> <span class='ocrx_word' id='word_1_211' title='bbox 1604 1469 1790 1512; x_wconf 88' lang='lat' dir='ltr'>tempore</span> <span class='ocrx_word' id='word_1_212' title='bbox 1827 1461 2008 1511; x_wconf 80' lang='lat' dir='ltr'>jubilaei.</span> 
     </span>
     <span class='ocr_line' id='line_1_22' title="bbox 298 1520 2010 1572; baseline 0.001 -15"><span class='ocrx_word' id='word_1_213' title='bbox 298 1520 351 1557; x_wconf 86' lang='lat' dir='ltr'>Et</span> <span class='ocrx_word' id='word_1_214' title='bbox 372 1520 593 1558; x_wconf 86' lang='lat' dir='ltr'>Petrareha</span> <span class='ocrx_word' id='word_1_215' title='bbox 615 1520 668 1557; x_wconf 89' lang='lat' dir='ltr'>ad</span> <span class='ocrx_word' id='word_1_216' title='bbox 689 1534 782 1558; x_wconf 88' lang='lat' dir='ltr'>eum</span> <span class='ocrx_word' id='word_1_217' title='bbox 803 1520 995 1570; x_wconf 86' lang='lat' dir='ltr'>scribens,</span> <span class='ocrx_word' id='word_1_218' title='bbox 1017 1521 1086 1560; x_wconf 89' lang='lat' dir='ltr'>lib.</span> <span class='ocrx_word' id='word_1_219' title='bbox 1109 1521 1168 1558; x_wconf 87' lang='lat' dir='ltr'>VI</span> <span class='ocrx_word' id='word_1_220' title='bbox 1188 1523 1277 1560; x_wconf 77' lang='lat' dir='ltr'>Rer.</span> <span class='ocrx_word' id='word_1_221' title='bbox 1299 1521 1429 1569; x_wconf 60' lang='lat' dir='ltr'>senil„</span> <span class='ocrx_word' id='word_1_222' title='bbox 1451 1521 1568 1572; x_wconf 85' lang='lat' dir='ltr'>epist.</span> <span class='ocrx_word' id='word_1_223' title='bbox 1590 1520 1861 1569; x_wconf 55' lang='lat' dir='ltr'>navaritiam</span> <span class='ocrx_word' id='word_1_224' title='bbox 1879 1520 1922 1559; x_wconf 91' lang='lat' dir='ltr'>in</span> <span class='ocrx_word' id='word_1_225' title='bbox 1940 1520 2010 1558; x_wconf 90' lang='lat' dir='ltr'>illo</span> 
     </span>
     <span class='ocr_line' id='line_1_23' title="bbox 296 1577 2011 1631; baseline 0.001 -15"><span class='ocrx_word' id='word_1_226' title='bbox 296 1579 588 1629; x_wconf 87' lang='lat' dir='ltr'>reprehendere</span> <span class='ocrx_word' id='word_1_227' title='bbox 618 1579 796 1618; x_wconf 86' lang='lat' dir='ltr'>Videtur.</span> <span class='ocrx_word' id='word_1_228' title='bbox 830 1580 907 1619; x_wconf 87' lang='lat' dir='ltr'>Sed</span> <span class='ocrx_word' id='word_1_229' title='bbox 939 1580 987 1619; x_wconf 90' lang='lat' dir='ltr'>de</span> <span class='ocrx_word' id='word_1_230' title='bbox 1018 1580 1265 1620; x_wconf 83' lang='lat' dir='ltr'>Fortifiocea</span> <span class='ocrx_word' id='word_1_231' title='bbox 1296 1580 1374 1619; x_wconf 86' lang='lat' dir='ltr'>dici</span> <span class='ocrx_word' id='word_1_232' title='bbox 1403 1589 1543 1631; x_wconf 85' lang='lat' dir='ltr'>potest</span> <span class='ocrx_word' id='word_1_233' title='bbox 1573 1595 1666 1619; x_wconf 90' lang='lat' dir='ltr'>eum</span> <span class='ocrx_word' id='word_1_234' title='bbox 1694 1577 1775 1618; x_wconf 81' lang='lat' dir='ltr'>ista</span> <span class='ocrx_word' id='word_1_235' title='bbox 1806 1580 1854 1618; x_wconf 91' lang='lat' dir='ltr'>de</span> <span class='ocrx_word' id='word_1_236' title='bbox 1885 1579 2011 1618; x_wconf 87' lang='lat' dir='ltr'>Anni-</span> 
     </span>
     <span class='ocr_line' id='line_1_24' title="bbox 297 1638 2010 1691; baseline 0.001 -15"><span class='ocrx_word' id='word_1_237' title='bbox 297 1638 418 1676; x_wconf 92' lang='lat' dir='ltr'>baldo</span> <span class='ocrx_word' id='word_1_238' title='bbox 450 1638 656 1688; x_wconf 85' lang='lat' dir='ltr'>scripsisse</span> <span class='ocrx_word' id='word_1_239' title='bbox 680 1638 992 1677; x_wconf 87' lang='lat' dir='ltr'>inflammatum</span> <span class='ocrx_word' id='word_1_240' title='bbox 1015 1639 1153 1678; x_wconf 89' lang='lat' dir='ltr'>studio</span> <span class='ocrx_word' id='word_1_241' title='bbox 1185 1640 1369 1691; x_wconf 87' lang='lat' dir='ltr'>partium</span> <span class='ocrx_word' id='word_1_242' title='bbox 1401 1639 1559 1679; x_wconf 87' lang='lat' dir='ltr'>Nicolai</span> <span class='ocrx_word' id='word_1_243' title='bbox 1592 1639 1817 1687; x_wconf 82' lang='lat' dir='ltr'>Laurentii,</span> <span class='ocrx_word' id='word_1_244' title='bbox 1843 1647 1884 1678; x_wconf 91' lang='lat' dir='ltr'>et</span> <span class='ocrx_word' id='word_1_245' title='bbox 1915 1639 2010 1690; x_wconf 86' lang='lat' dir='ltr'>quia</span> 
     </span>
     <span class='ocr_line' id='line_1_25' title="bbox 298 1697 2012 1750; baseline 0.002 -16"><span class='ocrx_word' id='word_1_246' title='bbox 298 1697 553 1735; x_wconf 80' lang='lat' dir='ltr'>Annibaldus</span> <span class='ocrx_word' id='word_1_247' title='bbox 574 1698 587 1719; x_wconf 69' lang='lat'>1</span> <span class='ocrx_word' id='word_1_248' title='bbox 611 1706 700 1736; x_wconf 89' lang='lat' dir='ltr'>erat</span> <span class='ocrx_word' id='word_1_249' title='bbox 722 1698 879 1737; x_wconf 85' lang='lat' dir='ltr'>invisus</span> <span class='ocrx_word' id='word_1_250' title='bbox 906 1699 1104 1738; x_wconf 87' lang='lat' dir='ltr'>Romanis</span> <span class='ocrx_word' id='word_1_251' title='bbox 1128 1707 1298 1750; x_wconf 91' lang='lat' dir='ltr'>propter</span> <span class='ocrx_word' id='word_1_252' title='bbox 1321 1700 1493 1738; x_wconf 79' lang='lat' dir='ltr'>modurn</span> <span class='ocrx_word' id='word_1_253' title='bbox 1517 1713 1658 1737; x_wconf 88' lang='lat' dir='ltr'>eorum</span> <span class='ocrx_word' id='word_1_254' title='bbox 1682 1698 1883 1737; x_wconf 86' lang='lat' dir='ltr'>avaritiae</span> <span class='ocrx_word' id='word_1_255' title='bbox 1906 1699 2012 1749; x_wconf 89' lang='lat' dir='ltr'>posi-</span> 
     </span>
     <span class='ocr_line' id='line_1_26' title="bbox 296 1756 2012 1809; baseline 0.002 -16"><span class='ocrx_word' id='word_1_256' title='bbox 296 1765 398 1794; x_wconf 88' lang='lat' dir='ltr'>tum.</span> <span class='ocrx_word' id='word_1_257' title='bbox 423 1756 486 1794; x_wconf 86' lang='lat' dir='ltr'>Ad</span> <span class='ocrx_word' id='word_1_258' title='bbox 508 1757 776 1796; x_wconf 88' lang='lat' dir='ltr'>Petrarcham</span> <span class='ocrx_word' id='word_1_259' title='bbox 798 1758 908 1808; x_wconf 85' lang='lat' dir='ltr'>quod</span> <span class='ocrx_word' id='word_1_260' title='bbox 930 1758 1096 1806; x_wconf 87' lang='lat' dir='ltr'>attinet,</span> <span class='ocrx_word' id='word_1_261' title='bbox 1119 1759 1340 1797; x_wconf 82' lang='lat' dir='ltr'>manifesta</span> <span class='ocrx_word' id='word_1_262' title='bbox 1356 1767 1396 1797; x_wconf 91' lang='lat' dir='ltr'>et</span> <span class='ocrx_word' id='word_1_263' title='bbox 1411 1767 1555 1809; x_wconf 88' lang='lat' dir='ltr'>aperta</span> <span class='ocrx_word' id='word_1_264' title='bbox 1570 1773 1654 1796; x_wconf 89' lang='lat' dir='ltr'>non</span> <span class='ocrx_word' id='word_1_265' title='bbox 1674 1766 1771 1797; x_wconf 88' lang='lat' dir='ltr'>sunt</span> <span class='ocrx_word' id='word_1_266' title='bbox 1785 1758 1912 1797; x_wconf 87' lang='lat' dir='ltr'>Verba</span> <span class='ocrx_word' id='word_1_267' title='bbox 1925 1758 2012 1809; x_wconf 84' lang='lat' dir='ltr'>ejus</span> 
     </span>
     <span class='ocr_line' id='line_1_27' title="bbox 297 1815 2013 1867; baseline 0.001 -14"><span class='ocrx_word' id='word_1_268' title='bbox 297 1815 492 1854; x_wconf 87' lang='lat' dir='ltr'>adversus</span> <span class='ocrx_word' id='word_1_269' title='bbox 515 1815 816 1865; x_wconf 82' lang='lat' dir='ltr'>Annibaldum3</span> <span class='ocrx_word' id='word_1_270' title='bbox 840 1825 881 1856; x_wconf 89' lang='lat' dir='ltr'>et</span> <span class='ocrx_word' id='word_1_271' title='bbox 902 1817 934 1856; x_wconf 88' lang='lat' dir='ltr'>si</span> <span class='ocrx_word' id='word_1_272' title='bbox 955 1818 1177 1857; x_wconf 82' lang='lat' dir='ltr'>manifesta</span> <span class='ocrx_word' id='word_1_273' title='bbox 1199 1818 1348 1867; x_wconf 85' lang='lat' dir='ltr'>forent,</span> <span class='ocrx_word' id='word_1_274' title='bbox 1371 1818 1498 1856; x_wconf 88' lang='lat' dir='ltr'>nihilo</span> <span class='ocrx_word' id='word_1_275' title='bbox 1519 1817 1654 1856; x_wconf 87' lang='lat' dir='ltr'>minus</span> <span class='ocrx_word' id='word_1_276' title='bbox 1678 1817 1726 1856; x_wconf 87' lang='lat' dir='ltr'>de</span> <span class='ocrx_word' id='word_1_277' title='bbox 1748 1832 1890 1856; x_wconf 90' lang='lat' dir='ltr'>eorum</span> <span class='ocrx_word' id='word_1_278' title='bbox 1909 1818 2013 1857; x_wconf 86' lang='lat' dir='ltr'>veri-</span> 
     </span>
     <span class='ocr_line' id='line_1_28' title="bbox 297 1875 2012 1928; baseline 0.002 -16"><span class='ocrx_word' id='word_1_279' title='bbox 297 1882 383 1913; x_wconf 90' lang='lat' dir='ltr'>tate</span> <span class='ocrx_word' id='word_1_280' title='bbox 412 1875 601 1914; x_wconf 87' lang='lat' dir='ltr'>dubitare</span> <span class='ocrx_word' id='word_1_281' title='bbox 629 1876 859 1914; x_wconf 85' lang='lat' dir='ltr'>etiamnum</span> <span class='ocrx_word' id='word_1_282' title='bbox 883 1877 1038 1926; x_wconf 85' lang='lat' dir='ltr'>liceret,</span> <span class='ocrx_word' id='word_1_283' title='bbox 1067 1891 1162 1916; x_wconf 84' lang='lat' dir='ltr'>eum</span> <span class='ocrx_word' id='word_1_284' title='bbox 1182 1878 1329 1928; x_wconf 88' lang='lat' dir='ltr'>reliqui</span> <span class='ocrx_word' id='word_1_285' title='bbox 1350 1877 1568 1928; x_wconf 86' lang='lat' dir='ltr'>scriptores</span> <span class='ocrx_word' id='word_1_286' title='bbox 1592 1877 1749 1914; x_wconf 83' lang='lat' dir='ltr'>nullam</span> <span class='ocrx_word' id='word_1_287' title='bbox 1770 1877 1904 1916; x_wconf 85' lang='lat' dir='ltr'>famae.</span> <span class='ocrx_word' id='word_1_288' title='bbox 1926 1877 2012 1928; x_wconf 85' lang='lat' dir='ltr'>ejus</span> 
     </span>
    </p>
   </div>
   <div class='ocr_carea' id='block_1_5' title="bbox 297 1934 2013 2044">
    <p class='ocr_par' dir='ltr' id='par_1_8' title="bbox 297 1934 2013 2044">
     <span class='ocr_line' id='line_1_29' title="bbox 297 1934 2013 1991; baseline 0.001 -20"><span class='ocrx_word' id='word_1_289' title='bbox 297 1934 477 1972; x_wconf 86' lang='lat' dir='ltr'>inferant</span> <span class='ocrx_word' id='word_1_290' title='bbox 497 1934 731 1974; x_wconf 88' lang='lat' dir='ltr'>laesionem.</span> <span class='ocrx_word' id='word_1_291' title='bbox 760 1936 890 1974; x_wconf 87' lang='lat' dir='ltr'>Immo</span> <span class='ocrx_word' id='word_1_292' title='bbox 913 1944 1058 1975; x_wconf 88' lang='lat' dir='ltr'>auctor</span> <span class='ocrx_word' id='word_1_293' title='bbox 1079 1937 1242 1975; x_wconf 76' lang='lat' dir='ltr'>Primae</span> <span class='ocrx_word' id='word_1_294' title='bbox 1263 1936 1364 1975; x_wconf 65' lang='lat' dir='ltr'>vitae</span> <span class='ocrx_word' id='word_1_295' title='bbox 1386 1936 1598 1975; x_wconf 76' lang='lat' dir='ltr'>Clementis</span> <span class='ocrx_word' id='word_1_296' title='bbox 1625 1936 1703 1991; x_wconf 57' lang='lat' dir='ltr'>VI..</span> <span class='ocrx_word' id='word_1_297' title='bbox 1718 1936 1771 1987; x_wconf 88' lang='lat' dir='ltr'>[p.</span> <span class='ocrx_word' id='word_1_298' title='bbox 1796 1935 1895 1986; x_wconf 80' lang='grc'>264]</span> <span class='ocrx_word' id='word_1_299' title='bbox 1921 1951 2013 1975; x_wconf 88' lang='lat' dir='ltr'>eum</span> 
     </span>
     <span class='ocr_line' id='line_1_30' title="bbox 300 1993 840 2044; baseline 0.006 -13"><span class='ocrx_word' id='word_1_300' title='bbox 300 1993 563 2031; x_wconf 85' lang='lat' dir='ltr'>commendat</span> <span class='ocrx_word' id='word_1_301' title='bbox 593 1994 641 2033; x_wconf 91' lang='lat' dir='ltr'>de</span> <span class='ocrx_word' id='word_1_302' title='bbox 671 1994 840 2044; x_wconf 89' lang='lat' dir='ltr'>pietate.</span> 
     </span>
    </p>
   </div>
   <div class='ocr_carea' id='block_1_6' title="bbox 299 2052 2014 2168">
    <p class='ocr_par' dir='ltr' id='par_1_9' title="bbox 299 2052 2014 2168">
     <span class='ocr_line' id='line_1_31' title="bbox 351 2052 2014 2106; baseline 0.002 -17"><span class='ocrx_word' id='word_1_303' title='bbox 351 2052 529 2091; x_wconf 80' lang='lat' dir='ltr'>Joannes</span> <span class='ocrx_word' id='word_1_304' title='bbox 561 2053 723 2101; x_wconf 82' lang='lat' dir='ltr'>Baleus‚</span> <span class='ocrx_word' id='word_1_305' title='bbox 758 2062 913 2094; x_wconf 88' lang='lat' dir='ltr'>centur.</span> <span class='ocrx_word' id='word_1_306' title='bbox 949 2055 997 2103; x_wconf 84' lang='lat' dir='ltr'><strong>V,</strong></span> <span class='ocrx_word' id='word_1_307' title='bbox 1032 2069 1119 2106; x_wconf 87' lang='lat' dir='ltr'>cap.</span> <span class='ocrx_word' id='word_1_308' title='bbox 1156 2070 1192 2094; x_wconf 87' lang='lat' dir='ltr'>LI</span> <span class='ocrx_word' id='word_1_309' title='bbox 1225 2064 1265 2094; x_wconf 87' lang='lat' dir='ltr'>et</span> <span class='ocrx_word' id='word_1_310' title='bbox 1299 2070 1349 2094; x_wconf 87' lang='lat' dir='ltr'>eX</span> <span class='ocrx_word' id='word_1_311' title='bbox 1381 2070 1426 2094; x_wconf 92' lang='lat' dir='ltr'>eo</span> <span class='ocrx_word' id='word_1_312' title='bbox 1461 2055 1664 2106; x_wconf 70' lang='lat' dir='ltr'>,Iosephus</span> <span class='ocrx_word' id='word_1_313' title='bbox 1700 2055 1939 2106; x_wconf 86' lang='lat' dir='ltr'>Pamphilus</span> <span class='ocrx_word' id='word_1_314' title='bbox 1972 2055 2014 2093; x_wconf 88' lang='lat' dir='ltr'>in</span> 
     </span>
     <span class='ocr_line' id='line_1_32' title="bbox 299 2111 2014 2168; baseline 0.003 -20"><span class='ocrx_word' id='word_1_315' title='bbox 299 2111 493 2149; x_wconf 73' lang='lat' dir='ltr'>Chronico</span> <span class='ocrx_word' id='word_1_316' title='bbox 529 2112 776 2150; x_wconf 77' lang='lat' dir='ltr'>eremitarum</span> <span class='ocrx_word' id='word_1_317' title='bbox 801 2113 841 2152; x_wconf 87' lang='lat' dir='ltr'>S.</span> <span class='ocrx_word' id='word_1_318' title='bbox 867 2114 1092 2163; x_wconf 74' lang='lat' dir='ltr'>Augustini</span> <span class='ocrx_word' id='word_1_319' title='bbox 1125 2114 1242 2152; x_wconf 89' lang='lat' dir='ltr'>aiunt</span> <span class='ocrx_word' id='word_1_320' title='bbox 1267 2114 1499 2153; x_wconf 85' lang='lat' dir='ltr'>Galfridum</span> <span class='ocrx_word' id='word_1_321' title='bbox 1524 2114 1796 2153; x_wconf 81' lang='lat' dir='ltr'>Grandefelde</span> <span class='ocrx_word' id='word_1_322' title='bbox 1821 2114 2014 2168; x_wconf 82' lang='lat' dir='ltr'>Augusti-</span> 
     </span>
    </p>
   </div>
   <div class='ocr_carea' id='block_1_7' title="bbox 299 2272 2019 3171">
    <p class='ocr_par' dir='ltr' id='par_1_10' title="bbox 299 2272 2019 3171">
     <span class='ocr_line' id='line_1_33' title="bbox 347 2272 2014 2320; baseline 0.002 -16"><span class='ocrx_word' id='word_1_323' title='bbox 347 2273 378 2305; x_wconf 89' lang='lat'>1.</span> <span class='ocrx_word' id='word_1_324' title='bbox 400 2272 448 2305; x_wconf 91' lang='lat' dir='ltr'>Le</span> <span class='ocrx_word' id='word_1_325' title='bbox 468 2273 635 2306; x_wconf 83' lang='lat' dir='ltr'>cardinal</span> <span class='ocrx_word' id='word_1_326' title='bbox 653 2274 778 2307; x_wconf 88' lang='lat' dir='ltr'>arriva</span> <span class='ocrx_word' id='word_1_327' title='bbox 796 2275 817 2307; x_wconf 75' lang='lat' dir='ltr'>a</span> <span class='ocrx_word' id='word_1_328' title='bbox 837 2275 956 2308; x_wconf 83' lang='lat' dir='ltr'>Rome</span> <span class='ocrx_word' id='word_1_329' title='bbox 979 2276 1072 2309; x_wconf 88' lang='lat' dir='ltr'>dans</span> <span class='ocrx_word' id='word_1_330' title='bbox 1090 2276 1141 2309; x_wconf 84' lang='lat' dir='ltr'>les</span> <span class='ocrx_word' id='word_1_331' title='bbox 1160 2276 1338 2320; x_wconf 87' lang='lat' dir='ltr'>premiers</span> <span class='ocrx_word' id='word_1_332' title='bbox 1357 2277 1460 2320; x_wconf 89' lang='lat' dir='ltr'>jours</span> <span class='ocrx_word' id='word_1_333' title='bbox 1490 2277 1534 2309; x_wconf 92' lang='lat' dir='ltr'>de</span> <span class='ocrx_word' id='word_1_334' title='bbox 1552 2277 1658 2310; x_wconf 83' lang='lat'><strong>1350.</strong></span> <span class='ocrx_word' id='word_1_335' title='bbox 1679 2276 1748 2309; x_wconf 89' lang='lat' dir='ltr'>Les</span> <span class='ocrx_word' id='word_1_336' title='bbox 1769 2275 1950 2309; x_wconf 81' lang='lat' dir='ltr'>Romains</span> <span class='ocrx_word' id='word_1_337' title='bbox 1969 2288 2014 2309; x_wconf 88' lang='lat' dir='ltr'>ne</span> 
     </span>
     <span class='ocr_line' id='line_1_34' title="bbox 300 2325 2016 2374; baseline 0.003 -17"><span class='ocrx_word' id='word_1_338' title='bbox 300 2325 349 2357; x_wconf 89' lang='lat' dir='ltr'>lui</span> <span class='ocrx_word' id='word_1_339' title='bbox 378 2325 489 2358; x_wconf 85' lang='lat' dir='ltr'>firent</span> <span class='ocrx_word' id='word_1_340' title='bbox 515 2338 581 2369; x_wconf 88' lang='lat' dir='ltr'>pas</span> <span class='ocrx_word' id='word_1_341' title='bbox 607 2327 684 2360; x_wconf 87' lang='lat' dir='ltr'>bon</span> <span class='ocrx_word' id='word_1_342' title='bbox 710 2328 867 2368; x_wconf 83' lang='lat' dir='ltr'>aecueil;</span> <span class='ocrx_word' id='word_1_343' title='bbox 896 2329 995 2362; x_wconf 87' lang='lat' dir='ltr'>aussi</span> <span class='ocrx_word' id='word_1_344' title='bbox 1022 2329 1291 2362; x_wconf 88' lang='lat' dir='ltr'>demanda-t-il</span> <span class='ocrx_word' id='word_1_345' title='bbox 1316 2341 1385 2363; x_wconf 87' lang='lat' dir='ltr'>son</span> <span class='ocrx_word' id='word_1_346' title='bbox 1409 2331 1540 2374; x_wconf 89' lang='lat' dir='ltr'>rappel</span> <span class='ocrx_word' id='word_1_347' title='bbox 1571 2329 1623 2372; x_wconf 85' lang='lat' dir='ltr'>(E.</span> <span class='ocrx_word' id='word_1_348' title='bbox 1656 2329 1938 2370; x_wconf 85' lang='lat' dir='ltr'>Rodocanachi,</span> <span class='ocrx_word' id='word_1_349' title='bbox 1964 2329 2016 2362; x_wconf 83' lang='lat' dir='ltr'>Le</span> 
     </span>
     <span class='ocr_line' id='line_1_35' title="bbox 300 2379 2016 2427; baseline 0.003 -16"><span class='ocrx_word' id='word_1_350' title='bbox 300 2379 454 2421; x_wconf 80' lang='lat' dir='ltr'>premier</span> <span class='ocrx_word' id='word_1_351' title='bbox 469 2379 584 2422; x_wconf 79' lang='lat' dir='ltr'>jubile</span> <span class='ocrx_word' id='word_1_352' title='bbox 602 2380 642 2413; x_wconf 80' lang='lat' dir='ltr'>cle</span> <span class='ocrx_word' id='word_1_353' title='bbox 658 2380 763 2421; x_wconf 84' lang='lat'><strong>1350,</strong></span> <span class='ocrx_word' id='word_1_354' title='bbox 784 2381 899 2422; x_wconf 87' lang='lat' dir='ltr'>Paris,</span> <span class='ocrx_word' id='word_1_355' title='bbox 919 2381 1041 2426; x_wconf 85' lang='lat'><strong>1912).</strong></span> <span class='ocrx_word' id='word_1_356' title='bbox 1059 2401 1109 2405; x_wconf 84' lang='lat'>——</span> <span class='ocrx_word' id='word_1_357' title='bbox 1125 2382 1175 2416; x_wconf 91' lang='lat' dir='ltr'>Le</span> <span class='ocrx_word' id='word_1_358' title='bbox 1192 2394 1304 2416; x_wconf 85' lang='lat' dir='ltr'>sceau</span> <span class='ocrx_word' id='word_1_359' title='bbox 1322 2383 1528 2417; x_wconf 85' lang='lat' dir='ltr'>d’Annibal</span> <span class='ocrx_word' id='word_1_360' title='bbox 1546 2395 1567 2416; x_wconf 92' lang='lat' dir='ltr'>a</span> <span class='ocrx_word' id='word_1_361' title='bbox 1589 2385 1645 2416; x_wconf 75' lang='lat' dir='ltr'>ete</span> <span class='ocrx_word' id='word_1_362' title='bbox 1666 2383 1784 2416; x_wconf 71' lang='lat' dir='ltr'>decrit</span> <span class='ocrx_word' id='word_1_363' title='bbox 1801 2394 1869 2427; x_wconf 83' lang='lat' dir='ltr'>par</span> <span class='ocrx_word' id='word_1_364' title='bbox 1887 2382 2016 2416; x_wconf 73' lang='lat' dir='ltr'>Donet</span> 
     </span>
     <span class='ocr_line' id='line_1_36' title="bbox 301 2431 2015 2480; baseline 0.002 -16"><span class='ocrx_word' id='word_1_365' title='bbox 301 2431 439 2475; x_wconf 88' lang='lat' dir='ltr'>d&#39;Arcq</span> <span class='ocrx_word' id='word_1_366' title='bbox 460 2432 668 2475; x_wconf 78' lang='lat' dir='ltr'>(Collection</span> <span class='ocrx_word' id='word_1_367' title='bbox 684 2434 725 2467; x_wconf 85' lang='lat' dir='ltr'>de</span> <span class='ocrx_word' id='word_1_368' title='bbox 739 2446 881 2475; x_wconf 74' lang='lat' dir='ltr'>sceaux,</span> <span class='ocrx_word' id='word_1_369' title='bbox 900 2441 926 2468; x_wconf 89' lang='lat' dir='ltr'>t.</span> <span class='ocrx_word' id='word_1_370' title='bbox 943 2433 997 2476; x_wconf 79' lang='lat'><strong>111,</strong></span> <span class='ocrx_word' id='word_1_371' title='bbox 1015 2447 1051 2469; x_wconf 90' lang='lat' dir='ltr'>n.</span> <span class='ocrx_word' id='word_1_372' title='bbox 1070 2435 1191 2480; x_wconf 84' lang='lat'><strong>6183).</strong></span> <span class='ocrx_word' id='word_1_373' title='bbox 1208 2455 1258 2459; x_wconf 88' lang='lat'>-—</span> <span class='ocrx_word' id='word_1_374' title='bbox 1273 2437 1334 2470; x_wconf 91' lang='lat' dir='ltr'>Un</span> <span class='ocrx_word' id='word_1_375' title='bbox 1350 2437 1494 2470; x_wconf 80' lang='lat' dir='ltr'>temoin</span> <span class='ocrx_word' id='word_1_376' title='bbox 1511 2437 1672 2471; x_wconf 86' lang='lat' dir='ltr'>oculaire</span> <span class='ocrx_word' id='word_1_377' title='bbox 1689 2448 1782 2470; x_wconf 89' lang='lat' dir='ltr'>nous</span> <span class='ocrx_word' id='word_1_378' title='bbox 1800 2448 1821 2469; x_wconf 88' lang='lat' dir='ltr'>a</span> <span class='ocrx_word' id='word_1_379' title='bbox 1838 2435 2015 2470; x_wconf 86' lang='lat' dir='ltr'>transmis</span> 
     </span>
     <span class='ocr_line' id='line_1_37' title="bbox 299 2485 2018 2533; baseline 0.003 -16"><span class='ocrx_word' id='word_1_380' title='bbox 299 2485 330 2517; x_wconf 87' lang='lat' dir='ltr'>le</span> <span class='ocrx_word' id='word_1_381' title='bbox 355 2491 505 2528; x_wconf 85' lang='lat' dir='ltr'>compte</span> <span class='ocrx_word' id='word_1_382' title='bbox 528 2487 648 2519; x_wconf 87' lang='lat' dir='ltr'>rendu</span> <span class='ocrx_word' id='word_1_383' title='bbox 673 2487 785 2521; x_wconf 81' lang='lat' dir='ltr'>d’une</span> <span class='ocrx_word' id='word_1_384' title='bbox 800 2487 876 2521; x_wconf 72' lang='lat' dir='ltr'>sete</span> <span class='ocrx_word' id='word_1_385' title='bbox 902 2488 1046 2522; x_wconf 79' lang='lat' dir='ltr'>donnee</span> <span class='ocrx_word' id='word_1_386' title='bbox 1067 2501 1136 2532; x_wconf 90' lang='lat' dir='ltr'>par</span> <span class='ocrx_word' id='word_1_387' title='bbox 1155 2488 1208 2522; x_wconf 87' lang='lat' dir='ltr'>lui</span> <span class='ocrx_word' id='word_1_388' title='bbox 1227 2490 1248 2522; x_wconf 79' lang='lat' dir='ltr'>a</span> <span class='ocrx_word' id='word_1_389' title='bbox 1271 2489 1441 2524; x_wconf 81' lang='lat' dir='ltr'>Clement</span> <span class='ocrx_word' id='word_1_390' title='bbox 1455 2490 1508 2523; x_wconf 90' lang='lat' dir='ltr'>VI</span> <span class='ocrx_word' id='word_1_391' title='bbox 1528 2502 1574 2523; x_wconf 88' lang='lat' dir='ltr'>en</span> <span class='ocrx_word' id='word_1_392' title='bbox 1598 2491 1690 2524; x_wconf 87' lang='lat'><strong>1343</strong></span> <span class='ocrx_word' id='word_1_393' title='bbox 1717 2489 1903 2533; x_wconf 74' lang='lat' dir='ltr'>(Archivio</span> <span class='ocrx_word' id='word_1_394' title='bbox 1925 2489 2018 2523; x_wconf 86' lang='lat' dir='ltr'>della</span> 
     </span>
     <span class='ocr_line' id='line_1_38' title="bbox 303 2537 2014 2587; baseline 0.004 -18"><span class='ocrx_word' id='word_1_395' title='bbox 303 2537 442 2571; x_wconf 62' lang='lat' dir='ltr'>Societci</span> <span class='ocrx_word' id='word_1_396' title='bbox 460 2538 629 2572; x_wconf 81' lang='lat' dir='ltr'>Romana</span> <span class='ocrx_word' id='word_1_397' title='bbox 649 2541 686 2574; x_wconf 73' lang='lat' dir='ltr'>cli</span> <span class='ocrx_word' id='word_1_398' title='bbox 705 2542 818 2575; x_wconf 82' lang='lat' dir='ltr'>storia</span> <span class='ocrx_word' id='word_1_399' title='bbox 836 2542 969 2585; x_wconf 76' lang='lat' dir='ltr'>patria,</span> <span class='ocrx_word' id='word_1_400' title='bbox 992 2548 1019 2575; x_wconf 88' lang='lat' dir='ltr'>t.</span> <span class='ocrx_word' id='word_1_401' title='bbox 1041 2554 1125 2575; x_wconf 83' lang='lat' dir='ltr'>XXII</span> <span class='ocrx_word' id='word_1_402' title='bbox 1149 2542 1284 2587; x_wconf 86' lang='lat'><strong>(1899),</strong></span> <span class='ocrx_word' id='word_1_403' title='bbox 1307 2555 1342 2587; x_wconf 89' lang='lat' dir='ltr'>p.</span> <span class='ocrx_word' id='word_1_404' title='bbox 1365 2543 1552 2587; x_wconf 88' lang='lat'><strong>371-381).</strong></span> <span class='ocrx_word' id='word_1_405' title='bbox 1569 2562 1618 2566; x_wconf 91' lang='lat'><strong>—</strong></span> <span class='ocrx_word' id='word_1_406' title='bbox 1632 2543 1702 2577; x_wconf 87' lang='lat' dir='ltr'>Sur</span> <span class='ocrx_word' id='word_1_407' title='bbox 1721 2543 1753 2576; x_wconf 86' lang='lat' dir='ltr'>le</span> <span class='ocrx_word' id='word_1_408' title='bbox 1768 2546 2014 2587; x_wconf 82' lang='lat' dir='ltr'>personnage,</span> 
     </span>
     <span class='ocr_line' id='line_1_39' title="bbox 305 2590 2014 2640; baseline 0.004 -18"><span class='ocrx_word' id='word_1_409' title='bbox 305 2591 382 2623; x_wconf 85' lang='lat' dir='ltr'>voir</span> <span class='ocrx_word' id='word_1_410' title='bbox 402 2590 561 2625; x_wconf 69' lang='lat' dir='ltr'>Clemenl</span> <span class='ocrx_word' id='word_1_411' title='bbox 582 2593 623 2633; x_wconf 83' lang='lat' dir='ltr'><strong>V,</strong></span> <span class='ocrx_word' id='word_1_412' title='bbox 645 2605 679 2627; x_wconf 91' lang='lat' dir='ltr'>n.</span> <span class='ocrx_word' id='word_1_413' title='bbox 701 2595 812 2634; x_wconf 85' lang='lat'><strong>3115;</strong></span> <span class='ocrx_word' id='word_1_414' title='bbox 833 2594 976 2635; x_wconf 88' lang='lat' dir='ltr'>Mollat,</span> <span class='ocrx_word' id='word_1_415' title='bbox 998 2607 1032 2628; x_wconf 90' lang='lat' dir='ltr'>n.</span> <span class='ocrx_word' id='word_1_416' title='bbox 1054 2596 1190 2636; x_wconf 89' lang='grc'>47716;</span> <span class='ocrx_word' id='word_1_417' title='bbox 1211 2596 1376 2637; x_wconf 64' lang='grc' dir='ltr'>ΞΟΙῚὲΪθΓ,</span> <span class='ocrx_word' id='word_1_418' title='bbox 1395 2596 1547 2630; x_wconf 75' lang='lat' dir='ltr'>Johann</span> <span class='ocrx_word' id='word_1_419' title='bbox 1561 2596 1699 2637; x_wconf 83' lang='lat' dir='ltr'><em>XXII,</em></span> <span class='ocrx_word' id='word_1_420' title='bbox 1717 2608 1752 2640; x_wconf 91' lang='lat' dir='ltr'>p.</span> <span class='ocrx_word' id='word_1_421' title='bbox 1774 2596 1860 2636; x_wconf 84' lang='lat'><strong>512;</strong></span> <span class='ocrx_word' id='word_1_422' title='bbox 1880 2595 2014 2636; x_wconf 72' lang='lat' dir='ltr'>Goller,</span> 
     </span>
     <span class='ocr_line' id='line_1_40' title="bbox 302 2643 2013 2694; baseline 0.004 -19"><span class='ocrx_word' id='word_1_423' title='bbox 302 2643 454 2677; x_wconf 73' lang='lat' dir='ltr'>Johann</span> <span class='ocrx_word' id='word_1_424' title='bbox 477 2644 614 2686; x_wconf 84' lang='lat' dir='ltr'><em>XXII,</em></span> <span class='ocrx_word' id='word_1_425' title='bbox 643 2658 676 2690; x_wconf 91' lang='lat' dir='ltr'>p.</span> <span class='ocrx_word' id='word_1_426' title='bbox 706 2648 761 2687; x_wconf 82' lang='lat'><strong>65,</strong></span> <span class='ocrx_word' id='word_1_427' title='bbox 789 2648 845 2688; x_wconf 83' lang='lat'><strong>76,</strong></span> <span class='ocrx_word' id='word_1_428' title='bbox 874 2649 935 2689; x_wconf 83' lang='lat'>88;</span> <span class='ocrx_word' id='word_1_429' title='bbox 965 2648 1093 2689; x_wconf 85' lang='lat' dir='ltr'>Finke,</span> <span class='ocrx_word' id='word_1_430' title='bbox 1120 2649 1214 2683; x_wconf 76' lang='lat' dir='ltr'>Acta</span> <span class='ocrx_word' id='word_1_431' title='bbox 1237 2650 1508 2693; x_wconf 69' lang='lat' dir='ltr'>Aragonensia,</span> <span class='ocrx_word' id='word_1_432' title='bbox 1536 2656 1562 2684; x_wconf 83' lang='lat' dir='ltr'>t.</span> <span class='ocrx_word' id='word_1_433' title='bbox 1588 2662 1611 2690; x_wconf 83' lang='lat'><strong>1,</strong></span> <span class='ocrx_word' id='word_1_434' title='bbox 1639 2662 1674 2694; x_wconf 89' lang='lat' dir='ltr'>p.</span> <span class='ocrx_word' id='word_1_435' title='bbox 1701 2650 1782 2690; x_wconf 86' lang='lat'><strong>434,</strong></span> <span class='ocrx_word' id='word_1_436' title='bbox 1810 2650 1897 2690; x_wconf 81' lang='lat'><strong>435;</strong></span> <span class='ocrx_word' id='word_1_437' title='bbox 1924 2654 1951 2683; x_wconf 85' lang='lat' dir='ltr'>t.</span> <span class='ocrx_word' id='word_1_438' title='bbox 1976 2661 2013 2689; x_wconf 92' lang='lat'>11,</span> 
     </span>
     <span class='ocr_line' id='line_1_41' title="bbox 304 2697 2017 2747; baseline 0.004 -18"><span class='ocrx_word' id='word_1_439' title='bbox 304 2708 336 2739; x_wconf 77' lang='lat' dir='ltr'>p.</span> <span class='ocrx_word' id='word_1_440' title='bbox 356 2697 442 2736; x_wconf 74' lang='lat'>5303</span> <span class='ocrx_word' id='word_1_441' title='bbox 460 2697 581 2738; x_wconf 76' lang='lat' dir='ltr'>Vidal,</span> <span class='ocrx_word' id='word_1_442' title='bbox 602 2705 627 2732; x_wconf 83' lang='lat' dir='ltr'>t.</span> <span class='ocrx_word' id='word_1_443' title='bbox 644 2712 695 2740; x_wconf 83' lang='lat'><strong>111,</strong></span> <span class='ocrx_word' id='word_1_444' title='bbox 714 2712 748 2743; x_wconf 92' lang='lat' dir='ltr'>p.</span> <span class='ocrx_word' id='word_1_445' title='bbox 767 2701 830 2741; x_wconf 84' lang='lat'><strong>123</strong></span> <span class='ocrx_word' id='word_1_446' title='bbox 851 2701 997 2735; x_wconf 88' lang='lat' dir='ltr'>Denifle</span> <span class='ocrx_word' id='word_1_447' title='bbox 1014 2708 1052 2735; x_wconf 86' lang='lat' dir='ltr'>et</span> <span class='ocrx_word' id='word_1_448' title='bbox 1068 2700 1277 2743; x_wconf 67' lang='lat' dir='ltr'>Chatelain,</span> <span class='ocrx_word' id='word_1_449' title='bbox 1297 2702 1583 2743; x_wconf 67' lang='lat' dir='ltr'>Chartularium,</span> <span class='ocrx_word' id='word_1_450' title='bbox 1604 2709 1629 2736; x_wconf 87' lang='lat' dir='ltr'>t.</span> <span class='ocrx_word' id='word_1_451' title='bbox 1646 2715 1683 2743; x_wconf 92' lang='lat'><strong>11,</strong></span> <span class='ocrx_word' id='word_1_452' title='bbox 1701 2715 1737 2747; x_wconf 91' lang='lat' dir='ltr'>p.</span> <span class='ocrx_word' id='word_1_453' title='bbox 1757 2703 1843 2743; x_wconf 87' lang='lat'>753;</span> <span class='ocrx_word' id='word_1_454' title='bbox 1859 2702 1905 2736; x_wconf 92' lang='lat' dir='ltr'>K.</span> <span class='ocrx_word' id='word_1_455' title='bbox 1924 2702 2017 2735; x_wconf 86' lang='lat' dir='ltr'>Bur—</span> 
     </span>
     <span class='ocr_line' id='line_1_42' title="bbox 304 2750 2015 2799; baseline 0.005 -18"><span class='ocrx_word' id='word_1_456' title='bbox 304 2750 410 2790; x_wconf 83' lang='lat' dir='ltr'>‹1ach,</span> <span class='ocrx_word' id='word_1_457' title='bbox 430 2750 681 2793; x_wconf 69' lang='lat' dir='ltr'>Briesweclzsel</span> <span class='ocrx_word' id='word_1_458' title='bbox 698 2754 757 2786; x_wconf 80' lang='lat' dir='ltr'>des</span> <span class='ocrx_word' id='word_1_459' title='bbox 776 2753 865 2787; x_wconf 61' lang='lat' dir='ltr'>Colca</span> <span class='ocrx_word' id='word_1_460' title='bbox 883 2755 920 2788; x_wconf 69' lang='lat' dir='ltr'>di</span> <span class='ocrx_word' id='word_1_461' title='bbox 938 2755 1085 2795; x_wconf 77' lang='lat' dir='ltr'>Rienzo,</span> <span class='ocrx_word' id='word_1_462' title='bbox 1106 2761 1132 2789; x_wconf 86' lang='lat' dir='ltr'>t.</span> <span class='ocrx_word' id='word_1_463' title='bbox 1151 2754 1202 2796; x_wconf 77' lang='lat'><strong>114,</strong></span> <span class='ocrx_word' id='word_1_464' title='bbox 1223 2767 1257 2789; x_wconf 92' lang='lat' dir='ltr'>n.</span> <span class='ocrx_word' id='word_1_465' title='bbox 1279 2756 1335 2796; x_wconf 83' lang='lat'><strong>48,</strong></span> <span class='ocrx_word' id='word_1_466' title='bbox 1362 2757 1489 2796; x_wconf 83' lang='lat'>50-52;</span> <span class='ocrx_word' id='word_1_467' title='bbox 1510 2756 1558 2789; x_wconf 93' lang='lat' dir='ltr'>H.</span> <span class='ocrx_word' id='word_1_468' title='bbox 1584 2757 1638 2796; x_wconf 90' lang='lat' dir='ltr'>L.‚</span> <span class='ocrx_word' id='word_1_469' title='bbox 1665 2762 1691 2790; x_wconf 85' lang='lat' dir='ltr'>t.</span> <span class='ocrx_word' id='word_1_470' title='bbox 1713 2768 1850 2796; x_wconf 81' lang='lat' dir='ltr'>XXXIV,</span> <span class='ocrx_word' id='word_1_471' title='bbox 1872 2767 1906 2799; x_wconf 95' lang='lat' dir='ltr'>p.</span> <span class='ocrx_word' id='word_1_472' title='bbox 1928 2756 2015 2796; x_wconf 84' lang='lat'><strong>635;</strong></span> 
     </span>
     <span class='ocr_line' id='line_1_43' title="bbox 306 2802 2017 2852; baseline 0.005 -19"><span class='ocrx_word' id='word_1_473' title='bbox 306 2802 456 2843; x_wconf 80' lang='lat' dir='ltr'>Wenck,</span> <span class='ocrx_word' id='word_1_474' title='bbox 486 2804 558 2837; x_wconf 78' lang='lat' dir='ltr'>Die</span> <span class='ocrx_word' id='word_1_475' title='bbox 588 2806 827 2850; x_wconf 63' lang='lat' dir='ltr'>Erit-dnlsung</span> <span class='ocrx_word' id='word_1_476' title='bbox 857 2809 955 2841; x_wconf 70' lang='lat' dir='ltr'>eines</span> <span class='ocrx_word' id='word_1_477' title='bbox 984 2809 1214 2852; x_wconf 36' lang='lat' dir='ltr'>pc&#39;ispstlichen</span> <span class='ocrx_word' id='word_1_478' title='bbox 1243 2809 1360 2843; x_wconf 78' lang='lat' dir='ltr'>Boten</span> <span class='ocrx_word' id='word_1_479' title='bbox 1390 2810 1501 2843; x_wconf 79' lang='lat' dir='ltr'>durch</span> <span class='ocrx_word' id='word_1_480' title='bbox 1532 2810 1589 2843; x_wconf 85' lang='lat' dir='ltr'>die</span> <span class='ocrx_word' id='word_1_481' title='bbox 1620 2821 1687 2842; x_wconf 63' lang='lat' dir='ltr'>von</span> <span class='ocrx_word' id='word_1_482' title='bbox 1716 2809 1944 2842; x_wconf 37' lang='lat' dir='ltr'>Losxf‘enstein</span> <span class='ocrx_word' id='word_1_483' title='bbox 1972 2820 2017 2841; x_wconf 88' lang='lat' dir='ltr'>zu</span> 
     </span>
     <span class='ocr_line' id='line_1_44' title="bbox 307 2855 2019 2906; baseline 0.006 -20"><span class='ocrx_word' id='word_1_484' title='bbox 307 2855 460 2888; x_wconf 76' lang='lat' dir='ltr'>Frilzlar</span> <span class='ocrx_word' id='word_1_485' title='bbox 478 2858 552 2889; x_wconf 77' lang='lat' dir='ltr'>und</span> <span class='ocrx_word' id='word_1_486' title='bbox 567 2858 754 2892; x_wconf 63' lang='lat' dir='ltr'>Kardtnal</span> <span class='ocrx_word' id='word_1_487' title='bbox 768 2860 983 2894; x_wconf 72' lang='lat' dir='ltr'>Annibaldo</span> <span class='ocrx_word' id='word_1_488' title='bbox 1000 2861 1170 2902; x_wconf 82' lang='lat' dir='ltr'>Ceccano,</span> <span class='ocrx_word' id='word_1_489' title='bbox 1190 2863 1281 2895; x_wconf 88' lang='lat' dir='ltr'>dans</span> <span class='ocrx_word' id='word_1_490' title='bbox 1299 2863 1506 2906; x_wconf 70' lang='lat' dir='ltr'>Zeilschrisl</span> <span class='ocrx_word' id='word_1_491' title='bbox 1522 2863 1581 2896; x_wconf 79' lang='lat' dir='ltr'>des</span> <span class='ocrx_word' id='word_1_492' title='bbox 1601 2863 1752 2896; x_wconf 79' lang='lat' dir='ltr'>Vereins</span> <span class='ocrx_word' id='word_1_493' title='bbox 1766 2863 1826 2906; x_wconf 69' lang='lat' dir='ltr'>stit</span> <span class='ocrx_word' id='word_1_494' title='bbox 1840 2862 2019 2896; x_wconf 78' lang='lat' dir='ltr'>lzessische</span> 
     </span>
     <span class='ocr_line' id='line_1_45' title="bbox 312 2907 2016 2960; baseline 0.004 -20"><span class='ocrx_word' id='word_1_495' title='bbox 312 2907 513 2942; x_wconf 63' lang='lat' dir='ltr'>Geschiclzle</span> <span class='ocrx_word' id='word_1_496' title='bbox 532 2911 607 2943; x_wconf 73' lang='lat' dir='ltr'>und</span> <span class='ocrx_word' id='word_1_497' title='bbox 622 2911 899 2954; x_wconf 78' lang='lat' dir='ltr'>Landeslcunde,</span> <span class='ocrx_word' id='word_1_498' title='bbox 919 2920 945 2948; x_wconf 89' lang='lat' dir='ltr'>t.</span> <span class='ocrx_word' id='word_1_499' title='bbox 966 2926 1077 2948; x_wconf 82' lang='lat' dir='ltr'>XXVII</span> <span class='ocrx_word' id='word_1_500' title='bbox 1099 2915 1233 2959; x_wconf 85' lang='lat'><strong>(1903),</strong></span> <span class='ocrx_word' id='word_1_501' title='bbox 1254 2927 1289 2959; x_wconf 87' lang='lat' dir='ltr'>p.</span> <span class='ocrx_word' id='word_1_502' title='bbox 1310 2916 1480 2949; x_wconf 81' lang='lat'>251-259.</span> <span class='ocrx_word' id='word_1_503' title='bbox 1498 2934 1548 2939; x_wconf 86' lang='lat'>——</span> <span class='ocrx_word' id='word_1_504' title='bbox 1565 2915 1735 2949; x_wconf 78' lang='lat' dir='ltr'>Clement</span> <span class='ocrx_word' id='word_1_505' title='bbox 1752 2916 1805 2949; x_wconf 90' lang='lat' dir='ltr'>VI</span> <span class='ocrx_word' id='word_1_506' title='bbox 1824 2926 2016 2960; x_wconf 67' lang='lat' dir='ltr'>prononea</span> 
     </span>
     <span class='ocr_line' id='line_1_46' title="bbox 309 2961 2017 3013; baseline 0.006 -22"><span class='ocrx_word' id='word_1_507' title='bbox 309 2972 356 2992; x_wconf 80' lang='lat' dir='ltr'>un</span> <span class='ocrx_word' id='word_1_508' title='bbox 375 2961 538 2995; x_wconf 76' lang='lat' dir='ltr'>discours</span> <span class='ocrx_word' id='word_1_509' title='bbox 558 2964 577 2995; x_wconf 69' lang='lat' dir='ltr'>ix</span> <span class='ocrx_word' id='word_1_510' title='bbox 594 2964 794 3002; x_wconf 77' lang='lat' dir='ltr'>l&#39;occasion</span> <span class='ocrx_word' id='word_1_511' title='bbox 813 2967 862 2999; x_wconf 89' lang='lat' dir='ltr'>du</span> <span class='ocrx_word' id='word_1_512' title='bbox 879 2973 1007 3000; x_wconf 89' lang='lat' dir='ltr'>retour</span> <span class='ocrx_word' id='word_1_513' title='bbox 1025 2969 1068 3001; x_wconf 91' lang='lat' dir='ltr'>de</span> <span class='ocrx_word' id='word_1_514' title='bbox 1086 2979 1126 3001; x_wconf 83' lang='lat' dir='ltr'>sa</span> <span class='ocrx_word' id='word_1_515' title='bbox 1143 2969 1303 3001; x_wconf 82' lang='lat' dir='ltr'>seconde</span> <span class='ocrx_word' id='word_1_516' title='bbox 1319 2968 1486 3012; x_wconf 74' lang='lat' dir='ltr'>legation</span> <span class='ocrx_word' id='word_1_517' title='bbox 1503 2980 1549 3002; x_wconf 89' lang='lat' dir='ltr'>en</span> <span class='ocrx_word' id='word_1_518' title='bbox 1567 2969 1708 3002; x_wconf 87' lang='lat' dir='ltr'>France</span> <span class='ocrx_word' id='word_1_519' title='bbox 1730 2968 1859 3013; x_wconf 88' lang='lat' dir='ltr'>(Paris,</span> <span class='ocrx_word' id='word_1_520' title='bbox 1878 2968 2017 3001; x_wconf 86' lang='lat' dir='ltr'>Biblio—</span> 
     </span>
     <span class='ocr_line' id='line_1_47' title="bbox 311 3013 2015 3066; baseline 0.006 -23"><span class='ocrx_word' id='word_1_521' title='bbox 311 3013 445 3057; x_wconf 63' lang='lat' dir='ltr'>tlmque</span> <span class='ocrx_word' id='word_1_522' title='bbox 464 3016 506 3046; x_wconf 63' lang='lat'>(10</span> <span class='ocrx_word' id='word_1_523' title='bbox 525 3016 831 3059; x_wconf 71' lang='lat' dir='ltr'>Sto—Gencvieve‚</span> <span class='ocrx_word' id='word_1_524' title='bbox 847 3031 913 3053; x_wconf 90' lang='lat' dir='ltr'>ms.</span> <span class='ocrx_word' id='word_1_525' title='bbox 927 3019 1008 3061; x_wconf 76' lang='grc'>240,</span> <span class='ocrx_word' id='word_1_526' title='bbox 1023 3020 1047 3054; x_wconf 87' lang='lat' dir='ltr'>f.</span> <span class='ocrx_word' id='word_1_527' title='bbox 1066 3021 1135 3054; x_wconf 88' lang='grc'>449</span> <span class='ocrx_word' id='word_1_528' title='bbox 1152 3021 1211 3065; x_wconf 89' lang='lat' dir='ltr'>r⁰).</span> <span class='ocrx_word' id='word_1_529' title='bbox 1225 3021 1361 3055; x_wconf 83' lang='lat' dir='ltr'>——Son</span> <span class='ocrx_word' id='word_1_530' title='bbox 1377 3027 1586 3055; x_wconf 84' lang='lat' dir='ltr'>testament</span> <span class='ocrx_word' id='word_1_531' title='bbox 1602 3021 1658 3065; x_wconf 88' lang='lat'><strong>(17</strong></span> <span class='ocrx_word' id='word_1_532' title='bbox 1671 3021 1876 3066; x_wconf 80' lang='lat' dir='ltr'>juin&#39;1348)</span> <span class='ocrx_word' id='word_1_533' title='bbox 1897 3021 2015 3054; x_wconf 83' lang='lat' dir='ltr'>existe</span> 
     </span>
     <span class='ocr_line' id='line_1_48' title="bbox 309 3067 2015 3118; baseline 0.006 -22"><span class='ocrx_word' id='word_1_534' title='bbox 309 3077 381 3098; x_wconf 66' lang='lat' dir='ltr'>:iux</span> <span class='ocrx_word' id='word_1_535' title='bbox 399 3067 578 3101; x_wconf 59' lang='lat' dir='ltr'>Arrhivcs</span> <span class='ocrx_word' id='word_1_536' title='bbox 604 3070 646 3102; x_wconf 85' lang='lat' dir='ltr'>de</span> <span class='ocrx_word' id='word_1_537' title='bbox 664 3070 861 3112; x_wconf 80' lang='lat' dir='ltr'>Vaueluse,</span> <span class='ocrx_word' id='word_1_538' title='bbox 883 3072 917 3105; x_wconf 91' lang='lat' dir='ltr'>H</span> <span class='ocrx_word' id='word_1_539' title='bbox 936 3073 1115 3107; x_wconf 79' lang='lat' dir='ltr'>Celestins</span> <span class='ocrx_word' id='word_1_540' title='bbox 1139 3075 1183 3107; x_wconf 86' lang='lat' dir='ltr'>de</span> <span class='ocrx_word' id='word_1_541' title='bbox 1202 3073 1379 3118; x_wconf 85' lang='lat' dir='ltr'>Gentilly,</span> <span class='ocrx_word' id='word_1_542' title='bbox 1399 3086 1434 3108; x_wconf 90' lang='lat' dir='ltr'>n.</span> <span class='ocrx_word' id='word_1_543' title='bbox 1455 3075 1486 3108; x_wconf 89' lang='grc'>6.</span> <span class='ocrx_word' id='word_1_544' title='bbox 1504 3094 1553 3098; x_wconf 81' lang='lat'>—</span> <span class='ocrx_word' id='word_1_545' title='bbox 1568 3074 1639 3108; x_wconf 88' lang='lat' dir='ltr'>Sur</span> <span class='ocrx_word' id='word_1_546' title='bbox 1655 3086 1695 3108; x_wconf 87' lang='lat' dir='ltr'>sa</span> <span class='ocrx_word' id='word_1_547' title='bbox 1712 3081 1813 3108; x_wconf 86' lang='lat' dir='ltr'>mort</span> <span class='ocrx_word' id='word_1_548' title='bbox 1829 3085 2015 3108; x_wconf 78' lang='lat' dir='ltr'>survenue</span> 
     </span>
     <span class='ocr_line' id='line_1_49' title="bbox 309 3120 1231 3171; baseline 0.013 -22"><span class='ocrx_word' id='word_1_549' title='bbox 309 3130 352 3150; x_wconf 67' lang='lat' dir='ltr'>vn</span> <span class='ocrx_word' id='word_1_550' title='bbox 378 3120 469 3152; x_wconf 70' lang='lat' dir='ltr'>aosit</span> <span class='ocrx_word' id='word_1_551' title='bbox 494 3121 596 3161; x_wconf 72' lang='lat'><strong>1350,</strong></span> <span class='ocrx_word' id='word_1_552' title='bbox 626 3122 776 3157; x_wconf 73' lang='lat' dir='ltr'>Gauico</span> <span class='ocrx_word' id='word_1_553' title='bbox 806 3124 911 3168; x_wconf 82' lang='lat' dir='ltr'>(Acta</span> <span class='ocrx_word' id='word_1_554' title='bbox 933 3127 1070 3167; x_wconf 80' lang='lat' dir='ltr'>selecta,</span> <span class='ocrx_word' id='word_1_555' title='bbox 1097 3138 1131 3170; x_wconf 91' lang='lat' dir='ltr'>p.</span> <span class='ocrx_word' id='word_1_556' title='bbox 1159 3127 1231 3171; x_wconf 82' lang='lat'>52).</span> 
     </span>
    </p>
   </div>
  </div>
 </body>
</html>
