2083 3458
276 215 358 257 614
928 226 1079 251 NOTAE
1114 227 1175 251 AD
1208 227 1336 253 VITAs
1593 215 1598 220 “
1830 213 1982 269 [1091]

278 313 364 364 fieri
383 311 734 351 reverendissimus
755 311 798 348 in
817 310 974 349 Christo
993 319 1104 360 pater
1123 310 1309 349 dominu‘s
1336 311 1576 350 Guillermus
1596 313 1640 350 de
1658 313 1858 361 Chanaco,
1879 313 1984 352 tituli

276 372 413 412 Sancti
452 371 598 410 Vitalis
630 371 830 421 presbyter
862 370 1095 418 cardinalis,
1129 370 1344 420 vulgariter
1376 371 1648 419 Mimatensis,
1681 387 1788 411 anno
1816 372 1984 411 Domini

277 431 485 471 millesimo
511 430 614 469 CCC
638 429 929 480 septuagesimo
954 438 1097 468 octavo.

330 492 546 530 Praeterea
563 489 731 539 collegio
748 489 889 528 Sancti
905 489 1128 537 Michaelis,
1145 489 1257 540 quod
1271 489 1313 527 in
1328 490 1540 528 academia
1557 491 1774 529 Parisiensi
1789 491 1985 529 fundavit

276 551 516 590 Guillelmus
535 550 584 588 de
602 549 793 588 Chanaco
808 549 1046 600 patriarcha
1064 549 1383 598 Alexandrinus,
1400 550 1554 600 legavit
1571 551 1797 601 quamdam
1814 551 1983 589 domum

274 619 319 649 et
342 610 545 661 quosdam
569 609 708 648 libros.
736 608 830 647 Non
853 617 1003 647 extant
1025 608 1147 647 hodie
1171 609 1273 647 Acta
1296 609 1552 648 fundationis
1575 610 1696 658 illius,
1722 610 1792 649 sed
1815 618 1983 649 tantum

276 671 556 721 fragmentum
574 668 820 707 testamenti
839 668 1027 718 ejusdem
1048 669 1311 719 patriarchae
1330 669 1612 718 Alexandrini,
1630 670 1740 720 quod
1757 670 1812 709 sic
1827 670 1955 709 habet
1976 687 1984 709 :

278 731 376 768 Item
397 730 591 777 volumus,
613 728 828 767 statuimus
849 736 884 766 et
912 728 1147 766 ordinamus
1180 729 1282 780 quod
1303 728 1346 766 in
1369 730 1479 767 domo
1501 738 1634 768 nostra
1656 744 1774 780 quam
1796 730 1984 768 habemus

277 789 464 828 Parisius
482 789 527 827 in
543 788 626 827 vico
644 789 688 826 de
704 787 870 826 Bievria
886 789 1013 826 decem
1030 788 1088 826 vel
1103 788 1309 827 duodecim
1324 788 1517 827 scholares
1534 785 1703 827 habeant
1720 789 1983 838 mansionem,·

274 863 440 900 quorum
461 863 566 887 unus
584 847 636 886 sit
655 847 870 898 presbyter,
891 847 959 898 qui
980 847 1023 885 in
1042 848 1195 899 capella
1212 848 1390 897 ejusdem
1407 849 1546 887 domus
1564 863 1634 899 per
1650 863 1691 887 se
1710 849 1768 887 vel
1784 849 1913 887 alium
1931 857 1985 886 ter

272 909 325 947 ad
345 908 480 947 minus
502 908 546 946 in
564 908 792 958 septimana
811 907 953 946 habeat
972 907 1164 946 celebrare
1183 922 1254 957 pro
1276 915 1409 946 nostra
1427 908 1566 955 salute,
1588 917 1799 959 parentum
1818 916 1852 946 et
1875 909 1982 946 bene-

273 969 467 1018 factorum
491 975 724 1006 nostrorum.
750 967 802 1005 Et
823 966 931 1006 alius
954 968 998 1005 de
1022 967 1122 1005 dicto
1146 981 1308 1005 numero
1330 976 1560 1018 procurator
1582 969 1721 1007 domus
1742 967 1984 1007 scholarium
2003 1007 2007 1011 ,

274 1028 497 1066 eorumdem
518 1027 661 1066 existat
681 1028 734 1065 ad
754 1027 910 1077 agenda
932 1026 1090 1077 negotia
1111 1034 1226 1077 atque
1245 1026 1341 1077 jura
1363 1027 1617 1077 defendenda.
1642 1027 1770 1066 Ceteri
1793 1041 1878 1066 vero
1903 1042 1984 1066 una

275 1102 363 1126 cum
383 1087 571 1138 predictis
593 1087 747 1125 duobus
768 1087 820 1125 ad
839 1086 1063 1125 audiendas
1082 1086 1271 1125 scientias
1292 1086 1423 1125 licitas
1443 1095 1477 1125 et
1496 1088 1734 1126 studendum
1756 1087 1800 1125 in
1819 1087 1876 1125 eis
1896 1101 1981 1138 per-

273 1155 389 1198 petuo
412 1161 549 1186 vacare
570 1147 740 1186 habeant
762 1146 955 1197 quamdiu
977 1146 1021 1184 in
1041 1147 1176 1185 eadem
1198 1147 1310 1185 domo
1332 1147 1559 1185 manebunt.
1585 1146 1751 1198 Sintque
1773 1146 1855 1198 ipsi
1875 1147 1981 1185 scho-

273 1206 374 1245 lares
392 1208 442 1246 rde
464 1206 736 1245 Lemovicinio
759 1205 934 1245 oriundi.
960 1206 1012 1244 Et
1032 1206 1069 1244 si
1091 1205 1220 1257 aliqui
1243 1207 1288 1245 de
1311 1221 1393 1245 meo
1417 1221 1552 1257 genere
1573 1206 1725 1256 fuerint
1748 1206 1981 1257 indigentes,

274 1267 340 1317 qui
362 1266 555 1305 voluerint
575 1281 697 1304 causa
716 1265 842 1304 studii
863 1265 907 1304 in
925 1266 1061 1304 eadem
1080 1267 1192 1304 domo
1214 1281 1383 1313 manere,
1405 1266 1538 1305 ceteris
1557 1266 1820 1316 preferantur.
1842 1267 1894 1304 Et
1913 1280 1983 1317 pro

272 1326 557 1365 sustentatione
594 1325 667 1364 vite
703 1334 737 1363 et
783 1325 1095 1364 necessariorum
1140 1334 1295 1365 centum
1342 1326 1467 1365 libras
1510 1334 1739 1364 turonenses
1775 1326 1905 1364 annui
1950 1334 1984 1363 et

273 1386 453 1437 perpetui
472 1386 621 1424 reditus
638 1385 696 1423 eis
713 1393 747 1423 et
766 1385 864 1424 dicte
882 1385 1017 1424 domui
1035 1386 1079 1424 de
1097 1385 1209 1424 bonis
1224 1385 1369 1424 nostris
1381 1386 1561 1424 volumus
1571 1386 1800 1435 etjubemus
1815 1385 1983 1424 assideri

272 1454 307 1485 et
322 1446 469 1485 eisdem
485 1445 705 1495 assignari,
726 1460 877 1483 necnon
894 1446 938 1483 de
955 1445 1201 1484 ornamentis
1218 1445 1453 1484 necessariis
1470 1445 1568 1483 dicte
1585 1445 1745 1495 capelle,
1764 1454 1798 1483 et
1815 1446 1859 1484 de
1877 1445 1984 1483 lectis

273 1520 343 1556 pro
371 1505 473 1556 ipsis
500 1504 761 1551 scholaribus,
789 1504 978 1555 certisque
1004 1504 1120 1543 libris
1146 1505 1393 1544 diversarum
1418 1505 1653 1552 facultatum
1678 1505 1731 1543 ad
1755 1504 1984 1555 esgardium

272 1573 520 1604 executorum
533 1573 768 1612 nostrorum,
785 1564 867 1602 nisi
886 1579 957 1602 nos
970 1564 1288 1603 ordinaverimus
1303 1565 1346 1602 in
1360 1565 1440 1603 vita
1453 1572 1598 1612 nostra,
1620 1565 1800 1602 volumus
1812 1565 1984 1602 decenter

273 1624 471 1675 provideri
489 1639 571 1662 una
586 1624 666 1662 vice
681 1625 898 1663 dumtaxat.
918 1624 1032 1675 Quod
1045 1625 1098 1663 ad
1111 1638 1243 1663 rerum
1257 1624 1540 1662 alienationem
1554 1623 1824 1662 omnimodam
1838 1624 1984 1662 eisdem

272 1684 532 1732 scholaribus,
563 1698 653 1722 cum
680 1699 746 1722 eas
776 1683 820 1722 in
847 1684 982 1722 eadem
1010 1684 1122 1722 domo
1151 1698 1222 1734 pro
1252 1699 1328 1722 usu
1367 1684 1547 1734 ipsorum
1582 1698 1781 1722 remanere
1819 1683 1993 1725 velimus,

273 1752 474 1795 perpetuo,
499 1743 766 1794 prohibemus.
795 1742 1097 1782 Nichilominus
1121 1744 1309 1794 predictis
1335 1743 1480 1781 nostris
1502 1743 1786 1791 executoribus,
1814 1742 1895 1781 nisi
1915 1756 1983 1793 per

274 1818 344 1842 nos
373 1804 603 1841 ordinatum
630 1802 811 1851 extiterit,
841 1803 1038 1853 premissa
1077 1803 1307 1851 ordinandi,
1338 1802 1566 1841 declarandi
1594 1811 1629 1841 et
1662 1802 1908 1853 pacificandi
1933 1803 1984 1840 ad

272 1877 392 1901 suum
411 1862 638 1910 arbitrium,
661 1863 911 1910 voluntatem,
933 1870 967 1900 et
985 1863 1216 1912 esgardium
1234 1863 1484 1901 concedimus
1503 1862 1730 1912 plenariam
1743 1870 1981 1912 potestatem.

328 1923 370 1961 P.
397 1922 487 1970 418,
512 1922 579 1972 lig.
606 1921 641 1961 2.
669 1922 903 1960 JOHANNES
930 1922 1077 1962 FABm.
1104 1922 1342 1972 Antequam
1362 1922 1471 1960 ultra
1491 1922 1816 1972 progrediamur,
1840 1921 1981 1959 admo-

274 1982 432 2020 nendus
456 1989 518 2020 est
539 1982 668 2020 lector
690 1996 740 2020 ne
762 1981 921 2022 somnia
946 1981 1123 2020 Frizonii
1145 1990 1344 2032 sequatur
1362 1981 1577 2021 scribentis
1600 1982 1709 2020 hunc
1731 1981 1981 2020 cardinalem

275 2049 411 2080 ortum
444 2056 529 2080 esse
562 2056 613 2080 ex
643 2041 772 2079 nobili
803 2041 961 2081 familia
995 2041 1239 2080 Fabriorum
1273 2041 1515 2080 Yerensium
1548 2041 1659 2092 apud
1689 2040 1980 2087 provinciales,

274 2115 376 2139 neve
408 2100 525 2138 illum
558 2101 747 2151 exemplo
780 2100 974 2151 Gasparis
1009 2101 1215 2151 Jongelini
1248 2101 1479 2140 confundat
1511 2114 1614 2145 cum,
1638 2100 1799 2139 Joanne
1832 2099 1981 2138 Fabrio

274 2160 466 2211 episcopo
487 2160 744 2199 Carnotensi.
771 2160 852 2198 Iste
874 2159 981 2199 enim
1004 2168 1116 2199 certo
1137 2168 1260 2198 natus
1282 2169 1344 2199 est
1364 2160 1476 2211 apud
1498 2160 1749 2200 Lemovices.
1773 2159 1878 2198 Sane
1899 2173 1981 2197 non

273 2219 331 2257 ita
348 2219 522 2270 pridem,
538 2228 587 2258 ut
602 2219 729 2258 fando
745 2219 902 2268 audivi,
919 2228 1133 2271 supererat
1150 2220 1395 2258 Fabriorum
1407 2220 1563 2258 familia
1579 2219 1691 2270 apud
1707 2218 1981 2259 Malummon-

274 2287 373 2327 tem,
399 2279 509 2317 unde
536 2279 615 2317 orti
641 2287 760 2318 erant
787 2279 1005 2329 Gregorius
1034 2279 1097 2317 XI
1123 2288 1165 2318 et
1191 2279 1375 2318 Clemens
1403 2279 1460 2317 VI
1487 2279 1573 2329 ejus
1599 2286 1788 2330 patruus,
1815 2277 1980 2316 humilis

274 2352 370 2376 sane
395 2346 436 2377 et
460 2338 619 2386 infima,
644 2338 715 2376 sed
740 2352 845 2388 quae
869 2346 1012 2382 tamen
1036 2339 1234 2389 originem
1259 2353 1376 2377 suam
1401 2338 1519 2377 facile
1543 2338 1690 2376 referre
1725 2345 1892 2388 poterat
1927 2337 1979 2375 ad

273 2397 385 2435 illam
403 2405 599 2436 aetatem.
621 2398 661 2436 Si
678 2398 846 2436 fortuna
864 2398 992 2446 volet,
1013 2398 1083 2437 fies
1102 2398 1151 2437 de
1169 2399 1334 2437 consule
1351 2399 1505 2445 rhetor,
1522 2405 1570 2435 ut
1587 2397 1647 2435 ait
1663 2397 1740 2435 ille.

328 2457 508 2495 Joannes
527 2471 621 2507 ergo
640 2457 720 2495 fuit
737 2457 1065 2507 consanguineus
1085 2471 1301 2508 germanus
1322 2457 1504 2507 Gregorii
1523 2456 1586 2494 XI
1603 2470 1650 2495 ac
1668 2456 1813 2495 doctor
1829 2456 1979 2506 legum,

275 2515 367 2554 dein
394 2516 572 2555 decanus
600 2517 904 2555 Aurelianensis
931 2531 1041 2555 anno
1067 2517 1346 2556 MCCCLXIV
1372 2524 1467 2567 post
1495 2516 1713 2566 Hugonem
1741 2514 1907 2563 Faiditi,
1932 2522 1980 2553 ut

275 2575 430 2625 opinor.
458 2575 563 2613 Illud
586 2584 697 2614 certo
721 2584 888 2615 constat
910 2576 1033 2614 fuisse
1056 2576 1259 2615 decanum
1282 2576 1619 2614 Aurelianensem
1637 2589 1745 2613 anno
1764 2574 1979 2613 millesimo

274 2634 504 2682 CCCLXX,
540 2650 579 2672 Vl
612 2635 703 2673 idus
748 2635 813 2686 [8]
847 2635 1016 2685 augusti
1034 2635 1062 2684 1,
1097 2650 1177 2686 qua
1211 2636 1275 2674 die
1310 2635 1502 2674 Urbanus
1536 2634 1571 2672 V
1601 2635 1644 2672 in
1676 2648 1770 2673 eum
1802 2633 1980 2672 contulit

273 2693 558 2744 episcopatum
587 2694 851 2733 Tutelensem
879 2703 1103 2734 vacantem
1131 2709 1203 2745 per
1231 2694 1392 2733 obitum
1417 2694 1629 2732 Laurentii
1657 2693 1725 2731 dal
1750 2693 1880 2741 Biars,
1910 2686 1979 2743 qui

273 2752 478 2790 occiderat
515 2754 639 2803 paulo
673 2762 786 2802 ante,
820 2754 1017 2793 nimirum
1051 2769 1123 2792 xiv
1158 2755 1238 2793 kal.
1273 2754 1443 2792 martias
1496 2753 1562 2803 [16
1594 2752 1780 2803 sevrier}
1823 2751 1979 2790 Deinde

271 2824 378 2848 anno
417 2813 606 2861 sequenti
658 2813 876 2863 Gregorius
940 2828 1033 2851 eum
1084 2813 1183 2852 fecit
1232 2813 1522 2863 presbyterum
1568 2812 1818 2851 cardinalem
1866 2810 1978 2849 tituli

271 2935 446 2976 flatantes,
475 2949 508 2971 n.
540 2938 609 2970 170
634 2944 672 2971 et
698 2938 795 2982 815),
826 2938 869 2973 N.
898 2939 1025 2973 Valois
1055 2939 1084 2983 (t
1120 2952 1159 2980 11,
1186 2951 1221 2983 p.
1249 2939 1347 2983 478),
1376 2939 1504 2972 Douet
1530 2938 1669 2981 d’Arcq
1699 2936 1914 2980 (Collection
1940 2937 1980 2969 de

271 2999 412 3028 sceaux,
436 2995 461 3023 t.
484 2988 537 3029 111,
561 3002 595 3023 n.
621 2991 727 3035 6190)
753 2992 817 3036 qui
839 3003 860 3025 a
882 2993 1005 3026 donne
1025 2993 1061 3026 la
1083 2992 1313 3037 description
1335 2992 1378 3026 de
1399 3004 1467 3026 son
1487 3003 1598 3024 sceau
1619 2990 1854 3024 cardinalice.

273 3106 294 3134 l)
318 3041 562 3135 'gogievcche
589 3044 632 3077 de
660 3044 764 3078 Tulle
790 3045 842 3077 lui
867 3045 927 3079 fut
953 3046 1101 3080 confere
1127 3046 1158 3080 le
1184 3047 1205 3080 8
1231 3046 1321 3079 aofit
1348 3046 1441 3079 1369
1471 3045 1615 3088 (Eubel,
1642 3043 1872 3083 Hierarchia,
1899 3049 1925 3076 t.
1951 3055 1975 3083 1,
