2083 3458
41 181 166 236 [695]
566 197 781 222 PAPARUM
818 196 1201 222 AVENIONENSIUM
1643 180 1723 221 187

28 274 70 313 in
88 274 259 313 dioecesi
279 273 503 324 Agathensi
521 273 666 311 missus
693 282 755 312 est
773 274 815 311 in
834 274 1007 312 Galliam
1026 289 1048 312 a
1068 275 1226 312 Joanne
1249 274 1375 311 XXII
1396 282 1443 311 ut
1461 281 1723 323 componeret

29 333 193 371 dissidia
216 347 318 382 quae
338 346 499 370 rursum
520 333 790 382 erumpebant
811 333 1020 371 occasione
1041 332 1339 371 controversiae
1361 346 1464 382 quae
1485 332 1606 382 paulo
1627 340 1724 370 ante

29 392 162 430 fuerat
182 392 230 429 de
258 392 458 429 comitam
480 391 782 437 Attrebatensi3
803 392 962 430 Odoric.
989 392 1207 441 Raynald.,
1235 406 1297 429 an.
1323 391 1434 437 1316,
1469 391 1485 437 ξ
1515 391 1573 428 15.
1604 390 1724 428 Anno

28 450 291 488 MCCCXVII
317 450 395 499 fuit
418 450 545 499 factas
571 450 889 500 archiepiscopus
915 450 1253 501 Compostellanas
1279 465 1346 500 per
1372 449 1631 499 provisionem
1659 450 1722 486 do-

28 509 128 546 mini
146 510 344 547 Johcmnis
358 523 461 559 pape
474 509 623 545 XXII.
645 508 722 546 Cui
740 509 959 558 provisioni
975 524 1203 547 consensum
1223 508 1430 559 prebaitin
1444 516 1630 545 conventa
1645 508 1722 545 Pa-

27 567 200 610 risieriffl',
218 582 293 607 XIV
310 568 386 606 kal.
407 567 570 605 octobris
599 567 662 617 [15
681 568 910 617 septembre
924 568 951 618 ),
984 568 1118 618 inquit
1146 568 1253 606 idem
1269 567 1499 605 Bernardus
1518 566 1540 605 ¹.
1583 567 1719 604 Recte.

28 627 133 664 Nam
159 627 201 664 in
225 627 425 677 excerptis
456 641 506 664 ex
530 626 655 664 literis
683 627 730 663 de
766 627 1050 676 prorogatione
1077 627 1229 675 negotii
1255 626 1451 664 nobilium
1477 625 1724 675 Campaniae

25 685 143 723 editis
169 700 191 723 a
220 685 434 724 Francisco
459 685 689 723 Duchesnio
712 685 752 722 in
776 685 957 723 Historia
982 686 1302 723 cancellariorum
1328 684 1535 731 Franciae,
1563 699 1600 734 p.
1633 684 1723 730 278,

26 744 131 782 datis
145 744 207 782 die
222 760 277 782 xv
295 744 527 782 novembris
541 744 637 782 anni
650 744 913 782 MCCCXVII
926 744 1134 783 invenitur
1146 744 1381 782 nominatus
1394 744 1524 781 l’esleu
1537 743 1721 792 confirma3

24 804 67 840 ιΙε
97 803 361 853 Compostelle.
398 803 524 840 Paulo
553 811 648 853 post
678 803 785 840 idem
817 804 995 842 Joannes
1027 803 1112 852 ejus
1138 812 1227 841 tum
1257 803 1373 841 electi
1404 801 1720 852 Compostellani

22 861 276 912 aliorumque
300 862 589 900 nonnullorum
611 862 893 911 theologorum
913 862 1160 900 sententiam
1178 861 1400 911 exquisivit
1417 861 1459 898 in
1477 875 1595 899 causa
1623 875 1719 910 qua—

22 921 210 959 rumdam
243 921 482 971 opinionum
515 935 617 970 quae
649 929 738 957 tum
769 921 871 959 serio
901 922 1203 967 tractabantur,
1234 920 1353 958 hodie
1384 935 1481 958 vero
1511 919 1647 957 futiles
1678 927 1720 957 et

22 980 161 1018 inanes
185 988 414 1025 censentur,
439 980 486 1018 de.
510 979 693 1017 vestibus
717 979 840 1018 curtis
863 988 905 1017 et
927 980 1077 1017 strictis
1100 994 1240 1018 eorum
1265 979 1627 1023 Franciscanorum
1651 977 1720 1027 qui

21 1054 61 1077 se
81 1040 289 1077 vocabant
319 1039 570 1089 Spirituales,
591 1046 632 1076 et
662 1039 709 1075 de
741 1039 859 1076 rebus
891 1053 965 1076 usu
998 1038 1393 1088 consumptibilibus.
1414 1038 1514 1075 Vide
1533 1037 1547 1059 ²
1571 1037 1639 1074 lib.
1666 1035 1719 1083 ΙΙ,

22 1097 370 1135 ΛΙίεεεΗαηεονῑιιη
395 1106 642 1143 nostrorum,
671 1112 706 1147 p.
737 1097 822 1135 270.
852 1098 949 1135 Fuit
973 1106 1103 1135 autem
1128 1105 1370 1135 consecratus
1398 1096 1439 1134 in
1464 1095 1721 1145 archiepisco-

22 1171 131 1207 pum,
155 1165 202 1194 ut
225 1157 365 1195 scribit
388 1157 495 1195 idem
517 1157 748 1195 Bernardus
766 1156 793 1201 3,
813 1157 854 1193 in
872 1157 1070 1194 Avinione
1093 1156 1292 1194 dominica
1319 1155 1359 1193 in
1392 1155 1535 1193 octavis
1558 1155 1722 1201 Pasclze,

24 1215 161 1253 altimo
187 1216 248 1253 die
272 1216 428 1266 aprilis,
453 1230 559 1254 anno
584 1215 912 1253 MCCCXVIII.
941 1216 1060 1253 Anno
1085 1214 1272 1265 sequenti
1296 1228 1461 1263 gravem
1487 1221 1721 1252 controver-

23 1274 124 1312 siam
146 1274 293 1312 habuit
314 1289 405 1313 cum
429 1274 585 1312 civibus
609 1274 947 1324 Compostellanis
968 1283 1135 1324 propter
1156 1273 1373 1323 imperium
1394 1272 1505 1310 urbis
1527 1272 1719 1322 Compos-

23 1334 215 1373 tellanae:
242 1333 402 1372 Odoric.
424 1333 642 1383 Raynaffl„
667 1347 731 1371 an.
760 1333 873 1380 1319,
905 1333 999 1381 §28
1022 1333 1258 1382 Eodemque
1277 1346 1384 1369 anno
1410 1332 1587 1370 Joannes
1612 1343 1721 1381 papa

22 1393 74 1430 ad
98 1407 190 1431 eum
215 1392 375 1443 scripsit
397 1393 439 1431 in
463 1392 638 1442 gratiam
662 1392 818 1430 Alfonsi
842 1392 1007 1438 Cerdae,
1034 1392 1145 1439 ibid„
1173 1392 1189 1439 ξ
1214 1391 1275 1429 24.
1305 1390 1424 1428 Anno
1450 1388 1719 1428 MCCCXXH

22 1451 62 1489 in
84 1451 339 1490 Lusitaniam
359 1466 381 1489 a
403 1452 562 1490 Joanne
582 1465 688 1501 papa
710 1451 855 1489 missus
876 1459 937 1489 est
956 1451 1007 1488 ad
1028 1451 1302 1489 revocandam
1323 1449 1595 1492 concordiam,
1617 1462 1722 1498 quae

22 1510 252 1561 interrupta
270 1519 358 1549 erat
374 1511 480 1549 inter
496 1525 631 1560 regem
652 1510 894 1560 Dionysium
913 1518 953 1548 et
969 1524 1138 1548 uxorem
1158 1509 1368 1558 filiumque
1386 1508 1473 1557 ejus
1491 1507 1721 1553 Alfonsum,

25 1569 136 1617 ibid.,
166 1584 229 1607 an.
264 1570 378 1617 1322,
414 1570 430 1618 ἓ
462 1569 521 1608 16.
554 1570 740 1608 Mortuus
770 1577 831 1607 est
860 1569 970 1620 apud
1001 1569 1233 1607 Cordubam
1275 1582 1382 1605 anno
1411 1566 1673 1604 MCCCXXV
1692 1566 1722 1612 ⁴,

23 1721 173 1748 surtout
197 1715 347 1748 assister
371 1727 445 1747 aux
469 1715 705 1759 pourparlers
731 1715 774 1747 de
799 1714 886 1758 paix
911 1714 973 1758 qui
998 1714 1140 1747 etaient
1164 1713 1325 1756 projetes
1350 1719 1453 1745 entre
1478 1712 1508 1744 lc
1532 1711 1585 1744 roi
1609 1717 1646 1743 ct
1670 1711 1721 1743 les

21 1768 209 1812 seigneurs
236 1768 397 1801 revoltes
426 1769 536 1801 d'unc
564 1775 661 1812 part,
689 1774 725 1800 et
753 1775 856 1800 entre
885 1768 914 1800 le
942 1769 1061 1799 memc
1089 1773 1125 1799 et
1152 1767 1202 1799 les
1232 1766 1433 1798 Flamands
1461 1765 1607 1797 d'autre
1635 1770 1720 1807 part

26 1821 192 1864 (Coulon‚
213 1833 247 1854 n.
271 1821 366 1864 223).
390 1821 437 1854 Ils
458 1822 692 1854 adresserent
713 1833 759 1853 au
774 1820 972 1853 souverain
993 1819 1135 1863 pontife
1156 1831 1206 1851 un
1226 1825 1382 1862 rapport
1402 1819 1476 1851 fort
1495 1818 1720 1851 interessant

21 1886 84 1907 sur
116 1875 166 1907 les
201 1874 455 1918 negociations
490 1874 599 1918 qu‘ils
633 1876 871 1907 entamerent
909 1874 1077 1915 (Riezler,
1121 1872 1378 1905 Vatilfam'sclle
1410 1872 1539 1909 Alslen,
1575 1882 1609 1903 11.
1647 1870 1719 1913 54).

24 1927 138 1960 Entre
161 1934 282 1971 temps
297 1928 339 1961 ils
361 1928 557 1961 traiterent
581 1939 670 1961 avec
692 1928 723 1960 le
738 1927 792 1960 roi
811 1927 966 1960 l’ass'aire
984 1927 1026 1959 de
1042 1927 1077 1959 la
1099 1925 1398 1959 demembration
1414 1925 1476 1957 des
1498 1924 1659 1957 dioceses
1676 1924 1719 1955 de

22 1980 218 2019 Toulouse,
243 1980 367 2014 d’Albi
389 1987 426 2014 et
442 1981 485 2014 de
509 1980 885 2014 Clermont-Ferrand
911 1980 1075 2022 (Coulon‚
1099 1991 1133 2011 n.
1158 1979 1238 2016 312,
1261 1978 1358 2020 313).
1383 1977 1561 2010 L⁷accord
1576 1976 1677 2019 signe
1699 1976 1720 2007 ἐι

24 2033 138 2073 Paris,
158 2034 189 2067 le
209 2035 229 2066 4
249 2035 453 2075 novembre
474 2034 578 2073 1317,
599 2041 702 2066 entre
724 2033 893 2077 Philippe
914 2033 945 2065 V
964 2038 1001 2065 et
1019 2033 1069 2065 les
1090 2032 1292 2064 Flamands
1313 2042 1467 2074 marque.
1487 2031 1518 2062 le
1538 2036 1654 2062 terme
1675 2029 1720 2061 dc

23 2087 101 2120 leur
123 2076 289 2120 activite.
315 2087 373 2120 On
395 2087 445 2120 les
470 2093 602 2120 trouve
627 2088 647 2119 a
671 2087 793 2120 Lorris
816 2098 862 2119 en
886 2085 1055 2119 Gatinais
1078 2085 1109 2118 le
1137 2085 1177 2117 15
1200 2084 1415 2117 novembre.
1443 2083 1495 2116 De
1518 2083 1553 2115 la
1575 2083 1617 2115 ils
1640 2082 1720 2114 s'en

23 2140 148 2173 iurent
169 2141 189 2172 a
210 2140 385 2184 Avignon
410 2140 512 2183 (Voir
531 2152 594 2173 sur
613 2140 691 2173 leur
712 2139 865 2172 mission
887 2139 1038 2178 Coulon‚
1062 2150 1096 2171 n.
1120 2138 1199 2177 186,
1223 2137 1303 2176 187,
1327 2137 1406 2175 211,
1431 2137 1510 2175 212,
1533 2136 1613 2174 220,
1636 2135 1718 2173 255,

24 2193 103 2233 259,
123 2194 204 2227 301.
224 2194 304 2232 315,
325 2194 406 2232 319,
426 2194 507 2232 364,
527 2194 608 2232 369,
628 2194 709 2232 370,
729 2194 810 2231 372,
841 2193 920 2229 386,
941 2193 1022 2231 388,
1042 2192 1122 2229 403,
1152 2191 1321 2225 405-407,
1342 2190 1423 2225 424,
1445 2190 1526 2228 425,
1547 2188 1717 2223 435-442,

21 2247 102 2285 478,
123 2247 218 2287 574).
1180 2268 1183 2271 .

71 2300 103 2332 1.
133 2299 330 2338 Toulousc,
354 2311 420 2332 ms.
444 2300 525 2339 490,
549 2300 571 2332 f.
596 2300 636 2333 61
662 2303 712 2332 νο.
734 2318 781 2321 -
803 2299 851 2331 Le
873 2299 917 2332 13
938 2298 1059 2341 juillet
1081 2297 1171 2330 1317
1193 2296 1290 2329 Jean
1326 2295 1443 2328 XXII
1475 2293 1678 2335 annoncait
1698 2294 1719 2325 ἐι

23 2352 206 2396 Bercnger
224 2364 265 2385 sa
284 2353 521 2385 nomination
542 2364 589 2385 au
609 2353 705 2395 siege
726 2351 1018 2395 archiepiscopal
1040 2351 1082 2383 de
1104 2349 1351 2392 Compostelle
1376 2348 1541 2390 (Coulon‚
1564 2359 1598 2379 n.
1620 2346 1718 2388 314).

23 2405 76 2438 La
92 2406 190 2438 bulle
208 2405 373 2438 officielle
390 2417 434 2438 ne
452 2412 564 2449 pai-ut
581 2418 651 2449 que
668 2406 700 2438 le
717 2406 761 2438 15
782 2405 937 2447 (Mollat,
956 2416 990 2437 n.
1008 2403 1129 2446 4419).
1148 2403 1331 2445 Berenger
1346 2413 1382 2434 56
1399 2403 1538 2434 recusa.
1557 2400 1606 2432 Lc
1624 2411 1718 2443 pape

23 2458 154 2491 insista
178 2458 343 2501 (Coulon‚
364 2470 398 2491 n.
420 2459 501 2502 373)
524 2465 562 2491 et
582 2459 706 2492 obtint
725 2470 793 2491 son
811 2457 1050 2501 acceptation
1073 2456 1238 2499 (Coulon‚
1259 2467 1293 2488 n.
1315 2454 1411 2496 403).

73 2514 104 2544 2.
135 2511 280 2544 Denisse
300 2518 336 2545 et
357 2511 563 2549 Chatelain,
585 2511 870 2550 Charlulatiam,
892 2517 917 2543 t.
936 2522 973 2550 11,
995 2522 1028 2542 n.
1050 2510 1130 2543 760.

71 2566 103 2598 3.
133 2564 329 2601 Toulouse,
355 2577 421 2598 ms.
447 2565 528 2604 490,
554 2564 578 2597 f.
604 2565 648 2597 92
672 2568 716 2597 ΓΟ.

72 2618 104 2650 4.
134 2617 317 2661 Bercnger
350 2618 393 2650 de
427 2618 617 2650 Landorre
650 2623 804 2650 mourut
827 2617 858 2649 le
886 2617 928 2649 20
953 2615 1163 2659 scptembrc
1190 2614 1293 2653 1330,
1320 2614 1340 2645 a
1365 2612 1509 2646 Seville.
1536 2611 1598 2644 Ses
1624 2622 1721 2644 osse-

24 2677 146 2703 mcnts
170 2671 296 2703 sui-ent
319 2671 519 2704 transferes
543 2682 590 2703 au
614 2677 777 2703 couvent
801 2671 844 2702 de
870 2669 1007 2708 Rodez,
1031 2680 1077 2701 en
1099 2668 1203 2700 1406.
1226 2686 1274 2689 -—
1294 2666 1365 2699 Sur
1387 2666 1569 2708 Berenger
1590 2664 1613 2696 il
1637 2662 1717 2696 faut

25 2723 88 2756 lire
115 2735 206 2756 avec
233 2724 419 2767 prudence
447 2724 601 2756 Mortier
631 2724 806 2766 (Histoire
832 2724 890 2756 des
917 2724 1060 2755 maures
1086 2722 1266 2764 generalia:
1290 2720 1331 2753 de
1356 2719 1483 2752 l’ordre
1508 2719 1567 2751 des
1592 2717 1721 2750 Frcres

25 2776 232 2816 Prdcheurs,
260 2783 286 2809 t.
307 2789 345 2816 11,
366 2788 400 2820 p.
427 2777 613 2819 475-528).
637 2776 695 2809 On
721 2782 898 2809 trouvera
923 2775 966 2808 de
992 2774 1203 2807 nombreux
1228 2772 1545 2815 renseignements
1565 2782 1628 2803 sur
1652 2781 1718 2802 son

25 2828 219 2872 episcopat
241 2830 333 2862 dans
357 2829 499 2869 Mollat,
523 2841 558 2863 n.
582 2830 687 2869 7558,
711 2829 816 2868 7580,
840 2829 945 2866 7788,
969 2827 1073 2865 7791,
1097 2826 1202 2865 7864,
1225 2826 1330 2864 8020,
1355 2825 1458 2863 8037,
1483 2824 1587 2862 8338,
1611 2823 1721 2857 8974-

27 2882 131 2918 8979,
149 2883 414 2922 10742-10747,
432 2883 561 2922 14571,
579 2883 707 2921 14668,
725 2882 854 2920 14669,
871 2881 988 2913 14750
1003 2886 1041 2912 et
1063 2879 1218 2912 l’article
1235 2879 1278 2911 de
1296 2878 1334 2911 P.
1353 2876 1532 2910 Fournier
1546 2876 1721 2909 consacre

28 2946 74 2967 au
102 2935 280 2968 Cardinol
310 2935 517 2968 Guillaume
543 2936 583 2968 de
608 2935 722 2978 Peyre
748 2935 788 2968 de
819 2934 937 2967 Godin
967 2932 1227 2975 (Bibliotheque
1252 2932 1292 2964 de
1317 2923 1449 2963 l'E'cole
1475 2930 1533 2962 des
1559 2929 1719 2967 Clzartes,

28 2994 55 3020 t.
77 2999 225 3020 Lxxxv1
248 2988 380 3031 (1925),
396 3000 429 3032 p.
448 2988 633 3030 108-114).
652 2987 774 3020 —Ses
793 2987 920 3019 lettres
940 2985 1186 3028 encycliques.
1207 2984 1393 3017 adl-essees
1409 2994 1482 3015 aux
1504 2982 1717 3020 Precheurs,

29 3047 94 3073 ont
115 3042 172 3074 ete
192 3041 336 3074 reunies
356 3053 424 3084 par
444 3040 619 3074 Reichert
639 3041 731 3073 dans
752 3040 993 3072 Monumenta
1011 3037 1162 3076 0.F.P.‚
1184 3043 1209 3070 t.
1232 3049 1255 3069 v
1277 3036 1395 3080 (1900)
1419 3047 1453 3079 p.
1476 3035 1643 3068 203-219.
