2083 3458
104 219 255 274 [1241]
624 233 840 258 PAPARUM
877 231 1261 257 AVENIONENSIUM
1712 211 1790 251 765

88 326 137 355 ut
161 325 325 355 vocant.
352 316 496 364 Quoad
519 316 643 353 aliam
667 330 762 353 vero
785 314 979 353 affirmari
1002 322 1140 364 potest
1170 312 1269 350 nihil
1300 311 1399 350 certi
1432 325 1547 361 posse
1579 308 1788 348 constitui.

93 378 177 426 Ego
198 385 336 414 tamen
356 376 433 413 huc
452 375 572 413 valde
591 375 741 413 inclino
758 383 806 412 ut
824 374 1019 424 quoniam
1039 387 1186 411 nomen
1208 371 1363 409 Nicolai
1382 370 1430 408 de
1450 369 1647 408 Cremona
1679 366 1790 418 apud

42 454 44 456 ’
90 435 296 474 neminem
328 449 470 472 eorum
503 427 668 473 invenio
703 434 773 484 qui
805 441 1029 472 texuerunt
1063 432 1298 481 catalogum
1332 429 1601 468 cardinalium
1634 427 1789 478 primae
1816 431 1820 436 '

92 490 324 541 creationis,
343 502 385 532 et
404 508 455 532 ex
475 493 729 544 depositione
752 493 897 531 Jacobi
918 491 1142 538 camerarii,
1164 505 1289 541 quam
1308 490 1339 528 is
1364 490 1516 527 Romae
1538 487 1788 526 constitutus

93 554 208 593 dedit
227 553 371 603 legatis
393 553 494 601 regis
517 553 714 591 Castellae
736 567 844 590 anno
868 551 1185 596 MCCCLXXX,
1208 550 1269 587 die
1293 564 1348 586 x11
1368 548 1471 598 julii,
1493 555 1655 586 constet
1675 546 1788 583 illum

94 628 175 652 non
200 613 322 651 fuisse
347 621 438 650 tum
464 612 727 659 cardinalem,
753 612 822 649 sed
848 611 1079 649 auditorem
1104 609 1454 648 contradictarum
1480 615 1661 653 tantum,
1687 605 1788 643 exis-

94 673 238 712 timem
269 672 385 711 illum
419 686 548 721 neque
583 672 622 708 in
656 672 786 721 prima
820 670 1089 709 cardinalium
1122 669 1325 707 creatione
1361 682 1489 717 neque
1523 666 1564 704 in
1596 664 1789 710 secunda,

95 747 220 783 quam
245 731 434 770 Urbanus
459 730 554 769 fecit
576 739 672 768 ante
696 745 875 768 mensem
897 730 1043 779 julium
1067 728 1162 766 anni
1184 728 1367 779 proxime
1391 726 1503 773 dicti,
1526 725 1587 763 uti
1608 740 1657 763 ex
1679 723 1788 761 bulla

95 791 314 830 Clementis
343 791 422 828 VII
450 789 570 828 docet
598 789 851 828 Contclorius
877 790 930 839 [p.
962 789 1050 838 115]
1067 789 1224 826 factum
1251 802 1334 825 esse
1364 785 1625 831 cardinalem,
1653 783 1722 822 sed
1749 783 1790 820 in

94 851 173 889 alia
197 850 407 901 quapiam.
436 850 481 887 In
505 849 689 887 oratione
715 863 839 899 quam
866 848 1102 886 Franciscus
1127 847 1174 885 de
1202 847 1371 892 Urbino,
1395 845 1608 895 episcopus
1635 844 1789 880 Faven-

95 910 220 958 tinus,
239 909 385 948 habuit
404 923 539 948 coram
559 923 649 958 rege
670 908 868 946 Castellae
887 921 994 945 anno
1015 906 1331 952 MCCCLXXX,
1351 905 1414 943 die
1435 919 1522 941 xxv
1541 901 1790 947 novembris,

95 984 188 1009 cum
203 977 419 1008 enarratur
434 968 635 1006 discordia
653 967 920 1005 cardinalium
938 975 1033 1005 ante
1051 967 1276 1015 ingressum
1293 963 1510 1011 conclavis,
1527 971 1568 1001 et
1585 961 1790 1012 quomodo

94 1044 145 1068 ex
163 1043 208 1068 ea
229 1027 430 1067 discordia
450 1028 607 1066 factum
627 1036 685 1065 est
715 1035 761 1064 ut
783 1027 1089 1065 Lemovicenses
1111 1025 1329 1074 cogitarint
1349 1024 1396 1062 de
1415 1022 1600 1072 eligendo
1618 1021 1791 1058 Bartho-

94 1089 253 1129 lomaeo
272 1087 577 1137 archiepiscopo
596 1087 777 1133 Barensi‚
797 1086 854 1124 ita
873 1085 1021 1135 legitur
1040 1085 1049 1107 ¹
1075 1101 1081 1123 :
1106 1086 1201 1122 Item
1223 1084 1315 1134 quia
1344 1083 1527 1121 dominiis
1549 1079 1792 1118 pictavensis

95 1149 147 1186 ad
165 1149 234 1186 hoc
263 1147 466 1197 requisivit
486 1147 691 1184 dominam
713 1145 849 1184 Sancti
871 1145 978 1182 Petri
1007 1145 1200 1182 mediante
1229 1157 1396 1193 persona
1416 1141 1568 1186 domini
1590 1140 1664 1177 mei
1694 1152 1791 1176 reve—

97 1207 207 1245 rendi
242 1206 394 1245 domini
429 1205 615 1244 Nicholai
650 1207 693 1243 de
727 1206 934 1251 Cremona,
970 1219 1075 1241 nanc
1108 1203 1283 1253 episcopi
1318 1201 1557 1247 Briariensis,
1593 1199 1794 1247 utriusque

98 1267 289 1305 dictorum
304 1266 554 1304 dominorum
575 1265 843 1303 cardinalium
857 1264 954 1301 socii
980 1263 1257 1312 etfamiliaris.
1285 1263 1431 1299 Factus
1447 1268 1509 1298 est
1529 1273 1622 1308 ergo
1640 1258 1791 1308 episco-

98 1341 173 1378 pus
197 1324 416 1364 Brixiensis
443 1339 551 1362 anno
571 1324 939 1363 MCCCLXXVIII
967 1331 1156 1361 exeunte.
1182 1321 1277 1359 Inde
1309 1335 1416 1358 anno
1444 1316 1791 1357 MCCCLXXXII

99 1385 325 1424 translatus
353 1392 416 1423 est
442 1384 494 1422 ad
514 1384 737 1423 Ecclesiam
752 1385 1106 1430 Beneventanam,
1133 1390 1174 1420 et
1200 1380 1364 1419 biennio
1394 1386 1489 1430 post
1523 1378 1574 1416 ad
1604 1375 1792 1427 Neapoli-

98 1446 256 1492 tana-m,
285 1452 332 1482 ut
360 1443 419 1482 ait
449 1444 642 1493 Ughellus
662 1443 689 1482 ².
725 1443 843 1481 Illum
871 1457 944 1491 ego
974 1441 1089 1480 facile
1119 1441 1323 1480 crederem
1353 1440 1509 1477 factum
1537 1452 1621 1475 esse
1649 1444 1791 1486 postea

100 1504 363 1551 cardinalem,
390 1517 482 1542 cum
510 1503 701 1542 videatur
727 1517 810 1541 esse
838 1502 947 1541 idem
974 1516 1067 1540 cum
1093 1516 1139 1539 eo
1167 1514 1287 1550 quem
1315 1499 1540 1537 Bellamera
1567 1496 1726 1542 laudat,
1754 1494 1793 1531 ni

100 1565 284 1602 obstaret
306 1562 564 1613 epitaphium
587 1563 689 1612 ejus,
711 1562 753 1600 in
777 1576 856 1612 quo
882 1561 990 1599 nulla
1015 1560 1170 1599 mentio
1193 1558 1486 1602 cardinalatus.
1506 1556 1591 1594 Nisi
1613 1556 1645 1593 si
1666 1555 1730 1593 ille
1753 1553 1793 1592 in

99 1631 214 1674 parte
233 1621 388 1661 Urbani
405 1622 500 1661 fecit
517 1622 626 1672 quod
642 1622 682 1659 in
697 1629 813 1672 parte
830 1620 1049 1660 Clementis
1066 1619 1162 1658 fecit
1178 1620 1356 1657 Joannes
1377 1616 1565 1662 Rolandi,
1580 1615 1793 1665 episcopus

101 1681 385 1721 Ambianensis
417 1697 424 1718 :
455 1682 525 1732 qui
552 1680 774 1719 tamenetsi
803 1679 1002 1720 Clementi
1038 1680 1294 1724 adhaereret,
1323 1676 1494 1726 insignia
1538 1672 1793 1713 cardinalitia

99 1741 175 1781 sibi
204 1742 256 1780 ab
285 1756 331 1780 eo
362 1741 500 1779 oblata
531 1741 686 1790 rejecit,
711 1748 752 1779 et
784 1754 998 1790 nunquam
1027 1754 1067 1778 se
1098 1738 1203 1776 dixit
1234 1737 1497 1782 cardinalem,
1522 1743 1567 1772 ut
1599 1741 1714 1784 patet
1745 1747 1795 1770 ex

97 1803 187 1852 ejus
217 1800 442 1852 epitaphio.
481 1801 600 1838 Plura
629 1800 676 1837 de
712 1800 876 1838 homine
911 1799 978 1836 illo
1015 1813 1095 1836 non
1122 1797 1273 1835 inveni.
1306 1796 1474 1834 Interim
1502 1793 1616 1831 nobis
1644 1793 1795 1830 debent

104 1860 196 1899 Itali
234 1860 363 1911 ,quod
422 1875 441 1898 e
488 1860 666 1898 tenebris
713 1859 890 1898 eruimus
940 1858 1190 1896 cardinalem
1249 1856 1398 1894 Italum
1456 1854 1549 1904 ipsis
1598 1854 1795 1890 hactenus

100 1921 301 1970 ignotum.

53 1976 56 1979 Δ
157 1980 375 2018 NlcsxLAt‘s
406 1979 674 2025 Msssot'mts,
697 1978 744 2016 de
776 1992 857 2028 quo
879 1991 1001 2027 supra
1023 1991 1061 2027 p.
1084 1976 1184 2014 ’1050
1206 1983 1346 2013 actum
1368 1982 1443 2020 est,
1473 1980 1560 2011 erat
1589 1970 1795 2019 religiosus

100 2035 252 2077 ord'inis
285 2038 635 2085 praedicatorum,
669 2046 789 2075 notus
821 2045 862 2075 et
894 2051 1009 2075 carus
1043 2037 1228 2074 Joannae
1263 2033 1572 2083 Neapolitanae.
1604 2032 1798 2069 Testatur

100 2099 186 2148 ipse
206 2098 246 2136 in
267 2097 521 2148 depositione
543 2112 615 2135 sua
637 2112 676 2135 se
699 2096 820 2134 fuisse
844 2087 1016 2146 Neapoli
1037 2109 1165 2145 quum
1186 2094 1279 2131 illuc
1300 2093 1449 2130 allatus
1476 2100 1537 2129 est
1559 2090 1726 2128 nuntius
1749 2089 1797 2126 de

102 2157 298 2196 electione
322 2156 491 2204 Urbani,
512 2165 552 2195 et
572 2165 664 2194 tum
684 2156 866 2205 reginam
886 2155 963 2193 sibi
984 2155 1132 2193 dixisse
1153 2153 1169 2176 3
1190 2170 1196 2191 ς
1226 2154 1374 2198 Gaude,
1396 2151 1489 2202 quia
1508 2150 1590 2198 jam
1610 2149 1798 2186 habemas

101 2231 251 2267 papam
273 2217 339 2266 qai
361 2216 542 2255 exaudiet
563 2230 646 2263 nos,
668 2224 701 2253 ec
729 2215 923 2265 faciemus
953 2223 985 2252 te
1006 2214 1249 2264 episcopam.
1273 2212 1350 2250 Cui·
1372 2210 1556 2260 respondi
1580 2225 1587 2246 :
1608 2207 1797 2253 Domina,

102 2291 167 2314 vos
188 2276 365 2326 poteritis
387 2290 445 2313 me
464 2276 590 2325 facere
610 2275 729 2313 etiam
751 2274 1005 2313 cardinalem.
1031 2274 1177 2310 Postea
1201 2272 1407 2322 profectus
1430 2277 1492 2308 est
1517 2269 1706 2314 Romam,
1727 2265 1797 2304 ubi

101 2351 141 2374 se
168 2335 290 2373 fuisse
316 2343 497 2373 testatur
520 2334 562 2372 in
586 2334 818 2385 septimana
845 2334 885 2371 in
911 2333 1027 2380 albis,
1053 2340 1226 2381 tumque
1254 2330 1410 2371 nullum
1435 2329 1475 2366 in
1500 2328 1599 2366 urbe
1625 2326 1798 2364 dubium

104 2395 224 2433 fuisse
255 2395 303 2433 de
331 2402 490 2445 papatu
521 2393 691 2441 Urbani,
721 2407 814 2432 cum
843 2407 981 2430 omnes
1012 2391 1236 2430 cardinales
1266 2390 1300 2428 ei
1328 2389 1492 2439 plenam
1521 2384 1798 2425 obedientiam

102 2454 355 2492 exhiberent.
399 2453 552 2492 Deinde
590 2453 711 2491 rediit
750 2441 983 2502 Neapolimss
1021 2459 1190 2500 eratque
1229 2449 1396 2487 Gaietae
1435 2461 1571 2485 mense
1608 2452 1798 2494 augusto.

103 2514 245 2551 Postea
265 2514 317 2551 ad
338 2527 486 2563 paucos
509 2512 604 2560 dies,
626 2511 763 2562 inquit
782 2511 811 2557 4,
835 2511 972 2548 recessi
994 2525 1018 2548 a
1048 2510 1193 2558 Gageta
1216 2508 1373 2545 veniens
1396 2507 1563 2543 Romam
1593 2506 1637 2542 de
1671 2516 1800 2541 mense

103 2572 352 2622 septembris3
375 2572 444 2610 abi
463 2580 673 2621 antequam
692 2585 845 2621 possem
864 2570 968 2619 loqui
990 2569 1147 2607 domino
1168 2576 1296 2605 nostro
1315 2567 1442 2614 factas
1460 2579 1549 2602 sam
1568 2562 1799 2608 cardinalis,

107 2631 299 2670 nimirum
324 2631 436 2668 tituli
463 2630 603 2669 Sancti
629 2630 802 2679 Cyriaci,
828 2637 876 2667 ut
900 2629 985 2679 ipse
1011 2643 1051 2666 se
1080 2635 1201 2665 vocat
1226 2626 1267 2664 in
1292 2623 1592 2674 subscriptione
1617 2622 1801 2672 ejusdem

106 2690 386 2741 depositionis.
431 2689 568 2728 Fuisse
609 2703 703 2728 eum
742 2688 1028 2738 inquisitorem
1068 2685 1296 2725 haereticae
1338 2681 1557 2734 pravitatis
1598 2681 1639 2720 in
1678 2693 1802 2730 regno

108 2749 382 2799 Neapolitano
403 2749 490 2798 jam
513 2747 581 2786 alii
602 2748 822 2786 tradidere.
848 2747 965 2795 Quod
989 2744 1224 2784 confirmari
1246 2758 1362 2794 posse
1386 2742 1551 2780 videtur
1573 2756 1623 2779 ex
1646 2754 1692 2778 eo
1714 2740 1802 2777 loco

154 2900 187 2932 ‘l.
219 2899 285 2931 Ms.
311 2898 395 2937 cite,
422 2898 483 2930 fol.
511 2898 530 2930 6
554 2902 596 2930 r0.

157 2953 188 2985 2.
220 2952 408 2994 L’eveque
437 2951 480 2983 de
508 2950 658 2982 Brescia
685 2961 729 2982 ne
758 2949 838 2982 doit
865 2960 930 2998 pas
959 2950 1036 2981 etre
1063 2947 1233 2980 identifie
1262 2957 1352 2978 avec
1383 2945 1530 2977 Nicolas
1553 2943 1744 2976 Meschini.
1776 2943 1805 2975 Il

107 3010 262 3038 mourut
282 3005 312 3037 le
334 3005 378 3036 24
398 3004 490 3036 aofit
509 3003 614 3042 1389,
636 3014 722 3035 sans
743 3002 849 3034 avoir
867 3003 925 3035 ete
946 3001 1112 3034 cardinal
1137 3000 1283 3042 (Eubcl,
1305 2998 1536 3036 Hiwarchia,
1558 3003 1584 3030 t.
1604 3009 1627 3036 1,
1650 3008 1683 3040 p.
1706 2996 1804 3039 360).

157 3060 189 3092 3.
220 3058 287 3090 Ms.
307 3057 391 3096 cite,
410 3056 472 3090 fol.
492 3057 536 3089 73
553 3060 596 3089 r0.

157 3112 189 3145 4.
223 3111 376 3149 Ibidem,
404 3109 466 3142 fol.
495 3110 540 3142 73
569 3113 618 3141 v0.
