2083 3458
126 223 276 279 [1125]
642 241 857 268 PAPARUM
892 242 1275 268 AVENIONENsmM
1722 227 1801 269 647

114 319 302 370 Persona,
326 330 462 361 aetate
484 323 554 370 VI,
578 338 664 374 cap.
692 326 839 375 Lxxm)
861 326 1049 365 comitem
1073 326 1297 374 Virtutum,
1319 327 1389 376 qui
1411 334 1502 366 tum
1526 326 1802 364 Mediolanum

113 395 203 419 cum
231 394 391 420 summa
417 389 623 431 potestate
650 384 832 432 tenebat,
860 398 1049 424 aversum
1076 385 1197 424 fuisse
1224 385 1276 423 ab
1305 385 1472 424 Urbano
1499 385 1593 435 quia
1619 385 1651 423 is
1679 385 1801 435 paulo

111 449 207 478 ante
234 449 475 478 recusaverat
499 455 588 479 eum
613 442 754 492 efficere
779 457 906 492 regem
927 444 1236 493 Longobardiae.
1260 445 1314 482 Et
1337 458 1431 483 cum
1450 437 1639 483 ‘viderent
1660 443 1801 494 reponi

111 513 227 548 posse
243 499 367 538 istam
386 499 553 537 Urbano
569 509 750 540 mentem
768 502 888 540 fuisse
906 517 999 552 erga
1016 503 1197 553 reginam
1225 503 1323 541 satis
1351 511 1538 542 constare
1563 518 1614 542 ex
1640 502 1800 552 scriptis

111 558 163 595 ab
184 573 231 596 eo
251 559 393 606 literis,
415 573 481 596 eas
504 559 695 598 falsitatis
722 570 980 609 accusarunt,
1007 571 1048 600 et
1075 562 1273 600 confictas
1299 562 1491 601 dixerunt
1515 576 1537 600 a
1564 561 1800 600 consiliariis

111 616 295 666 ejusdem
321 617 494 668 reginae.
526 618 668 657 Frater
696 620 932 668 Menendus,
962 621 1112 659 ordinis
1141 621 1316 661 fratrum
1344 621 1560 668 Minomm,
1589 621 1800 671 episcopus
1838 641 1843 651 ι

112 676 381 715 Cordubensis
409 677 541 715 factus
570 692 640 728 per
665 679 843 728 primurn
870 680 1056 727 electum,
1071 680 1344 729 interrogatus
1373 679 1660 730 super'eadem
1688 678 1801 717 addi-

111 735 222 774 tione
250 750 340 773 xxv
366 736 424 774 ita
452 737 662 786 respondit
680 737 694 759 1
725 754 731 775 :
764 738 1029 788 Interrogatus
1055 753 1173 789 super
1198 739 1325 776 XXV
1351 739 1550 777 additione
1577 738 1676 776 dioeit
1702 738 1803 788 quod

110 793 182 832 scit
204 795 248 832 de
270 803 367 833 certo
389 796 490 845 quod
511 796 613 833 dicta
635 796 773 845 regina
796 796 1063 847 Neapolitana
1083 798 1162 847 suit
1182 798 1367 848 specialis
1392 797 1478 847 filia
1499 806 1533 835 et
1555 798 1686 835 devota
1708 795 1801 835 dicti

111 867 214 903 pape
237 854 390 893 Urbani
408 863 494 904 post
510 855 796 904 separationem
813 865 846 894 et
863 857 1172 906 reprobationem
1190 857 1320 907 ipsius
1336 857 1481 906 jactam
1498 871 1566 907 per
1583 856 1801 894 cardinales

113 926 232 962 usque
254 912 297 950 in
320 913 439 963 finem
461 914 605 951 mensis
626 915 800 963 augusti,
825 924 865 953 ut
884 915 964 953 sibi
986 916 1146 963 videtur,
1170 924 1203 953 et
1224 916 1323 954 dicto
1345 916 1501 954 domino
1523 930 1625 965 pape
1647 914 1801 965 quando

111 979 191 1009 erat
213 971 256 1010 in
279 972 421 1010 Tiburi
441 981 475 1010 et
495 973 653 1011 timebat
674 974 792 1012 dictos
813 974 1031 1012 cardinales
1051 989 1121 1024 pro
1142 989 1183 1012 eo
1204 976 1305 1024 quod
1324 975 1502 1013 tenebant
1522 975 1653 1024 plures
1675 981 1802 1023 gentes

112 1038 244 1069 contra
267 1045 368 1078 eum,
396 1032 503 1069 misit
528 1033 702 1070 comitem
727 1034 770 1071 de
794 1033 928 1071 Loreto
954 1048 1042 1071 cum
1066 1034 1240 1071 ducentis
1265 1034 1423 1071 lanceis·
1439 1042 1473 1071 et
1505 1032 1802 1083 quadringentis

113 1090 311 1139 peditibus
343 1091 561 1129 balestariis
589 1100 622 1129 et
650 1092 863 1141 panesatis,
893 1101 927 1130 et
953 1092 1112 1142 scripsit
1140 1101 1231 1130 tunc
1258 1093 1293 1130 ei
1322 1093 1514 1143 offerendo
1541 1107 1580 1129 se
1612 1092 1742 1142 ipsam
1769 1098 1802 1128 et

111 1163 230 1187 suum
250 1164 416 1199 regnum
437 1164 556 1200 usque
576 1152 628 1188 ad
648 1151 843 1189 velamina
864 1151 1019 1201 capitis
1042 1159 1075 1189 et
1096 1151 1347 1201 confortando
1367 1166 1456 1189 eum
1474 1152 1574 1201 quod
1590 1151 1802 1199 defenderet

114 1207 248 1258 ipsum
272 1224 296 1247 a
322 1208 436 1247 dictis
461 1210 744 1249 cardinalibus.
772 1211 867 1248 Post
892 1225 962 1260 que
988 1210 1090 1248 dicta
1115 1211 1253 1259 regina
1276 1210 1354 1260 fuit
1378 1211 1482 1260 sacta
1520 1210 1684 1247 inimica
1710 1207 1801 1246 dicti

112 1282 215 1318 pape
249 1268 403 1306 Urbani
431 1277 466 1306 et
493 1269 622 1306 amica
645 1269 922 1317 cardinalium,
948 1284 1017 1319 pro
1040 1284 1082 1306 eo
1109 1271 1208 1319 quod
1231 1270 1309 1319 fuit
1333 1269 1411 1307 sibi
1438 1277 1674 1319 reportatum
1704 1267 1804 1317 quod

114 1326 240 1365 dictus
258 1342 367 1378 papa
392 1328 579 1366 Urbanus
599 1329 745 1366 volebat
763 1343 849 1366 eam
867 1328 1022 1378 privare
1042 1343 1158 1378 regno
1177 1337 1210 1366 et
1229 1343 1369 1379 ponere
1388 1343 1474 1366 eam
1494 1328 1537 1365 in
1557 1326 1801 1367 monasterio.

113 1385 163 1424 Et
186 1386 340 1425 audivit
366 1387 435 1425 iste
460 1387 565 1425 testis
591 1388 691 1437 quod
715 1389 759 1425 de
784 1388 852 1425 hoc
875 1388 1032 1437 juerant
1058 1388 1174 1425 misse
1199 1388 1330 1437 regine
1356 1387 1484 1437 alique
1513 1387 1612 1424 bulle
1636 1387 1746 1435 salse,
1770 1392 1803 1423 et

113 1453 223 1484 erant
244 1446 438 1484 nominati
461 1446 520 1483 illi
542 1446 608 1497 qui
626 1447 860 1484 ordinarunt
877 1447 1020 1484 dictam
1036 1447 1334 1496 reportationem
1349 1455 1383 1484 et
1399 1446 1520 1483 dictas
1540 1446 1664 1483 bullas
1679 1445 1803 1493 salsas

115 1503 180 1542 isti
211 1505 277 1555 qui
307 1513 534 1555 sequuntur,
566 1506 806 1553 LeonarduS,
838 1506 904 1556 qui
934 1514 1014 1544 erat
1045 1506 1236 1555 generalis
1265 1505 1417 1543 ordinis
1448 1504 1488 1543 S.
1522 1503 1739 1550 Francisci‚
1770 1510 1805 1540 et

113 1564 432 1615 archiepiscopus
444 1564 698 1612 Cusentinus,
711 1573 745 1603 et
758 1579 881 1603 comes
896 1565 939 1602 de
952 1564 1125 1612 Caserta,
1139 1564 1322 1602 dominus
1335 1563 1552 1602 Nicholaus
1563 1563 1606 1601 de
1619 1561 1803 1611 Neapoli,

113 1630 147 1661 et
169 1623 353 1662 dominus
375 1624 592 1662 Lodovicus
615 1625 658 1662 de
682 1624 946 1663 Constanciis.
971 1624 1021 1661 Et
1043 1624 1112 1662 hoc
1133 1623 1287 1661 audivit
1309 1623 1387 1661 dici
1413 1623 1481 1661 iste
1504 1622 1609 1660 testis
1634 1621 1802 1667 Fundis,

114 1696 202 1720 cum
218 1691 313 1721 esset
329 1692 479 1733 captuS,
498 1692 531 1721 et
548 1698 635 1721 cam
651 1691 746 1721 esset
762 1698 851 1721 cum
866 1697 908 1721 eo
926 1683 969 1721 in
986 1683 1164 1733 captione
1183 1697 1287 1720 unus
1298 1683 1417 1731 frater
1428 1681 1653 1719 Predicator
1675 1679 1803 1729 inqui-

112 1741 208 1779 sitor
229 1742 387 1780 heretice
410 1743 617 1792 pravitatis
640 1743 706 1792 qui
728 1743 857 1792 fuerat
879 1742 1124 1780 ambasciator
1147 1742 1243 1780 dicte
1266 1741 1397 1790 regine
1419 1741 1470 1779 ad
1495 1740 1640 1778 dictum
1657 1752 1805 1789 papam

121 1800 328 1839 Urbanum
350 1802 503 1852 quando
526 1810 607 1839 erat
632 1802 828 1849 Tiburim,
851 1810 885 1839 et
905 1802 995 1851 jecit
1016 1815 1106 1839 eum
1127 1801 1217 1851 capi
1240 1800 1378 1850 regina
1408 1814 1478 1850 pro
1500 1814 1542 1837 eo
1577 1799 1676 1849 quod
1706 1811 1804 1835 reve-

114 1860 220 1898 labat
237 1861 372 1911 aliqua
390 1861 434 1899 de
460 1861 539 1899 hiis
565 1875 683 1911 super
701 1861 844 1911 quibus
860 1861 988 1910 suerat
1006 1860 1151 1898 missus
1169 1861 1220 1897 ad
1237 1860 1383 1897 dictum
1412 1873 1561 1909 papam
1585 1858 1803 1896 Urbanum.

118 1919 309 1969 Egregius
331 1920 539 1959 enimvero
560 1920 690 1967 testis,
713 1921 744 1958 si
765 1920 806 1959 id
828 1934 971 1958 verum
992 1928 1066 1967 est,
1089 1920 1248 1969 reginae
1276 1932 1372 1957 suae
1394 1918 1596 1969 proditor!
1619 1917 1683 1954 An
1703 1915 1804 1965 epis·
1840 1942 1847 1949 -

115 1992 239 2029 copus
266 1979 464 2017 Reatinus
487 1979 600 2018 istud
622 1979 731 2018 idem
755 1979 957 2018 testatur?
984 1979 1134 2017 Verum
1157 1979 1198 2016 id
1223 1978 1401 2028 quidem,
1426 1977 1495 2015 sed
1520 1991 1569 2015 ex
1593 1975 1702 2024 vulgi
1727 1989 1804 2012 ser-

115 2038 303 2077 monibus
326 2046 504 2077 tantum.
530 2039 599 2077 Ait
620 2039 728 2077 enim
746 2038 783 2076 2:
804 2038 911 2076 Nam
929 2038 1009 2088 ipsi
1026 2037 1158 2086 regine
1174 2045 1400 2086 suggestum
1415 2036 1493 2085 suit
1514 2036 1613 2085 quod
1631 2034 1804 2084 prefatus

115 2097 299 2135 dominus
316 2105 442 2136 noster
460 2098 590 2148 ipsam
606 2112 722 2147 regno
740 2097 894 2147 privare
913 2097 1134 2135 intendebat
1149 2105 1183 2134 et
1200 2096 1427 2133 minabatur
1445 2095 1574 2144 ipsam
1593 2093 1633 2130 in
1653 2106 1804 2130 monas-

115 2156 208 2194 terio
224 2157 426 2195 retrudere.
444 2156 556 2207 Quod
572 2165 612 2195 ut
628 2157 766 2194 melius
782 2156 860 2194 sibi
877 2157 1032 2194 daretur
1049 2155 1216 2205 intelligi
1232 2163 1265 2192 et
1282 2154 1437 2204 firmius
1453 2154 1625 2199 crederet,
1642 2151 1805 2200 conficta

113 2215 191 2264 suit
212 2216 376 2265 quedam
395 2216 500 2265 salsa
521 2216 648 2254 littera
669 2230 737 2265 per
758 2216 905 2254 dictum
926 2208 1165 2252 Nicholaum
1188 2214 1230 2252 de
1253 2212 1438 2263 Neapoli,
1463 2220 1503 2250 ut
1528 2211 1706 2257 creditur,
1732 2209 1805 2246 sub

116 2275 272 2313 nomine
300 2275 442 2325 prefati
472 2275 623 2313 domin-i
653 2274 774 2313 nostri
802 2275 854 2312 ad
881 2288 1006 2323 regem
1041 2273 1228 2322 Ungarie,
1257 2287 1326 2322 per
1354 2285 1470 2322 quam
1500 2271 1540 2308 id
1569 2269 1806 2307 innuebatur

114 2347 303 2384 expresse,
322 2342 356 2373 et
374 2334 496 2372 multa
513 2335 596 2372 alia
614 2335 719 2372 mala
736 2342 770 2371 et
787 2333 1045 2383 opprobriosa
1063 2332 1177 2370 verba
1196 2332 1238 2369 de
1256 2345 1300 2369 ea
1319 2331 1421 2368 dicta
1439 2330 1488 2367 ab
1506 2330 1635 2366 eodem
1650 2327 1805 2365 domino

116 2401 256 2441 nostro,
277 2401 318 2431 ut
336 2393 569 2443 fingebatur,
589 2393 852 2443 referebantur
869 2392 1004 2430 eidem.

168 2451 223 2490 At
251 2452 285 2491 si
313 2453 451 2502 regina
480 2453 685 2502 repulsam
714 2465 833 2502 passa
863 2459 924 2489 est
953 2451 1028 2488 sub
1058 2449 1175 2487 initio
1204 2448 1471 2499 pontificatus
1504 2445 1673 2493 Urbani,
1703 2452 1744 2483 et
1773 2443 1805 2482 si

115 2519 331 2562 propterea
359 2511 469 2549 facta
497 2519 558 2550 est
584 2511 619 2549 ei
645 2511 822 2558 inimica,
852 2525 922 2548 cur
948 2524 1031 2547 non
1056 2508 1196 2547 statim
1226 2507 1420 2545 adversus
1448 2519 1541 2544 eum
1567 2501 1805 2542 incanduit?

116 2570 195 2608 Cur
215 2570 376 2620 scripsit
398 2584 439 2608 se
458 2570 494 2608 ei
511 2570 720 2620 suppetias
741 2571 918 2607 laturam
939 2568 1132 2606 adversus
1153 2566 1376 2605 cardinales
1395 2565 1446 2602 ab
1468 2579 1515 2602 eo
1534 2560 1805 2601 deciscentes?

118 2629 200 2667 Ista
230 2643 312 2667 non
340 2629 571 2667 cohaerent.
606 2629 750 2679 Itaque
780 2635 943 2679 oportet
971 2627 1071 2664 alias
1101 2626 1223 2663 fuisse
1253 2637 1394 2663 causas
1423 2624 1576 2661 irarum
1590 2621 1618 2660 3.
1647 2621 1808 2659 Scilicet

114 2688 271 2738 inquies
292 2688 466 2735 animus,
486 2696 577 2726 tum
597 2687 723 2735 ferox,
744 2695 785 2726 et
805 2685 1043 2725 dominandi
1063 2684 1248 2734 cupidus,
1274 2691 1315 2721 et
1337 2683 1406 2732 qui
1428 2681 1609 2720 crederet
1628 2695 1668 2718 se
1687 2693 1808 2729 super

114 2761 267 2797 pennas
293 2755 511 2785 ventorum
533 2746 617 2796 jam
643 2747 793 2794 volare,
818 2754 866 2783 ut
888 2745 957 2785 lib.
987 2745 1017 2791 I,
1034 2744 1092 2781 De
1110 2743 1328 2789 schismate,
1351 2755 1438 2791 cap.
1466 2755 1534 2799 vin
1570 2739 1623 2789 [p.
1651 2737 1724 2788 23]
1749 2737 1808 2775 ait

164 2897 196 2929 1.
218 2896 258 2929 Β.
283 2896 341 2936 Ν.,
363 2907 430 2929 ms.
452 2894 548 2928 latin
568 2893 697 2934 11745‚
719 2893 781 2927 fol.
804 2893 870 2926 141
895 2896 945 2926 v0.

165 2950 196 2982 2.
223 2949 290 2983 Ms.
317 2948 401 2988 cite,
427 2947 489 2981 fol.
516 2948 560 2981 87
585 2951 629 2981 r0.

164 3003 197 3036 3.
228 3002 282 3035 La
307 3002 407 3035 reine
435 3000 579 3033 Jeanne
608 2998 810 3043 pretendit,
838 2998 871 3031 le
900 2998 919 3031 5
946 2997 1029 3041 juin
1055 2997 1160 3037 1380,
1190 2995 1295 3029 avoir
1322 2995 1437 3029 voulu
1465 2994 1625 3037 adopter
1650 2994 1701 3027 les
1730 2992 1809 3026 avis

119 3056 162 3089 de
188 3054 419 3099 theologiens
445 3059 483 3087 et
509 3053 552 3086 de
579 3052 802 3092 canonistes,
819 3057 858 3084 et
881 3062 918 3084 se
945 3049 1154 3083 conformer
1179 3049 1200 3082 a
1224 3049 1260 3082 la
1285 3048 1449 3082 decision
1473 3059 1488 3078 α
1505 3047 1682 3080 unanime
1706 3058 1721 3077 »
1746 3046 1810 3080 des

119 3121 134 3140 «
153 3108 360 3142 cardinaux
380 3120 411 3147 »;
436 3106 479 3139 N.
503 3105 628 3139 Valois
654 3105 692 3148 (t.
714 3116 739 3145 1,
761 3116 796 3148 p.
818 3102 891 3147 78).
