2083 3458
105 250 255 305 [1088]
622 266 839 291 PAPARUM
875 265 1259 291 AVENIONENSIUM
1706 245 1784 286 611

91 348 225 398 spatio
245 361 448 386 annorum
468 349 795 397 quatuordecim,
813 349 1004 387 Urbanus
1025 349 1059 385 V
1079 362 1172 387 eum
1198 346 1395 398 praefecit
1418 345 1619 384 Ecclesiae
1640 345 1787 383 Carno-

91 407 196 445 tensi
220 421 328 444 anno
353 406 691 455 MCCCLXVIII,
716 422 760 445 1x
786 408 865 445 kal.
892 407 1069 446 octobris
1102 407 1166 457 [23
1190 405 1456 456 septembre],
1481 412 1528 442 ut
1552 411 1716 442 constat
1740 417 1789 441 ex

90 466 176 515 ejus
204 466 377 514 Regesto.
407 466 708 505 Possessionem
743 475 883 505 autem
908 467 1014 504 illius
1054 466 1270 512 Ecclesiae,
1297 473 1352 501 ut.
1369 464 1617 501 adnotatum
1653 470 1714 500 est
1747 462 1788 499 in

90 525 297 563 veteribus
317 525 595 563 monumentis
618 525 654 563 S.
678 525 888 572 Florentii,
907 526 1082 575 adeptus
1103 533 1164 563 est
1182 539 1254 574 per
1272 531 1580 574 procuratorem
1600 521 1663 559 die
1681 520 1787 570 jovis

91 584 265 634 septima
306 583 545 630 decembris,
585 592 626 621 et
663 583 933 635 personaliter
972 584 1034 622 die
1075 583 1278 621 dominica
1318 590 1411 632 post
1452 580 1787 619 Purificationem

102 643 139 693 [4
158 642 328 693 sevrier]
346 656 454 680 anno
472 642 672 692 sequenti.
697 643 741 679 In
769 643 897 681 veteri
914 643 1102 691 catalogo
1120 643 1394 692 episcoporum
1411 640 1716 678 Carnotensinm
1742 653 1787 676 ea

91 709 339 752 tempestate
365 701 533 751 scripto,
561 716 683 751 quern
709 701 794 739 vidi
821 702 917 740 olim
942 702 983 740 in
1018 701 1185 739 archivo
1223 701 1401 751 episcopi
1429 698 1703 744 Carnotensis,
1729 697 1786 735 ita

90 761 289 811 scriptum
304 768 365 799 est
380 761 427 798 de
441 761 520 798 isto
535 761 752 799 Guillelmo
770 776 777 798 ε
799 761 1032 798 Guillelmns
1049 762 1091 798 de
1104 760 1295 806 Chenaw,
1309 758 1597 796 Lemovicensis
1609 756 1787 802 diocesis,

91 820 150 857 vir
166 820 325 866 nobilis,
343 819 565 868 religiosus,
584 828 618 857 et
633 834 774 869 magne
788 820 962 867 scientie,
979 834 1174 870 pronepos
1197 818 1399 856 Guillelmi
1415 826 1449 855 et
1465 831 1584 867 nepos
1600 815 1788 853 Falconis

91 879 134 917 de
161 879 353 926 Chenaw,
382 879 579 929 qnondam
604 879 880 929 episcoporum
906 878 1216 919 Parisiensiiim.
1245 877 1325 914 Hic
1350 877 1428 926 fnit
1455 876 1667 913 monachus
1694 874 1787 912 Clu-

91 938 291 976 niacensis
309 937 477 984 ordinis,
497 946 533 975 et
551 938 640 975 inde
660 946 861 987 promotus
881 937 923 975 in
942 937 1123 976 abbatem
1142 937 1279 974 Sancti
1299 935 1492 973 Florentii
1511 936 1555 972 de
1576 934 1787 978 Saumuro,

91 997 255 1047 indeque
267 997 396 1046 jactus
409 997 619 1046 episcopus
632 997 902 1035 Carnotensis.
916 997 968 1034 Et
981 997 1253 1046 episcopatum
1270 996 1360 1033 bene
1375 994 1473 1032 rexit
1487 994 1638 1031 duobus
1653 992 1787 1038 annis,

89 1055 177 1099 licet
193 1055 250 1094 ibi
268 1070 346 1093 non
364 1056 563 1094 manserit.
582 1057 635 1094 Et
651 1056 740 1094 inde
757 1056 973 1094 translatus
987 1056 1067 1105 fuit
1082 1069 1150 1105 per
1166 1054 1372 1092 dominum
1394 1053 1626 1101 Gregorium
1639 1065 1789 1102 papam

90 1115 158 1152 XI
176 1129 282 1152 anno
304 1115 583 1153 MCCCLXX
603 1115 645 1152 in
664 1115 895 1165 episcopum
918 1114 1209 1152 Mimatensem.
1234 1114 1358 1151 Recte
1381 1112 1561 1161 quidem,
1581 1111 1613 1149 si
1633 1124 1787 1147 annum

90 1173 261 1224 incipias
291 1187 314 1212 a
345 1174 561 1220 paschate,
592 1182 639 1211 ut
669 1182 760 1211 tum
789 1174 980 1212 solebant
1011 1173 1169 1211 Franci.
1203 1173 1257 1210 At
1287 1172 1319 1210 si
1349 1171 1519 1220 incipias
1550 1184 1572 1207 a
1604 1168 1786 1207 kalendis

87 1233 300 1282 januariis,
321 1247 452 1271 annus
474 1233 554 1270 fuit
576 1233 872 1271 MCCCLXXI.

143 1292 292 1330 Factus
325 1300 387 1330 est
419 1292 559 1342 itaque
593 1292 807 1342 episcopus
842 1291 1097 1329 Mimatensis
1118 1291 1131 1313 ¹
1164 1304 1272 1327 anno
1307 1288 1587 1327 MCCCLXXI
1621 1295 1662 1325 et
1692 1300 1787 1323 mox

89 1351 320 1397 cardinalis,
351 1351 484 1389 dictus
513 1360 730 1401 propterea
760 1351 977 1389 cardinalis
1007 1350 1274 1388 Mimatensis.
1307 1349 1522 1386 Falluntur
1547 1360 1640 1395 ergo
1668 1346 1787 1383 vehe-

89 1418 248 1449 menter
268 1410 337 1460 qui
357 1424 451 1449 eum
470 1418 625 1461 putant
645 1411 777 1460 primo
798 1410 920 1448 fuisse
942 1410 1177 1460 episcopum
1201 1409 1500 1453 Mimatensem,
1521 1413 1664 1456 postea
1691 1417 1787 1442 vero

90 1468 395 1508 Carnotensem.
418 1469 592 1508 Eosdem
619 1469 662 1507 in
688 1470 814 1507 alium
844 1483 1009 1519 gravem
1038 1482 1210 1506 errorem
1232 1465 1524 1518 praecipitavit
1550 1463 1786 1502 Fernandus

91 1529 283 1578 Ughellus
308 1528 487 1567 scribens
511 1528 625 1566 illum
651 1529 773 1566 fuisse
799 1528 1087 1567 cancellarium
1112 1527 1225 1565 ducis
1251 1526 1431 1563 Andium
1456 1523 1613 1562 Siciliae
1638 1522 1738 1571 regis
1758 1521 1785 1559 2.

92 1587 134 1625 Id
159 1588 267 1626 enim
289 1588 454 1626 omnino
477 1588 626 1625 falsum
648 1596 723 1634 est,
746 1595 786 1626 et
816 1587 1075 1625 referendum
1106 1587 1157 1623 ad
1181 1587 1385 1623 Joannem
1408 1582 1529 1621 Fabri
1550 1581 1783 1632 episcopum

89 1647 393 1685 Carnotensem.

142 1706 405 1744 Guillelmum
466 1706 682 1755 Gregorius
745 1705 805 1743 XI
868 1705 964 1743 fecit
1024 1705 1311 1756 presbyterum
1371 1701 1619 1740 cardinalem
1679 1712 1786 1736 anno

90 1765 386 1812 MCCCLXXI,
404 1765 468 1803 die
484 1773 601 1803 sexta
617 1764 723 1814 junii
736 1764 764 1803 3.
785 1765 885 1802 Erat
901 1772 1040 1802 auten]
1059 1764 1221 1810 absens,
1238 1770 1279 1801 et
1294 1762 1426 1812 primo
1444 1759 1618 1798 intravit
1633 1758 1787 1796 curiam

90 1823 152 1862 die
169 1831 286 1862 sexta
304 1824 497 1872 octobris,
513 1832 561 1861 ut
576 1824 827 1862 adnotatum
844 1831 905 1862 est
922 1824 963 1861 in
979 1823 1082 1861 libro
1099 1822 1412 1872 Obligationnm.
1431 1820 1535 1857 Tum
1551 1832 1648 1856 vero
1665 1816 1785 1854 datus

90 1883 125 1921 ei
145 1892 207 1922 est
227 1883 372 1922 titulus
396 1883 537 1922 Sancti
558 1883 718 1921 Vitalis.

142 1943 260 1980 Anno
286 1943 621 1990 MCCCLXXVI,
646 1943 753 1980 idem
780 1942 995 1991 Gregorius
1022 1941 1235 1980 relicturus
1262 1939 1513 1977 Avenionem
1540 1944 1587 1973 ut
1613 1936 1785 1973 Romam

88 2002 428 2052 proficisceretur,
451 2002 661 2040 Avenione
682 2001 848 2051 reliquit
868 2001 977 2039 hunc
998 2001 1276 2046 Guillelmum,
1298 1998 1414 2047 eique
1436 2010 1576 2034 curam
1597 2002 1637 2032 et
1657 1993 1785 2031 adrni-

89 2061 377 2099 nistrationem
418 2061 640 2099 Avenionis
690 2068 731 2099 et
781 2061 1003 2099 comitatus
1045 2058 1286 2108 Veneyssini
1326 2055 1531 2095 commisit
1570 2067 1651 2091 una
1693 2066 1784 2090 cuin

91 2120 249 2158 Joanne
274 2120 323 2158 de
347 2121 571 2158 Blandiaco
597 2120 788 2170 episcopo
815 2119 1041 2165 Sabinensi,
1068 2126 1115 2156 ut
1141 2118 1289 2156 docent
1314 2116 1451 2153 variae
1477 2112 1658 2162 Gregorii
1683 2111 1784 2161 epis-

89 2180 196 2217 tolae
217 2180 269 2217 ad
290 2179 377 2217 illos
399 2180 534 2217 datae.

142 2239 260 2276 Anno
289 2238 654 2285 MCCCLXXXII,
684 2252 777 2277 cum
806 2211 1038 2275 Ludovicus
1068 2237 1152 2273 dux
1180 2232 1487 2283 Andegavensis
1516 2245 1537 2268 a
1565 2243 1673 2280 papa
1703 2229 1785 2266 Cle-

88 2305 225 2336 mente
247 2298 327 2335 VII
349 2306 389 2336 et
409 2311 431 2335 a
452 2298 591 2347 reoina
614 2297 772 2335 Siciliae
795 2298 957 2335 Joanna
979 2295 1222 2333 sollicitatus
1245 2293 1389 2331 fuisset
1409 2292 1461 2329 ad
1481 2288 1786 2352 suscipiendum

88 2356 240 2394 bellum
268 2357 603 2407 Neapolitanum,
630 2356 888 2406 profecturus
916 2362 1133 2419 propterea
1161 2353 1428 2397 Avenionem‚
1456 2350 1549 2387 illuc
1576 2345 1785 2398 praemisit

89 2416 375 2454 cancellarium
401 2430 519 2453 suum
548 2416 750 2453 Joannem
779 2415 914 2461 Fabri,
941 2414 1177 2464 episcopum
1204 2412 1508 2450 carnotensem.
1541 2408 1620 2444 Iste
1646 2413 1786 2443 autem

88 2474 182 2513 illuc
200 2490 299 2525 perv
304 2475 390 2513 enit
409 2475 472 2513 die
491 2474 656 2513 sabbati
674 2474 805 2525 prima
826 2473 1034 2520 februarii,
1053 2472 1106 2509 ibi
1127 2470 1306 2521 hospitio
1325 2475 1520 2518 exceptus
1539 2480 1561 2503 a
1582 2464 1785 2503 cardinale

91 2533 344 2580 Mimatensi3
374 2542 415 2572 et
441 2541 537 2584 post
564 2533 785 2583 prandium
814 2533 865 2570 ab
894 2547 940 2570 eo
969 2532 1117 2569 duct‘us
1147 2530 1199 2567 ad
1226 2542 1393 2580 papam,
1423 2524 1614 2576 exposuit
1642 2536 1785 2561 causas

89 2593 294 2631 adventus
313 2592 387 2630 sui.
409 2592 611 2631 Postridie
629 2606 802 2642 pransus
822 2599 884 2629 est
902 2605 994 2629 cum
1012 2603 1134 2640 papa.
1157 2589 1229 2626 Die
1248 2587 1390 2625 martis
1411 2592 1558 2649 quarta
1578 2581 1784 2627 februarii,

89 2651 197 2690 horis
227 2651 458 2698 matutinis,
489 2651 692 2689 existente
722 2665 768 2689 eo
798 2664 891 2689 cum
922 2649 1126 2688 cardinale
1157 2645 1404 2691 Mimatensi,
1436 2643 1624 2694 episcopo
1655 2641 1785 2689 Agen-

89 2710 218 2758 nensi,
243 2711 289 2749 G.
315 2711 369 2748 Le
395 2711 499 2758 Roy,
519 2718 560 2748 et
583 2710 765 2747 Arnaldo
786 2711 824 2747 la
853 2709 974 2747 Caille
997 2707 1214 2746 secretario
1239 2705 1351 2743 ducis
1375 2703 1572 2752 Andegav
1578 2700 1697 2746 ensis,
1718 2698 1786 2748 qui

90 2769 142 2807 ab
166 2784 213 2808 eo
237 2769 348 2807 missi
373 2769 541 2807 fuerunt
565 2768 820 2806 Avenionem
844 2781 917 2818 pro
942 2767 1084 2805 eadem
1114 2778 1250 2812 causa,
1275 2762 1446 2801 accessit
1470 2760 1521 2798 ad
1546 2774 1611 2798 eos
1637 2772 1785 2796 mares·

90 2828 244 2866 challus
268 2842 419 2879 papae3
444 2836 485 2865 et
508 2836 598 2864 tum
622 2828 832 2865 decretum
856 2827 963 2872 inter
985 2839 1051 2864 eos
1076 2824 1155 2862 fuit
1177 2823 1238 2860 uti
1262 2821 1486 2860 cardinales
1512 2817 1785 2863 Florentinus,

91 2988 93 2990 -
137 2969 169 3002 1.
201 2969 331 3009 Eubel,
355 2967 586 3008 Hier-archia,
610 2975 636 3001 t.
667 2979 689 3008 1,
714 2979 748 3011 p.
773 2968 842 3001 342
868 2967 997 3009 (bulles
1022 2966 1071 2997 du
1093 2966 1113 2998 8
1135 2963 1281 3007 janvier
1303 2961 1423 3004 1371).

138 3022 168 3055 2.
199 3022 335 3055 Baluze
361 3033 382 3054 a
406 3021 594 3054 contredit
619 3021 639 3052 a
664 3027 741 3053 tort
768 3019 914 3063 Ughelli
944 3017 1125 3061 (Histoire
1149 3018 1189 3050 de
1212 3015 1439 3058 Languedoc,
1466 3020 1491 3045 t.
1516 3025 1569 3051 ix,
1597 3023 1630 3054 p.
1658 3011 1725 3043 827
1750 3016 1787 3043 et

90 3074 228 3115 Valois⁷
251 3080 278 3109 t.
299 3087 323 3115 1,
346 3086 380 3118 p.
404 3074 500 3116 186).

137 3129 170 3161 3.
201 3128 305 3161 Lisez
329 3127 361 3160 le
386 3128 432 3160 30
457 3126 543 3159 mai.
