2083 3458
104 221 254 276 [1102]
622 239 837 264 PAPARUM
873 239 1255 265 AVENIONENSIUM
1702 228 1782 268 625

92 320 444 371 archiepiscopum
470 321 690 360 Barensem
718 330 893 372 utraque
922 337 1013 372 pars
1043 325 1267 370 consensit,
1297 339 1456 372 verene,
1485 339 1536 363 an
1568 326 1674 374 ficte,
1703 342 1784 365 non

93 388 154 418 est
179 379 296 418 istius
323 379 399 417 loci
426 381 708 429 pronunciare.
739 381 856 419 Nunc
882 382 1144 432 probandum
1169 391 1231 421 est
1257 383 1503 422 testimoniis
1531 393 1718 424 veterum
1743 387 1784 424 id

94 439 204 488 quod
221 452 243 475 a
261 438 377 476 nobis
397 438 555 476 dictum
571 448 645 478 est.

150 498 197 535 In
215 497 335 535 Facto
353 497 475 536 misso
493 512 565 547 per
582 499 946 539 Bartholomaeum
965 500 1040 537 sub
1060 500 1170 538 bulla
1189 501 1271 551 regi
1291 502 1488 540 Castellae
1508 503 1656 553 legitur
1673 505 1785 554 apud

95 556 316 595 Odoricum
343 556 620 606 Raynaldum,
646 571 711 596 an.
740 558 853 605 1378,
875 559 892 608 ξ
918 559 979 605 79,
1006 559 1241 598 Lemovices
1267 575 1523 611 summopere
1549 551 1720 612 cupiisse
1745 564 1786 601 in

95 615 289 654 cathedra
308 615 534 665 apostolica
554 617 748 655 collocare
768 618 1014 657 alterutrum
1032 633 1052 656 e
1072 618 1230 656 duobus
1250 619 1524 658 cardinalibus
1545 635 1644 670 quos
1664 636 1785 672 supra

94 674 414 722 nominavimus,
431 674 501 712 sed
518 683 672 713 ceteros
690 690 936 725 repugnasse
953 685 993 714 et
1011 677 1368 716 Lemovicensibus
1386 693 1456 729 per
1470 693 1600 719 unum
1614 680 1787 719 istorum

96 731 253 772 dictum
276 733 399 771 fuisse
425 734 536 783 quod
561 734 637 772 ista
660 735 739 772 vice
763 735 872 772 nullo
896 736 1007 773 modo
1030 737 1291 774 consentirent
1312 738 1451 787 eligere
1476 738 1519 776 in
1541 754 1691 789 papam
1714 740 1786 778 ali—

96 807 207 843 quem
235 793 279 830 de
308 793 466 830 natione
494 793 775 841 Lemovicensi,
813 794 1090 844 subjungendo
1119 797 1220 845 quod
1247 804 1347 833 totus
1386 798 1557 835 mundus
1586 798 1789 836 videbatur

95 852 305 890 attediatus
333 852 377 890 de
406 851 582 889 dominio
604 852 942 890 Lemovicensium
971 855 1072 903 quod
1096 854 1281 892 hactenus
1305 855 1526 893 habuerunt
1554 857 1597 894 in
1625 872 1787 907 papam,

95 911 165 948 ubi
187 910 404 961 legendum
427 925 511 948 esse
536 910 579 948 in
600 920 766 961 papatu,
789 920 837 949 ut
858 912 969 962 apud
993 913 1197 951 Jacobum
1220 914 1267 951 de
1292 914 1394 952 Seva
1418 929 1487 953 seu
1510 915 1646 965 potius
1678 917 1788 966 apud

97 970 301 1008 Joannem
322 970 369 1008 de
392 970 589 1019 Lignano,
610 971 674 1008 vel
694 985 745 1008 ex
764 980 930 1021 papatu,
951 978 999 1008 ut
1018 972 1060 1009 in
1080 971 1216 1010 codice
1234 973 1478 1020 Harlaeano,
1496 975 1647 1012 nemini
1668 977 1790 1025 paulo

96 1036 260 1067 versato
286 1029 328 1066 in
354 1029 414 1066 his
442 1028 588 1066 studiis
614 1037 754 1079 potest
779 1044 863 1068 esse
903 1030 1134 1069 obscurum.
1163 1031 1421 1069 Cardinalem
1453 1047 1572 1082 porro
1607 1034 1675 1083 qui
1710 1034 1788 1072 ista

97 1088 203 1126 dixit
234 1088 594 1126 Lemovicensibus
626 1088 748 1127 fuisse
780 1089 1029 1128 cardinalem
1060 1089 1199 1127 Sancti
1232 1091 1443 1129 Eustachii
1475 1092 1594 1130 docet
1624 1093 1790 1131 Factum

97 1147 282 1197 ejusdem
301 1147 459 1194 Jacohi,
478 1162 516 1197 p.
536 1147 626 1195 489,
644 1147 685 1185 in
702 1155 816 1186 tomo
835 1156 983 1198 quarto
1001 1149 1205 1186 Historiae
1227 1149 1506 1188 Universitatis
1530 1151 1787 1190 Parisiensis.

99 1207 162 1244 Ex
188 1220 268 1256 quo
294 1214 404 1245 certo
431 1214 596 1245 constat
619 1206 734 1246 illum
760 1221 842 1244 non
867 1207 1016 1245 fovisse
1042 1215 1178 1257 partes
1206 1209 1573 1257 Lemovicensium,
1606 1211 1715 1260 quod
1740 1226 1790 1249 ex

98 1266 185 1303 aliis
213 1280 375 1316 quoque
401 1265 648 1305 testimoniis
676 1266 892 1316 colligitur,
920 1267 1104 1317 adeoque
1131 1275 1312 1304 erratum
1339 1282 1422 1305 esse
1449 1269 1713 1307 vehementer
1739 1271 1790 1307 ab

99 1325 289 1375 episcopo
315 1324 555 1363 Cassanensi
580 1325 782 1363 scribente
808 1325 920 1375 apud
942 1325 1164 1364 Odoricum
1189 1320 1465 1375 Raynaldum,
1488 1328 1575 1365 eod.
1599 1342 1679 1375 an.,
1712 1330 1728 1377 ἓ
1754 1329 1791 1375 2,

98 1384 214 1422 illum
237 1384 368 1434 gratia
391 1392 432 1422 et
455 1384 595 1422 favore
620 1384 889 1422 cardinalium
913 1384 1267 1423 Lemovicensium
1290 1385 1488 1436 aspirasse
1511 1387 1563 1424 ad
1586 1401 1792 1426 summum

99 1443 405 1494 pontificatum.

157 1503 203 1540 In
237 1502 491 1553 depositione
528 1502 699 1540 ,Ioannis
734 1502 914 1550 Garsiae,
950 1502 1092 1541 decani
1136 1503 1448 1553 Calagurritani,
1490 1504 1638 1554 legitur
1684 1506 1792 1555 quod

99 1561 376 1612 interrogatus
404 1576 525 1612 super
552 1561 800 1611 quibusdam
827 1562 1008 1600 articulis
1036 1562 1140 1600 circa
1168 1563 1383 1600 materiam
1410 1564 1564 1613 primae
1587 1565 1792 1602 electionis

100 1620 201 1659 nihil
219 1620 339 1668 dixit,
357 1629 510 1671 excepto
528 1622 630 1671 quod
647 1621 731 1671 ipse
748 1629 782 1659 et
798 1621 871 1659 alii
889 1622 1058 1659 curiales
1075 1622 1264 1671 loquendo
1282 1623 1325 1659 de
1344 1622 1419 1660 ista
1437 1623 1600 1660 materia
1617 1623 1796 1661 dicebant

101 1680 203 1730 quod
230 1680 453 1718 cardinales
481 1680 775 1718 Lemovicenses
805 1680 982 1718 volebant
1009 1680 1135 1729 facere
1165 1695 1315 1730 papam
1345 1681 1388 1718 de
1418 1695 1457 1718 se
1488 1681 1602 1731 ipsis,
1633 1690 1667 1719 et
1697 1683 1797 1732 quod

107 1739 250 1777 Gallici
279 1754 357 1776 non
384 1739 688 1786 consentiebant,
718 1739 812 1789 quia
839 1739 1040 1777 dicebatur
1067 1741 1168 1789 quod
1196 1740 1238 1776 in
1266 1740 1456 1789 regimine
1484 1742 1585 1790 quod
1611 1741 1795 1778 hactenus

101 1806 306 1836 tenue-rant
326 1798 369 1836 in
386 1798 463 1835 Dei
483 1798 661 1836 Ecclesia
681 1799 997 1836 demonstrarunt
1017 1813 1204 1848 magnam
1224 1799 1469 1848 affectionem
1490 1800 1572 1837 illis
1592 1801 1635 1837 de
1656 1815 1795 1849 paren-

101 1858 175 1895 tela
199 1871 275 1895 sua
298 1865 333 1895 et
356 1858 409 1895 ad
431 1872 566 1895 eorum
590 1858 839 1904 voluntatem,
865 1866 899 1895 et
924 1858 1025 1908 quod
1050 1872 1126 1895 non
1153 1866 1331 1896 recemnt
1359 1859 1462 1902 bene,
1489 1867 1523 1896 et
1547 1867 1703 1908 propter
1729 1859 1796 1896 lzoc.

102 1917 279 1954 volebant
294 1917 396 1966 quod
409 1925 505 1954 esset
527 1916 714 1955 Gallicus.

156 1975 336 2013 Joannes
358 1975 532 2025 Remigii
552 1976 599 2014 de
620 1976 820 2023 Guzman,
838 1976 1148 2014 archidiaconus
1175 1976 1238 2014 del
1257 1976 1377 2014 Alcor
1394 1976 1435 2013 in
1457 1977 1634 2015 Ecclesia
1656 1977 1796 2015 Palen-

102 2034 252 2073 tinensi
273 2043 315 2072 et
337 2035 556 2073 canonicus
580 2035 838 2085 Legionensis
861 2035 978 2073 testis
999 2035 1175 2084 juratus,
1199 2035 1389 2084 deposuit
1410 2050 1450 2073 se
1473 2035 1675 2073 audivisse
1698 2036 1798 2085 quod

103 2093 324 2131 cardinales
348 2094 511 2143 suerunt
537 2094 761 2143 congregati
787 2094 991 2144 aliquibus
1019 2094 1171 2131 vicibus
1199 2094 1242 2131 in
1270 2094 1416 2132 Sancta
1444 2094 1583 2131 Maria
1611 2094 1736 2140 Nova,
1764 2103 1797 2131 et

106 2153 190 2203 ipse
209 2153 307 2201 vidit
324 2167 387 2190 eos
407 2153 553 2191 intrare
573 2153 630 2190 ibi
649 2154 701 2191 ad
718 2153 944 2200 consilium,
964 2161 998 2190 et
1016 2153 1171 2191 audivit
1189 2153 1267 2190 dici
1288 2154 1388 2203 quod
1406 2153 1625 2190 tractabant
1643 2154 1686 2190 de
1705 2154 1795 2190 elec-

105 2212 207 2250 tione
221 2226 338 2262 pape,
353 2220 388 2249 et
402 2213 504 2262 quod
514 2212 673 2261 fuerant
689 2212 856 2250 multum
871 2212 1078 2260 discordes,
1095 2212 1189 2261 quia
1200 2211 1491 2249 Lemovicenses
1506 2212 1684 2250 volebant
1698 2213 1798 2261 quod

104 2279 201 2308 esset
227 2285 337 2321 papa
365 2271 626 2318 Pictavensis,
656 2279 689 2309 et
725 2271 881 2317 Gallici,
912 2271 978 2321 qui
1007 2279 1117 2308 erant
1149 2270 1415 2308 Gebennensis
1436 2278 1470 2307 et
1505 2270 1794 2312 Glandatensis.

105 2344 194 2368 cum
223 2330 367 2380 quibus
395 2337 477 2367 erat
505 2330 724 2368 cardinalis
754 2330 890 2368 Sancti
921 2329 1129 2367 Eustachii
1158 2338 1191 2366 et
1220 2330 1263 2367 de
1292 2329 1422 2375 Luna,
1453 2329 1629 2366 volebant
1657 2329 1796 2375 alium,

105 2397 139 2426 et
165 2388 312 2426 Ytalici
336 2389 476 2436 alium,
499 2397 534 2426 et
556 2397 637 2427 erat
667 2391 778 2439 sama
807 2390 907 2439 quod
938 2389 1080 2426 Gallici
1107 2389 1284 2425 volebant
1307 2387 1525 2436 sejungere
1556 2387 1723 2424 Ytalicis
1747 2388 1799 2424 ad

107 2448 331 2486 habendum
349 2450 536 2497 majorem
552 2456 716 2498 partem,
734 2449 802 2486 sed
819 2448 939 2485 nescit
956 2449 1058 2498 quod
1073 2447 1351 2485 deliberassent
1367 2447 1413 2484 ob
1433 2446 1548 2483 istam
1563 2446 1796 2483 discordiam

107 2507 247 2556 eligere
275 2507 618 2557 archiepiscopum
646 2508 874 2555 Barensem,
905 2521 972 2544 nec
1000 2506 1072 2544 scit
1101 2507 1201 2556 quod
1229 2507 1272 2543 de
1302 2505 1371 2543 tali
1401 2505 1676 2542 deliberatione
1704 2513 1798 2542 esset

108 2566 244 2616 aliqua
264 2566 375 2614 sama
396 2566 517 2603 Rome
538 2574 748 2616 antequam
769 2566 989 2604 cardinales
1014 2566 1224 2603 intrassent
1245 2565 1434 2610 conclave,
1457 2565 1525 2601 sed
1545 2563 1699 2601 audivit
1721 2563 1798 2601 clici

110 2626 212 2675 quod
234 2625 385 2662 dixerat
408 2625 625 2662 cardinalis
657 2625 924 2663 Gebennensis
947 2625 1049 2674 quod
1070 2624 1203 2674 potius
1227 2623 1457 2661 consentiret
1480 2623 1581 2671 quod
1597 2622 1800 2671 eligeretur

111 2698 216 2721 unus
235 2683 400 2721 Italicus
417 2698 534 2733 quam
549 2684 849 2723 Lemovicensis.

165 2743 327 2781 Garsias
346 2742 526 2790 Martini,
543 2743 695 2781 electus
712 2743 935 2790 Auriensis,
953 2742 1054 2780 dixit
1069 2742 1170 2791 quod
1184 2740 1338 2778 audivit
1354 2740 1432 2777 dici
1447 2755 1471 2777 a
1487 2740 1653 2789 quodam
1669 2741 1712 2777 de
1729 2754 1800 2789 quo

112 2816 191 2839 non
222 2802 443 2839 recordatur
473 2802 575 2851 quod
604 2802 822 2839 cardinalis
860 2801 1125 2843 Gebennensis
1157 2800 1306 2837 dia-erat
1338 2799 1380 2836 in
1411 2806 1575 2835 tractatu
1605 2798 1801 2835 electionis

112 2860 207 2898 aliis
240 2860 514 2899 cardinalibus
547 2861 648 2910 quod
678 2875 724 2898 ex
756 2875 830 2910 quo
862 2861 1035 2910 populus
1077 2872 1264 2896 romanus
1296 2857 1376 2895 sibi
1416 2857 1670 2907 supplicabat
1702 2857 1803 2906 quod

114 2920 249 2957 darent
270 2919 327 2956 eis
348 2934 500 2969 papam
530 2933 739 2957 romanum
770 2920 829 2956 vel
855 2919 1067 2965 Ytalicum,
1095 2918 1238 2954 bonum
1260 2925 1341 2954 erat
1362 2916 1417 2953 eis
1440 2916 1688 2965 complacere,
1712 2915 1801 2952 etsi

113 2978 170 3016 eis
201 2978 369 3029 placeret
400 2986 434 3015 et
466 2978 603 3016 vellent
634 2977 772 3015 habere
804 2992 953 3028 papam
985 2978 1223 3023 Romanum,
1257 2975 1434 3025 placebat
1464 2974 1544 3011 sibi
1577 2975 1678 3024 quod
1708 2983 1803 3011 esset

114 3037 331 3075 cardinalis
353 3038 396 3074 de
424 3036 598 3084 Ursinis,
620 3045 654 3074 et
673 3037 709 3074 si
731 3037 908 3074 volebant
934 3036 1146 3081 Ytalicum,
1169 3035 1270 3084 quod
1289 3041 1384 3071 esset
1404 3033 1621 3070 cardinalis
1642 3033 1802 3070 Floren-

114 3095 236 3144 tinus,
256 3103 290 3133 et
306 3095 342 3133 si
362 3096 499 3134 vellent
517 3096 561 3133 de
579 3095 663 3134 alia
682 3096 839 3133 natione
858 3103 892 3133 et
909 3096 1075 3145 placeret
1092 3094 1148 3131 eis
1167 3093 1268 3143 quod
1284 3100 1381 3129 esset
1403 3092 1606 3141 Yspanus,
1626 3092 1805 3141 placebat
