2083 3458
279 220 356 261 ,164
407 241 409 244 >
914 230 1065 255 NOTAE
1100 230 1160 254 AD
1194 229 1322 254 vlTAs
1858 213 1978 267 [677]

277 317 519 356 §arlatensis
539 317 551 339 1
573 315 614 352 in
636 313 859 364 Aquitania
882 312 1073 359 secunda,
1091 326 1212 361 quem
1232 325 1329 349 vero
1349 319 1546 349 vocatum
1567 326 1651 350 esse
1675 311 1842 349 Roiardi
1863 319 1982 361 patet

275 378 399 415 etiam
424 390 472 414 cx
495 375 637 413 eodem
661 373 906 422 VVaddingo,
930 386 994 410 an.
1022 371 1136 418 1318,
1167 371 1182 400 ³
1205 370 1248 417 3;
1273 384 1336 409 an.
1364 370 1477 418 1330,
1508 370 1524 419 ἓ
1550 370 1596 408 12
1623 371 1666 422 [t.
1693 385 1746 418 v1,
1770 385 1809 421 p.
1840 370 1917 408 410
1939 378 1980 409 et

276 445 304 474 t.
332 450 399 482 vn,
425 450 462 484 p.
493 434 579 484 112]
607 441 648 471 et
672 447 722 470 ex
745 432 847 470 libro
872 430 1050 469 secundo
1076 429 1426 469 Miscellaneorum
1462 438 1711 478 nostrorum,
1736 444 1774 480 p.
1802 429 1890 468 258.
1917 429 1981 467 Ex

277 495 335 533 his
363 508 466 544 quae
493 493 620 531 relata
648 499 744 529 sunt
771 505 793 528 a
821 490 989 528 Nicolao
1016 489 1209 527 Minorita
1235 497 1344 527 recte
1371 489 1476 526 sumi
1503 489 1740 539 conjectura
1766 496 1905 539 potest
1932 488 1981 527 de

276 555 350 591 hoc
376 552 577 591 cardinale
602 550 725 588 vitali
750 549 1012 599 intelligenda
1039 563 1124 586 esse
1144 548 1244 586 haec
1267 547 1392 586 verba
1411 547 1616 586 Guillehni
1632 548 1781 586 Okami
1800 562 1850 586 ex
1874 562 1981 587 com-

275 612 423 664 pendio
445 624 625 649 errorum
649 609 818 647 Joannis
840 622 972 658 papae
995 608 1047 658 [p.
1070 607 1162 658 964]
1181 623 1189 644 :
1211 607 1290 644 Pro
1314 607 1400 645 istis
1420 616 1550 645 autem
1571 607 1769 644 erroribus
1792 615 1826 644 et
1847 621 1980 657 quam-

275 672 459 722 pluribus
485 670 579 707 aliis
606 677 709 706 actor
736 668 956 705 eorumdem
986 666 1147 716 (scilicet
1177 667 1353 704 Joannes
1378 666 1533 715 XXII)
1561 667 1698 717 sepius
1726 666 1982 716 reprehensus

275 746 296 768 a
321 729 485 768 diversis
508 728 699 779 personis,
724 735 757 764 et
781 735 821 765 ut
843 726 1049 776 pestiferas
1072 740 1167 763 suas
1190 734 1380 763 revocaret
1402 726 1647 774 assertiones,
1673 726 1730 763 vel
1750 726 1887 763 saltem
1905 740 1981 763 ces-

275 798 375 827 saret
396 788 444 826 ab
465 788 621 835 eisdem,
644 801 713 837 per
733 786 953 823 cardinales
973 799 1065 822 suos
1086 793 1120 823 et
1140 785 1240 823 alios
1261 785 1418 835 publice
1438 793 1472 822 et
1492 786 1634 823 occulte
1657 785 1885 823 admonitus
1904 784 1984 834 fuit

275 857 308 886 et
330 856 499 897 rogatus.
524 845 606 883 Nec
627 845 778 896 profuit
799 844 988 895 correptio
1010 844 1301 894 cujuscumque.
1327 844 1559 894 Quinimmo
1581 852 1815 894 correptores
1835 858 1928 881 suos
1950 851 1984 881 et

275 907 534 945 admonitores
557 905 599 943 in
619 912 771 942 tantum
792 904 928 942 terruit
948 903 1049 953 quod
1068 903 1186 942 etiam
1206 903 1427 941 cardinales
1448 903 1623 954 episcopi
1643 911 1677 941 et
1707 903 1750 941 in
1770 903 1982 952 theologica

273 967 456 1015 facultate
479 963 713 1013 magistrati,
739 963 805 1013 qui
828 963 1042 1013 aliquando
1064 962 1278 1012 fortissime
1299 962 1379 1000 sibi
1402 963 1621 1001 restiterant
1642 971 1676 1000 et
1699 963 1833 1013 ipsum
1855 976 1981 1012 repre-

275 1026 485 1063 henderant
506 1024 550 1061 de
570 1023 656 1060 suis
676 1022 874 1060 erroribus
896 1022 1117 1073 prophanis
1138 1030 1172 1060 et
1193 1022 1440 1069 detestandis,
1464 1022 1641 1060 timentes
1664 1022 1795 1072 ipsius
1815 1021 1980 1071 furiam,

274 1099 298 1122 a
325 1084 410 1121 suis
434 1081 745 1132 correptionibus
765 1081 997 1131 salutiferis,
1022 1079 1068 1119 ne
1097 1082 1274 1132 dampna
1301 1081 1535 1131 temporalia
1565 1081 1817 1128 incurrerent,
1842 1080 1981 1131 pavidi

275 1150 530 1181 cessaverunt.

331 1203 376 1239 In
400 1201 535 1239 codice
563 1200 637 1238 765
655 1201 669 1223 ²
691 1200 964 1238 bibliothecae
989 1200 1260 1248 Colbertinae,
1284 1200 1326 1237 in
1350 1214 1430 1249 quo
1455 1200 1718 1238 continentur
1743 1199 1982 1249 gravamina

275 1269 457 1311 tempore
487 1259 656 1298 ,Ioannis
686 1259 815 1297 XXII
842 1259 957 1297 illata
985 1259 1162 1298 ecclesiis
1189 1267 1230 1297 et
1263 1258 1544 1297 ecclesiasticis
1572 1259 1754 1309 personis
1781 1259 1823 1297 in
1858 1272 1982 1308 regno

276 1319 547 1369 portugaliae,
568 1319 628 1356 ita
648 1318 848 1369 scriptum
868 1326 930 1357 est
952 1334 959 1356 :
985 1318 1082 1356 Item
1104 1319 1147 1356 in
1166 1318 1290 1356 literis
1310 1318 1552 1368 provisionis
1570 1318 1670 1367 facte
1689 1333 1758 1369 per
1777 1318 1983 1356 dominum

276 1387 450 1417 nostrum
473 1392 674 1415 summum
699 1377 926 1428 pontificem
951 1378 1154 1415 reverendo
1178 1377 1285 1428 patri
1308 1377 1466 1415 domino
1490 1377 1606 1427 fratri
1637 1377 1761 1415 Vitali
1786 1376 1983 1416 cardinali

275 1439 318 1476 de
341 1437 501 1475 ecclesia
525 1438 569 1474 de
594 1436 740 1474 Obidos
764 1445 798 1474 et
823 1437 866 1474 in
890 1437 1138 1487 processibus
1162 1445 1408 1475 exsecutorum
1430 1451 1594 1474 suorum
1617 1451 1738 1487 super
1761 1437 1829 1475 lzoc
1851 1436 1981 1486 factis,

275 1511 367 1547 quos
393 1510 597 1546 nunquam
621 1504 889 1546 procuratores
915 1511 982 1534 nec
1005 1504 1222 1534 executores
1245 1496 1311 1534 sui
1335 1496 1427 1533 alisi
1443 1496 1612 1546 >fuerunt
1635 1496 1851 1546 publicare.

328 1555 441 1594 Obiit
462 1569 570 1594 anno
591 1555 915 1603 MCCCXXVII,
939 1555 1001 1594 die
1024 1570 1095 1593 xvl
1117 1555 1295 1605 augusti,
1316 1563 1365 1593 ut
1384 1555 1532 1605 legitur
1552 1555 1593 1593 in
1614 1556 1702 1605 ejus
1723 1555 1935 1605 epitaphio
1953 1555 1979 1593 3.

277 1616 408 1663 Quare
436 1623 592 1653 certum
619 1622 680 1653 est
706 1615 1062 1665 typographorum
1088 1629 1219 1653 errore
1247 1615 1405 1653 factum
1441 1623 1488 1652 ut
1523 1629 1545 1653 a
1573 1614 1803 1653 Contelorio
1833 1615 1886 1665 [p.
1915 1614 1980 1666 21]

276 1674 477 1712 scribatur
500 1681 687 1711 mortuus
712 1688 820 1712 anno
844 1674 1124 1722 MCCCXVII,
1151 1674 1347 1721 decennio
1371 1673 1562 1712 videlicet
1586 1665 1717 1713 citius.
1745 1673 1982 1724 Onuphrius

275 1748 371 1771 vero
392 1741 432 1771 et
453 1732 523 1783 qui
543 1747 636 1771 eum
666 1741 829 1771 secutus
860 1741 922 1772 est
952 1733 1164 1771 Ciaconius
1190 1734 1233 1784 [t.
1254 1748 1295 1781 11,
1319 1734 1391 1772 col.
1414 1733 1506 1784 386]
1527 1733 1741 1783 insigniter
1765 1733 1855 1771 falsi
1885 1740 1983 1771 sunt

276 1799 471 1842 putantes
495 1806 588 1830 eum
613 1792 758 1830 obiisse
781 1806 890 1830 anno
914 1792 1152 1840 MCCCXX,
1179 1807 1280 1842 quos
1304 1806 1456 1831 errasse
1481 1800 1601 1830 notat
1625 1792 1820 1831 adversus
1845 1792 1981 1831 Ciaco-

275 1851 388 1889 nium
404 1851 671 1900 VVaddingus,
689 1865 753 1890 an.
773 1851 887 1899 1320,
910 1851 927 1900 ἓ
943 1851 966 1889 5
985 1852 1029 1902 [t.
1048 1866 1102 1900 VI,
1117 1866 1156 1902 p.
1175 1851 1281 1903 346]

327 1910 456 1947 Addit
485 1910 738 1959 Augustinus
769 1911 967 1949 Oldoinus
996 1911 1111 1949 illum
1140 1911 1413 1961 legationibus
1443 1911 1648 1961 aliquibus
1677 1911 1868 1949 functum
1898 1925 1982 1949 esse

275 1984 348 2020 pro
370 1983 539 2008 romana
564 1969 763 2017 Ecclesia3
789 1970 899 2020 quod
923 1984 996 2020 ego
1019 1970 1115 2008 alibi
1139 1985 1222 2009 non
1243 1970 1411 2009 memini
1434 1984 1497 2008 me
1520 1970 1695 2021 legissse.

330 2028 388 2066 De
408 2028 476 2066 illo
499 2042 619 2078 agens
641 2028 834 2067 laudatus
856 2043 979 2079 supra
1002 2029 1194 2068 Nicolaus
1214 2029 1434 2068 Bertrancli
1455 2030 1554 2067 haec
1577 2029 1635 2067 ait
1657 2046 1664 2067 :
1688 2029 1983 2067 Monasteri'um

277 2087 556 2125 canonicarum
586 2087 723 2125 Sancti
754 2088 967 2126 Saturnini
996 2103 1020 2126 a
1047 2088 1321 2138 fundamentis
1349 2088 1555 2138 aedificari
1583 2088 1686 2139 fecit,
1717 2097 1751 2126 et
1782 2088 1825 2126 in
1853 2088 1982 2126 eodem

276 2146 354 2183 Deo
384 2146 509 2183 devote
537 2146 743 2184 servientes
772 2147 946 2196 virgines
975 2148 1089 2185 donis
1118 2148 1384 2198 amplissimis
1413 2147 1574 2197 dotavi&
1603 2156 1720 2198 prout
1749 2148 1837 2198 ipsa
1868 2148 1981 2185 clocu-

277 2213 416 2252 menta,
454 2220 550 2254 quae
588 2205 629 2242 in
665 2206 764 2243 dicto
800 2206 1034 2244 monasterio
1070 2207 1274 2254 habentur,
1311 2207 1489 2257 amplius
1524 2207 1791 2256 manifestant.
1831 2208 1981 2245 Contra

278 2264 514 2302 Guillelmus
549 2265 725 2302 Catellus
756 2265 799 2302 in
830 2265 1043 2303 Memoriis
1075 2266 1313 2314 Occitaniae,
1347 2281 1385 2316 p.
1420 2265 1509 2314 267,
1542 2265 1602 2304 ait
1631 2266 1835 2304 invenisse
1869 2281 1908 2304 se
1940 2265 1982 2303 in

278 2323 524 2372 quibusdam
564 2324 771 2362 veteribus
812 2325 1090 2363 monumentis
1131 2326 1208 2364 hoc
1248 2325 1544 2363 monasterium
1585 2325 1702 2363 initio
1743 2325 1982 2363 habitatum

278 2382 397 2419 fuisse
421 2396 441 2419 a
463 2382 605 2431 puellis
627 2382 934 2432 paenitentibus
957 2398 1058 2434 quas
1080 2392 1171 2422 tum
1191 2384 1418 2434 repentitas
1439 2384 1660 2432 vocabant,
1685 2385 1806 2434 vulgo
1828 2384 1980 2434 Repen-

278 2440 359 2487 ties,
394 2449 535 2490 postea
568 2456 663 2479 vero
700 2442 981 2480 Raimundum
1013 2443 1193 2491 Attonis,
1229 2444 1298 2494 qui
1339 2444 1390 2481 ab
1433 2458 1541 2481 anno
1574 2444 1733 2482 MCCCI
1766 2457 1896 2493 usque
1929 2443 1980 2481 ad

278 2513 430 2536 annum
452 2499 781 2538 MCCCXXXIV
802 2501 882 2539 fuit
902 2502 1029 2540 abbas
1052 2502 1192 2541 Sancti
1223 2502 1447 2550 Saturnini,
1469 2517 1535 2541 eas
1556 2503 1712 2541 velasse
1741 2516 1788 2540 ac
1814 2503 1980 2552 jussisse

280 2558 337 2594 uti
361 2566 606 2596 vocarentur
629 2559 847 2598 canonicae
871 2561 1011 2598 Sancti
1034 2561 1257 2600 Saturnini.
1283 2561 1360 2601 Sed
1384 2562 1427 2599 in
1448 2562 1523 2600 hoc
1556 2562 1680 2600 falsus
1704 2569 1766 2600 est
1788 2562 1979 2609 Catellus‚

280 2624 322 2653 ut
343 2616 382 2653 id
402 2631 563 2666 quoque
582 2618 791 2665 adnotem,
812 2620 921 2669 quod
940 2620 1196 2659 existimavit
1213 2621 1322 2659 hunc
1343 2621 1625 2658 Raimundum
1643 2621 1766 2659 fuisse
1785 2620 1980 2658 abbatem

281 2675 417 2712 5011011
438 2676 646 2713 Saturnini
664 2691 792 2727 usque
811 2678 863 2715 ad
882 2693 1036 2716 annum
1055 2679 1399 2727 MCCCXXXIV,
1419 2694 1511 2717 cum
1532 2687 1693 2718 constet
1710 2694 1804 2718 eum
1822 2679 1979 2717 factum

281 2734 399 2770 fuisse
430 2735 606 2783 primum
636 2736 872 2788 episcopum
902 2737 1212 2788 Mirapicensem
1242 2753 1350 2776 anno
1376 2739 1665 2777 MCCCXVIII
1684 2739 1711 2786 4,
1735 2747 1776 2776 et
1807 2738 1848 2776 111
1878 2738 1979 2776 actis

334 2875 358 2905 1.
389 2875 511 2914 liutwL
533 2877 576 2910 R.
604 2878 655 2917 F„
679 2886 703 2911 t.
728 2892 761 2919 v,
784 2892 817 2913 n.
841 2882 909 2914 855
934 2882 990 2923 (27
1010 2882 1093 2925 juin
1114 2883 1234 2926 1330).
1257 2883 1346 2916 Voir
1364 2885 1399 2916 la
1420 2884 1542 2918 notice
1564 2887 1759 2918 consacree
1781 2885 1801 2918 a
1822 2886 1982 2919 Arnaud

283 2926 426 2962 li'oiartl,
448 2929 537 2969 [rere
558 2930 719 2971 illiricum
744 2934 835 2966 (lans
856 2934 904 2967 H.
926 2935 980 2974 L.‚
1003 2941 1029 2968 t.
1052 2947 1176 2976 xxxv,
1198 2948 1233 2980 p.
1255 2937 1424 2970 462-467.

330 2981 357 3010 ‘-'.
393 2981 426 3012 12,
452 2981 505 3014 N..
528 2994 592 3014 11‘18.
614 2984 821 3018 lati115956
836 2987 883 3026 A,
904 2988 927 3020 f.
948 2988 1016 3020 140
1036 2992 1086 3021 VO.

328 3034 358 3063 1³„
384 3033 485 3072 {sm-rs,
505 3034 676 3078 Purpura
695 3039 803 3074 ‹lm—ta,
823 3046 847 3072 t.
865 3052 887 3078 1,
907 3052 940 3083 p.
959 3042 1038 3074 303.

332 3085 358 3116 ἰ.
376 3086 559 3118 linimowl
573 3090 596 3119 A
610 3095 615 3119 ί
627 3090 698 3121 lion
710 3092 838 3123 ‹lovint
851 3094 992 3136 evaque
1006 3095 1048 3126 de
1062 3094 1256 3138 thpoix,
1273 3096 1303 3128 le
1318 3097 1360 3129 17
1374 3096 1510 3130 sevri‘cr
1526 3097 1617 3131 1318
1635 3097 1790 3140 (Mollat‚
1805 3110 1839 3131 n.
1857 3098 1978 3141 6203).
