2083 3458
91 197 218 252 [813]
618 212 833 237 PAPARUM
870 210 1252 237 AvENmNENsmM
1694 196 1777 236 317

80 310 203 334 ῑιηιιιη
226 296 339 334 aliud
359 295 659 333 instrumentum
681 295 902 343 sigillatum
920 295 1053 344 sigillo
1067 295 1354 346 archiepiscopi
1376 295 1635 345 Neapolitani
1656 294 1774 333 conti-

80 370 174 393 nens
198 356 299 405 quod
322 354 406 404 ipse
428 363 462 391 et
484 353 804 403 archiepiscopus
827 354 1123 391 Ebredunensis
1145 355 1372 392 auctoritate
1395 354 1610 405 apostolica
1630 368 1776 405 recepe·

79 423 169 452 νιιηε
196 413 423 462 homagium
451 421 484 450 et
508 412 775 462 juramentum
806 412 1007 461 fidelitatis
1034 428 1058 450 α
1085 413 1242 450 domino
1266 413 1429 451 Roberto
1457 428 1542 462 rege
1568 413 1705 451 Sicilie
1734 413 1797 466 ι’νιι

79 472 262 523 Neapoli.
285 473 434 509 Datum
449 470 620 521 Neapoli
643 485 748 508 anno
761 471 926 509 Domini
944 471 1281 519 MCCCXXXV,
1306 472 1367 509 die
1388 473 1515 511 XXV
1534 472 1657 522 junii.
1674 472 1777 511 Vide

80 532 360 582 Spondanum,
380 545 444 569 an.
468 530 582 577 1335,
607 530 623 577 {5
643 530 678 567 3.

134 591 179 628 In
203 590 390 628 Rubricis
413 590 624 627 literarum
649 589 696 626 de
723 589 831 626 curia
852 589 863 610 ¹
889 590 985 627 anni
1009 589 1120 627 tertii
1144 590 1355 628 Benedicti
1381 590 1479 637 XII,
1506 605 1593 640 cap.
1621 605 1691 638 ΧΠ,
1716 591 1775 628 ita

78 649 253 687 habetur
275 665 281 687 :
304 649 574 697 Prorogantur
594 656 723 696 treuge
745 648 843 684 inter
869 648 1035 685 Ursino-s*
1054 657 1088 686 et
1107 649 1417 699 Columpnenses
1444 664 1512 699 per
1532 650 1567 688 d.
1590 650 1773 687 Bertran-

78 708 167 745 dum
192 707 531 758 archiepiscopum
552 707 870 744 Ebredunensem.
901 707 1055 745 indicte.
1083 708 1183 745 Vide
1208 708 1420 755 Bzovium,
1442 723 1506 747 an.
1534 708 1647 756 1336,
1671 709 1687 757 ἓ
1710 708 1772 747 29.

128 767 247 804 Anno
265 766 630 812 MCCCXXXVII,
649 780 784 803 mense
802 765 1019 812 decembri,
1036 766 1224 804 interfuit
1241 767 1409 805 concilio
1427 767 1442 789 2
1459 767 1568 817 quod
1584 768 1774 805 habitum

76 833 137 864 est
155 826 196 863 in
210 826 298 863 loeo
316 840 385 863 seu
400 824 648 864 monasterio
665 824 803 862 Sancti
822 825 928 862 Ruffi
949 825 1241 863 Avenionensis
1258 826 1462 864 dioecesis.
1477 827 1577 864 Vide
1593 826 1774 864 Concilia

82 884 234 922 Galliae
257 883 543 930 Narbonensis,
568 899 605 933 p.
630 884 719 930 341,
743 883 831 921 426.

129 943 247 981 Anno
269 943 657 989 MCCCXXXVIII,
681 942 744 980 die
768 957 867 980 xv111
891 942 1128 990 decembris,
1156 943 1288 981 factus
1319 951 1380 981 est
1401 944 1615 994 presbyter
1645 945 1772 982 cardi-

76 1001 191 1050 nalis,
213 1010 253 1040 et
273 1013 380 1040 anno
402 1001 588 1051 sequenti
605 1000 633 1048 3,
657 1002 719 1039 die
742 1016 812 1038 XVI
834 1001 982 1040 mensis
1002 1001 1193 1051 januarii,
1214 1002 1459 1040 Benedictus
1475 1017 1583 1053 papa
1604 1003 1638 1041 ei
1660 1003 1774 1041 dedit

75 1060 244 1098 titulum
280 1060 418 1099 Sancti
454 1060 597 1105 Marci;
633 1060 725 1099 vide
762 1060 983 1100 Odoricum
1020 1061 1296 1110 Raynaldum,
1332 1075 1396 1099 an.
1435 1062 1548 1109 1338,
1583 1062 1600 1110 ἓ
1634 1062 1696 1110 87,
1733 1070 1775 1099 et

76 1119 270 1158 Ordinem
294 1120 527 1158 Romanum
548 1119 705 1158 editum
726 1119 766 1157 in
788 1127 902 1157 tomo
923 1119 1100 1157 secundo
1122 1119 1258 1157 Musei
1283 1120 1426 1168 Italici,
1448 1136 1486 1171 p.
1510 1121 1597 1159 432.

128 1179 246 1216 Anno
280 1179 627 1225 MCCCXXXIX,
662 1178 724 1217 die
758 1193 818 1216 xx
849 1178 952 1228 julii,
986 1179 1233 1216 auctoritate
1266 1179 1341 1216 sibi
1375 1180 1560 1229 delegata
1593 1194 1615 1217 a
1648 1180 1774 1218 Bene-

76 1237 186 1276 dicto
209 1237 293 1275 XII
314 1252 436 1288 papa,
459 1238 659 1287 quasdam
681 1237 996 1276 constitutiones
1018 1237 1146 1276 edidit
1165 1237 1180 1259 4
1198 1252 1271 1288 pro
1292 1238 1399 1275 bono
1420 1239 1611 1288 regimine
1630 1239 1772 1277 acade-

75 1296 179 1334 miae
203 1296 522 1347 Monspeliensis,
547 1311 721 1346 quarum
744 1305 862 1334 vetus
886 1297 1119 1346 exemplum
1142 1297 1251 1346 apud
1275 1312 1346 1335 nos
1369 1305 1498 1335 extat.
1525 1298 1773 1335 Earumdem

77 1355 261 1393 meminit
298 1355 422 1394 etiam
461 1356 603 1394 Petrus
643 1355 839 1393 Gariellus
876 1355 918 1393 in
955 1355 1062 1393 Serie
1097 1356 1367 1406 episcoporum
1407 1356 1774 1405 Alagalonensium,

20 1426 26 1432 ⁴
75 1429 114 1464 p.
136 1414 224 1452 470.

127 1473 246 1512 Anno
280 1474 577 1519 MCCCXLIII,
613 1474 810 1511 mandato
843 1473 1050 1524 pontificis
1077 1474 1309 1521 Clementis,
1335 1474 1386 1511 ad
1412 1474 1579 1512 Petrum
1602 1474 1772 1523 Arrago-

74 1546 240 1570 nensem
265 1547 399 1582 regem
425 1547 465 1571 se
496 1532 671 1570 contulit
696 1533 748 1570 ad
774 1533 1002 1571 sedandum
1026 1532 1259 1570 Balearium
1285 1541 1325 1571 et
1351 1533 1598 1583 Arragoniae
1632 1548 1772 1582 regum

74 1591 238 1630 bellum.
269 1591 456 1630 Inducias
481 1591 587 1629 inter
612 1606 721 1641 reges
748 1591 897 1629 statuit
923 1606 1008 1629 xvn
1034 1592 1113 1630 kal.
1149 1592 1368 1642 septembr.
1404 1607 1495 1630 cum
1530 1591 1771 1630 administro

74 1650 287 1699 legationis
317 1650 494 1689 Oliverio
524 1650 742 1688 Valentino
772 1650 975 1700 episcopo.
1011 1651 1072 1688 Ita
1103 1651 1269 1700 quidem
1300 1651 1443 1689 Petrus
1475 1651 1696 1699 Frizonius,
1727 1665 1775 1689 ac

74 1717 168 1759 post
188 1724 281 1747 eum
301 1709 553 1759 Augustinus
576 1709 772 1748 Oldoinus
805 1709 850 1759 [t.
871 1724 911 1757 11,
934 1710 1006 1748 eol.
1029 1709 1143 1760 473].
1168 1710 1348 1759 Uterque
1369 1710 1554 1760 pessime.
1578 1710 1683 1747 Nam
1705 1710 1773 1759 qui

73 1775 163 1805 tum
190 1769 334 1807 missus
361 1768 440 1806 fuit
464 1768 506 1806 in
535 1768 777 1818 Hispaniam
811 1768 1025 1807 dicebatur
1049 1769 1280 1807 Bernardus
1316 1769 1364 1807 de
1391 1769 1522 1816 Albia,
1558 1769 1774 1819 presbyter

75 1827 289 1865 cardinalis
319 1827 429 1865 tituli
454 1828 491 1866 S.
517 1827 673 1877 Cyriaci
697 1827 738 1865 in
761 1827 958 1865 Thermis.
984 1827 1084 1866 Vide
1110 1827 1302 1875 Suritam‚
1327 1828 1395 1866 lib.
1425 1828 1486 1865 III
1524 1827 1708 1866 Indicum
1732 1836 1772 1865 et

73 1885 286 1934 Bzovium,
305 1901 369 1925 an.
392 1886 505 1934 1343,
532 1887 548 1935 ξ
570 1886 629 1924 13.

127 1944 278 1983 Verum
304 1953 443 1987 tamen
469 1953 531 1983 est
555 1946 831 1983 Bertrandum
858 1960 1020 1995 quoque
1046 1946 1087 1983 in
1114 1960 1179 1984 eas
1208 1960 1296 1983 oras
1323 1945 1566 1996 profectum,
1594 1946 1664 1983 sed
1691 1960 1772 1983 non

73 2003 113 2040 in
134 2003 202 2041 illo
225 2012 420 2054 tempore.
446 2004 589 2042 Missus
613 2013 674 2042 est
696 2004 804 2043 enim
826 2019 847 2042 a
871 2019 978 2055 papa
1002 2005 1208 2043 Clemente
1231 2004 1283 2043 ad
1306 2005 1474 2042 Petrum
1496 2019 1630 2054 regem
1653 2005 1771 2041 Arra-

73 2076 225 2111 gonum
252 2077 360 2101 anno
389 2063 678 2110 MCCCXLIV,
709 2078 801 2101 cum
829 2063 922 2101 hinc
950 2063 1136 2102 rediisset
1162 2064 1408 2110 Bernardus,
1439 2064 1549 2113 quod
1576 2071 1693 2113 patet
1721 2078 1771 2100 ex

73 2121 195 2160 variis
216 2122 396 2172 epistolis
417 2122 600 2172 ejusdem
620 2136 751 2172 papae
772 2137 872 2172 quas
893 2123 1038 2160 damus
1058 2122 1099 2160 in
1119 2122 1351 2160 Collectione
1364 2130 1538 2159 (ictorum
1557 2130 1723 2159 veterum
1740 2121 1769 2159 5.

75 2180 288 2219 Praeterea
311 2180 351 2218 in
375 2181 664 2219 vetustissimis
688 2181 845 2219 schedis
869 2181 1017 2219 nostris
1041 2195 1135 2219 mss.
1165 2181 1213 2219 de
1243 2181 1406 2231 negotio
1432 2181 1532 2231 regis
1558 2180 1770 2230 Majorica-

72 2253 163 2276 rum
185 2239 243 2277 ita
266 2239 464 2290 scriptum
486 2248 548 2278 est
572 2256 578 2278 :
600 2240 677 2277 Die
699 2240 849 2277 veneris
871 2240 1073 2278 intitulata
1094 2239 1215 2278 XIII
1236 2240 1313 2278 lcal.
1347 2240 1457 2289 junii
1479 2253 1584 2277 anno
1603 2238 1769 2277 Domini

74 2297 375 2336 MCCCXLIV
392 2299 738 2337 reverendissimus
758 2299 800 2336 ιῖη
819 2299 973 2337 Christo
992 2307 1101 2349 pater
1119 2307 1152 2337 et
1171 2298 1354 2336 dominus
1373 2299 1615 2336 Bertrandus
1634 2297 1771 2334 divina

73 2356 319 2406 providentia
353 2357 458 2396 tituli
493 2358 628 2396 Sancti
663 2358 797 2396 ,Μανεί
831 2358 1029 2408 presbyter
1062 2357 1278 2395 cardinalis
1308 2357 1459 2394 domini
1493 2371 1596 2406 pape
1620 2357 1769 2405 legatus

72 2416 175 2453 venit
196 2430 242 2453 ez
263 2424 372 2466 parte
393 2417 486 2454 dicti
509 2417 660 2454 domini
682 2417 828 2454 summi
851 2416 1053 2467 pontificis
1075 2417 1127 2454 ad
1148 2416 1293 2454 dictum
1316 2416 1520 2453 <lominum
1542 2429 1680 2464 regem,
1705 2414 1768 2451 cui

121 2595 152 2628 1.
175 2594 343 2634 Theiner,
366 2594 494 2634 Codex,
519 2601 542 2628 t.
563 2607 599 2634 11,
622 2596 701 2628 doc.
724 2596 768 2628 43
792 2600 886 2638 (acte
908 2596 957 2627 du
978 2596 997 2628 5
1018 2595 1109 2628 aofit
1129 2595 1248 2637 1337).

121 2647 152 2682 2.
187 2648 255 2681 Les
288 2653 430 2681 statuts
464 2649 514 2681 du
547 2648 685 2681 concile
718 2648 883 2681 existent
916 2649 1008 2681 dans
1043 2648 1081 2680 F.
1118 2647 1318 2690 Nouguier,
1352 2646 1514 2679 Histoire
1546 2645 1769 2687 d’Avignon,

121 2755 152 2787 3.
177 2753 332 2797 D’apres
353 2754 403 2786 les
424 2754 595 2797 registres
617 2755 661 2786 do
682 2755 716 2787 la
739 2754 921 2786 Chambre
944 2753 1178 2797 apostolique
1201 2764 1238 2785 ce
1260 2752 1319 2785 fut
1338 2752 1370 2784 le
1392 2752 1436 2785 18
1457 2751 1652 2784 decembre
1673 2751 1768 2784 1338

76 2806 209 2850 (Viden,
230 2813 256 2841 t.
274 2819 311 2847 11,
332 2819 367 2851 p.
388 2807 484 2850 430).

120 2860 152 2893 4.
175 2859 223 2893 Μ.
247 2859 436 2900 Fournier,
460 2859 606 2899 Statuts,
630 2866 655 2893 t.
676 2872 713 2899 11,
736 2872 770 2892 n.
794 2860 873 2893 947.
897 2859 946 2892 Le
967 2858 1125 2891 mandat
1147 2858 1196 2890 du
1216 2869 1312 2901 pape
1334 2858 1420 2890 date
1442 2858 1491 2889 du
1513 2856 1533 2890 9
1553 2867 1651 2889 mars
1673 2856 1766 2890 1339

75 2911 191 2954 (ibid,
209 2925 244 2946 n.
264 2913 360 2956 946).
381 2912 483 2946 Dans
500 2913 535 2946 la
551 2912 659 2952 suite,
678 2913 709 2945 le
728 2912 894 2945 cardinal
911 2912 1134 2956 promulgua
1151 2910 1316 2943 d'autres
1333 2916 1474 2943 statuts
1496 2909 1611 2953 (ibid.‚
1630 2920 1664 2942 n.
1684 2909 1767 2948 949,

72 2965 152 3004 952,
176 2966 256 3005 953,
281 2966 361 3006 955,
385 2966 466 3006 957,
490 2966 570 3006 960,
594 2966 674 3005 963,
698 2965 867 3004 967-969,
891 2965 971 3004 979,
995 2964 1092 3007 984).

122 3019 153 3052 5.
173 3019 321 3058 Baluze,
350 3024 375 3052 t.
393 3030 444 3058 111,
464 3030 498 3062 p.
518 3019 639 3058 41-43‚
658 3018 768 3051 47—49
794 3023 832 3051 et
852 3017 1005 3061 Dfaeprez,
1035 3029 1069 3050 n.
1091 3017 1171 3055 820,
1200 3015 1281 3055 896,
1303 3016 1382 3054 926,
1405 3014 1485 3048 928.
1509 3034 1556 3037 —
1580 3015 1765 3048 Bertrand

72 3070 190 3115 partit
217 3072 312 3105 dela
331 3071 428 3104 curie
446 3071 478 3104 le
505 3072 524 3103 2
547 3070 628 3114 juin
652 3072 745 3104 1344
773 3070 916 3113 (Eubel,
943 3070 1172 3109 Hierarchia,
1198 3075 1223 3102 t.
1247 3081 1271 3105 1,
1297 3081 1332 3112 p.
1358 3069 1430 3111 17).
