2083 3458
242 232 322 275 718
888 244 1039 269 NOTAE
1073 244 1133 268 AD
1168 244 1296 270 VITAs
1799 229 1941 285 [1200]

238 330 325 381 ipsa
357 330 419 368 die
449 329 673 376 electionis,
703 329 744 366 id
774 336 849 374 est,
881 327 944 365 die
974 327 1132 365 decima
1161 327 1279 377 junii.
1312 328 1424 366 Haec
1455 328 1591 366 omnia
1620 328 1881 379 reperiuntur
1909 330 1952 367 in

238 390 408 427 laudato
436 389 572 427 codice
601 388 837 427 Colbertino
856 387 883 425 ¹.

291 449 354 487 Ad
376 449 513 487 literas
537 447 794 498 imperatoris
818 446 1025 496 rescripsit
1047 445 1237 497 pontifex
1260 446 1322 484 die
1347 455 1495 496 quarta
1519 447 1667 486 mensis
1691 448 1916 487 decembris
1935 448 1950 471 2

237 517 431 559 paratum
464 523 503 546 se
537 523 621 546 esse
655 507 872 557 procedere
905 506 947 543 in
979 505 1279 556 approbatione
1311 506 1438 556 ipsius
1484 507 1692 545 electionis
1725 516 1948 558 postquam

237 568 496 606 Wenceslaus
519 566 773 618 praestiterit
795 566 1031 615 juramenta
1054 579 1076 603 a
1099 565 1260 615 regibus
1286 565 1567 604 Romanorum
1590 567 1792 617 praestari
1814 567 1948 606 solita.

237 628 291 665 Et
315 641 451 667 mense
477 626 683 665 februario
707 623 927 675 sequenti3
951 624 1130 663 scribens
1156 625 1209 662 ad
1234 625 1425 663 eumdem
1449 625 1673 676 principem
1700 627 1884 676 perstitit
1907 627 1949 664 in

235 687 455 734 sententia,
480 699 766 737 processurum
791 700 831 723 se
857 685 967 723 aiens
994 684 1046 722 ad
1072 685 1228 723 factum
1255 685 1566 735 approbationis
1592 685 1832 735 hujusmodi
1856 701 1949 725 cum

233 746 564 785 solemnitatibus
600 745 857 796 opportunis,
892 758 937 783 ea
970 752 1112 782 tamen
1136 744 1336 786 ,cautione
1370 744 1572 792 adhibita,
1607 754 1654 783 ut
1688 745 1948 784 NVenceslaus

232 806 408 856 primum
436 806 580 845 mittat
606 805 743 843 literas
772 804 1029 843 continentes
1056 803 1292 853 juramenta
1320 818 1424 853 quae
1451 804 1650 854 promissa
1688 813 1805 843 erant
1832 814 1872 843 et
1901 805 1948 844 de

231 865 318 914 jure
342 865 612 903 debebantur.
639 865 722 902 Has
747 863 929 914 Gregorii
949 863 1087 902 literas
1110 864 1309 901 habemus
1332 863 1374 901 in
1396 863 1532 902 codice
1555 864 1823 914 epistolarum
1845 865 1946 915 ejus.

232 925 336 962 Tum
361 939 457 963 vero
482 938 590 975 papa
616 924 667 961 ad
696 924 895 961 Karolum
919 923 962 960 in
987 923 1252 962 Germaniam
1276 923 1388 961 misit
1412 924 1615 962 Thomam
1641 924 1688 962 de
1714 924 1946 971 Amanafis,

231 984 467 1035 episcopum
484 998 529 1022 ea
545 992 795 1034 tempestate
813 982 1128 1030 Nimociensem‚
1145 991 1288 1033 postea
1305 997 1401 1021 vero
1417 983 1771 1034 archiepiscopum
1788 984 1947 1035 Neapo-

231 1043 420 1082 litanum.
447 1044 641 1082 Testatur
665 1043 778 1081 istud
802 1042 887 1093 ipse
904 1043 1081 1080 Thomas
1107 1042 1150 1079 in
1174 1056 1246 1080 sua
1266 1042 1521 1092 depositione
1542 1043 1602 1081 his
1629 1042 1819 1082 verbis4:
1849 1044 1947 1081 Item

233 1103 493 1152 interrogatus
519 1118 636 1153 quare
664 1103 875 1153 imperator
900 1102 1069 1152 afficitur
1094 1102 1145 1139 ad
1170 1102 1489 1139 Bartholomeum
1515 1102 1616 1140 dixit
1650 1103 1751 1153 quod
1777 1103 1945 1153 impera—

229 1171 299 1210 tor,
323 1171 433 1212 pater
458 1163 587 1210 istius,
613 1163 761 1200 volebat
784 1163 885 1212 quod
909 1162 978 1199 iste
1004 1162 1114 1211 filius
1138 1162 1224 1211 ejus
1247 1170 1343 1199 esset
1368 1162 1578 1212 imperator
1602 1170 1770 1212 tempore
1794 1162 1946 1200 domini

237 1222 427 1271 Gregorii,
450 1231 484 1260 et
503 1231 583 1260 erat
604 1223 878 1260 concordatum
900 1222 943 1259 de
964 1230 1061 1259 certo
1083 1222 1207 1269 modo,
1230 1229 1263 1259 et
1283 1236 1402 1271 super
1424 1221 1511 1259 istis
1534 1222 1603 1259 iste
1624 1222 1946 1273 archiepiscopus

230 1281 350 1319 iverat
366 1282 417 1319 ad
434 1282 708 1332 imperatorem
724 1282 768 1319 de
786 1282 970 1319 mandato
988 1281 1140 1318 domini
1165 1281 1357 1330 Gregorii.
1377 1281 1519 1318 Postea
1538 1281 1601 1318 ille
1618 1281 1665 1319 Β.
1686 1297 1709 1319 a
1725 1281 1943 1332 principio,

229 1342 383 1391 quando
409 1342 549 1379 electus
574 1341 665 1390 fait,
695 1341 779 1391 ipse
806 1341 960 1378 nolebat
987 1341 1190 1389 indulge-re
1218 1341 1318 1377 illud
1343 1349 1377 1378 et
1403 1341 1553 1378 dicebat
1580 1342 1681 1391 quod
1707 1341 1869 1380 mitteret
1894 1342 1946 1379 ad

227 1415 315 1438 eum
338 1402 556 1451 solempnes
579 1401 758 1439 nuncios.
783 1400 861 1438 Sed
879 1408 1086 1450 postquam
1106 1408 1374 1437 successerunt
1396 1400 1484 1447 ista,
1509 1400 1592 1450 ipse
1613 1401 1801 1439 concessit
1822 1401 1944 1451 impe-

228 1460 347 1497 ratori
372 1460 472 1498 illud
493 1461 594 1510 quod
614 1461 778 1510 petebat.
805 1460 945 1498 Rediit
967 1469 1108 1499 autem
1130 1460 1223 1498 inde
1248 1460 1425 1498 Thomas
1450 1474 1558 1498 anno
1582 1460 1941 1508 MCCCLXXVII,

227 1519 289 1557 die
318 1534 425 1557 nona
453 1520 702 1567 novembris,
730 1528 777 1557 ut
804 1519 889 1570 ipse
917 1534 1079 1557 rursum
1094 1528 1275 1558 testatur
1290 1519 1350 1557 his
1377 1519 1511 1557 verbis
1529 1519 1570 1557 5:
1602 1520 1700 1557 Item
1727 1520 1828 1558 dixit
1843 1521 1944 1570 quod

224 1578 353 1627 suerat
381 1579 450 1616 iste
478 1579 695 1617 destinatus
731 1593 799 1629 per
827 1579 1033 1616 dominum
1067 1579 1110 1617 G.
1139 1580 1191 1616 ad
1216 1587 1346 1629 partes
1373 1579 1589 1616 Alamanie
1626 1588 1659 1617 et
1694 1580 1746 1617 ad
1773 1579 1941 1629 impera-

225 1646 355 1685 torem,
376 1647 410 1676 et
432 1638 551 1676 iverat
571 1639 737 1676 Romam
758 1638 904 1676 vivente
924 1653 1033 1688 papa
1060 1638 1102 1676 G.
1125 1639 1319 1675 redeundo
1339 1639 1388 1676 ab
1408 1639 1639 1677 ambassiata
1657 1654 1745 1686 sua,
1766 1647 1799 1676 et
1820 1639 1942 1677 intra-

226 1706 328 1735 verat
368 1698 535 1735 Romam
574 1712 678 1735 nona
720 1698 781 1735 die
822 1698 1042 1735 novembris
1087 1712 1193 1735 anno
1227 1698 1394 1735 Domini
1440 1698 1648 1736 millesimo
1679 1699 1942 1736 trecentesimo

226 1757 438 1794 LXXVII
467 1766 500 1795 et
531 1757 670 1795 resedit
700 1757 883 1795 continue
915 1758 1035 1794 Rome
1059 1772 1178 1807 usque
1209 1758 1261 1794 ad
1283 1772 1453 1794 mensem
1473 1757 1597 1806 junii.
1633 1758 1690 1796 De
1724 1758 1940 1798 confirma-

225 1815 335 1854 tione
368 1831 488 1866 porro
546 1817 753 1855 electionis
797 1817 1025 1855 Wenceslai
1060 1832 1132 1867 per
1174 1817 1390 1855 Urbanum
1442 1817 1498 1854 VI
1527 1831 1692 1867 agemus
1739 1818 1845 1856 infra
1887 1818 1939 1856 ad

223 1875 417 1926 paginam
444 1875 573 1925 4913.
600 1876 646 1925 1].

276 1936 395 1972 Anno
430 1935 758 1973 MCCCLXXIX
792 1936 1052 1974 Wenceslaus
1087 1935 1286 1974 vicarium
1321 1949 1441 1973 suum
1476 1936 1704 1985 generalem
1738 1936 1780 1974 in
1818 1937 1937 1975 Italia

224 2002 265 2031 et
305 1994 624 2032 ultramontanis
665 1994 853 2045 partibus
877 1995 1095 2033 constituit
1137 1995 1339 2033 Jodocum
1368 1995 1647 2034 marchionem
1680 1996 1888 2034 Moraviae
1907 1996 1936 2044 ⁶,

224 2053 340 2102 eique
376 2053 559 2102 injunxit
595 2062 641 2092 ut
678 2068 769 2101 cum
806 2054 848 2091 in
883 2063 1011 2092 terras
1049 2054 1250 2104 potestati
1286 2068 1381 2093 suae
1427 2055 1664 2094 commissas
1702 2055 1937 2094 advenisset

222 2112 447 2162 inquireret
474 2113 689 2163 diligenter
716 2113 805 2163 quis
833 2114 1009 2153 duorum
1036 2114 1083 2152 de
1122 2122 1281 2164 papatu
1308 2114 1649 2152 contendentium
1675 2123 1781 2153 esset
1816 2130 1935 2154 verus

222 2185 344 2222 papa,
367 2172 776 2220 Bartholomaeusne,
801 2187 855 2210 an
880 2173 1099 2220 Robertus,
1125 2182 1165 2211 et
1188 2173 1304 2210 illum
1328 2187 1449 2223 quem
1474 2188 1615 2211 verum
1641 2182 1682 2211 et
1706 2174 1936 2224 legitimum

222 2246 417 2280 sponsum
443 2241 728 2270 sacrosanctae
754 2246 948 2271 romanae
977 2233 1180 2271 Ecclesiae
1208 2241 1248 2271 et
1278 2233 1389 2270 beati
1412 2233 1522 2270 Petri
1551 2247 1822 2271 successorem
1851 2249 1935 2272 esse

221 2290 297 2327 sibi
321 2299 542 2338 constaret,
566 2291 609 2328 in
630 2306 771 2329 verum
796 2306 946 2342 papam
972 2292 1169 2342 reciperet
1192 2300 1233 2330 et
1255 2300 1501 2342 protegeret,
1535 2292 1659 2329 alium
1684 2307 1780 2331 vero
1803 2293 1935 2343 perdi-

222 2357 311 2388 tum
333 2358 373 2388 et
395 2342 601 2390 intrusum
623 2351 844 2401 expelleret
867 2359 907 2389 et
930 2351 1061 2389 ultore
1085 2351 1219 2401 gladio
1241 2360 1442 2401 tanquam
1466 2351 1594 2389 totius
1619 2351 1932 2391 christianitatis

220 2408 453 2448 invasorem
478 2418 518 2447 et
543 2410 713 2448 humani
738 2410 892 2460 generis
917 2410 1130 2449 inimicum
1154 2419 1479 2461 persequeretur.
1507 2411 1667 2448 Extant
1692 2412 1767 2449 hae
1792 2411 1934 2451 literae

219 2468 262 2505 in
286 2468 421 2507 codice
446 2468 525 2507 814
548 2469 820 2508 bibliothecae
838 2470 1109 2508 Colbertinae.
1138 2470 1282 2509 Eidem
1298 2470 1385 2508 aliis
1411 2469 1552 2517 literis,
1576 2484 1680 2520 quae
1704 2471 1933 2521 descriptae

220 2535 316 2564 sunt
343 2527 383 2564 in
411 2528 554 2567 eodem
582 2529 734 2577 codice,
762 2529 980 2567 mandavit
1020 2538 1066 2567 ut
1102 2530 1265 2568 foedera
1302 2538 1519 2568 renovaret
1548 2544 1651 2579 quae
1680 2525 1932 2568 antea'inita

222 2587 384 2624 fuerant
413 2587 520 2626 inter
547 2588 814 2638 imperatores
845 2597 885 2627 et
914 2603 1025 2638 reges
1057 2589 1308 2627 Francorum
1325 2589 1352 2626 ⁷.

273 2752 298 2784 1.
336 2752 381 2785 Ut
408 2765 448 2792 s.‚
481 2766 514 2797 p.
547 2754 717 2788 154-157.

269 2804 298 2837 2.
330 2806 479 2845 Baluze,
502 2813 528 2840 t.
551 2820 600 2847 1v,
624 2819 658 2851 p.
682 2808 769 2848 158;
791 2808 902 2841 l’acte
925 2808 1012 2841 date
1036 2809 1078 2840 de
1105 2809 1206 2848 1377,
1229 2815 1267 2841 ct
1289 2821 1364 2842 non
1386 2810 1556 2843 de1376.

268 2858 298 2889 3.
330 2859 422 2891 1378
455 2860 617 2902 (Baluze,
649 2867 685 2894 ul
711 2873 752 2901 s.‚
783 2873 817 2904 p.
847 2861 945 2904 160).

268 2910 297 2942 4.
330 2911 368 2943 B.
402 2912 459 2951 N„
490 2925 556 2946 ms.
587 2914 683 2946 latin
711 2914 841 2954 11745,
871 2914 934 2947 fol.
965 2915 1010 2947 44
1040 2919 1091 2947 v0.

268 2964 298 2995 5.
330 2963 396 2997 ΜΞ.
423 2965 506 3004 cite,
533 2966 594 2999 fol.
621 2967 664 3000 43
690 2972 740 3000 v0.

269 3017 297 3047 6.
330 3016 435 3049 Jossc
458 3018 516 3051 sut
537 3022 686 3053 nomme
708 3021 739 3053 le
762 3022 781 3053 5
802 3020 925 3063 juillet
946 3021 1051 3060 1383,
1075 3028 1113 3054 et
1134 3033 1209 3054 non
1230 3034 1276 3054 en
1298 3023 1391 3055 1379
1417 3023 1579 3065 (Beuum,
1606 3028 1630 3055 t.
1649 3034 1700 3062 lv,
1724 3034 1758 3066 p.
1783 3023 1866 3062 227,
1888 3030 1924 3055 et

220 3067 355 3107 Valois,
377 3076 402 3102 t.
421 3082 457 3109 11,
478 3082 512 3114 p.
535 3073 630 3115 283).

267 3121 297 3153 7.
329 3121 476 3163 Baluze,
499 3130 523 3157 t.
544 3137 594 3164 iv,
617 3137 650 3168 p.
673 3126 741 3159 229
765 3126 860 3169 (vers
880 3127 972 3159 aofit
992 3127 1113 3170 1383).
