2083 3458
122 230 273 286 [1121]
639 248 860 274 PAPARUM
895 249 1277 274 AVENIONENsmM
1723 232 1804 273 643

163 329 281 367 Anno
321 329 639 368 MCCCXCVIII
679 330 858 370 deseruit
900 340 1036 382 partes
1076 331 1259 381 ejusdem
1297 332 1507 371 Benedicti
1546 340 1594 369 ut
1633 331 1802 369 nimium

110 388 340 437 pertinacis,
367 396 408 426 et
437 388 489 425 ab
515 388 602 437 ejus
630 389 861 428 obedientia
888 405 928 429 se
955 391 1180 437 subtraxit3
1218 391 1366 439 Surita,
1403 391 1471 430 lib.
1504 391 1565 428 III
1605 391 1802 429 Indicum.

163 447 276 485 Obiit
293 446 306 469 ¹
353 447 566 486 Avenione
607 462 715 486 anno
765 449 1015 497 MCCCCIII,
1067 450 1129 488 die
1171 459 1287 488 sexta
1333 450 1521 488 octobris.
1566 450 1666 486 Tum
1706 463 1801 487 vero

109 505 466 544 archidiaconatus
510 506 864 557 Rothomagensis‚
902 522 1052 547 vacans
1092 524 1162 558 per
1203 511 1288 558 ejus
1333 517 1520 556 mortem,
1570 509 1690 546 datus
1739 516 1800 546 est

110 564 289 603 Amedeo
326 564 375 603 de
421 565 600 604 Saluciis.
640 565 740 604 Vide
764 567 1024 605 Probationes
1059 568 1242 606 historiae
1277 568 1542 605 cardinalium
1588 567 1801 613 Gallorum,

107 638 146 673 p.
171 623 259 662 501.

162 681 225 720 Ex
244 682 361 721 istius
383 682 494 720 haud
516 683 638 723 dubie
660 683 874 723 cardinalis
898 693 1016 734 gente
1039 693 1150 723 ortus
1173 694 1260 724 erat
1282 683 1517 735 Ayrnericus
1540 685 1588 723 de
1611 685 1801 732 Vernhio,

109 755 229 791 quem
255 741 393 780 inveni
421 742 542 780 fuisse
569 742 767 780 vicarium
795 744 1021 793 generalem
1050 744 1286 793 Rayrnundi
1313 744 1361 783 de
1389 744 1598 794 Agrifolio.
1624 743 1800 794 episcopi

110 801 399 848 Ruthenensis,
428 814 536 838 anno
564 801 776 840 millesimo
805 802 988 841 CCCLX.

162 860 204 898 P.
228 859 317 907 418,
339 859 404 909 lig.
430 859 490 898 18.
517 860 723 898 KAROLUS
747 875 831 898 REX
855 861 1079 907 NAVARRE,
1112 862 1173 899 vir
1194 862 1340 900 mentis
1375 861 1576 908 turbidae,
1611 861 1797 911 perfidio-

108 933 188 966 sus,
221 927 262 957 et
292 919 501 966 subdolus,
534 927 623 956 tum
656 919 896 958 crudelitate
925 920 1102 959 infamis.
1130 920 1318 970 Angebat
1352 921 1548 958 Karolum
1580 921 1624 962 V.
1666 934 1798 969 regem

111 978 372 1025 Francorum,
396 978 568 1028 perfidia
593 979 779 1017 Navarri.
808 979 952 1029 Itaque
984 979 1164 1018 decrevit
1190 994 1282 1018 eum
1307 979 1523 1018 deturbare
1549 979 1798 1029 possessione

109 1037 352 1087 oppidorum
371 1037 591 1075 Meduntae
609 1046 650 1076 et
668 1038 716 1075 de
736 1038 926 1076 Mellento
943 1038 985 1076 in
1004 1038 1267 1084 Normannia,
1291 1039 1437 1088 quihus
1461 1039 1525 1077 ille
1549 1038 1799 1076 abutebatur

107 1096 149 1133 in
174 1096 393 1146 perniciem
418 1096 530 1146 regni
558 1096 752 1135 Francici.
783 1097 888 1135 Hinc
914 1111 1021 1134 nova
1046 1097 1273 1135 rebellionis
1299 1097 1480 1136 materia.
1510 1097 1692 1137 Tandem
1718 1110 1799 1147 pax

106 1155 213 1193 inter
239 1170 305 1194 eos
335 1155 430 1194 coiit
458 1169 566 1193 anno
594 1155 860 1203 MCCCLXV,
890 1155 952 1194 die
980 1164 1096 1194 sexta
1124 1156 1261 1194 martii
1279 1156 1306 1203 2,
1334 1157 1395 1194 his
1424 1148 1724 1194 conditionibus
1752 1163 1798 1193 ut

108 1213 216 1252 dicta
251 1214 401 1265 oppida
434 1228 592 1265 semper
624 1222 882 1253 remanerent
914 1229 1035 1265 penes
1068 1229 1202 1264 regem
1236 1215 1496 1262 Francorum,
1531 1229 1670 1253 eorum
1702 1229 1798 1252 vero

106 1274 194 1311 loco
216 1273 382 1312 daretur
404 1273 589 1311 Navarro
611 1274 779 1312 baronia
802 1274 1173 1324 Montispessulani.
1197 1274 1299 1311 Tum
1321 1274 1384 1312 die
1406 1281 1552 1323 quarta
1575 1273 1669 1310 maii
1695 1273 1798 1322 ejus-

108 1332 200 1370 dem
226 1332 322 1370 anni
347 1332 456 1371 idem
483 1333 691 1371 Navarrus
720 1333 870 1371 Joanni
906 1332 954 1371 de
981 1333 1146 1382 Greilly,
1174 1333 1338 1383 capitali
1363 1333 1569 1379 Boiorum,
1597 1332 1799 1381 delegavit

108 1405 246 1430 curam
267 1392 526 1442 accipiendae
546 1392 809 1442 possessionis
830 1392 1013 1441 ejusdem
1034 1392 1225 1430 baroniae
1240 1391 1267 1430 3.
1292 1392 1431 1442 Neque
1452 1400 1590 1429 tamen
1611 1391 1798 1440 conquie-

50 1463 56 1467 ’
108 1451 169 1488 vit
189 1451 395 1501 inquietus
417 1451 590 1490 animus.
614 1451 797 1489 Tandem
819 1466 914 1489 vero
936 1465 1043 1489 anno
1065 1451 1345 1489 MCCCLXXI
1367 1452 1484 1501 plena
1507 1450 1691 1489 executio
1713 1450 1797 1499 ejus

109 1518 309 1548 tractatus
346 1510 456 1560 pacis
493 1518 711 1549 consecuta
747 1518 822 1558 est,
859 1518 905 1548 ut
942 1510 1060 1548 docet
1096 1510 1358 1548 continuator
1394 1510 1568 1548 Gallicus
1607 1508 1797 1558 Nangii4.

108 1569 208 1608 Vide
227 1569 352 1607 etiam
371 1570 572 1608 Catellum
588 1570 631 1607 in
649 1569 859 1607 Alemoriis
877 1569 1061 1607 historiae
1079 1569 1200 1617 omit„
1220 1584 1257 1619 p.
1278 1569 1365 1607 677.

162 1629 204 1667 P.
229 1628 317 1676 418,
339 1628 405 1678 lig.
429 1628 490 1667 28.
516 1629 799 1667 LANCASTRIE.
825 1629 900 1666 Sur
921 1628 1187 1679 l’expedition
1210 1628 1263 1665 du
1286 1628 1363 1666 due
1386 1628 1434 1667 de
1457 1629 1690 1674 Lancastre‚
1713 1626 1800 1664 voir

111 1687 268 1726 Denifle
293 1688 367 1737 (La
389 1688 616 1735 desolation,
639 1696 669 1726 t.
692 1703 733 1735 11,
757 1703 795 1738 p.
820 1687 1021 1736 573-576).

162 1747 205 1785 Ρ.
232 1747 320 1794 419,
340 1747 405 1796 lig.
432 1747 494 1785 29.
522 1747 690 1785 Conpvs
718 1747 888 1785 URBANI
915 1747 961 1785 V.
985 1745 1113 1784 Vide5
1133 1746 1390 1785 Guesnaeum
1416 1746 1456 1783 in
1475 1745 1671 1783 Cassiano
1689 1744 1797 1782 illus-

107 1813 216 1854 trato,
244 1821 282 1856 p.
311 1806 399 1853 633,
427 1806 497 1843 ubi
524 1814 671 1844 extant
696 1806 836 1844 literae
859 1806 906 1844 de
932 1805 1152 1843 traditione
1179 1805 1364 1854 ejusdem
1384 1805 1560 1854 corporis
1584 1803 1692 1840 facta
1715 1804 1799 1841 Ste-

107 1865 244 1915 phano
261 1865 404 1903 abbati
423 1865 562 1904 Sancti
580 1865 769 1904 Victoris.
790 1865 867 1903 Sed
887 1865 1034 1902 mirum
1053 1873 1113 1902 est
1131 1865 1172 1901 in
1188 1865 1264 1902 illis
1283 1879 1330 1902 ne
1350 1864 1473 1902 verbo
1492 1863 1656 1913 quidfm
1675 1861 1799 1899 norni-

109 1923 196 1962 nari
217 1939 288 1963 sex
310 1924 533 1962 cardinales
557 1938 657 1974 quos
680 1924 744 1962 hic
766 1932 910 1963 auctor
931 1924 989 1961 ait
1012 1924 1228 1962 comitatos
1252 1938 1335 1961 esse
1356 1923 1462 1960 idem
1487 1937 1642 1972 corpus.

162 1984 204 2022 P.
225 1983 313 2031 420,
331 1983 397 2033 lig.
417 1983 452 2022 3.
471 1984 718 2022 BARNABos.
739 1983 814 2021 Sur
830 1984 868 2020 la
889 1997 1026 2032 guerre
1046 1982 1113 2032 qui
1133 1983 1262 2020 celata
1281 1990 1393 2020 entre
1411 1982 1597 2019 Bernabo
1616 1981 1800 2021 Visconti

109 2050 150 2080 et
173 2032 351 2093 l’Eglise,
378 2043 466 2080 voir
492 2043 534 2081 L.
563 2043 685 2083 Mirot
712 2042 786 2091 (La
811 2042 998 2092 politique
1023 2042 1259 2091 pontificale,
1285 2056 1323 2091 p.
1354 2040 1483 2086 19-25,
1510 2040 1640 2089 35·37,
1670 2040 1732 2087 77)
1759 2048 1800 2078 et

110 2102 252 2140 Mollat
272 2101 360 2151 (Les
378 2116 501 2152 papes
520 2101 760 2151 d'Avignon,
781 2116 819 2152 p.
843 2101 945 2149 159).

162 2161 205 2200 P.
229 2160 318 2208 421,
340 2156 406 2211 lig.
431 2160 491 2200 16.
517 2161 608 2198 ΡΑΧ
632 2174 902 2198 REFORMATA.
928 2159 1189 2198 Conditiones
1212 2159 1296 2208 ejus
1320 2158 1550 2196 referuntur
1571 2158 1680 2208 apud
1701 2157 1799 2195 Bzo-

110 2219 236 2266 vium⁷
262 2233 327 2259 an.
355 2219 469 2268 1373,
501 2220 517 2269 ἓ
543 2219 591 2258 18
615 2234 690 2270 sq.,
715 2228 757 2258 et
779 2219 821 2257 in
852 2219 978 2257 literis
1005 2218 1207 2256 Bonifaeii
1233 2218 1292 2255 IX
1327 2217 1485 2267 seriptis
1510 2217 1561 2254 ad
1588 2217 1799 2255 Nicolaum

110 2279 158 2317 de
192 2278 463 2329 Summaripa‚
497 2279 670 2318 militem
704 2278 973 2326 Laudensem,
1008 2291 1110 2327 quae
1144 2276 1277 2315 editae
1311 2284 1406 2314 sunt
1438 2276 1547 2326 apud
1582 2275 1799 2314 Odoricum

112 2338 388 2387 Raynaldum,
410 2352 475 2377 an.
500 2337 614 2386 1391,
642 2338 659 2386 ἓ
681 2338 715 2376 7.

162 2397 205 2435 Ρ.
230 2396 318 2445 421,
340 2397 407 2447 lig.
431 2396 491 2435 29.
518 2397 748 2435 JOHANNES
774 2411 827 2434 DE
851 2397 1133 2434 REvELnoxss.
1156 2395 1371 2444 Perperam
1392 2394 1435 2431 in
1460 2393 1640 2431 Historia
1665 2392 1800 2430 Sicula

111 2456 257 2494 Fazelli
281 2464 322 2494 et
346 2456 456 2506 apud
479 2456 695 2504 Bzovium,
721 2455 790 2505 qui
814 2470 864 2493 ex
890 2455 1048 2493 Fazello
1072 2453 1242 2503 accepit,
1267 2466 1332 2491 an.
1360 2452 1472 2499 1373,
1503 2452 1520 2501 ἓ
1544 2451 1606 2498 29,
1629 2459 1801 2490 vocatur

109 2515 320 2565 episcopus
349 2515 640 2554 Salernitanus.
669 2515 834 2554 Certum
861 2514 1010 2564 quippe
1037 2521 1098 2551 est
1123 2512 1236 2563 illum
1263 2511 1383 2549 fuisse
1410 2511 1643 2561 episcopum
1671 2510 1798 2548 Sarla·

109 2583 265 2612 tensem
291 2574 333 2611 in
362 2573 585 2624 Aquitania
613 2574 803 2612 secunda.
836 2574 1074 2611 Revellones
1103 2579 1242 2609 autem
1269 2570 1351 2608 sive
1383 2569 1648 2616 Revelhones,
1677 2576 1724 2606 ut
1749 2583 1799 2606 ex

153 2741 186 2774 1.
215 2739 286 2773 Sur
314 2739 435 2772 Pierre
464 2739 508 2772 de
535 2739 692 2783 Vergne,
722 2739 803 2772 voir
832 2739 874 2772 N.
904 2737 1029 2771 Valois
1054 2738 1063 2781 (v
1084 2743 1110 2770 t.
1130 2749 1154 2776 1,
1177 2748 1211 2779 p.
1235 2736 1320 2774 513;
1343 2741 1368 2767 t.
1389 2746 1426 2774 11,
1449 2746 1483 2778 p.
1507 2734 1578 2776 58).

155 2794 186 2827 2.
216 2793 269 2826 La
297 2793 386 2836 paix
402 2804 447 2825 ne
464 2804 501 2825 se
521 2792 565 2825 fit
580 2804 647 2836 pas
663 2792 695 2825 le
714 2793 734 2826 6
751 2804 862 2831 mars,
880 2791 973 2824 mais
992 2791 1012 2822 a
1028 2790 1063 2822 la
1083 2790 1133 2822 fin
1151 2789 1200 2821 du
1217 2788 1321 2821 mois.
1341 2788 1390 2819 Le
1409 2788 1440 2825 6,
1458 2787 1483 2819 il
1499 2787 1563 2829 n'y
1580 2792 1645 2819 eut
1661 2786 1799 2829 qu'une

104 2846 326 2890 suspension
342 2846 514 2878 d'armes.
532 2845 603 2879 Sur
615 2845 648 2878 le
664 2845 777 2879 traite
792 2847 924 2884 meme,
943 2843 1023 2877 voir
1040 2843 1083 2876 R.
1102 2840 1329 2875 Delachenal
1348 2840 1522 2883 (Histoire
1537 2841 1577 2872 de
1592 2839 1739 2872 Clzarles
1757 2839 1800 2879 V,

107 2905 133 2933 t.
159 2911 194 2939 v,
246 2925 253 2932 .
278 2898 436 2932 188-193
458 2925 465 2932 .

155 2953 187 2986 3.
217 2911 260 2985 113.
290 2951 328 2985 F.
356 2898 545 2990 Secdnsse,
572 2950 720 2984 Recueil
744 2951 785 2984 de
808 2951 925 2994 pieces
948 2953 1090 2982 servant
1114 2948 1155 2981 de
1178 2958 1326 2991 preuves
1350 2956 1424 2978 aux
1447 2945 1643 2978 Memoires
1666 2955 1730 2977 sur
1754 2944 1802 2977 les

62 3025 65 3027 Δ
107 3004 262 3038 troubles
280 3005 408 3038 excites
427 3016 471 3037 en
489 3004 631 3037 France
649 3015 717 3047 par
736 3003 884 3037 Cliarles
905 3003 959 3041 II,
981 3002 1035 3035 roi
1055 3002 1095 3034 de
1115 3001 1288 3038 Navarre,
1313 2998 1426 3037 Paris,
1448 2999 1552 3038 1755,
1574 3009 1608 3041 p.
1632 2998 1800 3031 281-282.

156 3058 188 3091 4.
224 3057 386 3091 Grandes
404 3057 615 3100 chroniques
634 3057 675 3090 de
693 3057 844 3096 France,
866 3056 922 3089 ed.
946 3052 1184 3092 Delaeloenal,
1205 3058 1231 3086 t.
1251 3064 1288 3091 11,
1310 3063 1344 3094 p.
1367 3052 1446 3084 140.

158 3112 189 3145 5.
217 3110 307 3144 Voir
330 3109 710 3144 Albanes-Chevalier
738 3109 855 3153 (Actes
880 3109 1039 3147 anciens,
1067 3112 1092 3139 t.
1118 3118 1142 3146 1,
1169 3117 1203 3149 p.
1231 3104 1416 3147 428-429).
