2083 3458
269 223 351 264 730
921 232 1073 257 NOTAE
1107 231 1168 256 AD
1203 232 1330 257 VITAs
1827 215 1975 271 [1212]

268 328 444 370 nepotem
472 332 600 355 meum
626 315 856 353 servientem
882 327 1085 351 armorum
1111 321 1144 350 et
1172 312 1406 361 scutiferum
1432 312 1593 349 honoris
1618 326 1818 350 assumere
1845 313 1985 352 voluit.

268 380 344 418 Sed
372 379 455 428 ipse
482 376 677 415 recusavit
703 374 843 425 officia.
873 373 924 410 Et
949 373 1113 410 honores
1141 371 1336 409 maximos
1362 372 1504 409 obtulit
1530 372 1650 409 michi
1677 380 1712 409 et
1739 386 1821 409 meo
1849 372 1982 422 nepoti

267 453 335 489 per
355 438 534 487 seipsum
554 445 587 474 et
599 450 667 486 per
688 434 895 472 dominum
920 432 1112 469 leomam
1133 432 1177 469 de
1196 431 1339 469 Sancto
1358 431 1558 479 Severino,
1580 440 1613 469 et
1635 432 1738 469 ultra
1760 431 1826 470 hec
1846 432 1985 470 omnia

266 498 514 536 securitatem
543 494 859 546 promissionum
888 492 1071 529 omnium
1100 491 1285 541 offerebat
1317 507 1323 528 ε
1356 505 1427 541 que
1455 505 1525 541 per
1554 505 1624 528 nos
1654 491 1791 529 omnia
1818 492 1988 541 suerunt

267 566 445 595 recusata
464 564 622 606 propter
643 555 714 595 illa
733 567 803 603 que
825 552 868 589 in
888 551 1033 589 nostris
1053 550 1306 588 conscientiis
1326 559 1437 588 erant
1456 565 1501 588 ex
1520 550 1618 588 visis
1637 565 1707 600 per
1727 564 1798 588 nos
1817 559 1851 588 et
1869 551 1983 589 tactis

267 626 300 655 et
321 616 474 655 auditis
490 631 511 653 a
530 614 705 652 dominis
727 611 1018 657 cardinalibuS,
1044 610 1110 660 qui
1136 610 1206 648 illa
1228 610 1327 648 scire
1351 610 1553 648 debebant.
1581 611 1634 648 Et
1662 610 1787 661 paulo
1818 619 1913 661 post
1933 610 1949 633 1
1973 627 1981 649 :

266 678 432 726 Propter
455 690 573 725 quam
594 687 758 712 causam
778 680 868 710 ante
885 671 1103 709 discessum
1118 670 1370 707 dominorum
1388 670 1658 708 cardinalium
1676 671 1720 707 de
1748 670 1851 708 Urbe
1874 670 1989 708 misit

267 736 386 774 michi
409 744 442 773 et
466 748 547 772 meo
571 733 702 783 nepoti
727 732 889 770 dicendo
913 730 1014 780 quod
1037 729 1118 767 nisi
1141 738 1315 767 castrum
1345 730 1605 777 redderemuS,
1639 730 1741 779 quod
1758 729 1987 768 cardinales

265 804 354 833 ante
379 803 552 833 castrum
576 808 645 843 per
669 793 871 830 Romanos
896 790 1039 839 ligatos
1065 789 1156 827 duci
1182 789 1414 836 videremus,
1441 798 1474 827 et
1499 789 1580 827 nisi
1606 798 1779 827 castrum
1803 789 1979 827 restitue-

265 869 408 902 remuS,
437 855 656 892 videremus
684 852 792 902 ipsos
816 849 1042 900 frustratim
1067 848 1198 886 scindi
1224 863 1294 899 per
1318 849 1495 898 furiosas
1523 863 1666 887 manus
1692 850 1982 887 Romanorum.

266 915 371 953 Sunt
407 913 600 952 videlicet
636 913 737 950 haec
773 910 900 949 verba
938 909 1061 958 digna
1099 908 1186 947 viro
1224 908 1378 947 crudeli
1414 917 1455 947 et
1490 908 1755 948 immanitate
1785 908 1978 956 barbaro,

266 974 397 1024 qualis
420 973 547 1012 etiam
568 973 620 1010 ab
642 970 783 1011 amicis
805 969 886 1008 suis
910 968 1147 1019 depingitur
1171 968 1376 1007 Urbanus.
1401 968 1551 1007 Subdit
1574 969 1719 1007 Petrus
1744 968 1947 1018 Rostagni
1970 984 1978 1005 ;

266 1033 324 1071 Ob
345 1048 463 1083 quam
484 1046 647 1070 causam
668 1030 891 1069 cardinales
913 1029 980 1079 qui
1002 1036 1277 1065 remanserunt
1297 1029 1341 1066 cle
1363 1042 1513 1066 recessu
1535 1028 1648 1066 celeri
1669 1028 1843 1075 avisavi3
1867 1042 1985 1078 quem

263 1093 448 1142 fecerunt.
1873 1094 1876 1097 ’

321 1152 427 1201 Quid
460 1161 602 1190 autem
642 1158 784 1189 actum
825 1148 877 1187 sit
919 1155 1014 1198 post
1047 1161 1252 1185 recessum
1293 1147 1566 1187 cardinalium
1598 1147 1654 1186 sic
1687 1146 1830 1186 scribit
1869 1147 1983 1185 idem.

267 1213 412 1250 Petrus
430 1211 444 1234 ²
461 1228 467 1249 :
486 1213 703 1261 Postquam
735 1207 973 1257 Anagniam
1000 1206 1153 1244 domini
1172 1207 1395 1244 cardinales
1418 1215 1691 1257 pervenerunt,
1708 1207 1843 1244 statim
1859 1206 1980 1244 michi

266 1280 299 1309 et
323 1272 455 1322 nepoti
481 1285 561 1309 meo
590 1270 801 1308 castellano
829 1282 898 1318 per
925 1281 1059 1304 eorum
1087 1266 1221 1303 literas
1250 1268 1539 1304 mandaverunt
1557 1267 1632 1304 sub
1661 1267 1787 1304 literis
1814 1266 1979 1304 authen-

266 1332 367 1378 ticis,
398 1345 495 1381 quas
516 1331 644 1368 adhuc
668 1329 803 1375 liabeo,
838 1327 940 1377 quod
971 1334 1145 1364 castrum
1179 1326 1315 1376 ipsum
1338 1327 1490 1376 prefato
1515 1327 1789 1364 Bartholomeo
1814 1325 1984 1363 minime

266 1392 526 1437 redderemus,
552 1405 642 1428 cum
663 1389 747 1439 ipse
768 1402 847 1425 non
867 1394 964 1424 esset
981 1400 1163 1423 summus
1184 1386 1386 1435 Pontifex,
1406 1387 1474 1424 sed
1503 1386 1697 1433 intrusus,
1718 1394 1753 1423 et
1771 1400 1842 1435 pro
1860 1385 1979 1435 sulci-

266 1459 392 1488 mento
412 1450 582 1500 aliquali
605 1448 698 1486 dicti
719 1446 837 1485 castri
859 1446 965 1484 mille
982 1445 1154 1494 florenos
1174 1445 1267 1482 auri
1281 1446 1601 1484 transmiserunt.
1618 1446 1830 1496 Reliquam
1848 1453 1984 1483 autem

265 1519 416 1560 partem
437 1508 677 1547 munitionis
705 1507 799 1545 dicti
828 1505 946 1543 castri
984 1504 1201 1542 habuimus
1228 1520 1252 1542 a
1279 1505 1393 1543 certis
1420 1505 1629 1552 Romanis,
1659 1520 1739 1542 non
1766 1506 1810 1542 de
1839 1504 1984 1554 infimo

267 1584 402 1618 genere
431 1569 550 1616 natis,
567 1569 633 1605 sed
657 1568 700 1605 de
717 1566 938 1616 majoribus
963 1564 1060 1602 dicte
1074 1572 1183 1611 terre,
1198 1564 1265 1614 qui
1290 1579 1360 1602 nos
1384 1565 1623 1603 animabant
1646 1566 1698 1602 ad
1720 1564 1984 1602 detentionem.

266 1629 360 1667 dicti
384 1628 517 1675 castri,
544 1636 585 1665 ut
624 1627 743 1665 citius
782 1626 945 1676 ydolum
984 1632 1152 1661 erectum
1183 1638 1252 1673 per
1290 1624 1492 1673 furiosum
1522 1625 1720 1675 populum
1751 1624 1980 1662 Romanum

265 1689 562 1735 subverteretur,
591 1687 824 1724 ezctimantes
853 1693 894 1722 et·
913 1683 994 1733 ipsi
1022 1683 1344 1721 Bartlzolomeum
1371 1699 1454 1721 vere
1477 1684 1698 1732 intrusum,·
1729 1692 1763 1721 et
1794 1683 1849 1721 ita
1879 1692 1979 1721 tene-

269 1748 363 1785 bant
376 1762 497 1797 asque
512 1748 564 1784 ad
585 1747 688 1784 diem
708 1743 919 1783 occisionis
939 1743 1213 1780 Romanorum
1233 1758 1304 1792 que
1322 1744 1429 1793 facta
1443 1744 1523 1793 fuit
1544 1744 1587 1781 in
1607 1743 1780 1781 transitu
1802 1743 1981 1792 gentium

265 1822 468 1845 armorum
507 1820 578 1856 que
618 1806 730 1843 ibant
768 1803 1006 1853 Anagniam
1042 1815 1113 1852 pro
1153 1803 1360 1841 securitate
1402 1804 1655 1841 dominorum
1693 1802 1980 1849 cardinalium,

267 1866 462 1904 nimirum
484 1866 525 1903 in
545 1865 700 1915 praelio
724 1864 834 1914 quod
865 1861 1133 1902 commissum
1162 1870 1224 1900 est
1252 1862 1360 1901 inter
1387 1863 1646 1901 Bernardum
1677 1863 1785 1900 dela
1816 1862 1908 1900 Sala
1938 1870 1982 1899 et

271 1926 494 1973 Romanos,
527 1926 575 1963 de
606 1938 687 1974 quo
718 1923 900 1962 dicemus
928 1935 1053 1971 supra
1080 1920 1132 1957 ad
1159 1922 1355 1971 paginam
1382 1923 1459 1960 449
1489 1922 1536 1972 [t.
1554 1923 1600 1972 1].

320 1985 506 2024 Tandem
527 1993 671 2023 tamen
695 1997 856 2021 necesse
882 1981 961 2019 fuit
985 1980 1079 2018 dedi
1101 1981 1208 2019 hanc
1231 1995 1391 2037 arcem..
1408 1982 1526 2030 Quod
1551 1981 1759 2032 quomodo
1783 1980 1982 2019 acciderit

266 2059 348 2082 non
365 2045 530 2082 aliunde
548 2043 692 2082 melius
710 2042 810 2081 scire
828 2054 1046 2092 possumus
1066 2053 1191 2089 quain
1209 2056 1259 2079 ex
1276 2042 1420 2081 eadem
1438 2042 1612 2092 epistola
1631 2040 1744 2079 Petri
1763 2039 1982 2090 Rostagni.

267 2104 335 2141 Ait
365 2119 458 2154 ergo
476 2103 491 2125 3
513 2119 519 2141 ε
552 2104 637 2151 Ego
658 2111 802 2149 autem,
823 2099 1074 2139 serenissime
1095 2100 1296 2150 princeps,
1319 2102 1422 2139 circa
1443 2101 1776 2139 conservationem
1797 2108 1831 2137 et
1851 2100 1980 2149 defen-

264 2164 417 2201 sionem
443 2162 561 2201 castri
590 2162 709 2200 michi
737 2160 938 2199 commissi
968 2158 1180 2207 invigilavi
1206 2161 1363 2202 solerter
1391 2175 1511 2211 usque
1538 2161 1590 2198 ad
1616 2160 1803 2198 ultimum
1829 2167 1981 2197 susten-

266 2223 429 2261 tationis
451 2223 623 2260 liumane
654 2230 812 2268 nature,
845 2235 913 2257 nec
943 2218 1135 2256 remansit
1167 2220 1329 2258 miseria
1360 2235 1431 2270 que
1462 2235 1531 2271 per
1553 2220 1732 2257 homines
1765 2219 1986 2256 reinclusos

263 2283 415 2331 fuerint
441 2296 617 2331 unquam
643 2289 792 2331 portate
817 2280 915 2330 quin
940 2287 974 2316 et
997 2291 1066 2326 ego
1092 2292 1181 2315 cum
1208 2294 1326 2317 uccore
1351 2288 1385 2317 et
1411 2280 1510 2329 filiis
1537 2280 1685 2317 ibidem
1722 2278 1982 2316 existentibus

266 2342 567 2391 portaverimus.
594 2340 701 2378 Nam
724 2341 775 2378 ad
797 2348 949 2377 tantam
973 2351 1042 2375 nos
1066 2337 1303 2376 deduximus
1328 2339 1510 2389 inopiam
1534 2338 1770 2376 victualium
1792 2338 1895 2388 quod
1915 2351 1987 2387 per

267 2410 340 2438 tres
369 2415 518 2438 menses
546 2400 685 2438 herbas
712 2408 746 2437 et
772 2399 924 2437 radices
953 2398 1136 2447 ipsarum
1163 2407 1288 2436 coctas
1316 2413 1404 2436 cum
1432 2407 1599 2449 quatuor
1628 2398 1761 2435 unciis
1788 2396 1911 2447 panis
1941 2396 1984 2434 in

267 2461 328 2498 die
345 2461 431 2498 sine
448 2462 530 2497 sale
548 2468 581 2497 et
599 2460 679 2497 oleo
698 2460 820 2496 vitam
838 2457 1042 2502 «luximus,
1062 2463 1095 2492 et
1113 2472 1184 2506 pro
1202 2466 1297 2507 potu
1317 2459 1377 2496 nil
1394 2459 1509 2496 nobis
1525 2458 1607 2508 suit
1625 2457 1706 2495 nisi
1730 2471 1834 2506 aqua
1853 2456 1983 2503 nuda;

265 2528 298 2557 et
323 2529 432 2557 tanta
456 2520 535 2569 fuit
560 2520 626 2556 lzec
650 2518 896 2556 abstinentia
921 2514 1126 2566 aliquibus
1153 2518 1253 2555 dura
1279 2518 1381 2567 quod
1405 2532 1450 2555 esc
1473 2518 1579 2567 fame
1604 2525 1693 2555 ante
1724 2530 1827 2554 meos
1852 2516 1987 2553 oculos

265 2580 395 2616 subito
417 2579 650 2617 ceciderunt.
675 2578 781 2616 Huic
802 2576 1032 2615 narrationi
1052 2577 1349 2616 auctoritatem
1370 2577 1487 2615 addit
1509 2575 1782 2615 Theodericus
1804 2589 1826 2613 a
1850 2574 1985 2621 Niem,

265 2638 333 2676 lib.
362 2639 390 2684 I,
411 2639 468 2675 De
489 2638 711 2685 schismate,
735 2651 822 2687 cap.
847 2651 906 2673 xx
929 2636 982 2686 [p.
1007 2632 1073 2686 38]
1089 2664 1096 2679 ‚
1113 2635 1173 2673 his
1206 2636 1341 2675 verbis
1366 2653 1372 2674 :
1400 2637 1577 2674 Tandem
1599 2649 1684 2673 vero
1711 2643 1797 2685 post
1824 2635 1985 2683 longam

265 2698 440 2746 ejusdem
460 2698 577 2735 castri
599 2697 737 2735 Sancti
757 2696 905 2745 Angeli
926 2695 1185 2742 obsidionem,
1206 2696 1355 2734 scilicet
1373 2696 1487 2746 quasi
1507 2711 1577 2746 per
1595 2709 1750 2733 annum
1770 2693 1984 2742 integrum,

266 2757 359 2794 dicti
385 2757 557 2794 Romani
583 2757 803 2806 predictum
826 2764 999 2793 castrum
1023 2757 1073 2794 ab
1097 2756 1229 2794 eodem
1253 2756 1461 2806 capitaneo
1493 2770 1562 2792 seu
1598 2754 1709 2792 illius
1733 2753 1888 2791 custode
1912 2767 1983 2802 per

266 2824 380 2865 pacta
403 2817 638 2862 babuerunt,
664 2816 730 2865 qui
756 2816 924 2853 multum
948 2815 1115 2854 viriliter
1140 2815 1240 2852 illud
1263 2829 1462 2865 quousque
1484 2814 1564 2852 sibi
1588 2814 1809 2863 defecerunt
1832 2811 1981 2849 victua—

266 2876 321 2912 lia
348 2875 577 2924 dejensavit,
604 2875 718 2925 parvi
745 2876 920 2925 pendens
947 2874 1278 2924 impugnantium
1310 2874 1588 2912 machinarum
1613 2881 1647 2910 et
1675 2872 1980 2910 bombardarum

316 3008 345 3040 Ί.
380 3008 531 3042 Ibident

317 3062 346 3093 2.
380 3062 531 3095 Ibidflni

317 3116 347 3145 53.
381 3114 444 3146 Hs.
470 3116 553 3150 viti»,
579 3116 638 3149 sol.
665 3118 708 3149 66
734 3122 782 3150 VO.
