2083 3458
224 233 307 275 328
876 249 1028 274 NOTAE
1064 250 1124 275 AD
1159 249 1288 274 V1TAs
1812 231 1939 288 [824]

227 334 457 373 rendissimi
488 334 531 372 in
561 334 716 373 Christo
747 334 872 386 patris
902 334 1055 372 domini
1091 334 1294 372 Guillelmi
1325 334 1430 372 tituli
1477 333 1614 372 Sancti
1657 333 1852 383 Stephani
1898 333 1941 371 in

227 394 359 432 Coelio
401 402 527 431 monte
566 394 781 445 presbyteri
821 402 979 431 sanctae
1019 393 1222 431 Romanae
1263 393 1461 431 Ecclesiae
1513 393 1732 431 cardinalis
1784 392 1936 430 Monti-

227 453 356 491 solivi.

281 513 334 550 Et
357 512 400 550 in
422 512 616 562 regimine
641 512 879 551 monasterii
903 511 1156 551 Montisolivi
1180 512 1376 551 successit
1391 512 1404 534 ¹
1429 526 1537 550 anno
1561 511 1940 550 MCCCXXXVIII

228 572 354 610 frater
378 571 464 621 ejus
493 571 765 621 Raymundus
792 571 955 621 Rogerii
980 571 1028 610 de
1054 572 1177 610 Aura.

281 631 323 669 P.
346 630 435 678 207,
455 630 522 681 lig.
545 630 606 669 10.
629 631 786 669 Porius
808 645 1004 668 VOLEBAT
1025 645 1142 676 QUOD
1165 645 1406 669 VACARENT.
1429 630 1668 680 Ayrnericus
1690 630 1738 668 de
1760 630 1941 678 Peyraco

228 690 356 728 abbas
386 689 697 739 Moyssiacensis
726 690 767 728 in
797 689 990 727 Chronico
1009 689 1024 712 2
1052 704 1126 728 ms.
1156 691 1326 740 loquens
1357 690 1406 728 de
1435 690 1511 729 hoc
1538 689 1764 728 Benedicto
1791 703 1901 739 papa
1932 704 1939 726 z

234 749 356 787 Valde
384 749 532 799 probus
547 749 638 799 fuit,
658 758 692 787 et
708 749 752 787 de
770 749 884 787 rebus
901 749 1073 787 Ecclesie
1090 749 1309 799 largiendis
1326 748 1560 799 parentibus
1576 749 1662 786 suis
1679 747 1943 799 parcissimus

228 818 261 846 et
284 809 327 846 in
352 808 552 858 beneficiis
574 808 807 846 vacantibus
829 809 1073 858 conserendis
1096 817 1222 847 tenax.
1247 809 1298 847 Et
1321 809 1404 847 ideo
1427 808 1657 859 depingitur
1679 822 1767 845 cum
1788 807 1943 857 pugillo

229 868 373 906 clauso.
414 868 531 906 Hanc
568 867 654 917 ejus
691 867 960 918 asperitatem
995 868 1266 918 perstringere
1302 868 1467 906 videtur
1504 867 1726 906 Petrarcha
1761 866 1804 904 in
1838 866 1942 904 libro

234 928 406 975 Variam,
433 927 550 977 epist.
578 941 758 974 xxxvm,
784 927 854 965 ubi
878 927 1049 977 loquens
1075 927 1123 966 de
1149 927 1342 977 Gregorio
1369 928 1431 965 XI
1456 927 1541 965 ait:
1569 926 1663 964 Non
1686 934 1741 964 est
1764 926 1883 973 enim,
1903 933 1944 963 ut

229 986 383 1037 opinor,
412 986 597 1024 dominus
624 994 751 1024 noster
778 986 821 1023 in
848 986 918 1024 illa
943 986 1088 1024 duritie
1115 1002 1185 1037 que
1210 987 1371 1036 fuerunt
1396 987 1523 1037 aliqui
1551 986 1593 1024 in
1620 985 1758 1023 diebus
1786 984 1943 1033 nostris,

231 1060 371 1095 negare
396 1045 531 1083 omnia
556 1045 701 1095 parati,
729 1046 823 1083 dum
849 1045 1012 1083 nonnisi
1037 1046 1217 1096 perfectis
1243 1046 1339 1084 viris
1365 1047 1456 1084 dare
1480 1045 1636 1096 aliquid
1659 1045 1804 1083 volunt.
1833 1044 1944 1094 Quod

229 1106 265 1143 si
295 1105 366 1154 fiat
391 1113 461 1143 aut
487 1105 624 1142 omnia
655 1105 843 1154 beneficia
880 1105 1087 1154 vacabunt,
1116 1114 1185 1144 aut
1224 1105 1483 1156 paucissimis
1511 1104 1648 1143 omnia
1683 1104 1942 1154 conserentur.

230 1164 333 1203 Vide
358 1164 479 1212 infra,
510 1163 553 1214 [t.
582 1162 608 1213 1]
636 1179 674 1214 p.
704 1163 791 1202 236.

285 1224 328 1262 P.
362 1223 451 1271 207,
483 1223 550 1273 lig.
585 1223 646 1261 17.
681 1223 976 1261 NULLATENUS
1010 1238 1206 1262 CURAVIT.
1241 1225 1294 1263 Le
1327 1224 1601 1274 chroniqueur
1633 1226 1816 1272 exagere.
1848 1222 1942 1260 Ber-

232 1283 335 1320 nard
369 1282 578 1330 Fournier,
613 1297 686 1321 son
719 1297 865 1330 neveu,
901 1282 1038 1321 obtint
1072 1283 1139 1322 (165
1182 1283 1384 1322 benefices
1428 1286 1544 1333 grace
1578 1285 1601 1321 a
1634 1297 1676 1321 sa
1709 1281 1944 1333 protection

234 1342 407 1392 (Mollat,
432 1357 470 1380 n.
496 1341 644 1389 467333
672 1342 842 1392 Deprez,
867 1357 905 1380 n.
931 1342 1026 1390 5523
1052 1342 1185 1390 Vidal,
1211 1357 1248 1381 n.
1275 1342 1351 1381 248
1375 1351 1416 1381 et
1439 1342 1571 1392 5369).
1941 1335 1945 1338 ”

286 1402 329 1440 Ρ.
345 1401 434 1449 207,
450 1401 516 1451 lig.
532 1401 592 1439 19.
611 1402 745 1439 UNUM
775 1416 930 1449 SOLUM,
947 1410 1141 1452 nepotem
1167 1416 1301 1449 suum,
1317 1410 1364 1440 ut
1384 1402 1533 1451 legitur
1550 1401 1670 1449 infra,
1689 1401 1732 1452 [t.
1750 1400 1777 1451 1]
1797 1415 1836 1451 p.
1853 1399 1942 1438 215.

232 1461 471 1499 Vocabatur
488 1469 628 1499 autem
648 1461 841 1508 Joannes,
861 1469 1134 1510 cognomento
1150 1460 1421 1509 Bauzianus3,
1439 1470 1487 1499 ut
1509 1461 1568 1499 ait
1587 1460 1731 1499 Saxius
1753 1460 1807 1510 [p.
1828 1459 1903 1497 313
1916 1458 1942 1509 ].

236 1520 356 1558 Illum
383 1534 455 1569 ego
482 1520 665 1570 suspicor
691 1520 813 1558 fuisse
840 1521 1090 1558 monachum
1116 1520 1439 1568 Cisterciensem,
1467 1535 1561 1559 curn
1585 1520 1627 1557 in
1652 1519 1756 1557 libro
1783 1519 1944 1567 Obliga-

233 1579 386 1617 tionum
420 1579 575 1617 archivi
609 1579 800 1618 Vaticani
833 1588 1004 1618 vocetur
1038 1579 1164 1618 frater
1199 1580 1393 1628 joannes,
1429 1580 1580 1618 electus
1615 1578 1945 1629 archiepiscopus

234 1638 496 1677 Arelatensis.
540 1638 686 1677 Evasit
723 1638 848 1688 igitur
887 1638 1215 1689 archiepiscopus
1256 1639 1505 1678 Arelatensis
1545 1653 1654 1677 anno
1690 1637 1945 1684 MCCCXLI,

235 1712 316 1748 quo
350 1698 574 1736 Gasbertus
608 1698 661 1735 ad
693 1697 1093 1748 archiepiscopatum
1126 1698 1437 1737 Narbonensem
1469 1698 1695 1736 translatus
1729 1705 1803 1736 est.
1839 1697 1946 1734 Eum

236 1756 381 1795 Saxius
418 1757 471 1807 [p.
498 1757 597 1807 316]
623 1757 753 1794 tradit
778 1756 923 1796 obiisse
948 1771 1056 1795 anno
1081 1757 1395 1796 MCCCXLVII.

289 1817 332 1855 P.
360 1815 449 1864 207,
474 1816 540 1866 lig.
568 1816 629 1854 22.
658 1816 846 1854 NULLUM
874 1830 1126 1855 EXALTAVIT.
1154 1817 1236 1855 Son
1260 1832 1392 1856 neveu
1419 1817 1649 1855 Guillaume
1676 1815 1872 1854 Fournier
1896 1829 1946 1852 ne

237 1875 313 1913 dut
340 1889 413 1925 pas
443 1889 495 1913 au
522 1889 629 1926 pape
657 1875 713 1913 les
742 1875 905 1914 faveurs
937 1875 1039 1913 dont
1066 1876 1101 1914 le
1132 1876 1292 1915 combla
1320 1877 1355 1915 le
1384 1877 1443 1914 roi
1473 1876 1521 1915 de
1551 1876 1702 1926 Naples
1734 1875 1946 1925 (Daumet,

240 1934 524 1982 Introduction,
548 1949 586 1984 p.
608 1949 726 1981 III-lv,
742 1943 783 1972 et
804 1949 843 1972 n.
861 1934 936 1972 658
955 1942 996 1972 et
1010 1933 1131 1983 632ος
1150 1935 1320 1985 Deprez,
1344 1950 1381 1973 n.
1406 1935 1500 1982 3433
1517 1935 1651 1982 Vidal,
1667 1950 1706 1973 n.
1725 1934 1856 1983 7601).
1881 1933 1944 1971 Un

238 2001 354 2032 autre
378 1994 426 2032 de
451 2008 511 2032 ses
530 2008 692 2032 neveux
714 1993 944 2032 Guillaume
963 1993 1135 2032 Cathala
1159 1994 1261 2032 etait
1283 1994 1403 2033 noble
1424 1994 1617 2044 (Histoire
1634 1995 1677 2031 de
1697 1992 1946 2042 Languedoc,

237 2053 421 2100 Preuves,
441 2061 470 2091 t.
492 2067 534 2100 x,
555 2053 628 2091 col.
650 2052 738 2099 950,
762 2052 836 2090 951
858 2061 899 2091 et
916 2061 946 2091 t.
966 2067 1024 2101 ΙΧ,
1043 2068 1084 2104 p.
1104 2054 1193 2101 477,
1214 2062 1310 2092 note
1331 2054 1371 2101 13
1387 2054 1564 2104 'Deprez,
1584 2069 1622 2092 n.
1645 2053 1749 2103 771).

293 2112 335 2150 P.
354 2111 442 2159 207,
458 2111 525 2161 lig.
543 2112 604 2150 24.
624 2112 810 2150 UNICAM.
827 2112 976 2150 Benoit
993 2112 1078 2150 XII
1095 2121 1165 2151 eut
1180 2127 1258 2151 une
1275 2121 1391 2152 autre
1407 2113 1518 2151 niece
1535 2113 1694 2162 Faiaga
1710 2112 1778 2162 qui
1794 2114 1946 2162 epousa

239 2171 422 2218 Arnaud,
448 2171 523 2209 sire
549 2171 597 2209 de
622 2171 793 2218 Villiers,
812 2185 860 2209 en
887 2171 988 2209 1339
1014 2171 1163 2221 (Vidal,
1189 2186 1227 2210 n.
1255 2171 1375 2217 76013
1401 2172 1546 2219 Closes,
1572 2186 1610 2210 n.
1639 2172 1714 2209 774
1735 2172 1788 2220 a).

294 2231 336 2268 P.
367 2230 456 2278 207,
486 2230 551 2279 lig.
582 2229 644 2268 33.
676 2230 770 2267 CUM
801 2244 856 2267 AD
885 2245 1014 2268 IPSUM
1047 2245 1187 2278 VENIT,
1217 2245 1325 2269 anno
1355 2231 1685 2269 MCCCXXXVI
1713 2239 1761 2268 ut
1790 2230 1949 2268 dictum

241 2297 302 2327 est
339 2303 475 2339 supra,
514 2304 552 2339 p.
590 2289 681 2336 800,
713 2289 802 2327 817.

293 2349 335 2387 P.
361 2348 449 2395 208,
472 2348 537 2398 lig.
562 2348 597 2386 3.
623 2348 661 2386 SI
682 2362 773 2386 1Ρ5Ε
797 2362 999 2386 HABERET
1023 2363 1134 2387 DUAS
1158 2363 1330 2387 ΑΝ1ΜΑ5.
1356 2350 1507 2387 Contra
1531 2349 1722 2387 Nicolaus
1747 2348 1948 2399 Spinellus

240 2407 377 2445 animo
403 2416 633 2445 commotus
659 2407 854 2446 adversus
884 2408 1098 2446 Urbanum
1123 2408 1194 2455 VI,
1220 2417 1389 2459 propter
1414 2408 1708 2447 contumeliam
1733 2408 1809 2446 sibi
1832 2407 1949 2458 jussu

240 2466 326 2515 ejus
347 2466 507 2504 illatam
527 2466 568 2504 in
590 2466 996 2516 quodam-convivio,
1019 2481 1109 2505 eam
1129 2468 1304 2514 ulturus,
1327 2467 1491 2505 cuidam
1513 2467 1710 2505 cardinali
1729 2467 1772 2505 in
1789 2481 1949 2506 recessu

241 2525 389 2563 dixisse
408 2526 537 2564 fertur
555 2526 705 2563 habere
724 2540 764 2564 se
784 2526 884 2563 duas
904 2525 1076 2573 animas,
1095 2540 1222 2564 unam
1243 2526 1328 2564 Deo
1348 2526 1613 2574 destinatam,
1633 2526 1756 2564 aliam
1776 2526 1947 2564 daturus

290 2700 321 2732 ’1.
342 2698 391 2731 Le
409 2699 453 2731 ¹15
471 2698 607 2731 fevrier
623 2699 716 2732 1339
737 2699 871 2742 (Vidal,
890 2711 924 2732 n.
945 2699 1065 2742 6527).

292 2754 322 2785 2.
345 2752 384 2784 Β.
409 2751 466 2791 Ν.,
481 2763 548 2799 ms.
567 2751 661 2785 latin
682 2751 774 2785 4991
795 2752 840 2792 A,
863 2752 924 2786 fol.
943 2753 987 2785 93
1008 2757 1058 2786 νο.
1074 2752 1126 2786 La
1146 2753 1280 2796 longue
1298 2753 1408 2786 dureo
1431 2754 1493 2787 des
1507 2765 1689 2787 vacances
1710 2760 1766 2788 est
1786 2755 1946 2787 attestee

242 2816 309 2848 par
335 2805 386 2837 les
414 2804 586 2848 registres
616 2806 665 2838 du
694 2805 855 2838 Vatican
887 2805 941 2848 (A.
974 2805 1133 2845 Fierens,
1163 2806 1296 2839 Lettres
1325 2808 1365 2839 de
1391 2806 1521 2840 Benoit
1546 2807 1644 2848 XII,
1677 2807 1807 2847 Rome,
1838 2807 1943 2847 1910,

243 2870 275 2901 p.
306 2858 534 2901 XLV-XLVII).

290 2912 321 2944 3.
351 2910 396 2943 Ce
423 2910 519 2944 Jcan
546 2911 589 2944 de
615 2911 785 2944 Baussan
812 2911 943 2944 devint
968 2912 1201 2955 archeveque
1230 2912 1373 2945 d’Arles
1400 2925 1445 2945 en
1471 2914 1575 2947 1233.
1607 2914 1636 2947 Il
1661 2926 1706 2947 ne
1732 2918 1824 2958 peut
1850 2913 1946 2947 donc

241 2963 353 3006 s'agir
377 2963 422 2995 ici
450 2964 493 2996 de
520 2964 581 2997 lui.
612 2963 710 2997 C’est
735 2964 832 2997 Jean
859 2965 902 2997 dc
931 2964 1113 3005 Cardona,
1142 2965 1331 3009 augustin,
1360 2965 1423 3010 qui
1450 2966 1510 3000 fut
1535 2968 1686 3001 nomme
1713 2967 1946 3010 archeveque

244 3017 273 3048 1ο
292 3018 311 3049 3
331 3017 482 3050 octobre
500 3017 589 3050 1341
615 3017 1016 3059 (Albanes-Chevalior‚
1041 3018 1163 3051 Gallia
1192 3019 1393 3052 christiana
1409 3020 1619 3060 novissima,
1638 3020 1755 3060 Arles,
1775 3020 1841 3053 col.
1862 3020 1948 3053 657-

245 3069 325 3111 658)
353 3075 391 3101 et
414 3069 477 3112 qui
501 3069 595 3102 etait
618 3081 738 3103 neveu
763 3071 807 3103 dc
831 3070 966 3104 Benoit
990 3071 1080 3110 XII,
1107 3071 1253 3115 d’apres
1277 3072 1327 3105 165
1351 3072 1523 3116 registres
1549 3074 1598 3106 du
1622 3073 1785 3107 Vatican
1811 3072 1945 3117 (Vidal,

244 3133 278 3155 n.
305 3121 396 3164 198).
421 3122 449 3154 Il
470 3129 623 3155 mourut
643 3129 760 3156 avant
779 3123 810 3156 16
831 3124 875 3156 14
895 3125 987 3157 aofit
1006 3125 1098 3158 1347
1123 3124 1310 3167 (Albanos,
1334 3131 1370 3158 ut
1388 3137 1428 3166 8.,
1451 3127 1517 3160 col.
1541 3126 1636 3169 664).
