2083 3458
41 214 165 270 [750]
570 230 785 255 PAPARUM
823 228 1207 255 AVENIONENSIUM
1652 213 1730 254 251

26 314 159 353 cidem
195 313 363 352 civitate
397 313 556 362 Boyani
592 321 633 352 et
668 313 790 352 casali
825 313 1052 351 Tubarolae
1087 312 1126 350 in
1172 312 1377 351 territorio
1413 312 1685 351 Aversanensi
1707 312 1732 349 ¹.

81 372 201 410 Anno
226 372 528 420 MCCCXVIII,
555 372 700 410 Petrus
726 372 913 410 Textoris
938 372 1072 410 factus
1106 380 1168 410 est
1195 372 1323 409 abbas
1348 371 1515 421 insignis
1541 371 1731 409 ecclesiae

30 432 66 471 S.
96 431 307 470 Saturnini
332 431 515 477 Tolosae,
543 438 585 469 et
609 430 650 468 id
679 430 844 480 quidem
871 439 966 470 ante
986 444 1165 469 mensem
1191 430 1359 480 julium3
1386 438 1432 467 ut
1459 438 1577 480 patet
1603 444 1652 468 ex
1672 430 1733 467 his

26 504 133 541 quae
156 503 292 541 supra,
315 504 353 540 p.
379 489 467 537 698,
490 489 620 528 relata
643 498 740 527 sunt
762 504 812 527 ex
834 504 1023 540 processu
1046 489 1183 528 fratris
1205 489 1402 528 Bernardi
1428 488 1626 527 Delitiosi.

83 549 170 597 Qua
195 556 444 599 tempestate
469 562 562 586 cum
586 547 755 598 quidam
780 549 998 587 canonicus
1024 548 1362 598 Wissegradensis
1399 549 1602 586 Joannem
1631 548 1732 598 epis-

26 622 178 658 copum
208 608 453 657 pragensem
482 615 715 646 accusasset
746 607 794 646 de
823 607 1102 646 inobedientia
1133 607 1317 646 exhibita
1338 607 1431 645 Sedi
1470 606 1733 657 apostolicae,

26 667 78 706 de
104 667 405 706 haereticorum
433 666 667 704 defensione
696 674 736 704 et
765 666 813 705 de
842 666 1064 705 simoniaca
1092 666 1313 717 pravitate,
1342 666 1489 715 illeque
1516 673 1732 716 propterea

26 726 296 776 personaliter
327 726 377 763 ad
411 725 566 764 curiam
598 725 749 764 citatus
783 725 938 773 fuisset,
972 726 1086 763 datus
1117 733 1172 763 est
1203 724 1290 762 istis
1321 725 1506 763 dominus
1536 724 1660 763 abbas
1692 724 1735 762 de

27 784 69 825 S.
93 784 312 823 Saturnino
332 799 403 834 pro
421 784 565 834 judice,
587 783 724 833 inquit
744 792 888 822 auctor
909 783 1126 833 Clzronicae
1146 784 1261 822 aulae
1282 784 1424 833 regiae,
1445 798 1484 834 p.
1507 783 1595 823 398.

80 843 200 882 Anno
223 843 508 892 MCCCXXII,
532 851 700 893 rogatus
724 843 973 881 sententiam
997 857 1019 881 a
1044 844 1203 881 Joanne
1229 843 1371 890 XXII,
1397 842 1559 892 scripsit
1581 850 1733 880 tracta—

27 910 118 940 tum
137 902 151 925 '2
176 911 318 941 contra
343 916 496 940 novam
522 901 888 941 Franciscanorum
913 902 1147 952 opinionem
1172 902 1220 940 de
1242 909 1487 952 paupertate
1519 900 1669 940 Christi
1694 897 1740 940 et'

27 962 328 1012 apostolorum3
355 961 552 1000 Odoricus
580 960 799 1011 Raynald.‚
826 975 889 999 an.
918 960 1032 1009 1322,
1065 961 1080 1010 ἓ
1106 961 1167 1000 59.

81 1020 200 1059 Anno
222 1020 530 1068 MCCCXXIII‚
553 1019 775 1070 imperavit
796 1034 846 1058 ex
867 1028 984 1070 parte
1006 1034 1137 1070 papae
1161 1019 1332 1058 Joannis
1357 1019 1485 1057 XXII
1509 1018 1672 1058 decanis
1694 1026 1735 1057 et

27 1079 218 1130 capitulis
235 1079 509 1118 Ecclesiarum
524 1079 573 1118 de
588 1079 913 1117 Vinhandrando
929 1087 970 1117 et
989 1079 1037 1117 de
1053 1079 1200 1117 Usesta
1216 1079 1276 1116 uti
1294 1078 1417 1129 priori
1433 1078 1481 1117 de
1497 1078 1680 1127 Coquina
1696 1085 1735 1116 et

27 1139 238 1178 monachis
251 1138 502 1188 Moyssiacen
510 1138 620 1177 sibus
633 1138 803 1176 Tolosae
815 1137 1078 1176 studentibus
1091 1138 1371 1187 persolverent
1382 1137 1620 1187 pensionem
1631 1136 1736 1174 anti-

29 1211 154 1247 quam
178 1198 417 1248 octuaginta
445 1197 643 1236 librarum
667 1197 952 1235 turonensium
977 1211 1102 1246 quam
1133 1196 1339 1247 percipere
1363 1203 1663 1234 consueverant
1687 1210 1736 1233 ex

27 1256 213 1306 prioratu
239 1257 413 1295 Sanctae
438 1257 644 1296 Gavellae.
665 1256 825 1293 Extant
849 1270 918 1294 eae
944 1255 1054 1294 Petri
1078 1255 1220 1294 literae
1239 1255 1277 1292 in
1305 1255 1441 1293 codice
1466 1252 1570 1292 2835
1592 1253 1735 1291 biblio-

28 1316 171 1354 thecae
198 1315 455 1355 Colbertinae
474 1315 501 1354 ³.
1507 1363 1510 1366 Δ

83 1375 125 1413 Ρ.
153 1375 240 1423 163,
265 1375 332 1425 lig.
358 1374 420 1414 22.
454 1375 733 1413 RA1MUNDUM
770 1374 917 1420 Romu,
953 1387 1074 1424 quem
1107 1374 1211 1411 male
1237 1372 1473 1423 Onuphrius
1511 1370 1735 1410 Panvinius

29 1442 70 1472 et
99 1434 167 1472 alii
196 1442 291 1484 post
320 1448 414 1473 eum
443 1441 596 1472 vocant
629 1432 879 1472 Rainerium.
908 1433 971 1470 Ex
1000 1432 1203 1470 memoriis
1234 1445 1396 1470 mecum
1425 1430 1737 1469 communicatis

28 1505 52 1531 a
72 1493 158 1531 viro
180 1493 432 1532 nobilissimo
453 1493 574 1532 Petro
597 1493 752 1542 Pugeto
774 1506 796 1531 a
819 1491 968 1530 Sancto
990 1491 1148 1529 Albano
1170 1498 1334 1540 gentem
1356 1490 1573 1528 Russ'orum
1588 1489 1737 1527 Cadur-

29 1552 211 1590 censium
230 1552 351 1591 fuisse
370 1567 420 1591 ex
437 1551 609 1601 antiqua
628 1551 845 1590 nobilitate
864 1559 904 1589 et
922 1565 973 1589 ex
990 1564 1049 1598 ea,
1068 1558 1230 1600 praeter
1249 1558 1403 1588 ceteros
1422 1550 1529 1587 viros
1546 1548 1737 1595 illustres,

29 1611 225 1661 prodiisse
267 1611 393 1650 etiam
435 1611 813 1657 Bartholomaeum‚
851 1610 920 1659 qui
957 1609 1223 1647 Cadurcensis
1267 1609 1481 1658 episcopus
1517 1607 1596 1646 fuit
1631 1620 1737 1644 anno

32 1669 171 1708 MCCL
192 1684 320 1720 usque
342 1671 394 1708 ad
416 1684 572 1708 annum
594 1669 891 1708 MCCLXXIII
917 1682 996 1718 quo
1018 1668 1219 1706 interiisse
1241 1682 1335 1706 eum
1357 1667 1476 1705 docet
1499 1666 1738 1704 Guillclmus

31 1728 218 1769 Cruceus.
244 1729 308 1767 Ex
329 1743 374 1768 ea
398 1737 517 1779 gente
539 1737 682 1779 postea
705 1728 868 1766 Joanna
893 1727 1000 1765 Ruffi
1022 1727 1164 1777 nupsit
1187 1727 1308 1766 Petro
1333 1727 1501 1776 Pugeto,
1525 1733 1738 1775 patruum-

32 1802 109 1838 que
138 1788 284 1827 habuit
307 1788 539 1826 Gilbertum
567 1787 675 1825 Ruffi
704 1786 981 1825 consiliarium
1008 1786 1165 1836 regium
1187 1785 1228 1823 in
1255 1785 1514 1835 parlamento
1536 1784 1737 1822 Tolosano

31 1847 82 1885 ab
108 1861 216 1885 anno
241 1846 551 1885 MCCCCXLIV
575 1860 704 1896 usque
730 1846 780 1884 ad
815 1859 971 1884 annum
996 1844 1281 1892 MCCCCLXI,
1309 1858 1389 1894 quo
1421 1843 1567 1881 nobilis
1594 1843 1738 1880 Petrus

30 1906 80 1945 de
113 1906 269 1956 Pugeto
302 1906 472 1944 maritus
507 1905 693 1944 Joannae
725 1919 818 1943 eum
850 1904 1068 1943 constituit
1099 1911 1361 1943 executorem
1391 1903 1451 1941 sui
1484 1900 1737 1941 testamenti.

88 1965 210 2003 Istius
239 1964 456 2004 cardinalis
484 1978 617 2015 pauca
645 1963 872 2001 admodum
900 1977 970 2002 seu
998 1962 1135 2013 potius
1165 1963 1275 2000 nulla
1305 1969 1573 2000 monumenta
1602 1974 1738 2010 super-

30 2032 141 2063 sunt.
174 2023 410 2074 Onuphrius
443 2022 667 2062 Panvinius
698 2030 739 2062 et
769 2021 836 2061 alii
867 2030 961 2072 post
990 2036 1084 2060 eum
1115 2021 1232 2059 aiunt
1261 2021 1376 2058 illum
1408 2020 1578 2058 Joannis
1611 2018 1738 2056 XXII

33 2090 225 2133 nepotem
253 2083 389 2122 fuisse.
419 2082 497 2121 Sed
525 2081 729 2120 Antonius
754 2081 970 2130 Auberyus
994 2080 1206 2119 existimat
1233 2080 1292 2118 ita
1323 2094 1389 2118 eos
1419 2093 1469 2117 ex
1503 2078 1737 2128 conjectura

35 2141 169 2192 potius
186 2142 391 2192 scripsisse
408 2155 533 2191 quam
549 2155 599 2180 ex
614 2155 723 2189 vero,
741 2140 836 2190 quia
852 2140 1050 2178 videbant
1068 2153 1162 2178 eum
1177 2153 1226 2177 ex
1241 2139 1385 2177 eodem
1400 2139 1486 2175 loco
1504 2145 1640 2175 ortum
1656 2150 1739 2174 esse

33 2215 85 2239 ex
109 2214 190 2250 quo
215 2208 378 2238 constat
404 2208 541 2238 ortum
565 2214 650 2238 esse
674 2200 783 2237 hunc
807 2213 971 2249 papam.
1000 2199 1085 2248 Ego
1111 2212 1207 2236 sane
1231 2197 1312 2236 scio
1338 2196 1597 2247 Onuphrium
1622 2208 1739 2244 saepe

34 2273 187 2298 errasse
213 2259 254 2296 in
282 2273 401 2309 opere
440 2273 512 2297 suo
537 2260 596 2296 De
621 2257 891 2308 Pontificibus
917 2256 1095 2295 romanis
1120 2264 1154 2293 et
1179 2254 1478 2294 Cardincclibm.
1509 2255 1562 2291 Et
1599 2261 1738 2291 tamen

36 2332 118 2356 non
140 2318 255 2357 facile
277 2318 329 2356 ab
350 2318 437 2368 ejus
460 2317 721 2368 opinionibus
744 2317 909 2355 discedo
930 2317 1095 2366 quando
1117 2315 1215 2353 mihi
1238 2314 1473 2353 testimonia
1491 2327 1572 2350 non
1593 2326 1739 2362 suppe-

37 2384 134 2415 tunt
158 2377 353 2415 adversus
379 2391 424 2415 ea
451 2390 555 2426 quae
580 2376 632 2414 ab
656 2376 724 2414 illo
750 2376 985 2414 traduntur.
1015 2376 1120 2412 Puto
1146 2374 1253 2413 enim
1280 2373 1415 2412 deberi
1440 2384 1633 2420 magnam
1655 2370 1740 2407 viro

86 2508 117 2541 1.
135 2507 293 2540 Arnaud
310 2508 354 2540 de
372 2507 485 2540 Trian
502 2506 597 2540 ⁴etait
613 2518 734 2539 neveu
753 2507 797 2539 de
814 2506 912 2539 Jean
930 2505 1060 2544 XXII,
1080 2516 1142 2537 car
1158 2504 1182 2536 il
1199 2503 1304 2536 avait
1321 2514 1415 2546 pour
1432 2504 1530 2534 mere
1550 2500 1743 2543 Huguctte

38 2561 170 2600 1311656,
187 2572 288 2593 soeur
302 2561 352 2593 du
366 2571 474 2604 pape.
493 2560 523 2592 Il
538 2559 597 2592 fut
611 2561 761 2592 1101111116
776 2565 923 2592 recteur
938 2559 988 2591 du
1004 2558 1158 2591 Comtat
1172 2555 1369 2589 Venaissin
1385 2556 1415 2587 le
1432 2555 1475 2587 26
1490 2553 1626 2587 sevrier
1651 2553 1741 2585 1317

39 2613 206 2657 (Coulon‚
229 2625 264 2647 n.
288 2613 384 2657 129).
408 2613 455 2646 Μ.
478 2613 572 2646 Albe
594 2624 616 2645 a
636 2613 759 2646 donne
780 2623 853 2645 une
874 2611 1038 2655 esquisse
1060 2611 1104 2643 de
1125 2621 1165 2642 sa
1186 2607 1404 2652 biographie
1426 2608 1518 2640 dans
1539 2606 1684 2638 Αιιιοιιν
1704 2606 1744 2637 de

35 2662 282 2700 Jean'XXJJ
307 2668 346 2709 (t.
368 2678 392 2706 1,
416 2677 450 2710 p.
476 2665 613 2710 73-77).
637 2665 727 2698 voir
747 2676 880 2698 encore
903 2657 1045 2697 Coulim
1081 2662 1127 2705 (n.
1152 2663 1232 2701 134,
1258 2663 1338 2701 135,
1363 2661 1443 2699 537,
1467 2660 1560 2692 1016
1584 2659 1630 2691 οὺ
1657 2663 1741 2691 sont

36 2720 148 2753 citees
172 2719 335 2752 diverses
358 2719 509 2752 faveurs
532 2719 728 2751 accordees
752 2730 820 2761 par
841 2718 876 2752 le.
896 2717 950 2750 roi
974 2717 1018 2749 de
1043 2715 1216 2758 France);
1241 2713 1406 2752 Schafen
1432 2712 1584 2745 Johann
1604 2710 1742 2750 XXII,

37 2784 72 2816 p.
96 2773 182 2813 8783
207 2772 340 2812 Gener,
364 2772 516 2805 Johann
535 2771 674 2811 XXII,
698 2783 732 2815 p.
758 2772 818 2810 21;
842 2770 890 2804 Η.
913 2770 968 2809 L„
992 2775 1018 2802 t.
1051 2779 1174 2807 XXXV,
1199 2779 1233 2810 p.
1266 2767 1346 2800 164.
1368 2785 1417 2789 —
1439 2766 1468 2798 Il
1490 2765 1679 2807 echangea
1699 2774 1744 2796 en

38 2826 132 2859 1326
157 2826 207 2859 les
235 2832 350 2858 terres
378 2825 421 2858 de
449 2824 556 2858 Sicile
584 2836 655 2868 que
681 2825 713 2857 le
740 2824 794 2857 roi
823 2823 967 2856 Robert
991 2822 1043 2854 lui
1071 2821 1177 2854 avait
1203 2821 1366 2852 donnees
1403 2829 1493 2851 avec
1518 2818 1555 2850 la
1581 2816 1744 2850 vicomte

40 2879 84 2911 de
106 2878 260 2917 Talard3
283 2878 330 2911 M.
355 2878 399 2911 de
421 2877 599 2917 Boissieu,
623 2888 672 2909 au
695 2877 817 2909 Τναίίέ
837 2877 878 2909 de
899 2875 1038 2917 l’usage
1058 2874 1098 2907 de
1120 2873 1210 2916 fies&
1234 2884 1268 2916 p.
1293 2873 1361 2905 256
1394 2870 1580 2915 [BaluzeJ.

90 2932 121 2965 2.
146 2931 213 2965 Ed.
238 2931 276 2964 F.
299 2932 431 2970 Tocco,
453 2930 508 2963 La
527 2930 707 2973 quistione
727 2930 817 2962 della
837 2929 991 2970 povertd,
1023 2938 1057 2970 p.
1080 2926 1249 2959 109-114.
1271 2943 1319 2948 —
1338 2924 1388 2957 Le
1418 2923 1584 2957 cardinal
1605 2922 1749 2955 Tessier

41 2984 190 3028 redigea
211 2984 310 3017 aussi
331 2995 383 3016 un
403 2983 580 3016 memoire
602 2994 665 3015 sur
685 2983 720 3015 la
741 2981 908 3015 croisade
930 2992 977 3013 611
997 2980 1089 3013 1323
1116 2978 1282 3022 (Coulon‚
1307 2989 1341 3010 n.
1365 2976 1486 3020 1696).

90 3038 123 3071 3.
147 3037 188 3070 Β.
215 3037 271 3077 N.,
296 3048 362 3070 ms.
386 3036 482 3069 latin
503 3035 596 3068 4991
618 3035 661 3074 A,
686 3035 709 3068 f.
735 3035 779 3068 89
802 3035 835 3067 r⁰
860 3034 918 3077 (14
939 3032 1087 3077 janvier
1109 3031 1230 3074 1323).
