2083 3458
136 207 278 263 [1201]
657 224 873 249 PAPARUM
909 223 1291 249 AVENIONENSIUM
1742 211 1823 253 719
1880 203 1883 207 .

179 306 236 344 De
257 306 343 356 ejus
365 307 618 357 depositione
635 307 832 357 quiddam
854 307 971 345 valde
992 307 1222 345 notandum
1238 308 1361 345 refert
1380 307 1570 357 Aegidius
1587 309 1827 357 Bellamera,

125 365 218 403 dist.
248 365 321 413 XI,
348 380 434 416 cap.
462 381 515 403 vu
543 382 549 402 ε
578 366 622 403 Si
645 382 758 416 sapa.
788 367 897 404 Haec
922 375 1019 404 sunt
1043 366 1128 415 ejus
1156 367 1279 404 verba
1303 383 1310 403 :
1338 367 1414 404 Sesl
1438 367 1631 417 numquid
1654 369 1828 406 electores

125 424 351 473 hujusmodi
383 425 655 474 imperatorem
684 426 740 462 vel
768 440 894 474 regem
923 426 1192 462 Romanorum
1221 426 1271 463 ab
1300 426 1355 462 eis
1385 426 1555 474 legitime
1586 427 1628 464 in
1659 427 1826 477 impera-

125 491 242 520 torem
265 485 423 521 electum
446 493 611 533 possunt
635 485 836 534 deponere,
860 484 896 521 si
921 485 1149 533 pretendant
1172 499 1260 522 eum
1285 485 1542 533 negligentem
1567 487 1623 523 vel
1648 486 1828 524 inutilem

123 550 192 580 aut
211 543 347 591 forsan
369 543 651 580 criminoszmzfl
672 544 721 581 Et
744 544 826 580 isleo
842 544 968 580 dehoc
990 558 1103 592 quero
1125 544 1219 593 quia
1240 543 1301 580 liis
1320 544 1457 581 (liebus
1478 545 1651 582 electores
1669 545 1828 595 imperii

127 615 253 650 regem
271 602 540 640 Romanorum
558 611 591 640 et
609 603 793 640 Bolzemie
811 603 861 640 ab
879 602 935 639 eis
953 602 1105 651 pridem
1126 602 1168 639 in
1188 602 1459 652 imperatorem
1477 605 1635 641 electum
1653 619 1828 655 peremp-

125 660 219 697 torie
237 661 289 698 acl
306 670 447 698 certum
469 662 594 698 locum
614 662 727 699 citari
746 662 918 710 fecerunt
937 670 977 698 ut
996 670 1096 698 certa
1116 661 1176 698 die
1196 676 1323 699 coram
1343 663 1398 699 eis
1418 672 1652 712 compareret
1672 664 1829 701 visurus

123 727 157 757 et
172 720 383 757 auditurus
399 735 423 757 a
438 735 556 769 regno
572 729 605 758 et
622 721 787 770 imperio
804 721 1073 758 Romanorum
1089 734 1157 769 per
1172 735 1234 757 eos
1249 735 1288 757 se
1305 722 1460 771 (leponi.
1479 722 1529 759 Et
1545 723 1830 772 requisiverunt

123 793 249 827 regem
271 779 441 817 Francie
463 780 564 829 quod
586 780 628 816 in
650 780 718 817 hoc
738 780 794 817 eis
816 780 1022 817 adhereret.
1047 779 1160 828 Quod
1191 794 1256 817 reas
1286 780 1455 817 Francie
1478 782 1615 819 eluctus
1645 782 1830 831 prudenti

124 838 288 875 consilio
334 839 459 887 facere
496 839 710 887 denegavit.
762 839 862 876 Vide
898 838 1118 876 Odoricum
1155 839 1432 887 Raynaldum,
1470 854 1534 878 an.
1576 840 1688 887 1400,
1730 842 1746 889 ἓ
1782 842 1829 879 12

123 911 199 946 sq.,
235 897 303 947 qui
338 898 586 937 sententiam
621 913 782 948 quoque
818 897 1083 947 depositionis
1118 898 1344 936 VVenceslai
1387 899 1599 949 descripsit
1633 915 1682 938 ex
1716 909 1830 938 tomo

124 957 302 994 secundo
349 957 641 994 Historicorum
693 957 927 995 Germaniae
974 957 1237 995 collectorum
1280 971 1302 995 3
1363 958 1593 996 Christiano
1642 960 1829 1007 Urstisio,

124 1030 162 1065 p.
190 1015 276 1053 180.

180 1075 670 1124 P.428,lig.16.Tn1zs
701 1090 817 1113 ANNI.
852 1075 967 1113 Istud
996 1089 1079 1112 non
1107 1084 1168 1113 est
1196 1090 1352 1114 verum.
1384 1052 1541 1126 Quippe
1571 1077 1721 1115 electus
1753 1078 1831 1116 fuit

125 1147 233 1171 anno
263 1134 364 1172 MCC
370 1122 595 1181 CLXXVI,
625 1135 688 1172 die
730 1134 886 1173 decima
914 1134 1030 1183 junii.
1073 1134 1136 1171 Ab
1165 1149 1211 1172 eo
1240 1150 1360 1184 porro
1397 1144 1580 1186 tempore
1609 1151 1737 1186 usque
1779 1137 1831 1174 ad

128 1193 250 1230 finem
275 1193 371 1231 anni
396 1194 692 1232 MCCCLXXX'
701 1194 738 1231 ΙΙ
764 1202 860 1231 sunt
884 1202 1050 1231 tantum
1076 1207 1233 1231 menses
1259 1209 1374 1232 xvm.

180 1252 222 1290 P:
244 1248 333 1299 428,
348 1252 414 1302 lig.
432 1252 493 1291 24.
512 1253 648 1290 VENIT
664 1253 913 1290 ANAGNIAM.
933 1253 1031 1301 Ejus
1052 1252 1129 1291 iter
1149 1253 1409 1302 Anagninum
1424 1253 1437 1276 ¹
1455 1254 1669 1304 descripsit
1686 1255 1830 1293 Petrus

126 1311 285 1358 Amelii‚
315 1312 527 1362 episcopus
559 1312 881 1362 SenogalliensiS.
914 1312 1096 1350 Recessit
1125 1320 1264 1351 autem
1285 1313 1499 1361 Gregorius
1529 1313 1576 1351 de
1609 1314 1739 1351 Roma
1768 1314 1831 1352 die

125 1370 289 1408 sabbati
317 1371 524 1421 trigesima
554 1372 664 1418 maii,
694 1380 735 1410 et
765 1371 995 1421 Anagniam
1024 1372 1213 1421 pervenit
1243 1371 1305 1409 die
1335 1372 1477 1410 martis
1507 1373 1684 1410 secunda
1713 1373 1832 1422 junii,

124 1437 171 1467 ut
200 1429 258 1468 ait
285 1430 537 1468 Bertrandus
567 1431 789 1479 Boyssetus
809 1430 836 1468 ².

180 1489 222 1527 P.
246 1489 334 1536 429,
355 1490 421 1539 lig.
444 1491 480 1528 4.
504 1491 671 1528 CRUCIS.
695 1491 748 1527 Le
770 1504 843 1528 ms.
868 1489 1101 1527 Sessoriano
1119 1489 1171 1527 20
1193 1489 1377 1528 contient
1398 1490 1452 1528 les
1485 1490 1616 1529 offices
1638 1491 1831 1529 refondus

126 1547 174 1586 de
204 1563 265 1587 ces
294 1549 395 1587 fetes
427 1549 498 1597 (Cl.
530 1549 694 1596 Cochin,
730 1549 794 1587 Un
823 1549 1040 1587 manuscrit
1067 1549 1111 1586 cle
1139 1549 1726 1587 Sainte-Croix-de-Jerusalem
1754 1565 1834 1588 aux
1856 1568 1863 1573 ¹

125 1621 251 1644 armes
280 1608 324 1645 de
359 1608 540 1656 Gregoire
569 1609 649 1652 XI.
666 1609 766 1646 dans
797 1608 1005 1657 llffelanges
1035 1608 1314 1657 d’archeologie
1332 1617 1365 1646 et
1394 1609 1606 1656 d’histoire,
1636 1618 1667 1647 t.
1700 1624 1833 1647 xxvm

127 1665 277 1715 (1908),
295 1682 334 1717 p.
354 1667 558 1713 363-372).

178 1726 222 1764 Ρ.
249 1726 338 1773 429,
364 1727 430 1776 lig.
459 1727 519 1766 11.
548 1727 817 1764 NovEMBms.
847 1727 899 1764 Le
927 1727 947 1764 7
976 1726 1152 1775 (Archiv,
1178 1735 1208 1764 t.
1237 1741 1304 1773 vu,
1331 1742 1370 1777 p.
1397 1727 1503 1776 330).

179 1785 222 1823 P.
248 1785 337 1832 429,
362 1786 427 1835 lig.
456 1786 515 1824 12.
544 1787 691 1823 PAULO
717 1800 831 1824 POST.
859 1786 911 1824 Le
937 1786 986 1824 30
1011 1786 1177 1824 octobre
1205 1786 1317 1824 1377.

179 1844 222 1882 P.
253 1844 342 1891 249,
372 1845 437 1895 lig.
469 1845 529 1883 24.
562 1846 754 1892 LUCANA..
787 1845 842 1882 La
872 1845 969 1895 paix
997 1859 1096 1883 avec
1126 1845 1317 1884 Florence
1347 1845 1411 1883 fut
1440 1845 1573 1895 signee
1604 1847 1625 1883 3
1656 1846 1833 1883 Sarzana

128 1903 332 1952 (Archivio
354 1904 495 1942 storico
520 1904 700 1951 italiano,
725 1913 755 1942 t.
782 1903 825 1941 v2
851 1904 1001 1952 (1867),
1025 1919 1064 1954 p.
1092 1904 1293 1952 118-128).
1746 1939 1751 1943 .

180 1963 222 2000 Ρ.
255 1963 344 2010 429,
375 1963 441 2013 lig.
475 1963 536 2002 29.
571 1964 649 2002 UBI
683 1978 778 2001 FuiT
811 1978 1041 2001 RECEPTUS.
1079 1964 1124 2000 In
1156 1963 1410 2013 depositione
1443 1963 1597 2002 Marchi
1630 1964 1833 2001 Fernandi

126 2021 289 2060 abbatis
317 2022 366 2061 de
390 2023 429 2060 la
456 2023 595 2060 Vanza
622 2022 664 2060 in
691 2022 869 2061 Ecclesia
897 2022 1189 2069 palentinensi,
1216 2022 1294 2060 ista
1320 2023 1543 2072 leguntur³
1568 2038 1576 2060 2
1604 2023 1670 2060 Ad
1694 2023 1834 2060 duode-

126 2080 269 2118 cimam
292 2081 392 2119 clioeit
412 2096 452 2119 se
475 2082 622 2119 credere
645 2082 746 2132 quod
767 2082 893 2119 dictus
916 2082 1107 2131 prefectus
1130 2089 1210 2119 erat
1232 2081 1385 2119 amicus
1408 2081 1632 2131 aliquorum
1652 2081 1834 2119 cardina·

127 2139 240 2187 lium,
266 2140 490 2190 specialiter
514 2141 734 2178 cardinalis
758 2140 1062 2187 Ambianensis,
1088 2155 1159 2190 pro
1183 2155 1225 2177 eo
1250 2141 1351 2190 quod
1374 2140 1529 2178 audivit
1553 2142 1654 2190 quod
1678 2141 1833 2190 quando

127 2199 346 2237 cardinalis
365 2200 654 2238 Ambianensis
682 2200 868 2238 transivit
894 2214 963 2249 per
997 2200 1231 2246 Viterbium,
1252 2199 1344 2248 fecit
1369 2199 1449 2236 sibi
1475 2214 1664 2248 magnum
1690 2200 1834 2248 festum

127 2258 333 2308 prejectus

182 2317 225 2355 P.
245 2317 335 2365 429,
353 2317 419 2367 lig.
439 2318 501 2356 31.
522 2318 968 2356 GRAVI1N11.RMITATE
988 2318 1166 2355 Thomas
1186 2317 1233 2355 de
1252 2316 1832 2367 Amanatis,arehiepiscopus

130 2376 442 2426 Neapolitanus,
458 2377 499 2414 in
523 2376 778 2426 depositione
802 2376 936 2414 sua⁴¹z
960 2377 1057 2414 Item
1079 2384 1225 2414 certum
1246 2384 1281 2413 et
1303 2390 1435 2413 verum
1457 2384 1511 2413 est
1533 2377 1635 2425 quod
1656 2376 1834 2425 prefatus

127 2435 314 2472 dominus
344 2435 388 2474 G.
414 2451 524 2486 papa
547 2436 615 2473 XI
639 2437 683 2473 de
706 2450 813 2473 anno
834 2435 1001 2473 Domini
1027 2435 1198 2485 predicto
1224 2434 1433 2472 millesimo
1457 2434 1721 2472 trecentesimo
1744 2449 1829 2484 sep-

128 2494 347 2543 tuagesimo
369 2503 512 2542 octavo,
535 2495 596 2533 clie
617 2494 756 2544 quinta
778 2494 924 2532 mensis
944 2494 1134 2543 febroarii
1156 2494 1214 2530 vel
1232 2494 1350 2541 circa,
1372 2493 1473 2543 cepit
1494 2493 1695 2543 infirmari
1718 2493 1831 2543 infir-

130 2553 262 2590 mitate
291 2568 368 2603 qua
395 2562 529 2603 postea
558 2562 734 2591 mortuus
763 2561 830 2591 est.

185 2613 228 2650 P.
247 2612 337 2659 430,
352 2612 418 2662 lig.
434 2612 468 2650 1.
487 2613 534 2649 IN
552 2627 658 2650 PACE
679 2627 864 2659 QUIEVIT,
882 2626 961 2649 non
977 2611 1064 2649 sine
1085 2612 1276 2649 Italorum
1293 2610 1492 2661 lacrymis,
1508 2619 1555 2648 ut
1572 2610 1613 2648 in
1631 2611 1832 2648 Athenaeo

131 2671 324 2718 Romane,
346 2686 385 2721 p.
409 2671 497 2718 559,
514 2671 572 2709 ait
595 2671 848 2720 Augustinus
873 2670 1085 2708 Oldoinus.
1103 2670 1181 2708 Sed
1202 2670 1315 2707 istud
1336 2670 1486 2707 falsum
1507 2678 1581 2708 est.
1607 2669 1701 2707 Itali
1722 2669 1831 2708 enim

181 2824 212 2856 1.
245 2823 283 2856 F.
307 2824 517 2862 Duchesne,
540 2823 704 2856 Histoire
724 2824 764 2856 de
783 2829 861 2857 tous
881 2823 930 2856 les
949 2824 1154 2856 cardinaux
1171 2822 1345 2865 franceis,
1368 2828 1394 2855 t.
1415 2835 1452 2862 11,
1475 2834 1508 2866 p.
1531 2823 1703 2856 446-449.

182 2878 212 2909 2.
232 2877 379 2916 Archiv,
400 2883 426 2909 t.
447 2889 509 2915 vn,
530 2888 564 2919 p.
584 2877 664 2909 330.
684 2896 732 2898 —
748 2876 819 2909 Sur
837 2877 867 2909 le
887 2876 1005 2919 palais
1025 2887 1096 2919 que
1116 2874 1290 2918 Gregoire
1311 2876 1367 2908 XI
1381 2876 1513 2908 habita
1533 2877 1553 2908 3
1568 2876 1729 2919 Anagni,
1750 2876 1833 2909 voir

133 2929 174 2963 G.
196 2928 564 2972 Marchetti-Longhi
588 2929 637 2972 (Il
654 2929 801 2972 palazzo
820 2930 857 2962 di
875 2929 1071 2971 Bonisacio
1095 2929 1199 2961 VIII
1217 2940 1239 2961 a
1256 2928 1422 2971 Anagni,
1441 2929 1534 2962 dans
1550 2929 1724 2962 Archivio
1740 2930 1833 2962 della

131 2984 263 3016 societa
284 2983 453 3015 Romana
475 2983 511 3015 di
533 2982 646 3014 storia
667 2983 800 3025 patria,
826 2988 851 3015 t.
877 2994 968 3014 xmn
996 2981 1130 3025 (1920),
1155 2993 1189 3025 p.
1214 2982 1401 3024 379-410).

180 3036 212 3069 3.
243 3036 283 3068 Β.
313 3035 371 3075 Ν.,
396 3047 463 3068 ms.
489 3035 585 3067 latin
608 3034 737 3074 11745,
763 3035 825 3067 fol.
852 3035 921 3068 156
945 3039 988 3068 r0.

180 3088 212 3121 4.
244 3088 310 3122 Ms.
337 3089 420 3128 cite,
446 3088 508 3121 fol.
534 3088 579 3119 44
604 3092 654 3120 v0.
