2083 3458
84 170 208 225 [676]
611 187 827 212 PAPARUM
865 186 1251 212 AVENIONENSIUM
1692 170 1773 212 163

72 268 250 318 corporis
279 268 411 305 sancti
441 268 638 306 Ludovici
667 269 845 319 episcopi
870 269 1060 307 Tolosani
1081 269 1122 307 in
1145 270 1323 308 Ecclesia
1342 269 1579 307 Massiliensi
1597 271 1771 309 fratrum

74 326 296 371 Minor11m3
317 326 550 376 Wadding.‚
571 341 634 364 an.
659 327 771 374 1319,
799 329 815 375 ξ
835 328 856 365 2
880 328 923 377 [t.
947 343 998 375 vi,
1019 343 1057 378 p.
1079 328 1184 379 334}
1777 355 1779 357 ·

124 385 244 423 Anno
278 385 538 433 MCCCXXI,
569 400 593 422 v
620 385 711 424 idus
742 387 821 438 [11]
843 387 946 436 julii,
974 387 1163 425 interfuit
1203 387 1449 425 ordinationi
1485 388 1638 436 negotii
1667 387 1772 425 vicc-

73 443 232 482 comitis
263 444 521 491 Leomaniae,
552 444 621 481 ubi
660 453 833 483 vocatur
870 446 1083 496 episcopus
1121 446 1363 484 Albanensis
1392 460 1438 483 ex
1475 454 1618 494 regesto
1650 447 1771 483 ιΙοαη-

75 502 139 540 nis
161 502 302 540 XXII
326 503 369 540 in
397 502 626 540 bibliotheca
650 503 912 543 Colbertincw.

125 561 244 599 Anno
274 561 558 609 MCCCXXII,
590 571 795 600 commota
827 563 952 612 gravi,
983 564 1043 600 uti
1076 571 1162 600 tum
1193 563 1424 610 videbatur,
1456 563 1694 613 quaestione
1725 564 1774 601 de

72 628 317 670 paupertate
346 620 494 658 Christi
521 628 562 658 et
598 622 891 670 apostolorum,
918 622 1052 671 jussus
1090 636 1112 659 a
1141 623 1299 660 Joanne
1328 637 1434 672 papa
1465 622 1591 660 XXII
1620 622 1772 672 scripto

72 693 256 729 promere
289 679 538 717 sententiam
570 693 700 727 suam,
734 694 824 718 eam
858 681 970 718 dedit
1003 695 1128 730 quam
1159 695 1210 719 ex
1242 681 1378 719 codice
1412 681 1613 719 Vaticano
1645 681 1775 719 edidit

73 737 270 776 Odoricus
296 738 550 787 Raynaldus,
575 752 640 777 an.
667 738 779 785 1322,
810 739 826 787 ,ξ
850 739 898 777 67
918 739 1181 777 {Excitavit
1204 748 1343 778 autem
1366 740 1585 777 adversum
1608 755 1648 777 se
1672 740 1773 777 iram

73 810 217 847 papae,
243 805 290 834 ut
308 797 367 834 ait
393 797 565 835 Michael
591 797 638 835 de
665 798 842 836 Caesena
868 798 978 848 apud
1006 798 1219 836 Nicolaum
1245 798 1508 836 Minoritam3
1529 799 1596 837 fol.
1620 798 1681 845 79,
1703 799 1774 836 ubi

73 856 241 905 loquens
267 855 314 893 de
339 856 498 894 Joanne
524 856 652 893 XXII
676 856 733 894 ait
759 872 766 893 :
791 857 955 894 Publice
977 857 1077 894 hanc
1100 857 1336 906 questionem
1359 858 1577 907 proposuit,
1602 857 1775 895 videlicet

75 922 204 952 utrum
227 929 396 952 asserere
418 923 453 953 et
475 915 726 965 pertinaciter
748 916 942 964 affirmare
967 916 1187 953 Dominum
1211 924 1386 954 nostrum
1413 918 1549 955 Jesum
1573 916 1774 954 Christum

71 973 231 1023 ejusque
262 974 472 1023 Apostolos
505 988 584 1010 non
616 974 801 1011 habuisse
833 975 968 1024 aliqua
1001 974 1044 1011 in
1075 975 1240 1024 speciali
1274 990 1341 1013 nec
1374 975 1417 1022 in
1448 975 1647 1012 communi
1678 975 1775 1024 soret

73 1032 281 1070 hereticum
306 1033 553 1080 censendum,
580 1041 615 1070 et
637 1033 805 1082 formam
832 1033 962 1082 ipsius
989 1034 1202 1083 questionis
1229 1034 1271 1071 in
1295 1034 1454 1084 scriptis
1479 1034 1664 1071 omnibus
1689 1049 1775 1084 pre-

74 1091 163 1128 latis
190 1091 231 1128 in
255 1091 368 1129 curia
390 1106 465 1129 sua
488 1091 745 1129 existentibus
769 1092 872 1129 tradi
895 1092 997 1141 fecit,
1023 1101 1057 1130 et
1079 1092 1212 1130 statim
1238 1093 1280 1130 in
1306 1093 1392 1142 ipso
1416 1092 1618 1143 principio
1642 1101 1775 1130 contra

72 1151 193 1198 legem
215 1149 383 1187 Domini
410 1150 454 1187 de
479 1150 603 1199 officio
629 1151 799 1201 presidis
825 1151 1110 1188 observandum
1135 1151 1236 1201 cepit
1262 1151 1390 1188 animi
1418 1160 1563 1189 motum
1589 1151 1716 1189 verbis
1741 1160 1775 1189 et

71 1209 180 1247 vultu
203 1209 370 1258 detegere
401 1218 435 1247 et
465 1210 660 1247 ostendere
691 1210 817 1247 verbis
848 1218 882 1247 et
911 1210 1041 1258 signis
1062 1210 1316 1248 exterioribus
1342 1211 1442 1260 quod
1474 1211 1558 1260 ipse
1586 1211 1775 1248 sentiebat

70 1275 104 1305 et
131 1268 390 1317 pronuntiare
417 1268 565 1306 volebat
590 1277 624 1306 et
653 1268 875 1307 intendebat
902 1269 1045 1306 dictam
1073 1269 1323 1307 assertionem
1352 1269 1557 1306 hereticam
1583 1269 1664 1318 sore
1689 1284 1774 1307 cen-

70 1327 244 1364 sendam.
276 1326 389 1376 Quod
414 1327 533 1365 etiam
561 1327 766 1376 manifeste
793 1336 827 1365 et
855 1328 1001 1365 notorie
1028 1329 1159 1377 patuit
1184 1342 1230 1365 ea:
1256 1342 1297 1365 eo
1325 1329 1426 1377 quod
1452 1342 1583 1366 omnes
1608 1328 1774 1366 dicentes

72 1393 106 1423 et
131 1394 299 1424 tenentes
326 1387 427 1435 quod
452 1386 633 1424 Christus
660 1394 694 1424 et
720 1387 901 1436 Apostoli
928 1387 1149 1424 habuerunt
1176 1387 1219 1424 in
1245 1387 1405 1436 proprio
1431 1395 1465 1424 et
1492 1387 1535 1424 in
1561 1387 1774 1433 communi,

72 1452 106 1482 et
135 1445 236 1494 quod
263 1445 504 1482 contrarium
528 1445 651 1483 dicere
680 1454 760 1483 erat
780 1446 1001 1492 hereticum,
1034 1445 1141 1495 ipsos
1169 1454 1203 1483 et
1221 1460 1355 1483 eorum
1377 1446 1480 1483 dicta
1508 1446 1709 1493 laudabat,
1738 1446 1775 1483 si

73 1503 140 1552 qui
162 1517 247 1540 vero
269 1504 510 1542 contrarium
531 1504 768 1551 asserebant,
792 1504 900 1554 ipso-s·
921 1504 1047 1541 verbis
1068 1504 1208 1542 acriter
1228 1504 1502 1553 confundebat,
1524 1504 1626 1542 sicut
1645 1504 1777 1554 patuit

74 1561 117 1599 in
152 1562 311 1600 domino
352 1563 476 1601 Vitali
511 1563 606 1601 dicti
641 1563 794 1601 ordinis
829 1563 1052 1609 sslinorum,
1090 1563 1312 1601 Albanensi
1347 1563 1529 1613 episcopo
1565 1563 1774 1602 cardinali.

74 1620 180 1658 Nam
208 1621 302 1671 quia
331 1621 374 1659 in
400 1622 630 1660 consistorio
657 1637 787 1660 coram
816 1622 903 1672 ipso
930 1622 1087 1659 domino
1118 1623 1274 1660 Joanne
1303 1622 1387 1672 ipse
1414 1622 1598 1659 dominus
1631 1622 1776 1660 Vitalis

73 1680 173 1718 dimit
191 1681 293 1730 quod
310 1681 484 1730 predicta
502 1695 671 1718 asserere
689 1696 768 1718 non
786 1689 867 1719 erat
885 1681 1106 1728 hereticum,
1126 1682 1193 1718 secl
1209 1689 1289 1719 erat
1308 1681 1516 1719 hereticum
1535 1681 1776 1718 contrarium

72 1753 240 1776 asserere
281 1739 545 1788 judicandum
597 1755 685 1778 cum
729 1740 1045 1778 determinationi
1092 1748 1262 1778 contente
1307 1740 1349 1777 in
1402 1740 1580 1778 decretali
1624 1740 1776 1777 domini

74 1797 235 1835 Nicolai
253 1798 325 1836 III
341 1807 589 1849 repugnaret,
607 1799 690 1849 ipse
703 1799 886 1836 dominus
904 1799 1106 1837 Johannes
1123 1799 1249 1836 verbis
1260 1798 1463 1836 acerrimis
1477 1799 1632 1848 publice
1644 1799 1777 1847 arguit

73 1865 107 1894 et
126 1857 304 1906 confudit
325 1857 458 1908 ipsum
479 1858 684 1896 dominum
707 1858 874 1896 l'italem
896 1858 1027 1895 dicens
1046 1858 1126 1895 sibi
1147 1858 1296 1907 pluries
1316 1865 1350 1895 et
1364 1858 1581 1907 frequenter
1596 1875 1603 1896 ε
1621 1857 1775 1896 Dicatis

21 1955 25 1958 ,
74 1916 231 1954 hereses
252 1924 424 1964 vestras,
443 1931 532 1954 eum
552 1918 596 1954 de
614 1917 737 1954 heresi
755 1931 844 1954 cum
863 1917 992 1954 animi
1012 1917 1160 1967 impetu
1179 1917 1226 1954 ob
1245 1916 1312 1954 hoc
1332 1931 1503 1965 arguens
1521 1925 1555 1954 et
1573 1916 1775 1966 reprehen-

74 1975 179 2012 dens.
212 1975 324 2012 Unde
349 1975 433 2025 ipse
457 1976 642 2014 dominus
671 1976 815 2014 Vitalis
838 1990 885 2013 ea:
907 1976 986 2013 hiis
1010 1975 1385 2013 comminationibus
1409 1984 1511 2013 metu
1534 1976 1775 2025 perterritus,

74 2034 118 2071 de
137 2034 324 2083 predictis
345 2049 415 2084 que
436 2035 586 2072 dixerat
608 2035 790 2073 inductus
810 2035 888 2083 fuit
911 2043 950 2072 ut
971 2035 1013 2072 in
1034 2034 1262 2072 consistorio
1283 2034 1439 2084 publice
1459 2034 1598 2072 diceret
1617 2035 1776 2084 culpam

73 2106 188 2130 suam
206 2100 239 2130 et
252 2093 503 2145 solempniter
517 2102 716 2133 revocaret.
734 2094 819 2131 Hoc
833 2094 949 2131 etiam
965 2093 1096 2143 patuit
1110 2093 1150 2130 in
1169 2092 1386 2130 reverendis
1401 2093 1582 2143 patribus
1596 2093 1776 2130 Arnaldo

74 2151 241 2189 Roiardi
264 2152 558 2203 archiepiscopo
583 2152 834 2191 Salernitano
865 2160 899 2190 et
921 2152 1094 2189 Henrico
1116 2152 1298 2202 episcopo
1316 2151 1477 2189 Lucano
1505 2159 1540 2189 et
1564 2152 1775 2200 Jeronymo

73 2210 256 2260 episcopo
283 2210 499 2261 Caphensi‚
528 2212 572 2249 de
600 2212 734 2249 ordine
760 2211 929 2260 fratrum
958 2211 1165 2250 Minorum
1193 2219 1334 2258 tamen,
1357 2225 1450 2260 quos
1479 2210 1563 2260 ipse
1590 2210 1776 2248 dominus

77 2269 279 2307 „lohannes
299 2270 439 2308 aeriter
454 2278 488 2308 et
507 2271 714 2309 enormiter
730 2270 941 2319 redarguit,
959 2270 1052 2320 quia
1070 2270 1249 2307 dicebant
1266 2269 1408 2307 dictam
1425 2269 1677 2306 assertionem
1697 2283 1775 2306 non

74 2341 154 2365 esse
174 2328 392 2376 hereticam,
414 2337 449 2366 et
466 2343 506 2367 se
525 2338 627 2367 stare
648 2329 691 2367 in
711 2329 779 2367 hoc
799 2344 886 2367 cum
907 2329 1226 2366 determinatione
1247 2328 1417 2365 Ecolesie
1437 2328 1567 2377 posita
1587 2328 1630 2365 in
1651 2328 1774 2365 decre-

76 2386 146 2424 tali
168 2387 281 2424 Exiit
303 2387 467 2436 firmiter
486 2388 726 2437 asserebant,·
749 2388 816 2438 qui
828 2402 980 2438 semper
997 2395 1214 2425 constantes
1229 2387 1272 2424 in
1286 2387 1442 2424 veritate
1461 2401 1578 2436 quam
1595 2386 1776 2424 dixerant

77 2446 338 2494 perstiterunt.
378 2447 462 2485 Ista
495 2447 576 2485 suis
610 2447 745 2485 verbis
778 2447 871 2485 hinc
915 2446 1129 2496 descripsit
1162 2445 1428 2495 Waddingus‚
1463 2459 1527 2484 an.
1565 2445 1680 2492 1323,
1705 2445 1722 2493 ἓ
1751 2445 1775 2483 3

78 2504 123 2553 [t.
154 2518 222 2551 vn,
251 2519 289 2554 p.
319 2505 359 2556 2]
387 2505 458 2543 ubi
485 2513 626 2544 tamen
654 2506 835 2544 mutavit
862 2505 954 2551 ista,
977 2505 1132 2542 Dicatis
1159 2505 1305 2542 hereses
1339 2512 1494 2551 vestras,
1523 2518 1597 2554 pro
1625 2503 1773 2553 quibus

78 2563 215 2612 posuit
238 2579 245 2600 :
266 2564 356 2601 Hae
374 2573 468 2602 sunt
486 2564 660 2602 haereses
681 2573 838 2606 vestrae„
860 2565 1032 2601 haereses
1053 2563 1246 2613 profertis.
1267 2563 1436 2609 Ibidem,
1453 2570 1499 2600 ut
1514 2563 1589 2600 hoc
1611 2576 1773 2612 quoque

77 2621 208 2659 obiter
232 2622 379 2670 dicam,
404 2623 632 2661 Arnaldum
656 2623 1007 2673 archiepiscopum
1032 2622 1334 2660 Salernitanum
1353 2622 1379 2668 4,
1406 2621 1474 2671 qui
1498 2629 1605 2659 recte
1630 2620 1772 2658 Arna!-

77 2679 151 2718 dus
172 2680 340 2719 Roiardi
358 2690 531 2720 vocatur
549 2696 572 2720 a
590 2682 784 2720 Michaele
805 2682 852 2720 de
872 2682 1062 2728 Caesena,
1082 2681 1248 2718 vocavit
1267 2680 1494 2718 Arnaldum
1512 2680 1770 2719 Turrianum.

83 2739 117 2776 Is
140 2739 247 2777 enim
268 2747 330 2778 est
352 2740 421 2790 qui
444 2741 798 2791 archiepiscopatu
821 2740 1076 2779 Salernitano
1098 2739 1264 2777 dimisso
1286 2739 1432 2776 maluit
1453 2753 1536 2776 esse
1559 2738 1772 2788 episcopus

126 2906 157 2938 1.
187 2905 335 2946 Balnze,
357 2911 384 2939 t.
404 2918 455 2946 111,
476 2918 512 2950 p.
533 2907 614 2940 322.

129 2958 159 2991 2
190 2958 229 2992 F.
254 2958 387 2998 Tocco,
410 2958 466 2992 La
487 2960 666 3002 quistione
688 2960 780 2993 della
801 2959 962 2998 Poverta,
988 2970 1022 3001 p.
1048 2958 1168 2997 51-57,
1193 2958 1314 2991 77-85.

125 3012 158 3044 3.
182 3010 219 3044 Β.
242 3011 300 3050 Ν.,
320 3023 387 3045 ms.
407 3011 503 3044 latin
522 3011 627 3046 5154.

127 3064 160 3097 [1.
184 3064 313 3103 EubeL
333 3064 377 3098 B.
398 3065 455 3104 F.,
476 3070 503 3098 t.
525 3077 559 3105 v,
581 3077 616 3098 n.
637 3066 705 3098 429
729 3065 785 3109 (30
805 3064 898 3098 avril
917 3064 1037 3106 1321).
