2083 3458
82 263 232 318 [1316]
599 277 816 304 PAPARUM
851 278 1235 304 AVENIONENSIUM
1683 264 1764 305 831

68 362 198 401 veteri
220 362 357 401 codice
382 377 456 401 ms,
481 362 637 401 archivi
659 361 758 412 regii
782 361 1018 400 Parisiensis
1038 362 1051 385 ¹
1077 378 1084 401 :
1107 362 1307 401 Dominus
1329 364 1547 402 cardinalis
1571 365 1614 402 de
1638 363 1761 401 Novo-

67 430 191 460 castro
221 422 317 460 dicit
346 422 448 471 quod
478 422 520 459 in
550 421 789 459 conscientia
818 435 892 459 sua
922 421 1088 471 firmiter
1117 430 1215 460 tenet
1241 423 1342 472 quod
1370 437 1436 461 rex
1464 431 1497 460 et
1524 424 1587 461 sui
1614 423 1761 473 patrui,

68 494 217 519 necnon
243 481 365 530 frater
391 488 426 518 et
452 495 586 518 eorum
613 480 827 518 consilium
852 480 1014 529 fuerunt
1040 488 1074 518 et
1099 490 1193 519 sunt
1222 481 1263 519 in
1292 496 1393 529 vera,
1421 482 1530 531 justa
1567 491 1600 520 et
1626 491 1763 520 sancta

67 539 255 590 opinione
285 554 356 590 pro
387 554 482 590 pace
512 548 545 577 et
577 539 723 577 unione
755 539 926 577 Ecclesie
957 541 1238 589 consequenda,
1281 549 1315 579 et
1345 542 1446 591 quod
1487 556 1575 579 cum
1618 556 1763 591 magna

67 607 223 637 matura
246 598 524 637 deliberatione
547 598 648 636 hanc
670 599 777 636 viam
799 599 1080 636 consuluerunt
1102 607 1135 636 et
1157 600 1366 649 elegerunt,
1389 608 1424 638 et
1444 608 1602 650 propter
1624 601 1692 638 hoc
1713 601 1764 638 ad

65 672 152 696 eam
174 672 214 695 se
239 666 338 696 tenet
362 666 552 707 tanquam
577 658 774 695 meliorem
797 665 832 695 et
859 657 1080 696 breviorem.

119 718 238 755 Anno
264 717 601 763 MCCCXCVIII,
628 731 764 756 mense
791 716 1029 766 septembri,
1055 717 1236 755 deseruit
1255 717 1270 739 ²
1289 718 1560 757 Benedictum
1589 719 1694 756 XIII
1721 727 1760 757 et

65 777 274 815 Avenione
304 776 478 815 decessit
507 790 600 815 cum
628 775 770 814 ceteris
800 775 1091 823 cardinalibus,
1119 784 1166 814 ut
1194 784 1313 827 patet
1340 791 1390 816 ex
1418 777 1568 825 surita,
1597 778 1666 816 lib.
1700 777 1762 815 III

67 836 264 874 Indicum.

120 895 166 932 In
191 894 385 933 Chronico
411 894 616 944 Aymerici
642 894 690 932 de
718 894 912 943 Peyraco,
939 893 1102 932 abbatis
1131 893 1454 943 Moyssiacensis‚
1481 903 1575 945 post
1600 910 1761 934 enarra-

62 961 151 993 tam
177 954 430 992 obsidionem
458 953 603 1003 palatii
630 953 924 991 Avenionensis
950 953 1145 991 adversus
1171 953 1442 994 Benedictum
1470 955 1576 992 XIII
1603 963 1643 993 et
1668 963 1762 1004 post

63 1013 274 1052 decretum
302 1014 350 1051 de
378 1012 661 1051 subtractione
690 1012 947 1051 obedientiae
976 1012 1135 1051 editum
1162 1027 1270 1051 anno
1300 1012 1618 1052 MCCCXCVIII
1646 1013 1760 1051 addi—

61 1080 130 1110 tur
149 1072 165 1095 3
186 1089 193 1110 z
213 1073 272 1110 De
290 1072 393 1121 sacto
414 1072 576 1122 quidam
596 1072 817 1109 cardinales
836 1071 1007 1120 foventes
1027 1080 1178 1121 partem
1197 1086 1300 1122 pape
1327 1073 1370 1110 de
1391 1087 1469 1110 non
1498 1073 1765 1117 renuntiando·

64 1132 235 1169 dolenter
258 1132 463 1182 captivati,
489 1140 524 1168 et
548 1131 711 1181 quidam
735 1131 953 1169 cardinalis
978 1146 1002 1168 a
1026 1145 1121 1168 casu
1151 1131 1259 1179 infra
1284 1132 1482 1181 palatium
1524 1132 1764 1179 combustus,

61 1191 157 1228 alter
179 1199 357 1229 mortuus
380 1191 422 1228 in
444 1204 592 1228 carcere
614 1191 708 1228 (lum
729 1197 901 1240 pergeret
923 1190 966 1226 in
987 1190 1125 1227 habitu
1148 1190 1373 1239 difformata
1395 1192 1439 1228 de
1462 1192 1645 1229 mandato
1667 1191 1760 1229 dicti

61 1264 164 1300 pape
184 1251 236 1288 ad
252 1258 384 1300 partes
403 1250 640 1299 Arragonie,
661 1250 705 1287 cle
723 1249 838 1298 cujus
858 1248 991 1299 patria
1011 1249 1113 1286 idem
1131 1264 1240 1299 papa
1259 1249 1454 1299 originem
1473 1250 1602 1288 traxit.
1623 1249 1759 1288 Cardi-

61 1310 196 1348 nalem
218 1310 484 1349 combustum
505 1308 677 1358 intelligi
699 1308 845 1346 debere
869 1309 1073 1346 Joannem
1094 1308 1142 1346 de
1167 1309 1422 1347 Novocastro
1437 1308 1466 1355 4,
1489 1316 1698 1347 mortuum
1719 1309 1759 1346 in

60 1382 218 1407 carcere
243 1368 505 1408 Bonifacium
532 1368 580 1407 de
609 1367 839 1414 Amantius,
867 1367 987 1405 docet
1013 1367 1252 1405 informatio
1278 1368 1427 1406 seriosa
1447 1368 1461 1390 5
1488 1382 1628 1406 eorum
1656 1382 1763 1418 quae-

61 1428 272 1466 occasione
301 1427 551 1478 pertinaciae
581 1427 767 1477 ejusdem
794 1426 1007 1465 Benedicti
1036 1427 1145 1464 facta
1174 1434 1273 1465 sunt
1301 1427 1510 1465 Avenione
1538 1442 1609 1477 per
1638 1427 1758 1465 duces

62 1487 271 1525 Franciae.
294 1487 371 1525 Sed
391 1487 431 1524 in
452 1488 528 1525 hoc
549 1486 810 1536 corrigendus
831 1494 893 1523 est
914 1485 1151 1535 Aymericus
1174 1486 1283 1535 quod
1304 1486 1552 1525 cardinalem
1573 1487 1757 1525 combus—

60 1554 151 1584 tum
179 1546 414 1585 numeravit
441 1546 548 1584 inter
575 1545 800 1584 cardinales
827 1544 1051 1583 Benedicto
1079 1545 1362 1585 adhaerentes,
1391 1559 1513 1595 quem
1541 1561 1589 1584 ex
1615 1546 1761 1583 eadem

59 1605 350 1644 informatione
377 1614 541 1644 constat
566 1605 602 1643 ei
627 1604 807 1655 graviter
831 1604 1100 1644 adversatum
1126 1603 1261 1643 fuisse.
1289 1605 1410 1642 Patet
1435 1604 1533 1642 illud
1559 1605 1684 1643 etiam
1709 1619 1758 1642 ex

59 1664 231 1715 epistola
257 1664 423 1703 Martini
445 1664 547 1714 regis
573 1665 830 1713 Arragonum
853 1664 905 1701 ad
929 1663 1153 1702 cardinales
1179 1663 1481 1702 Avenionenses
1505 1679 1551 1702 eo
1573 1672 1756 1713 tempore

58 1724 225 1774 scripta,
258 1738 361 1774 quae
393 1732 511 1762 extat
542 1723 582 1761 in
613 1723 751 1762 codice
781 1721 858 1760 842
900 1722 1040 1761 Sancti
1072 1722 1246 1760 Victoris
1290 1723 1524 1761 Parisiensis
1545 1723 1574 1770 ⁶,
1605 1723 1646 1760 in
1677 1737 1755 1772 qua

58 1783 158 1822 haec
178 1783 386 1821 habentur
409 1799 415 1821 ε
440 1782 649 1833 Numquid
666 1782 772 1832 juris
792 1790 874 1819 erat
893 1789 927 1819 et
947 1782 1059 1832 pacis
1080 1796 1151 1819 voa:
1173 1782 1243 1820 illa
1256 1782 1484 1820 horribilis:
1514 1782 1629 1820 l'ivat
1649 1782 1756 1819 colle-

59 1843 170 1892 gium
195 1851 229 1880 et
254 1843 442 1893 populuS,
470 1843 611 1880 Petrus
638 1843 681 1879 de
708 1842 825 1879 Luna
851 1855 940 1879 cum
960 1841 1047 1878 suis
1072 1841 1258 1878 omnibus
1286 1841 1475 1879 moriatur
1495 1842 1516 1879 ,0
1538 1841 1679 1878 Nonne
1708 1841 1762 1878 ad

57 1901 123 1940 hec
149 1902 370 1952 exequenda
399 1903 513 1940 datus
541 1901 619 1949 fuit
646 1901 880 1950 capitaneus
908 1900 1128 1938 cardinalis
1157 1900 1242 1950 ipse
1270 1901 1314 1938 de
1343 1899 1593 1948 Novocastro,
1623 1900 1758 1938 divino

54 1960 207 2010 judicio
224 1962 269 1999 de
286 1961 411 1998 medio
425 1960 510 2010 jam
526 1961 708 1998 sublatus
727 1961 748 1998 9
764 1959 864 1997 Vide
882 1959 1009 1998 etiam
1025 1958 1248 1998 Odoricum
1266 1959 1544 2009 Raynaldum‚
1561 1973 1626 1998 an.
1641 1959 1754 1997 1398.

63 2020 80 2065 ,ξ
99 2020 162 2066 24,
183 2019 254 2058 ubi
272 2028 455 2059 testatur
474 2034 565 2059 eam
584 2019 921 2057 informationem
940 2027 1081 2056 extare
1101 2018 1142 2055 in
1156 2026 1270 2057 tomo
1288 2019 1446 2057 decimo
1458 2019 1516 2056 De
1534 2018 1759 2064 schismate,

56 2093 96 2129 p.
127 2079 216 2126 195,
243 2079 286 2117 in
314 2079 564 2117 bibliotheca
595 2079 810 2117 Vaticana.

109 2138 154 2177 Ρ.
171 2138 261 2187 490,
277 2138 343 2189 lig.
363 2138 424 2177 15.
443 2139 679 2176 Emscopus
696 2138 951 2176 TULLENSIS.
972 2136 1034 2174 Ita
1050 2144 1208 2174 veteres
1226 2136 1332 2182 libri,
1347 2151 1429 2174 uno
1445 2145 1617 2186 excepto
1633 2136 1754 2185 regio.

55 2196 97 2235 in
122 2211 203 2247 quo
224 2197 426 2248 scriptum
445 2205 507 2236 est
531 2197 785 2243 Tutellensis;
809 2209 934 2245 quam
952 2195 1170 2233 lectionem
1188 2195 1368 2246 praefert
1396 2195 1522 2233 editio
1544 2195 1753 2244 Bosqueti.

57 2256 339 2295 Ferdinandus
372 2256 565 2306 Ughellus
595 2256 636 2293 in
665 2255 947 2293 additionibus
977 2254 1029 2292 ad
1059 2253 1310 2301 Ciaconium‚
1339 2262 1370 2292 t.
1399 2269 1440 2301 11,
1475 2269 1512 2304 p.
1544 2254 1632 2301 680,
1662 2267 1757 2291 eum

55 2315 196 2353 scribit
222 2315 344 2354 fuisse
369 2315 608 2366 episcopum
633 2315 924 2360 Tutellensem‚
949 2327 1043 2352 cum
1068 2313 1198 2351 dicere
1224 2313 1432 2351 debuisset
1458 2313 1699 2351 Tullensem.

109 2375 152 2412 P.
172 2374 262 2422 490,
281 2374 347 2424 lig.
370 2374 430 2413 16.
453 2375 648 2412 JACOBUS
670 2389 724 2411 DE
745 2372 996 2411 ΜΕΝΤΟΝΑΥ
1016 2372 1044 2410 ⁷.
1068 2372 1184 2410 Hanc
1203 2372 1424 2411 lectionem
1443 2372 1598 2410 habent
1618 2371 1752 2409 omnia

104 2511 135 2543 1.
167 2511 202 2543 J.
226 2512 307 2550 518,
331 2511 393 2544 fol.
417 2511 505 2550 1Ο2;
529 2510 711 2549 Martene,
734 2509 984 2553 Amplissima
1003 2509 1170 2547 collectio,
1196 2514 1221 2541 t.
1246 2519 1295 2547 w,
1319 2508 1386 2541 col.
1410 2508 1491 2541 468.

105 2565 135 2597 2.
168 2564 315 2597 Martin
334 2565 375 2596 de
392 2564 587 2607 Alpartils,
609 2563 666 2596 ed.
691 2562 814 2602 Ehrle,
836 2574 870 2605 p.
891 2563 949 2595 35.

103 2619 135 2650 3.
166 2617 206 2650 B.
227 2617 284 2656 N.‚
302 2628 369 2650 ms.
385 2616 481 2649 latin
497 2616 591 2649 4991
604 2616 651 2655 A,
668 2616 731 2649 fol.
749 2616 818 2648 152
834 2619 877 2648 r0.

103 2670 135 2703 4.
166 2670 264 2702 Jean
284 2670 328 2702 de
351 2669 578 2702 Neufchatel
598 2674 754 2701 mourut
771 2668 803 2701 le
823 2669 844 2700 4
861 2668 1014 2700 octobre
1036 2667 1129 2700 1398
1150 2667 1310 2709 (Martin
1329 2667 1369 2699 de
1387 2666 1581 2710 Alpartils,
1602 2678 1637 2710 p.
1655 2667 1700 2699 49
1715 2673 1753 2699 et

58 2723 100 2756 N.
123 2723 262 2762 Valois,
284 2729 310 2756 t.
330 2735 381 2762 111,
403 2734 438 2766 p.
461 2723 541 2761 205,
562 2728 651 2755 note
672 2722 720 2765 2),
742 2721 854 2754 d’une
878 2720 990 2753 fievre
1013 2720 1252 2758 infectieuse;
1274 2719 1356 2752 voir
1383 2719 1482 2751 aussi
1502 2720 1649 2759 Archiv,
1671 2726 1696 2752 t.
1716 2732 1750 2759 v,

55 2788 88 2820 p.
113 2777 194 2809 428.

103 2830 135 2862 5.
167 2829 216 2862 Le
234 2829 279 2861 19
295 2828 419 2872 juillet
436 2828 529 2861 1399
550 2828 710 2870 (Archiv,
730 2833 755 2860 t.
775 2839 809 2866 v,
828 2838 862 2870 p.
881 2827 950 2859 432
966 2832 1005 2858 et
1020 2825 1167 2858 Martia
1188 2826 1229 2858 de
1246 2824 1441 2867 AIpartiIs,
1466 2837 1500 2868 p.
1519 2826 1591 2869 78).

108 2883 139 2915 6.
170 2882 211 2915 B.
233 2881 290 2921 N.‚
310 2893 377 2914 ms.
406 2881 502 2913 latin
526 2880 656 2920 14643,
683 2880 746 2913 fol.
765 2880 831 2913 351
852 2879 1039 2912 r⁰.—Sur
1055 2879 1153 2911 Jean
1166 2879 1209 2911 de
1229 2878 1467 2917 Neufchatel⁷
1484 2878 1565 2911 voir
1579 2878 1614 2911 J.
1629 2878 1751 2922 Chap-

55 2937 121 2978 pee
152 2935 270 2978 (Deux
304 2935 522 2973 carolinam,
551 2934 748 2966 chanoines
775 2933 824 2965 du
850 2933 977 2971 Mans,
1008 2932 1100 2964 dans
1128 2930 1183 2963 La
1210 2931 1391 2964 province
1417 2932 1466 2964 du
1492 2932 1637 2971 Maine,
1665 2938 1690 2964 t.
1712 2944 1749 2964 1v

58 2988 193 3031 (1924),
224 2999 258 3031 p.
289 2987 478 3030 114-116),
510 2986 549 3019 L.
582 2986 770 3019 Duhamel
803 2986 883 3027 (Les
911 2996 1047 3017 oeuvres
1075 2984 1168 3017 d'art
1196 2984 1245 3017 du
1273 2985 1473 3017 monastere
1500 2985 1559 3017 des
1575 2984 1756 3018 Celestins

55 3041 280 3083 d’Avignon,
300 3040 410 3079 Caen,
431 3040 538 3079 1888,
558 3051 592 3083 p.
612 3039 633 3071 4
650 3045 688 3071 et
707 3039 779 3081 27),
801 3038 844 3071 N.
864 3038 991 3070 Valois
1013 3037 1052 3080 (t.
1070 3049 1107 3076 11,
1127 3049 1162 3080 p.
1181 3037 1251 3070 498
1269 3043 1307 3069 et
1324 3043 1351 3070 t.
1368 3049 1419 3075 ιν,
1439 3049 1473 3080 p.
1494 3038 1590 3080 587).

102 3094 134 3126 T.
166 3094 212 3126 Ce
234 3093 413 3132 cardinal,
436 3092 634 3136 originaire
656 3093 700 3124 de
722 3090 1114 3134 Montenay-Montlin
1137 3090 1251 3133 (Ain),
1274 3096 1430 3122 mourut
1449 3090 1481 3123 le
1502 3091 1554 3122 1er
1565 3091 1640 3123 mai
1657 3091 1746 3124 1391

55 3146 202 3190 d’apres
232 3158 282 3178 un
315 3147 521 3178 document
551 3145 693 3178 extrait
725 3145 774 3176 du
805 3144 915 3176 fonds
947 3144 997 3176 du
1027 3143 1197 3187 chapitre
1228 3143 1514 3186 metropolitain
1534 3143 1752 3187 d’Avignon
