2083 3458
255 233 337 273 3210
906 244 1056 270 NOTAE
1092 243 1151 268 AD
1187 242 1313 268 VITAS
1836 226 1960 282 [806]

257 333 459 371 Johannes
481 332 675 378 Andreas,
691 338 738 367 ut
759 328 941 380 plerique
964 328 1109 371 solent,
1125 335 1244 377 patet
1265 341 1316 365 ex
1328 326 1440 365 libris
1462 326 1670 365 veteribus
1686 334 1727 364 et
1749 341 1800 364 ex
1817 327 1965 365 Cheru-

254 392 349 430 bino
376 390 678 436 Ghirardaecio,
704 389 771 427 lib.
801 388 921 434 XXI,
945 387 1052 425 Hist.
1079 386 1248 433 Bonon„
1275 394 1304 425 t.
1329 400 1371 433 11,
1396 400 1434 436 p.
1462 385 1551 433 112,
1578 385 1645 435 qui
1672 400 1765 424 eum
1788 394 1913 424 vocat
1939 386 1967 424 il

253 450 520 500 famosissimo
550 448 748 487 Giowanni
771 447 811 484 di
833 447 996 484 Andrea
1019 445 1337 494 giurisconsulm,
1353 459 1391 495 p.
1411 444 1498 492 154,
1529 444 1728 482 Giovanni
1743 444 1784 482 cli
1805 444 1967 482 Andrea

256 511 396 547 dottore
417 509 611 555 decretale,
634 516 674 545 et
695 522 732 557 p.
758 506 845 553 192,
867 505 937 543 ubi
959 505 1007 543 de
1029 504 1115 554 ejus
1137 512 1282 551 morte,
1311 503 1510 541 Giovanni
1531 504 1571 541 di
1592 504 1755 541 Andrea
1775 503 1815 541 di
1835 504 1968 554 patria

257 568 497 616 Florentino,
530 582 591 605 ma
630 581 699 617 per
728 565 923 604 adottione
960 564 1190 613 Bologmse,
1223 563 1527 612 giuriseonsulto
1558 563 1815 602 celeberrimo,
1848 562 1968 602 Liber

257 627 423 665 Arnaldi
455 625 702 665 Camerarii1
734 642 741 663 :
775 625 873 662 Item
901 624 977 661 cluo
1008 623 1269 660 instrumenta
1298 622 1539 660 continentia
1568 622 1734 672 qualiter
1765 622 1968 660 Johannes

256 688 424 733 Andwe,
442 687 677 723 decretorum
699 685 838 731 doctor,
861 691 895 721 et
921 682 1042 720 Gerra
1065 683 1108 719 de
1129 681 1310 732 Pepulis,
1333 689 1549 719 executores
1575 681 1793 719 testamenti
1813 681 1967 720 Alberti

259 745 498 783 leomaoeini
535 743 773 782 conoscentis
818 743 862 780 cle
897 742 1097 789 Bononia,
1134 749 1414 779 consenserunt
1449 741 1550 790 quod
1588 740 1776 778 Johanna
1814 740 1901 790 filia
1935 748 1969 778 et

256 806 361 842 lieres
378 804 471 842 dicti
485 804 637 842 Alberti
656 803 830 840 vencleret
846 809 946 839 certa
966 801 1065 838 bona
1081 815 1155 838 sua
1172 800 1330 838 domino
1345 800 1562 837 Bertrando
1579 800 1762 850 episcopo
1779 799 1964 838 Ostiensi.

254 865 404 902 Datum
438 862 617 900 Bononie
651 876 757 900 anno
788 860 956 898 Domini
992 859 1200 898 millesimo
1235 859 1562 906 CCCXXXIII,
1599 859 1661 896 die
1696 873 1723 896 x
1757 858 1965 908 februarii.

259 924 502 961 Extremum
546 922 653 960 diem
699 920 835 958 finivit
877 934 984 957 anno
1027 919 1243 957 millesimo
1287 918 1581 966 CCCXLVIII,
1624 918 1854 966 Bononiae3
1897 918 1968 957 ubi

257 983 439 1033 sepultus
457 990 517 1020 est
533 981 644 1031 apud
661 981 806 1018 fratres
823 979 1146 1026 Praedicatores,
1158 986 1206 1015 ut
1222 993 1271 1016 ex
1287 977 1464 1016 Martino
1482 978 1529 1016 de
1547 977 1668 1015 Salva
1685 977 1827 1015 scribit
1842 977 1967 1016 etiarn

257 1042 447 1092 Aegidius
464 1041 690 1079 Bellamera
707 1040 750 1077 in
767 1054 799 1078 c.
819 1039 1076 1088 Conquestus‚
1091 1038 1151 1075 De
1166 1037 1292 1087 feriis,
1309 1037 1481 1087 loquens
1499 1037 1547 1075 de
1566 1036 1845 1075 controversia
1863 1050 1966 1087 quae

257 1101 352 1139 olim
379 1101 531 1139 exarsit
555 1099 661 1137 inter
688 1092 995 1136 praedicatores
1022 1106 1063 1135 et
1089 1097 1263 1135 Minores
1289 1105 1458 1147 propter
1484 1095 1796 1146 conceptionem
1820 1096 1966 1135 beatae

258 1160 408 1199 Mariae
427 1159 606 1209 virginis.
623 1158 686 1197 Sic
705 1158 814 1196 enim
832 1158 891 1195 ait
911 1173 919 1195 z
939 1156 1149 1195 Martinus
1167 1156 1212 1194 de.
1231 1156 1351 1194 Salva
1365 1156 1460 1194 dicit
1478 1156 1579 1205 quod
1595 1156 1772 1193 Joannes
1786 1155 1969 1193 Andreae

256 1229 289 1257 et
309 1220 485 1257 Joannes
502 1217 792 1264 Calderirinus,
805 1217 891 1267 ejus
909 1216 1020 1266 filius
1036 1215 1259 1266 adoptivus,
1272 1215 1372 1253 hanc
1392 1223 1543 1265 partem
1558 1229 1675 1264 quam
1694 1222 1822 1252 tenent
1837 1228 1969 1252 omnes

257 1279 524 1317 Predicatores
548 1285 767 1324 tenuerunt,
793 1277 887 1327 quia
909 1276 1071 1325 fuerunt
1094 1276 1137 1313 de
1160 1275 1315 1325 sequela
1339 1275 1530 1325 ipsorum,
1557 1274 1640 1311 ideo
1665 1274 1767 1324 quod
1788 1274 1902 1311 ambo
1928 1273 1969 1311 in

257 1338 414 1376 ecclesia
440 1337 738 1375 Preclieatorum
763 1350 878 1373 suam
902 1336 1148 1385 sepulturam
1173 1335 1369 1383 elegerunt
1393 1341 1427 1372 et
1449 1333 1595 1384 sepulti
1619 1333 1792 1382 suerunt.
1821 1333 1970 1370 Filium

258 1398 404 1435 habuit
420 1396 761 1443 Bonincontrum,
780 1403 828 1432 ut
847 1395 996 1433 docent
1012 1394 1154 1432 literae
1174 1393 1393 1432 Clementis
1411 1393 1469 1431 VI
1488 1393 1599 1443 apud
1619 1391 1969 1440 Ghirardaccium,

257 1457 325 1496 lib.
354 1456 496 1503 XXII,
521 1464 551 1494 t.
576 1471 617 1503 11,
641 1470 680 1505 p.
709 1455 795 1493 191.
826 1454 936 1492 Illius
962 1461 1088 1504 caput
1112 1461 1379 1503 amputatum
1404 1460 1465 1490 est
1488 1466 1596 1490 anno
1622 1452 1831 1499 MCCCLI,
1855 1451 1970 1501 jussu

258 1516 523 1565 magistratus
546 1514 828 1561 Bononiensis,
852 1522 898 1551 ut
919 1513 1068 1563 legitur
1089 1512 1131 1550 in
1151 1513 1255 1550 libro
1280 1512 1331 1559 X,
1356 1526 1443 1562 cap.
1468 1526 1522 1558 vl,
1545 1511 1749 1549 Historiae
1771 1510 1971 1548 Cortusio—

259 1590 346 1612 rum
375 1574 602 1625 [Muratori‚
621 1582 650 1613 t.
671 1588 741 1621 ΧΠ,
761 1574 834 1612 001.
854 1573 954 1623 935]
975 1589 982 1611 :
1005 1572 1118 1610 Tunc
1137 1572 1313 1610 Joannes
1331 1572 1374 1609 de
1391 1570 1559 1621 Pepulis
1575 1578 1609 1608 et
1628 1570 1802 1608 Jacobus
1819 1569 1973 1607 domini

260 1634 465 1671 Bononiae
487 1634 689 1683 jusserunt
713 1632 916 1683 amputari
940 1640 1059 1682 caput
1082 1631 1344 1669 Bonincontri
1368 1630 1533 1668 doctoris
1556 1630 1698 1679 legum,
1726 1629 1803 1679 filii
1826 1628 1972 1678 famosi

261 1694 426 1731 doctoris
453 1693 626 1731 „loannis
650 1693 845 1730 Andreae.
1848 1735 1853 1738 .

314 1753 355 1791 P.
393 1752 481 1800 204,
516 1752 581 1802 lig.
619 1752 679 1791 27.
718 1752 888 1789 LIBRUM
926 1765 1099 1788 SEXTUM
1137 1763 1443 1788 DECRETALIUM
1479 1762 1720 1786 GLossAvlT.
1759 1748 1815 1786 Ut
1857 1748 1971 1785 locus

259 1812 350 1858 iste,
372 1811 440 1861 qui
460 1820 599 1849 tamen
617 1811 749 1861 prima
769 1811 904 1848 fronte
923 1824 1006 1848 non
1024 1809 1190 1848 videtur
1208 1809 1358 1848 habere
1378 1807 1679 1855 difficultatem,
1692 1815 1802 1845 recte
1820 1806 1971 1845 intelli-

260 1878 391 1921 gatur,
428 1870 755 1908 animadvertere
791 1877 955 1920 oportet
989 1869 1090 1906 duas
1124 1868 1245 1907 hodie
1280 1875 1420 1906 extare
1453 1866 1760 1905 lucubrationes
1796 1865 1970 1904 Joannis

260 1930 445 1969 Andreae
468 1930 507 1967 in
522 1930 672 1967 librum
694 1938 858 1967 sextum
875 1928 1154 1976 Decretalium‚
1170 1935 1412 1978 apparatum
1426 1926 1618 1965 videlicet
1633 1925 1717 1964 sive
1740 1925 1910 1974 glossam
1930 1933 1972 1963 et

260 1990 475 2036 Novellam,
509 1990 617 2039 quod
648 1997 756 2027 reete
787 1988 978 2026 distinxit
1007 1995 1152 2026 auctor
1181 1987 1304 2037 hujus
1334 1987 1458 2026 vitae.
1492 1985 1607 2023 Prius
1639 1999 1740 2035 opus
1771 1984 1823 2022 ab
1854 1999 1900 2023 eo
1929 1983 1969 2021 in

257 2048 478 2098 juventule
503 2048 760 2087 elaboratum
784 2048 863 2086 fuit
885 2047 987 2085 illud
1012 2047 1122 2097 quod
1146 2054 1388 2097 apparatum
1411 2045 1495 2083 sive
1522 2045 1692 2094 glossam
1714 2043 1970 2082 vocavimus.

264 2108 411 2158 Incipit
442 2108 492 2146 ab
523 2108 583 2145 his
614 2107 748 2145 verbis
781 2123 788 2145 :
821 2107 927 2156 Quia
955 2114 1204 2157 preposterus
1233 2113 1287 2143 est
1316 2105 1407 2142 ordo
1436 2104 1552 2155 prius
1581 2104 1759 2141 humana
1786 2102 1972 2140 subsidia

259 2175 394 2217 petere,
431 2175 506 2206 etc.
545 2166 750 2205 Posterius
786 2166 947 2216 scripsit
980 2165 1022 2203 in
1056 2173 1194 2203 aetate
1228 2172 1438 2215 provecta,
1474 2171 1515 2202 et
1549 2163 1756 2200 Novellam
1787 2161 1968 2201 vocavit.

263 2226 411 2276 Incipit
437 2242 443 2264 z
471 2226 572 2263 Cum
596 2241 702 2263 eram
724 2226 930 2276 parvulus,
955 2224 1139 2274 loquebar
1164 2232 1204 2261 ut
1226 2223 1429 2274 parvulus.
1456 2223 1692 2272 Apparatus
1716 2221 1781 2260 edi
1804 2221 1906 2259 solet
1928 2220 1971 2258 in

260 2285 429 2335 Corpore
450 2285 554 2334 juris
577 2285 770 2323 canonici.
796 2284 961 2322 Novella
983 2283 1094 2322 edita
1117 2291 1179 2322 est
1202 2297 1295 2321 cum
1318 2282 1483 2320 Novella
1503 2281 1545 2319 in
1564 2281 1795 2319 Decretales.
1821 2279 1971 2318 Prioris

260 2344 389 2395 operis
413 2359 562 2382 novem
584 2343 757 2394 antiqua
781 2342 1030 2394 exemplaria
1052 2342 1259 2380 habentur
1280 2342 1322 2379 in
1345 2341 1594 2379 bibliotheca
1618 2339 1867 2387 Colbertina,
1891 2338 1968 2376 tria

260 2418 355 2441 vero
380 2403 558 2443 secundi.

314 2462 356 2501 P.
392 2462 480 2508 204,
513 2462 578 2512 lig.
613 2461 673 2501 29.
709 2462 1038 2499 ADDITIONAVIT.
1072 2461 1304 2510 Bosquetus
1349 2459 1402 2509 [p.
1438 2458 1511 2508 61]
1545 2458 1731 2496 ediderat
1762 2456 1970 2495 adornavit

261 2529 401 2558 contra
427 2522 550 2559 fidem
571 2530 758 2559 veterum
779 2520 1088 2571 exemplarium,
1110 2518 1152 2557 in
1173 2518 1320 2569 quibus
1342 2518 1519 2556 habetur
1540 2531 1586 2555 ea
1606 2516 1727 2555 lectio
1750 2530 1875 2566 quam
1896 2529 1967 2554 nos

260 2580 517 2629 protulimus.
540 2581 678 2619 Recte.
702 2580 826 2618 Isthic
844 2579 952 2618 enim
969 2578 1104 2629 agitur
1121 2578 1169 2616 de
1188 2592 1306 2628 opere
1323 2576 1494 2615 Joannis
1512 2576 1699 2614 Andreae
1718 2575 1828 2625 quod
1846 2575 1969 2624 vulgo

261 2647 411 2676 vocant
455 2639 690 2676 Aslditiones
733 2640 784 2676 ad.
826 2638 1030 2688 speculum
1071 2637 1262 2686 judiciale
1306 2635 1511 2674 Guillelmi
1557 2634 1741 2673 Durandi
1786 2633 1965 2684 episcopi

263 2697 526 2736 Mimatensis.

316 2757 353 2794 Ρ.
382 2756 469 2803 204,
494 2757 559 2806 lig.
586 2757 646 2795 30.
675 2758 848 2794 ΡΑυιυε
874 2771 929 2793 DE
956 2757 1177 2793 Lmznzns.
1208 2755 1270 2792 Ita
1295 2767 1453 2804 semper
1476 2752 1588 2802 apud
1613 2751 1964 2798 Ghirardaccium,

258 2814 342 2861 lib„
367 2815 492 2853 XXII
513 2816 619 2855 Hist.
642 2816 794 2853 Βοηοη.
820 2816 864 2865 [t.
883 2815 951 2865 11],
968 2829 1006 2865 p.
1023 2814 1099 2852 138
1118 2821 1158 2852 et
1178 2812 1457 2863 sequentibus.
1484 2812 1546 2849 Ita
1570 2811 1696 2849 etiam
1716 2810 1964 2849 Trithemius

263 2873 303 2909 in
320 2873 422 2911 libro
438 2874 496 2911 De
513 2874 772 2924 scriptoribus
789 2873 1072 2912 ecclesiasticis.
1094 2871 1303 2910 Albericus
1322 2885 1344 2908 a
1365 2871 1517 2909 Rosate
1534 2870 1578 2908 in
1594 2870 1707 2918 Cod.‚
1720 2878 1749 2909 t.
1768 2885 1795 2917 1,
1814 2870 1889 2909 fol.
1902 2868 1966 2916 327

266 2932 419 2969 Paulus
445 2934 488 2969 tle
514 2933 695 2970 Liazaris
730 2933 938 2970 modernus
965 2933 1091 2969 doctor
1116 2930 1396 2968 Bononiensis.
1427 2930 1473 2967 In
1498 2929 1602 2967 libro
1628 2928 1799 2967 Arnal'di
1825 2929 1964 2967 Came-

265 2989 356 3026 rarii
382 2990 485 3027 inter
509 2992 662 3040 legatos
681 2991 957 3029 Bononienses
981 2990 1124 3028 missos
1152 2989 1205 3028 ad
1231 2988 1502 3027 Benedictum
1529 2988 1614 3026 XII
1634 2987 1790 3039 reperio
1818 2987 1964 3037 magis-

318 3114 344 3145 1.
373 3115 407 3147 Η,
436 3115 489 3153 N„
515 3127 580 3147 ms.
604 3115 697 3147 latin
718 3115 822 3155 5181,
848 3115 908 3149 fol.
932 3115 1000 3148 ’144
1022 3119 1065 3148 r0.
