2083 3458
233 242 312 283 582
880 256 1032 282 NOTAE
1066 257 1126 282 AD
1162 257 1288 282 VlTAs
1781 241 1932 297 [1063]

234 342 393 380 Habuit
413 351 554 381 autem
574 342 753 380 titulum,
767 342 1015 381 Sanctorum
1035 341 1156 381 Nerei
1175 349 1217 381 et
1236 342 1421 382 Achillei.
1444 343 1576 393 Vulgo
1595 351 1737 382 tamen
1751 343 1938 381 nomina-

230 402 354 440 batur
392 402 610 440 cardinalis
650 401 968 448 Lemovicensis,
1008 401 1104 450 quia
1143 415 1193 440 ex
1230 402 1422 452 episcopo
1457 402 1740 441 Lemovicensi
1778 410 1938 441 creatus

226 461 363 500 fuerat
395 460 627 499 cardinalis.-

282 520 403 558 Anno
429 519 753 558 MCCCLXX-VI
779 527 945 558 secutus
971 527 1034 558 est
1060 519 1302 569 Gregorium
1330 519 1405 571 XI,
1432 529 1599 559 euntem
1624 521 1665 558 in
1694 521 1873 568 Italiam,
1900 528 1941 559 et

230 579 517 629 episcopatum
549 578 867 617 Praenestinum
898 578 951 617 ab
984 593 1030 617 eo
1062 579 1225 629 accepit
1255 579 1318 618 die
1342 580 1532 618 mercurii
1560 595 1665 618 xxw
1694 579 1940 630 septembris

228 638 414 687 ejusdem
434 638 546 686 anni,
568 646 675 677 teste
697 638 820 676 Petro
842 638 990 676 Amelii
1013 638 1062 677 de
1081 638 1267 677 Brenaco
1287 638 1330 676 in
1350 638 1561 678 itinerario
1583 639 1769 689 ejusdem
1791 639 1940 689 Grego-

224 696 318 738 riisl.
349 697 437 745 Quo
462 697 678 736 locosmihi
704 697 969 747 castigandus
996 697 1112 735 venit
1136 697 1393 748 Augustinus
1420 698 1637 746 Patricius,
1664 707 1810 737 auctor
1835 713 1940 737 cere-

227 756 414 795 monialis
459 756 672 795 Romanae
714 756 935 805 Ecclesiae,
977 756 1078 795 editi
1104 770 1142 809 *a
1183 757 1479 807 Christophoro
1521 751 1712 796 Marcello
1746 757 1939 808 episcopo

227 816 478 865 Gorcyrensi.
505 816 582 855 Hic
603 817 726 864 enim,
747 815 818 856 lib.
845 816 876 865 Ι,
898 824 996 855 sect.
1022 830 1105 864 vm,
1129 830 1218 867 cap.
1243 831 1315 865 ΧΠ,
1337 817 1397 855 ait
1416 817 1526 855 hunc
1549 818 1754 856 Joannem
1780 816 1940 855 factum

224 875 350 914 fuisse
366 876 606 925 episcopum
623 875 941 914 Praenestinum
958 890 1007 914 ex
1023 875 1211 914 diacono.
1230 875 1420 925 Legimus
1442 877 1554 926 apud
1572 877 1770 927 antiquos,
1787 876 1940 926 inquit,
1984 894 1992 897 ·

225 935 437 972 nonnullos
460 949 505 972 esc
528 934 742 973 diaconatu
763 935 817 973 ad
836 934 1112 985 episcopatum
1133 943 1330 985 promotos
1351 935 1490 985 fuisse,
1516 944 1558 973 ut
1583 935 1797 985 Gregorius
1820 935 1940 973 unde-

224 993 363 1042 cimus,
384 994 450 1044 qui
469 993 714 1032 cardinalem
726 993 1046 1032 Lemovicensem
1062 994 1258 1044 promovit
1273 994 1326 1032 ad
1341 994 1614 1045 episcopatum
1631 994 1941 1033 Praenestinum

226 1052 438 1091 diaconum
466 1053 706 1092 existentem.
738 1053 857 1102 Quod
887 1053 1112 1093 certissime
1141 1053 1292 1093 falsum
1328 1061 1403 1093 est.
1436 1054 1537 1092 Erat
1574 1055 1683 1093 enim
1724 1050 1940 1105 episcopus

214 1121 488 1151 ,consecratus
513 1113 646 1151 multo
671 1121 769 1152 ante
794 1126 920 1163 quam
947 1113 1063 1152 fieret
1088 1113 1320 1152 cardinalis.
1348 1113 1403 1151 Et
1426 1121 1639 1164 praeterea
1664 1113 1940 1153 certissimum

228 1179 401 1210 esteum
421 1172 546 1211 fuisse
564 1171 856 1222 presbyterum
875 1172 1141 1221 cardinalem,
1162 1187 1244 1210 non
1264 1187 1361 1212 vero
1381 1172 1615 1221 diaconum,
1636 1181 1683 1211 ut
1702 1173 1762 1211 ait
1780 1172 1940 1223 Augus-

226 1230 350 1271 tinus.

282 1290 430 1330 Postea
462 1290 680 1342 Gregorius
713 1291 776 1330 XI
807 1291 911 1330 obiit
943 1291 1100 1330 Romae
1130 1305 1240 1330 anno
1270 1291 1486 1330 millesimo
1517 1291 1844 1330 CCCLXXVIII
1875 1291 1940 1330 die

229 1364 348 1388 xxvn
369 1350 521 1389 martii.
547 1351 635 1399 Qua
658 1350 871 1390 occasione
891 1359 1085 1390 exortum
1105 1359 1168 1389 est
1187 1350 1229 1388 in
1251 1350 1433 1390 Ecclesia
1456 1350 1530 1389 Dei
1550 1364 1748 1401 magnum
1768 1351 1940 1390 scanda-

227 1409 327 1457 lum,
349 1410 444 1460 quia
466 1409 647 1449 Romani
665 1410 784 1449 malis
804 1410 886 1449 suis
913 1410 1049 1449 edocti
1073 1410 1310 1449 Romanum
1336 1410 1583 1449 Pontificem
1605 1424 1689 1449 non
1711 1425 1830 1460 posse
1854 1425 1940 1449 esse

227 1468 325 1507 alibi
369 1483 495 1519 quam
540 1469 699 1509 Romae
740 1469 897 1520 absque
941 1470 1123 1508 maximo
1167 1483 1309 1508 eorum
1350 1469 1628 1518 incommodo,
1667 1469 1939 1509 decreverunt

225 1527 335 1567 inter
351 1543 392 1567 se
410 1529 473 1567 uti
492 1529 719 1569 cardinales
739 1537 932 1579 cogerent
950 1530 1002 1566 ad
1021 1529 1255 1579 eligendum
1272 1542 1427 1579 papam
1448 1528 1684 1567 Romanum
1699 1537 1773 1567 aut
1791 1529 1939 1567 saltem

232 1586 396 1626 Italum.
436 1587 598 1638 Insigne
632 1596 707 1637 est,
741 1588 851 1627 inter
884 1597 1033 1637 cetera,
1067 1589 1356 1628 testimonium
1388 1588 1590 1627 Bonifacii
1626 1589 1674 1627 de
1705 1588 1963 1636 Amantius,-

229 1647 365 1696 legum
386 1648 581 1696 doctoris,
604 1649 674 1698 qui
693 1648 973 1698 interrogatus
995 1663 1117 1698 super
1131 1648 1315 1687 articulis
1332 1646 1457 1686 Casus
1473 1648 1595 1698 primi
1619 1647 1751 1695 electi,
1767 1648 1940 1698 loquens
1976 1648 1978 1650 ’

229 1706 278 1744 de
304 1715 417 1745 metu
443 1707 608 1746 incusso
636 1707 914 1746 cardinalibus
942 1715 983 1746 et
1009 1708 1058 1746 de
1085 1715 1197 1746 certo
1224 1706 1392 1745 consilio
1420 1707 1705 1745 Romanorum
1730 1721 1804 1757 pro
1830 1720 1939 1757 papa

227 1765 417 1804 faciendo
440 1782 490 1805 ex
514 1767 712 1805 Romanis
735 1775 810 1806 aut
834 1767 964 1814 Italis,
988 1766 1095 1805 dixit
1114 1766 1129 1789 ²
1150 1767 1261 1817 quod
1283 1775 1365 1804 erat
1383 1766 1493 1816 fama
1515 1766 1680 1816 publica
1698 1780 1770 1816 per
1795 1765 1940 1804 Urbem

230 1826 331 1875 quod
346 1825 381 1862 si
400 1826 553 1863 domini
571 1826 799 1864 cardinales
808 1826 1001 1876 >eligerent
1018 1826 1062 1863 in
1077 1840 1230 1876 papam
1247 1826 1421 1876 aliquem
1438 1825 1505 1876 qui
1525 1840 1604 1863 non
1620 1834 1717 1864 esset
1732 1825 1941 1863 Romanus

229 1885 287 1922 vel
319 1885 512 1933 Ytalieus,
543 1900 678 1923 omnes
705 1886 983 1933 occiderentur,
1014 1894 1048 1924 et
1074 1899 1209 1924 eorum
1240 1885 1342 1923 bona
1369 1900 1414 1922 ac
1440 1885 1622 1922 omnium
1650 1893 1940 1923 cortesanorum

229 1953 467 1992 ponerentur
496 1945 539 1982 in
558 1946 737 1995 predam,
753 1954 788 1983 et
805 1946 907 1995 quod
933 1954 1026 1983 tunc
1055 1953 1215 1995 propter
1235 1945 1411 1994 furorem
1440 1944 1584 1994 populi
1608 1944 1723 1983 multi
1746 1943 1938 1982 cortesani

230 2002 551 2053 interficerentur.
574 2004 882 2055 Dixit'insuper
905 2004 1072 2055 qualiter
1093 2012 1303 2055 postquam
1322 2003 1416 2042 dicti
1432 2003 1618 2054 officiales
1647 2003 1768 2041 Urbis
1790 2003 1939 2054 promi-

229 2071 361 2101 serant
390 2072 424 2101 et
450 2064 684 2113 juraverant
715 2064 758 2101 in
788 2064 950 2102 ecclesia
981 2063 1120 2102 Sancti
1151 2062 1332 2114 Spiritus
1362 2063 1537 2101 dominis
1560 2062 1838 2101 cardinalibus
1868 2062 1939 2100 illa

231 2135 301 2170 que
328 2122 378 2159 ab
407 2123 463 2160 eis
491 2123 780 2174 requisiverant
798 2123 893 2161 dicti
921 2122 1188 2162 cardinales...
1211 2131 1400 2161 venerunt
1416 2123 1550 2160 eadem
1572 2122 1634 2159 die
1663 2122 1707 2159 in
1734 2122 1846 2160 domo
1864 2136 1940 2159 sua

227 2181 423 2220 antedicta
445 2183 521 2220 duo
543 2197 589 2221 ex
610 2182 726 2221 dictis
747 2182 944 2220 Romanis
966 2182 1109 2220 amicis
1129 2182 1230 2230 suis,
1254 2181 1355 2220 inter
1377 2196 1471 2232 quos
1492 2190 1574 2219 erat
1595 2181 1722 2219 dictus
1743 2189 1940 2231 compater

232 2254 342 2288 suus,
368 2241 513 2291 quibus
536 2242 640 2280 dimit
664 2242 869 2292 ineffectu
893 2256 905 2279 .·
935 2242 1025 2290 Vos,
1050 2241 1205 2279 domini
1228 2241 1416 2289 Romani,
1442 2241 1566 2278 multa
1589 2240 1705 2278 verba
1733 2240 1884 2290 facitis,
1905 2248 1938 2278 et

230 2299 355 2337 nichil
374 2301 615 2350 adimpletis.
637 2301 836 2339 Continue
854 2301 1015 2339 dixistis
1038 2301 1140 2351 quod
1157 2314 1226 2351 per
1243 2300 1444 2338 Romanos
1462 2300 1591 2337 taliter
1608 2308 1690 2337 erat
1710 2299 1939 2337 ordinatum
1968 2306 1973 2320 ¹

230 2359 330 2407 quod
354 2358 547 2398 haberetis
574 2360 738 2398 omnino
763 2375 915 2411 papam
941 2361 1114 2411 aliquem
1139 2360 1369 2398 Romanum
1395 2360 1453 2397 vel
1476 2359 1614 2396 saltem
1646 2358 1859 2397 Ytalicum.
1888 2359 1945 2396 Et,

228 2432 334 2455 nunc
353 2419 469 2456 verba
487 2428 581 2458 sunt
600 2420 694 2470 quia
715 2420 810 2458 tales
828 2419 1116 2471 promissiones
1134 2428 1169 2457 et
1184 2419 1413 2469 juramenta
1430 2418 1605 2467 jecerunt
1623 2417 1736 2455 bodie
1755 2417 1940 2468 officiales

234 2476 353 2514 Urbis
374 2478 536 2515 nomine
552 2479 671 2516 totius
690 2479 833 2529 populi
854 2479 898 2517 in
915 2478 1077 2517 ecclesia
1098 2478 1236 2517 Sancti
1256 2477 1437 2528 Spiritus
1455 2477 1629 2515 dominis
1648 2477 1937 2516 cardinalibus·

233 2535 319 2583 Ipsi
346 2551 431 2574 vero
458 2536 571 2587 quasi
598 2538 840 2576 subridendo
867 2538 1053 2576 dixerunt
1077 2537 1113 2575 ei
1140 2537 1183 2575 in
1208 2537 1346 2587 effectu
1374 2552 1380 2574 :
1414 2536 1562 2584 Videte,
1589 2550 1661 2586 pro
1687 2544 1785 2574 certo
1815 2536 1941 2573 nichil

228 2601 296 2631 aut
319 2596 515 2633 modicum
538 2597 688 2635 dicetur
709 2606 799 2635 ante
823 2597 1047 2647 ingressum
1070 2597 1322 2634 dominorum
1346 2595 1389 2632 in
1410 2596 1601 2642 conclave,
1627 2595 1721 2645 quia
1742 2595 1795 2633 ad
1819 2594 1939 2644 finem

230 2661 269 2690 ut
292 2655 514 2693 cardinales
539 2670 618 2693 non
641 2665 859 2694 terreantur
881 2665 971 2694 ante
996 2656 1220 2705 ingressum
1243 2654 1439 2693 conclavis
1464 2655 1534 2692 illa
1554 2655 1719 2704 fuerunt
1739 2654 1939 2704 promissa

231 2720 263 2748 et
289 2712 443 2760 jurata,·
472 2715 540 2751 sed
567 2723 776 2765 postquam
805 2716 1028 2753 cardinales
1054 2715 1208 2765 fuerint
1237 2714 1280 2751 in
1309 2713 1443 2763 gabia,
1474 2713 1543 2751 hoc
1571 2722 1637 2762 est,
1678 2713 1721 2751 in
1749 2713 1937 2760 conclavi,

228 2778 323 2808 tunc
350 2771 534 2810 videbitis
562 2774 664 2823 quod
690 2783 811 2813 totum
839 2775 1039 2825 palatium
1065 2774 1139 2812 erit
1165 2774 1355 2823 repletum
1383 2772 1614 2810 hominibus
1641 2772 1808 2810 armatis
1834 2780 1869 2810 et
1896 2772 1939 2809 in

232 2830 450 2868 rrastinum
480 2833 751 2881 pulsabuntur
790 2848 983 2883 campane
1015 2833 1153 2872 Sancti
1184 2832 1294 2871 Petri
1333 2839 1365 2869 et
1397 2831 1592 2882 Capitolii
1633 2831 1700 2869 illo
1737 2845 1834 2869 sono
1865 2845 1938 2881 quo

233 2888 325 2926 solet
352 2891 555 2928 convocari
584 2893 759 2941 populus
787 2894 838 2930 ad
864 2907 990 2940 arma,
1020 2901 1054 2930 et
1081 2900 1173 2930 tunc
1200 2899 1302 2929 totus
1328 2891 1504 2941 populus
1532 2890 1657 2928 veniet
1683 2898 1861 2928 armatus
1888 2890 1940 2927 ad

234 2948 403 2994 plateam
429 2957 461 2986 et
487 2950 685 2997 palatium
711 2952 848 2989 Sancti
875 2952 997 2999 Petri,
1024 2960 1058 2990 et
1082 2965 1171 2988 cum
1195 2950 1436 2989 clamoribus
1461 2958 1495 2987 et
1520 2949 1733 2987 terroribus
1757 2957 1791 2987 et
1815 2948 1939 2986 minis

282 3093 312 3125 1.
345 3093 381 3127 F.
409 3094 616 3136 Duchesne,
640 3097 804 3131 Histoire
825 3099 865 3131 de
886 3103 964 3131 tous
986 3099 1034 3131 les
1055 3098 1260 3131 cardinaux
1277 3097 1449 3140 J‘mncois,
1474 3103 1499 3129 t.
1522 3109 1558 3135 11,
1583 3108 1616 3139 p.
1641 3096 1721 3129 438.

283 3146 312 3177 2.
343 3146 375 3177 13.
413 3147 468 3184 N..
498 3160 562 3182 ms.
593 3150 686 3182 latin
713 3150 842 3190 11745,
872 3151 932 3184 fol.
963 3152 1031 3185 185
1059 3156 1109 3185 νο.
