2083 3458
263 222 345 263 240
910 232 1062 258 NOTAE
1096 232 1156 282 Ap
1191 231 1318 256 VITAS
1841 215 1964 271 [741]

315 322 356 359 P.
383 320 470 368 159,
493 320 558 370 lig.
584 320 618 357 4.
644 319 1075 356 TERRACHONENSEM.
1101 315 1155 353 Le
1179 314 1228 352 18
1248 314 1384 364 J'uillet
1407 314 1508 353 1318
1532 314 1705 366 (Μο116ῒ,
1729 329 1769 353 11.
1797 314 1900 353 8235
1922 323 1963 353 et
2012 323 2023 369 f

260 379 535 430 Cocquelines,
560 387 589 417 t.
613 377 687 426 1112,
702 392 741 428 p.
762 376 866 426 167).
893 376 966 414 Les
992 376 1168 424 eveques
1189 373 1325 411 reunis
1349 387 1399 412 en
1422 373 1574 413 concile
1598 375 1620 411 6
1643 373 1890 423 Tan-agone,
1915 361 1964 412 ei]
2006 390 2007 395 ¹

260 439 372 487 1318,
394 438 560 477 avaient
580 437 698 487 opine
717 450 767 475 en
785 436 929 473 faveur
944 434 992 472 de
1006 434 1044 472 16
1065 432 1394 471 demembration
1408 432 1457 472 de
1474 433 1513 471 la
1530 433 1756 483 metropole
1775 433 1834 483 (F.
1856 432 1963 481 Fita,

259 497 436 536 Concilio
457 498 501 534 de
523 496 756 545 Tarragona
774 509 822 532 en
840 492 946 532 1318
965 493 1065 531 dans
1086 491 1281 530 Bolletino
1298 492 1342 529 de
1362 492 1401 530 la
1414 492 1633 530 Academia
1650 492 1695 530 de
1714 492 1754 529 la
1765 491 1964 540 Historia,

258 566 286 596 t.
317 571 462 603 xxvm,
491 571 529 606 p.
558 555 663 604 237).
693 555 747 592 Le
772 567 879 604 pape
914 552 1114 591 entretint
1147 552 1204 590 les
1239 551 1553 590 ambassadeurs
1584 550 1801 601 aragonais
1826 550 1875 590 de
1902 565 1963 590 ses

257 616 410 666 projets
432 615 589 665 (Finke,
608 614 709 651 Acta
725 611 1018 661 Aragonensia,
1038 618 1067 649 t.
1086 625 1113 658 1,
1131 625 1170 661 p.
1191 609 1297 660 473).

311 675 352 713 Ρ.
380 674 467 721 159,
491 674 557 723 lig.
585 673 644 711 12.
671 672 837 710 MILITIA
864 672 1003 709 JHESU
1030 669 1211 707 CHRISTI.
1247 669 1367 708 Liber
1399 669 1570 708 Asnaldi
1602 669 1814 708 camerarii
1839 684 1846 707 :
1874 668 1961 707 Ins*

256 741 492 772 trumentum
525 731 732 782 publicum
770 730 875 768 balla
908 728 1095 780 plumbea
1129 728 1233 778 regis
1266 728 1497 778 Portagalie
1534 728 1726 766 bullatum
1760 728 1963 766 continens

255 793 419 843 qualiter
442 791 626 829 dominas
646 789 870 839 Dionysias
894 803 959 826 rea:
981 787 1213 837 Portagalie
1244 796 1278 825 et
1309 787 1480 838 Algarbi
1513 787 1623 826 misit
1653 788 1816 825 Petrum
1838 787 1960 835 Petri,

253 851 487 889 canonicum
512 849 850 896 Colimbriensem,
877 856 911 885 et
944 847 1114 885 nobilem
1142 846 1366 885 Johannem
1390 847 1600 885 Laurentii
1631 854 1902 897 procuratores
1929 855 1963 885 et

250 910 471 958 familiares
492 924 584 947 snos
607 908 764 946 domino
790 907 969 945 Jolianni
990 921 1094 957 pape
1115 906 1267 955 XXII,
1285 920 1411 957 *super
1433 921 1533 944 nova
1551 906 1787 956 fundatione
1808 905 1963 944 ordinis

252 970 317 1019 qni
338 969 428 1007 ordo
449 968 589 1006 militie
612 968 735 1005 Jliesa
756 966 905 1005 Christi
927 974 1194 1016 nuncapatur.
1218 965 1296 1016 Qui
1317 966 1473 1016 quidem
1492 966 1678 1003 dominus
1697 979 1808 1015 papa
1826 964 1962 1003 omnia

254 1029 353 1066 bona
375 1027 539 1065 mobilia
558 1035 592 1065 et
613 1026 836 1064 immobilia
857 1040 927 1076 qae
948 1025 1154 1073 habebant,
1178 1025 1370 1073 tenebant,
1393 1033 1428 1062 et
1453 1024 1710 1075 possidebant
1741 1023 1961 1075 Templarii

249 1088 328 1125 sive
353 1088 443 1125 ordo
470 1086 788 1136 Templarioram
813 1085 856 1122 in
880 1084 995 1122 dictis
1019 1082 1152 1134 regnis
1175 1084 1406 1133 Portugalie
1430 1092 1464 1121 et
1486 1080 1806 1133 Algarbi'eidem
1829 1083 1961 1121 ordini

251 1147 408 1185 donavit
441 1147 571 1184 eodem
604 1159 690 1195 rege
723 1144 995 1191 consentiente,
1022 1143 1280 1194 approbante,
1307 1151 1341 1181 et
1364 1143 1598 1193 ratificante,
1627 1143 1681 1180 ita
1706 1150 1836 1180 tamen
1861 1143 1964 1193 qaod

250 1206 434 1255 magister
457 1205 550 1243 dicti
574 1204 727 1242 ordinis
750 1203 817 1254 qui
831 1203 953 1253 faerit
969 1211 1002 1240 et
1016 1203 1088 1240 erit
1107 1217 1178 1253 pro
1201 1211 1370 1253 tempore
1393 1210 1567 1240 teneatur
1582 1203 1625 1240 in
1642 1217 1718 1240 saa
1740 1216 1841 1239 nova
1858 1214 1960 1239 crea—
2012 1247 2014 1249 ‚

251 1265 353 1303 tione
381 1265 425 1302 de
453 1264 603 1313 castris,
638 1263 761 1312 bonis,
792 1262 917 1311 terris,
947 1270 982 1300 et
1008 1262 1103 1300 aliis
1132 1276 1202 1312 que
1230 1261 1400 1310 habebit,
1430 1261 1584 1310 tenebit,
1614 1269 1648 1299 et
1676 1260 1895 1311 possidebit
1917 1261 1960 1298 in

249 1324 362 1362 dictis
392 1324 523 1373 regnis
551 1323 676 1373 facere
705 1330 739 1360 et
767 1330 939 1373 prestare
966 1323 1238 1371 juramentum
1268 1321 1469 1371 fidelitatis
1499 1320 1598 1359 dicto
1629 1320 1787 1358 domino
1817 1319 1899 1369 regi
1928 1328 1963 1358 et

247 1383 332 1421 sais
353 1382 654 1430 successoribus,
678 1390 712 1420 et
733 1383 897 1432 insuper
919 1381 1021 1419 idem
1043 1381 1229 1430 magister
1249 1380 1343 1418 dicti
1365 1380 1517 1418 ordinis
1540 1381 1583 1418 in
1602 1380 1737 1430 prima
1765 1379 1830 1417 sai
1859 1392 1960 1417 crea-

249 1443 363 1491 tione,
381 1450 590 1492 antequam
617 1442 731 1479 aliud
757 1440 1018 1489 administret,
1042 1440 1182 1478 habeat
1210 1440 1253 1478 in
1275 1439 1463 1478 manibus
1486 1439 1643 1477 abbatis
1664 1438 1893 1476 monasterii
1917 1439 1962 1476 de

248 1502 474 1549 Alcobacia,
513 1501 786 1539 Cisterciensis
822 1500 989 1548 ordinis,
1033 1499 1316 1538 Utixbonensis
1361 1498 1548 1549 dyocesis,
1586 1498 1745 1536 nomine
1789 1497 1962 1535 Ecclesie

248 1562 423 1599 Romane
448 1561 718 1611 juramentum
744 1568 930 1610 prestare,
960 1559 1062 1609 qnod
1089 1558 1195 1596 debet
1221 1566 1256 1596 et
1283 1566 1431 1596 tenetur
1459 1557 1562 1595 idem
1589 1557 1713 1595 abbas
1741 1557 1910 1607 recipere
1937 1571 1960 1594 a

249 1620 434 1670 magistro
452 1620 545 1658 dicti
563 1619 728 1667 ordinis,
746 1627 863 1669 proiit
879 1618 944 1656 bec
960 1626 994 1656 et
1009 1618 1092 1656 alia
1108 1618 1227 1668 plara
1245 1618 1288 1656 in
1305 1617 1404 1656 dicto
1423 1617 1680 1658 instrumento
1698 1617 1957 1658 continentur,

245 1680 394 1717 Datum
425 1679 799 1717 Sanctarene'anno
827 1677 995 1715 Domini
1027 1677 1310 1725 MCCCXIX,
1344 1677 1406 1714 die
1436 1691 1495 1714 xv
1527 1676 1637 1714 maii⁴
1679 1676 1798 1713 Bulla
1834 1676 1958 1713 ι10611-

248 1739 307 1777 1115
338 1739 467 1776 XXII
494 1738 592 1776 data
619 1737 823 1776 Avenioni
848 1737 984 1775 idibus
1023 1736 1111 1787 [15]
1141 1736 1281 1774 martii
1308 1750 1415 1774 611110
1442 1736 1592 1774 tertio1
1629 1734 1787 1785 [1319],
1812 1734 1855 1772 in
1878 1748 1959 1785 qua

249 1799 511 1836 continentur
536 1811 581 1836 ea
607 1811 711 1847 quae
734 1797 776 1834 in
800 1796 1009 1847 epitomen
1032 1796 1200 1835 redacta
1224 1796 1418 1845 leguntur
1439 1795 1482 1833 in
1504 1795 1608 1833 libro
1633 1793 1803 1832 Arnaldi
1828 1807 1960 1832 came>

248 1858 355 1904 rarii,
381 1857 491 1896 edita
517 1865 578 1895 est
605 1857 859 1906 Ulysippone
884 1870 992 1894 anno
1019 1855 1329 1893 MDCXXVIII
1354 1847 1477 1893 simul
1501 1868 1594 1893 cum
1617 1853 1745 1892 literis
1774 1848 1969 1902 Dionysii¹

249 1917 349 1966 regis
385 1916 531 1966 quibus
567 1930 657 1954 eam
689 1915 997 1954 institutionem
1031 1915 1238 1965 approbat
1272 1922 1313 1953 et
1347 1914 1578 1953 confirmat.
1621 1913 1667 1950 In
1702 1913 1782 1951 fine
1817 1920 1959 1951 autem

249 1975 415 2013 additur
442 1991 449 2013 ε
477 1976 578 2013 Acta
601 1975 763 2024 juerant
787 1974 853 2012 hec
877 1975 1013 2012 omnia
1046 1982 1082 2016 et
1112 1974 1277 2023 singula
1309 1973 1542 2023 supradicta
1567 1972 1805 2011 Sanctarene
1837 1971 1956 2021 Ulyx-

252 2034 432 2072 bonensis
454 2034 640 2084 dyocesis,
665 2035 707 2072 in
729 2034 824 2071 aula
844 2033 1009 2083 predicti
1032 2033 1184 2071 domini
1207 2032 1322 2082 regis,
1346 2033 1485 2083 quinta
1507 2032 1568 2069 die
1590 2031 1736 2069 mensis
1759 2031 1871 2078 maii,
1894 2045 1959 2068 era

249 2094 460 2131 millesima
488 2094 754 2131 trecentesima
782 2093 1113 2143 quinquagesima
1140 2092 1322 2142 septima,
1351 2091 1427 2129 sab
1455 2105 1561 2129 anno
1590 2090 1709 2128 etiam
1738 2089 1961 2128 nativitatis

246 2153 412 2190 Domini
445 2152 652 2190 millesimo
676 2152 939 2189 tercentesimo
978 2152 1124 2189 decimo
1150 2165 1262 2189 nono.
1289 2151 1393 2190 Vide
1417 2150 1660 2198 Marianam,
1683 2149 1753 2188 lib.
1782 2149 1844 2187 XI
1868 2150 1956 2187 Rer.

248 2212 440 2261 Hispan,
476 2225 563 2262 cap.
599 2226 684 2259 xw,
719 2219 761 2249 et
795 2211 1096 2260 Hieronymum
1130 2210 1446 2260 Conestaggium
1473 2209 1591 2248 initio
1623 2209 1717 2247 libri
1749 2208 1870 2259 primi
1899 2208 1962 2246 De

250 2271 520 2319 Portagalliae
541 2270 816 2320 conjunctione
836 2284 925 2308 cam
946 2284 1064 2319 regno
1085 2269 1289 2308 Castellae.

305 2330 346 2367 P.
370 2329 457 2377 159,
484 2330 552 2379 lig.
583 2328 644 2368 34.
677 2329 856 2367 CASSINI.
888 2329 945 2367 La
974 2329 1083 2367 bulle
1112 2328 1336 2367 d’erection
1367 2335 1429 2367 est
1459 2328 1578 2366 datee
1610 2327 1665 2365 du
1693 2326 1715 2364 2
1745 2326 1828 2365 mai
1857 2325 1959 2364 1322

253 2388 545 2438 (Coequelines,
569 2396 599 2427 t.
623 2388 696 2436 1112,
721 2403 759 2439 p.
787 2387 877 2438 185)
903 2396 944 2427 et
966 2389 1005 2426 16
1024 2388 1284 2426 nomination
1301 2387 1355 2425 du
1376 2385 1726 2425 commendataire
1745 2384 1798 2423 du
1824 2384 1848 2423 6
1868 2385 1955 2435 juin

253 2447 351 2485 1323
375 2447 547 2496 (Mollat,
578 2461 615 2487 n.
644 2447 801 2497 17615).

305 2506 346 2545 Ρ.
377 2506 463 2554 160,
486 2507 551 2556 lig.
578 2505 613 2545 6.
639 2506 832 2544 THOMAM
856 2520 1095 2545 EPISCOPUM
1129 2506 1443 2544 HERFORDENS.
1474 2505 1605 2543 Extat
1634 2505 1676 2543 in
1699 2503 1836 2547 codice
1855 2501 1963 2541 2546

251 2564 522 2604 bibliothecae
547 2565 831 2604 Colbertinae²
846 2579 1058 2616 processus
1081 2579 1156 2616 pro
1180 2564 1491 2603 canonizatione
1515 2564 1616 2614 ejus,
1642 2577 1692 2602 ex
1716 2577 1796 2613 quo
1819 2576 1892 2601 nos
1914 2562 1957 2600 in

251 2624 474 2674 appendice
500 2624 665 2663 edemus
685 2625 700 2646 ³
725 2638 829 2674 quae
854 2624 906 2662 ad
931 2624 1064 2673 vitam
1088 2624 1175 2674 ejus
1201 2631 1243 2662 et
1265 2637 1398 2662 mores
1422 2630 1627 2673 spectant.
1651 2622 1771 2660 Bulla
1790 2621 1954 2660 canoni-

251 2682 421 2721 zationis
449 2691 564 2721 extat
589 2684 632 2721 in
657 2683 819 2732 Regesto
846 2683 1017 2722 Joannis
1045 2683 1175 2721 XXII
1200 2682 1474 2721 bibliothecae
1501 2681 1772 2720 Colbertinae.
1800 2679 1957 2718 Eadem

304 2824 330 2855 1.
357 2823 408 2856 La
433 2824 530 2856 bulle
554 2829 610 2857 cst
635 2825 683 2856 du
708 2824 752 2856 14
776 2836 875 2857 mars
899 2825 992 2858 1319
1021 2824 1177 2867 (Mollat‚
1203 2835 1237 2856 n.
1264 2823 1356 2856 9053
1381 2828 1417 2854 et
1442 2821 1562 2864 9055).

302 2879 329 2908 2.
362 2877 400 2908 11.
430 2877 485 2915 N,
511 2889 577 2910 ms.
603 2878 696 2910 latin
721 2877 815 2910 5373
838 2878 883 2917 A,
909 2878 932 2911 f.
960 2879 1003 2911 66
1027 2882 1070 2910 r0.
1841 2914 1846 2918 ,

299 2932 329 2961 3.
353 2930 499 2969 Malum,
522 2937 546 2962 1.
567 2943 617 2969 111,
639 2942 672 2974 p.
696 2931 781 2970 2983
803 2931 884 2963 voir
903 2931 1001 2964 aussi
1021 2931 1071 2963 les
1091 2936 1214 2962 textos
1234 2928 1392 2961 extraits
1413 2929 1462 2960 du
1483 2926 1705 2960 ceremonia]
1727 2927 1770 2959 de
1790 2926 1958 2969 Jacques

252 2982 481 3014 Stefastvlni
509 2995 576 3026 par
602 2984 640 3016 L.
672 2983 716 3016 H.
745 2983 937 3022 Labande,
962 2984 1054 3016 dans
1074 2982 1325 3025 Bibliotlzeque
1348 2982 1389 3014 de
1413 2975 1551 3013 ἰἘέοΙε1
1567 2981 1626 3013 des
1652 2979 1810 3019 Chartes,
1838 2985 1864 3011 t.
1894 2989 1955 3011 L1v

255 3035 387 3076 11893),
428 3048 461 3077 1».
503 3037 611 3069 55—(39
650 3043 687 3069 ct
725 3048 787 3068 sur
824 3037 1012 3080 l’enquete
1045 3036 1108 3080 qui
1141 3036 1200 3068 fut
1236 3035 1326 3067 faite
1363 3046 1409 3067 en
1445 3034 1550 3072 1307,
1585 3033 1634 3066 H.
1669 3033 1724 3072 L.‚
1760 3038 1785 3065 t.
1828 3043 1971 3071 xxxv„

253 3099 284 3129 Ι).
310 3088 429 3120 72-75.
