2083 3458
86 235 237 290 [13851
605 251 822 276 PAPARUM
858 251 1241 277 AVENIONENSIUM
1689 236 1771 277 897

77 334 157 372 Iste
174 333 253 371 fuit
273 333 405 384 primo
421 334 597 373 decanus
622 335 918 373 Laudunensis.
942 335 1095 374 Deinde
1119 350 1211 374 cum
1235 335 1446 386 Philippus
1463 336 1511 374 de
1533 335 1768 383 Alenconio,

73 392 138 431 cui
180 393 394 442 Gregorius
440 394 500 430 XI
544 394 907 432 commendaverat
951 394 1174 434 Ecclesiam
1218 394 1499 442 Auscitanam‚
1542 394 1603 432 uti
1645 408 1766 445 supra

73 467 111 502 p.
135 452 235 490 1245
257 452 414 490 dictum
435 461 509 499 est,
531 468 570 491 se
591 452 817 491 addixisset
840 453 1007 491 Urbano
1024 454 1079 490 VI
1101 462 1242 491 contra
1260 454 1511 492 Clementem
1531 454 1767 504 septimum,

71 510 147 549 iste
171 511 458 550 commendam
482 512 684 550 Ecclesiae
708 512 940 550 Auxitanae
963 512 998 550 ei
1022 513 1164 550 datam
1176 513 1400 560 revocavit,
1417 512 1766 563 archiepiscopum

73 570 329 608 Auxitanum
357 570 539 609 creavitl
566 572 675 610 hunc
703 572 907 609 Joannem
931 571 1140 609 Flandrini
1174 571 1299 610 literis
1324 571 1430 610 datis
1463 572 1573 622 apud
1602 572 1766 622 Spelon-

71 643 164 679 gam
199 644 269 667 xm
304 629 382 668 kal.
406 629 496 679 julii
530 644 638 668 anno
661 631 794 681 primo
820 630 884 681 [19
907 630 996 679 juin
1034 630 1167 680 1379].
1194 631 1362 669 Interim
1387 646 1519 669 comes
1554 631 1765 668 Armania>

70 688 212 736 censis,
240 688 383 726 audito
409 690 517 727 hunc
544 688 943 740 archiepiscopatum
970 703 1135 728 vacasse
1162 705 1233 740 per
1258 690 1560 740 promotionem
1588 689 1765 740 Philippi

68 747 121 785 ad
151 747 467 794 cardinalatum,
498 763 567 786 seu
596 763 668 799 per
697 748 969 786 desertionem
998 749 1180 799 partium
1210 749 1442 797 Clementis,
1475 749 1536 787 die
1568 749 1762 798 vigesima

67 806 274 856 sequentis
301 806 449 845 mensis
477 807 653 846 octobris
679 807 841 858 scripsit
856 808 907 845 ad
924 801 1188 855 Clementem,
1216 822 1332 846 orans
1352 808 1414 846 uti
1438 808 1761 858 archiepiscopa-

67 873 158 903 tum
182 865 297 903 illum
323 865 502 904 conferre
525 867 647 904 vellet
662 866 703 904 in
727 866 965 917 episcopum
991 868 1338 906 Lactoratensem.
1362 868 1423 904 Ad
1450 882 1552 917 quae
1577 868 1759 905 Clemens

66 925 278 975 respondit
310 925 372 963 die
406 940 491 963 xvn
524 925 756 964 novembris
788 940 873 964 rem
905 940 985 963 non
1016 941 1100 964 esse
1132 926 1347 976 integram,
1381 926 1530 976 quippe
1563 926 1631 963 diu
1663 934 1758 964 ante

65 992 255 1034 acceptas
287 984 374 1033 ejus
406 984 563 1022 litteras
596 984 834 1035 praefecisse
868 1000 907 1023 se
948 985 1040 1023 huic
1073 985 1262 1023 ecclesiae
1297 986 1499 1024 Joannem
1533 985 1756 1033 Flandrini,

66 1057 188 1092 quem
222 1043 257 1081 ei
291 1043 469 1081 multum
504 1044 780 1082 commendat.
819 1045 880 1081 Ex
914 1044 1060 1093 quibus
1097 1052 1260 1082 constat
1294 1047 1424 1082 errare
1461 1044 1681 1083 Oldoinum
1716 1044 1756 1081 in

65 1103 264 1140 Athenaeo
291 1117 465 1149 romano,
483 1118 522 1153 p.
541 1104 630 1150 407,
649 1103 896 1142 scribentem
923 1104 1030 1141 hunc
1050 1104 1253 1141 Joannein
1270 1104 1322 1141 ad
1341 1103 1586 1153 dignitatem
1603 1103 1754 1141 archie-

63 1161 219 1212 piscopi
246 1161 459 1200 Auscitani
485 1162 712 1200 ascendisse
740 1162 1028 1201 canonicorum
1054 1162 1268 1212 suffragiis.

117 1221 236 1259 Anno
272 1221 498 1268 MCCCXC,
535 1221 598 1259 die
634 1237 720 1259 xvn
756 1221 904 1260 mensis
941 1221 1131 1267 octobris,
1168 1222 1350 1260 Clemens
1386 1236 1494 1272 papa
1529 1236 1622 1259 eum
1658 1220 1754 1259 fecit

61 1280 349 1330 presbyterum
379 1280 640 1319 cardinalem.
674 1282 774 1319 Erat
803 1289 943 1319 autem
973 1281 1131 1319 absens.
1165 1282 1312 1319 Postea
1342 1281 1456 1319 venit
1485 1280 1752 1328 Avenionem,

62 1347 103 1378 et
127 1339 302 1378 intravit
326 1339 480 1377 curiam
505 1354 614 1377 anno
638 1340 826 1390 sequenti
851 1340 913 1378 die
940 1355 1026 1377 xvn
1049 1339 1166 1390 junii.
1193 1341 1297 1378 Tum
1321 1340 1461 1389 itaque
1487 1340 1607 1377 datus
1633 1339 1668 1377 ei
1692 1347 1753 1377 est

60 1398 207 1437 titulus
229 1399 475 1437 Sanctorum
496 1399 666 1437 Joannis
687 1408 728 1438 et
749 1399 877 1437 Pauli.
902 1399 1043 1437 Dictus
1066 1399 1187 1449 vulgo
1207 1399 1423 1437 cardinalis
1445 1398 1750 1436 Auxitanensis.

115 1458 233 1496 Anno
261 1458 536 1496 MCCCXCIV
561 1458 750 1497 interfuit
776 1458 964 1497 electioni
989 1458 1202 1497 Benedicti
1230 1459 1351 1497 XIII.

113 1518 232 1555 Anno
258 1517 509 1556 MCCCXCV
532 1517 807 1568 interrogatus
833 1532 855 1555 a
882 1517 1052 1556 ducibus
1081 1517 1288 1564 Franciae,
1324 1517 1393 1567 qui
1425 1525 1515 1554 tum
1543 1516 1751 1555 Avenione

59 1585 191 1624 erant,
212 1591 265 1614 an
284 1577 534 1628 approbaret
554 1577 665 1614 viam
685 1577 874 1615 cessionis
896 1577 1236 1615 contendentium
1250 1577 1297 1614 de
1318 1584 1608 1627 papatu‚uteo
1628 1575 1750 1613 modo

59 1636 195 1674 unitas
213 1636 396 1675 revocari
413 1645 552 1687 posset
569 1636 610 1674 in
630 1636 866 1683 Ecclesiam,
886 1636 990 1674 dixit
1009 1636 1023 1659 2
1040 1652 1079 1674 se
1098 1636 1316 1674 adhaerere
1337 1635 1516 1686 opinioni
1534 1633 1750 1673 cardinalis

61 1695 385 1746 Pampilonensis
407 1727 414 1743 ,
432 1696 467 1733 si
484 1710 552 1745 per
569 1696 674 1733 viam
691 1711 809 1746 quam
825 1704 922 1733 tenet
938 1697 990 1733 ad
1006 1695 1193 1733 unionem
1210 1695 1381 1733 deveniri
1399 1695 1535 1745 possit.
1560 1694 1749 1743 Verump-

59 1762 189 1792 tamen
212 1755 302 1792 bene
322 1755 423 1793 dixit
442 1756 543 1805 quod
559 1755 595 1792 si
615 1756 736 1792 honor
754 1764 788 1792 et
807 1755 966 1792 libertas
987 1755 1169 1801 Ecclesia,
1192 1754 1342 1792 domini
1363 1754 1485 1791 nostri
1505 1767 1607 1803 pape
1627 1753 1749 1789 Bene-

60 1813 167 1861 dicti,
190 1822 225 1852 et
246 1815 365 1852 etiam
387 1815 525 1852 domus
548 1815 731 1860 Francie,
755 1822 788 1851 et
810 1829 943 1851 eorum
966 1814 1032 1863 qui
1055 1814 1300 1852 crediderunt
1322 1822 1355 1851 et
1375 1814 1555 1862 foverunt
1578 1820 1750 1849 nostram

58 1881 209 1923 partem
235 1882 452 1911 servaretur
480 1888 547 1924 per
575 1874 680 1911 viam
708 1873 909 1920 cessionis,
938 1882 972 1910 et
1000 1873 1179 1911 intrusus
1206 1873 1334 1922 primo
1362 1873 1488 1910 cedere
1517 1872 1635 1918 vellet,
1666 1870 1750 1920 ipse

59 1932 244 1970 dominus
278 1933 496 1971 cardinali-s·
529 1942 627 1971 tenet
661 1934 762 1982 quod
795 1933 980 1970 <lominus
1015 1941 1141 1970 noster
1174 1947 1283 1982 papa
1317 1933 1443 1969 cedere
1478 1939 1683 1976 teneretur,·
1717 1937 1751 1966 et

57 1991 158 2029 hanc
175 1992 281 2029 viam
298 1992 485 2030 cessionis
504 1993 546 2029 in
564 1993 632 2030 hoc
648 2007 741 2029 casu
759 2000 947 2041 tanquam
965 1992 1161 2029 meliorem
1177 1991 1357 2029 consulit.
1378 1991 1477 2028 Vide
1495 1998 1609 2027 tomo
1633 1997 1750 2027 sexto

59 2050 269 2100 Spicilegii
295 2051 582 2097 Dacheriani3,
606 2066 644 2101 p.
672 2051 758 2098 141,
782 2051 852 2088 ubi
874 2051 1091 2100 legendum
1113 2059 1175 2088 est
1206 2050 1423 2088 cardinalis
1446 2051 1489 2086 de
1512 2048 1646 2086 Auxio
1678 2061 1750 2098 pro

58 2110 274 2148 cardinalis
303 2112 346 2148 de
373 2110 546 2157 Astensi,
574 2110 636 2148 uti
662 2111 788 2148 habet
815 2110 944 2148 codex
968 2109 1046 2147 606
1072 2110 1343 2147 bibliothecae
1371 2108 1628 2147 Colbertinae
1644 2106 1673 2153 4,
1700 2121 1750 2144 ex

59 2183 139 2219 quo
167 2169 245 2207 ista
273 2169 385 2207 edita
413 2178 522 2208 sunt.

112 2229 210 2266 Post
241 2228 420 2266 reditum
453 2229 604 2267 ducum
636 2229 688 2266 ad
720 2243 868 2278 regem,
901 2228 1107 2278 perlatum
1138 2236 1200 2265 est
1232 2227 1284 2264 ad
1325 2241 1418 2265 eum
1451 2241 1534 2264 esse
1567 2225 1608 2262 in
1641 2224 1750 2262 curia

60 2287 247 2325 Romana
282 2288 483 2337 quosdam
517 2287 586 2338 qui
620 2296 865 2325 conarentur
899 2287 1121 2325 cardinales
1150 2287 1201 2324 ab
1235 2300 1281 2324 ea
1308 2286 1495 2336 opinione
1531 2284 1750 2322 dimovere.

59 2346 170 2395 Quae
199 2362 259 2385 res
289 2347 466 2385 maxime
497 2346 722 2385 commovit
749 2347 835 2396 ejus
865 2346 1061 2384 animum.
1096 2346 1240 2395 Itaque
1269 2345 1321 2382 ad
1349 2359 1414 2383 eos
1445 2342 1749 2382 confirmandos

57 2405 219 2456 scripsit
242 2405 378 2444 literas
403 2421 560 2456 graves,
584 2406 704 2443 simul
726 2405 991 2455 expostulans
1015 2405 1063 2443 de
1087 2419 1228 2442 eorum
1250 2403 1469 2453 iniquitate
1494 2402 1565 2452 qui
1587 2416 1750 2440 concor-

58 2464 169 2502 diam
197 2464 393 2515 impedire
423 2465 524 2503 velle
554 2464 816 2503 videbantur.
850 2464 1074 2514 Rescripsit
1092 2463 1107 2486 5
1136 2464 1188 2501 ad
1217 2477 1352 2513 regem
1381 2460 1596 2501 cardinalis
1628 2460 1751 2498 Auxi-

56 2523 238 2561 tanensis
259 2523 321 2562 die
342 2532 489 2562 octava
510 2523 687 2562 octobris
707 2538 747 2561 se
767 2523 807 2560 in
827 2537 872 2561 ea
893 2522 1097 2561 sententia
1116 2522 1330 2572 persistere
1351 2535 1476 2571 quam
1493 2526 1753 2571 prompserat

103 2695 135 2727 1.
153 2693 252 2726 Jean
269 2693 449 2726 Flandrin
465 2693 597 2726 devint
612 2694 847 2736 archeveque
865 2693 1013 2725 d'Auch
1028 2693 1060 2725 le
1077 2693 1120 2725 20
1136 2692 1212 2725 mai
1228 2692 1407 2735 1379‚par
1421 2690 1642 2725 revocation
1658 2691 1753 2723 dela

54 2747 276 2780 commende
295 2747 473 2780 accordee
492 2747 512 2778 a
530 2746 628 2779 Jean
646 2747 689 2778 de
709 2745 917 2779 Cardaillac
935 2745 1000 2789 qui
1018 2745 1123 2778 avait
1140 2745 1296 2778 succede
1315 2745 1336 2777 a
1355 2745 1526 2789 Philippe
1545 2744 1753 2785 d'Alencon

58 2799 205 2843 (Eubel,
234 2800 464 2838 Hierarchz'a,
492 2805 518 2832 t.
545 2811 569 2839 1,
597 2811 632 2842 p.
660 2799 757 2842 121).

104 2853 135 2886 2.
162 2852 344 2886 Archives
372 2852 605 2892 Nationales‚
632 2852 669 2885 J.
698 2852 778 2892 518,
804 2852 867 2885 fol.
887 2852 956 2884 102
981 2856 1026 2892 r0,
1042 2857 1079 2884 et
1104 2851 1273 2885 Martene
1300 2851 1561 2895 (Amplissima
1584 2850 1751 2890 collectio,

55 2911 80 2939 t.
113 2918 175 2946 vn,
206 2907 273 2939 col.
304 2906 402 2949 471).

103 2960 135 2992 3.
165 2959 373 3002 Bellaguet,
403 2965 430 2992 t.
459 2970 496 2998 11,
527 2969 562 3001 p.
594 2958 674 2991 274.

103 3012 136 3045 4.
168 3012 209 3045 B.
244 3012 302 3051 N.,
334 3023 402 3045 ms.
434 3010 531 3044 latin
561 3010 666 3051 5958,
697 3011 760 3044 fol.
793 3011 863 3043 124
894 3015 944 3044 νο.

104 3066 136 3098 5.
156 3064 339 3104 Martene‚
358 3076 416 3108 op.
436 3065 507 3104 cit.‚
528 3069 554 3097 t.
575 3076 638 3103 vn,
658 3064 725 3097 col.
746 3064 827 3097 537.
846 3082 894 3086 --
911 3062 981 3096 Sur
998 3063 1096 3096 Jean
1115 3062 1307 3103 Flandrin,
1327 3062 1409 3096 voir
1428 3063 1471 3095 N.
1492 3062 1619 3095 Valois
1641 3062 1680 3104 (t.
1699 3073 1751 3101 1v,

54 3130 89 3162 p.
123 3118 219 3162 571).

716 3200 867 3222 BALUzE
893 3192 938 3222 ΙΙ.
961 3209 1008 3214 —
1026 3191 1069 3223 29
