2083 3458
90 292 240 348 [1255]
608 307 826 333 PAPARUM
861 308 1246 333 AVENIONENSIUM
1698 292 1775 333 777

134 389 206 428 Die
229 388 374 427 deinde
397 403 468 426 XVI
489 389 654 438 augusti
674 390 812 440 regina
834 399 979 430 mutuo
1000 390 1160 441 accepit
1183 406 1205 429 a
1229 391 1477 442 quibusdam
1505 392 1779 430 cardinalibus

80 449 282 500 quasdam
311 448 508 498 pecuniae
540 463 736 495 summas,
766 457 808 487 et
838 449 945 488 inter
975 450 1046 488 hos
1077 450 1129 488 ab
1163 451 1448 489 Ebredunensi
1478 460 1645 489 centum
1676 466 1780 490 mar-

79 509 175 547 chas
204 506 375 557 argenti.
407 508 509 545 Cum
537 522 633 546 vero
662 508 913 558 praestituta
941 509 1128 547 solvendi
1157 510 1239 563 dies
1269 510 1519 558 advenisset,
1548 519 1589 549 et
1618 511 1679 549 die
1710 526 1780 548 xv1

79 566 287 618 sequentis
312 566 461 604 mensis
486 567 729 616 septembris
753 567 819 605 illa
843 568 1005 606 eosdem
1031 568 1255 607 cardinales
1280 584 1351 619 per
1372 569 1609 620 episcopum
1633 571 1781 608 Carno-

80 635 239 666 tensem
257 634 441 675 rogasset
460 625 521 663 uti
541 626 675 664 adhuc
695 636 932 677 exspectare
952 627 1119 675 vellent,
1139 636 1179 665 et
1200 629 1442 667 Albanensis
1462 637 1624 679 tempus
1645 644 1781 679 proro-

82 693 218 736 gasset
232 699 361 735 usque
379 685 431 722 ad
449 684 557 722 diem
576 685 728 723 festum
746 686 1045 736 purificationis
1062 687 1108 725 B.
1129 687 1293 734 Mariae,
1313 688 1560 726 Arelatensis
1578 703 1707 738 usque
1730 689 1781 726 ad

82 746 234 784 festum
261 743 455 783 Omnium
481 744 741 792 Sanctorum,
770 745 1072 784 Ebredunensis
1099 745 1207 784 diem
1232 747 1449 797 praefinire
1475 747 1621 794 noluit,
1642 762 1781 798 accep-

81 813 222 843 turum
245 818 285 842 se
310 817 517 842 summani
541 803 618 841 sibi
642 804 828 842 debitam
853 819 924 854 pro
951 804 1220 843 facultatibus
1246 815 1286 844 et
1311 807 1528 845 voluntate
1546 806 1728 856 reginae3
1756 807 1784 843 il

80 864 244 902 accorcla
264 871 379 900 terme
400 870 521 912 quant
543 863 733 900 Madame
754 878 902 913 pourra
922 872 956 901 et
975 865 1137 902 maldra
1169 865 1372 915 [Journal,
1394 880 1432 915 p.
1455 866 1532 903 379
1551 874 1592 904 et
1613 866 1728 916 414]

136 924 254 960 Anno
286 922 690 969 MCCCLXXXVIL
722 923 784 961 die
817 937 876 960 xx
908 923 1147 971 decembris,
1179 925 1289 974 apud
1322 924 1576 964 Avenionem
1606 925 1781 975 sigillata

84 982 161 1020 fuit
196 981 323 1019 littera
358 995 427 1031 per
461 995 580 1031 quam
615 982 776 1019 domina
811 982 984 1020 concedit
1017 983 1214 1021 cardinali
1250 984 1525 1021 Ebredunensi
1559 985 1781 1034 facultatem

81 1040 256 1090 faciendi
291 1040 520 1078 donationes
554 1040 784 1078 hominibus
818 1041 1045 1078 Barcilonie
1077 1042 1128 1080 ad
1164 1039 1449 1092 beneplacitum
1482 1044 1649 1082 domine.
1689 1044 1784 1081 Item

83 1101 166 1139 alia
189 1100 317 1138 littera
340 1114 408 1149 per
431 1114 549 1149 quam
572 1100 696 1137 eidem
720 1100 878 1137 domino
902 1100 1100 1138 cardinali
1124 1102 1296 1140 concedit
1318 1111 1542 1152 potestatem
1565 1102 1784 1140 remittendi

84 1159 255 1198 crimina
270 1167 304 1196 et
319 1159 493 1208 offensas
510 1160 832 1209 quandocumque
849 1159 943 1197 dicti
960 1160 1004 1197 de
1021 1160 1253 1199 Barcilonia
1272 1163 1324 1199 ad
1346 1162 1608 1200 obedientiam
1631 1161 1786 1200 domine

85 1220 210 1256 volent
227 1218 357 1256 venire
387 1218 591 1268 [Journal,
611 1233 650 1267 p.
671 1218 745 1256 482
760 1219 786 1268 ]

18 1298 25 1314 l
139 1277 252 1316 Obiit
280 1292 389 1315 anno
421 1277 808 1325 MCCCLXXXIX,
840 1277 903 1316 die
934 1278 1091 1316 decima
1122 1279 1301 1328 augusti,
1331 1288 1378 1317 ut
1408 1281 1585 1318 habetur
1614 1280 1654 1317 in
1684 1280 1786 1317 libro

85 1336 397 1386 Obligationum.
422 1336 560 1375 Fuisse
585 1351 704 1386 porro
729 1337 1039 1387 octogenarium
1063 1338 1255 1376 observat
1280 1339 1471 1388 Aegidius
1494 1340 1721 1378 Bellamera
1746 1338 1787 1376 in

84 1396 341 1447 prooemium
358 1396 625 1433 Decretalium
644 1396 704 1434 his
726 1396 860 1435 verbis
883 1412 890 1434 ε
912 1397 1022 1434 Bone
1042 1398 1223 1434 memorie
1242 1399 1428 1435 dominus
1447 1400 1643 1448 quondam
1662 1398 1786 1436 cardi-

86 1456 190 1494 nalis
216 1455 526 1502 Ebredunensis,
553 1455 621 1505 qui
646 1455 957 1505 octuagesimum
981 1456 1094 1493 etatis
1117 1471 1186 1494 sue
1209 1472 1364 1495 [trinum
1388 1472 1510 1506 agens
1535 1459 1591 1495 vel
1615 1458 1731 1505 circa,
1756 1465 1789 1494 et

86 1515 128 1553 in
152 1516 243 1553 lecto
268 1515 403 1552 mortis
426 1523 622 1564 egrotans,
646 1529 714 1565 per
735 1530 886 1565 paucas
905 1515 1021 1552 horas
1042 1524 1132 1553 ante
1154 1516 1304 1553 obitum
1324 1517 1522 1555 nitebatur
1542 1518 1586 1555 de
1602 1516 1789 1566 apicibus

85 1574 271 1623 theologie
294 1574 509 1624 disputare.

144 1634 189 1671 In
212 1633 418 1672 codicibus
440 1631 530 1680 812,
553 1632 642 1680 814,
667 1641 707 1671 et
729 1632 805 1671 822
828 1633 1100 1672 bibliothecae
1124 1634 1380 1673 Colbertinae
1400 1635 1414 1657 1
1442 1644 1559 1674 extat
1581 1643 1784 1673 tractatus

86 1693 203 1731 istius
229 1692 446 1731 cardinalis
471 1707 592 1742 super
616 1693 789 1732 materia
813 1692 971 1731 concilii
995 1693 1190 1743 generalis
1215 1694 1394 1732 habendi
1417 1695 1481 1732 vel
1504 1709 1587 1732 non
1609 1694 1787 1732 habendi

87 1752 129 1790 in
150 1751 314 1802 negotio
336 1751 585 1799 schismatis,
608 1760 648 1790 et
670 1752 879 1790 concludit
901 1766 982 1789 non
1004 1767 1087 1790 esse
1111 1752 1344 1791 faciendum
1367 1754 1582 1792 concilium
1605 1754 1787 1803 generale

87 1826 209 1862 super
227 1811 504 1850 declaratione
524 1811 624 1849 faeti
645 1811 862 1850 Ecclesiae.
894 1812 938 1848 In
964 1811 1091 1850 veteri
1114 1812 1250 1850 codice
1271 1827 1344 1851 ms.
1364 1813 1603 1851 Carthusiae
1623 1812 1787 1862 majoris

89 1879 207 1909 extat
228 1870 330 1908 alius
352 1870 538 1920 ejusdem
558 1879 765 1909 tractatus
788 1871 836 1909 de
858 1871 1002 1909 eadem
1025 1871 1196 1909 materia
1216 1871 1243 1910 ².

144 1930 206 1967 Ex
236 1938 355 1980 gente
384 1928 501 1967 istius
532 1929 748 1968 cardinalis
781 1930 944 1968 videtur
974 1930 1095 1968 fuisse
1127 1931 1270 1969 Petrus
1303 1930 1447 1969 Amelii
1476 1930 1710 1969 licentiatus
1750 1930 1790 1967 in

90 1988 312 2039 legibus‚de
329 2003 409 2039 quo
423 1990 523 2027 haec
537 1989 731 2038 leguntur
746 1988 786 2026 in
806 1989 912 2027 calce
932 1989 1081 2027 codicis
1102 1988 1180 2027 395
1196 1989 1468 2028 bibliothecae
1488 1989 1745 2029 Colbertinae
1762 1988 1790 2027 3:

94 2049 170 2086 Iste
186 2049 309 2086 ‘codex
329 2055 385 2085 est
407 2047 483 2085 mei
506 2048 615 2086 Petri
640 2048 788 2086 Amelii
813 2048 855 2086 in
879 2048 1033 2097 legibus
1055 2049 1260 2096 licentiati,
1284 2064 1395 2099 quem
1417 2049 1492 2087 erni
1514 2049 1792 2087 abberedibus

90 2107 354 2145 Bartholomei
383 2104 592 2145 Laurentii
621 2107 950 2145 Carcassonensis
979 2107 1103 2157 pretio
1130 2108 1242 2145 XIX
1267 2109 1495 2157 francorum
1526 2109 1619 2145 bone
1648 2115 1793 2145 monete

90 2166 294 2204 currentis.
319 2166 370 2203 Et
394 2167 485 2204 bene
507 2167 618 2214 valet,
643 2166 737 2216 quia
759 2175 859 2204 tolus
880 2167 1040 2216 pulcher
1061 2175 1096 2204 et
1116 2175 1305 2205 correctus
1326 2176 1394 2214 est,
1418 2182 1485 2205 nec
1512 2169 1622 2205 detur
1644 2166 1788 2204 minori

89 2225 226 2275 pretio.
246 2226 350 2264 Item
367 2225 408 2263 in
425 2226 532 2264 calce
550 2225 700 2264 codicis
719 2225 796 2264 478
810 2226 995 2275 ejusdem
1012 2225 1310 2264 bibliothecae4
1330 2242 1336 2263 :
1355 2227 1431 2264 Iste
1448 2226 1660 2264 Bartlzolus
1675 2240 1794 2275 super

90 2285 262 2322 secunda
281 2293 391 2334 parte
412 2284 611 2333 infortiati
631 2293 685 2322 est
705 2285 780 2322 mei
800 2285 908 2322 Petri
928 2285 1077 2322 Amelii
1099 2285 1141 2321 in
1161 2285 1314 2333 legibus
1334 2285 1542 2331 licentiati,
1562 2293 1598 2322 et
1618 2285 1793 2323 constitit

93 2344 179 2381 XX
202 2351 312 2381 scuta
335 2358 424 2381 cum
447 2344 547 2389 ali03
574 2358 686 2393 quem
710 2344 786 2381 emi
810 2344 860 2382 ab
886 2358 1002 2381 umore
1020 2344 1197 2381 advocati
1215 2344 1317 2393 regis
1339 2344 1595 2391 Carcassone,
1620 2352 1795 2394 presente

94 2402 281 2452 magistro
305 2403 488 2440 ,Iohanne
511 2403 765 2450 Nlercaderii,
789 2403 941 2440 notario
965 2403 1079 2451 burgi
1100 2403 1353 2441 Carcassone.

148 2462 191 2500 P.
224 2462 314 2508 473,
342 2461 409 2511 lig.
443 2462 503 2500 19.
540 2462 801 2500 NICHOLAUM
836 2477 889 2499 DE
920 2462 1180 2499 BRANCACHS
1204 2463 1254 2499 ab
1280 2470 1438 2512 utroque
1464 2463 1579 2499 latere
1602 2476 1647 2499 eo:
1671 2461 1796 2499 nobili

93 2520 284 2570 prosapia
314 2528 347 2558 et
377 2535 513 2569 genere
544 2520 711 2558 militari
742 2529 1000 2570 procreatum,
1031 2529 1078 2558 ut
1107 2535 1158 2559 ex
1186 2521 1310 2558 tertio
1340 2520 1559 2571 capitulari
1588 2520 1796 2558 volumine

145 2645 176 2678 1.
208 2645 294 2678 Mss.
318 2644 431 2677 latins
454 2644 561 2684 1472,
584 2645 646 2677 fol.
670 2645 716 2678 46
737 2645 835 2678 r0-52
857 2649 905 2684 r⁰;
929 2644 1035 2684 1469,
1058 2644 1120 2678 fol.
1145 2646 1190 2677 76
1213 2646 1317 2678 v0—80
1340 2650 1380 2676 vo
1400 2651 1438 2677 et
1468 2644 1573 2685 1463,
1597 2645 1659 2678 fol.
1684 2646 1728 2678 83
1750 2650 1799 2678 1¹⁰-

96 2699 139 2731 87
170 2702 220 2730 v0.
249 2717 298 2720 —
325 2697 374 2730 Le
404 2697 516 2731 traite
546 2709 566 2730 a
595 2699 653 2731 ete
682 2698 809 2741 publie
838 2709 905 2741 par
935 2698 973 2730 P.
1004 2698 1309 2730 Bliemctzriedcr
1341 2697 1594 2740 (Literarische
1621 2698 1798 2736 Polemilc,

95 2763 129 2794 p.
167 2751 329 2794 91-111).
644 2787 646 2790 ¹

147 2805 177 2837 2.
208 2804 358 2843 Baluze,
384 2810 409 2836 t.
432 2816 482 2842 lv,
508 2816 541 2846 p.
568 2804 737 2836 201-206.
761 2823 809 2826 —
830 2803 901 2836 Sur
924 2803 1046 2836 Pieri-c
1069 2803 1201 2843 Amiel‚
1227 2803 1308 2836 voir
1329 2804 1364 2836 la
1386 2804 1509 2837 notice
1542 2816 1613 2848 que
1635 2805 1670 2848 je
1693 2804 1744 2837 lui
1767 2804 1800 2836 ai

97 2858 295 2890 consacree
312 2857 405 2889 dans
420 2857 451 2889 le
476 2857 734 2889 Dictionnaire
760 2856 963 2889 d’Histoire
989 2862 1019 2889 et
1046 2857 1086 2889 de
1111 2857 1339 2900 Biographie
1356 2857 1652 2900 ecchisimtiques,
1684 2857 1800 2897 Paris,

99 2910 204 2949 1914,
231 2916 257 2942 t.
293 2922 330 2948 11,
364 2909 431 2942 001.
470 2910 690 2948 1252-1253,
726 2909 765 2942 Ρ.
803 2909 935 2942 Fedele
976 2909 1154 2951 (L’amore
1177 2910 1214 2942 di
1252 2909 1445 2942 Giovanna
1477 2910 1514 2943 di
1543 2910 1804 2954 Durazzo'per

102 2963 257 2996 Aimone
274 2963 343 2995 ΙΙΙ
360 2963 397 2995 cli
419 2962 586 2995 Ginevra.
607 2962 734 3001 Turin,
753 2962 846 2995 1913
868 2962 969 3004 (Ext.
985 2963 1048 2994 des
1066 2963 1308 2995 Miscellanea
1324 2963 1361 2995 di
1378 2963 1486 2996 Studi
1501 2964 1682 2996 storictin
1697 2975 1805 2996 onore

99 3016 137 3048 di
152 3015 197 3049 A.
217 3015 390 3058 Manno),
408 3015 443 3048 J.
462 3015 510 3048 M.
528 3015 640 3047 Vidal
659 3015 838 3058 (Bullaire
854 3015 895 3047 de
914 3014 1171 3058 l’Inquisition
1184 3015 1380 3058 srzmcaise,
1406 3015 1521 3056 Paris,
1544 3016 1649 3055 1913,
1668 3028 1702 3060 p.
1719 3017 1802 3056 378,

25 3082 41 3092 ·
100 3068 287 3112 510-515),
318 3067 684 3101 ΒεηίΠε-Οὴόῑο13ἰη
714 3067 1016 3110 (Chartularium,
1046 3074 1071 3100 t.
1099 3080 1150 3107 111,
1180 3080 1213 3111 p.
1243 3069 1339 3111 738).

149 3123 181 3155 3.
212 3121 252 3154 B.
281 3121 338 3160 N.‚
365 3125 432 3154 ms'.
458 3121 554 3153 latin
576 3120 681 3153 4533.

150 3175 182 3207 4.
214 3174 254 3207 B.
278 3174 336 3213 N„
357 3186 423 3207 ms.
444 3173 540 3206 latin
557 3172 651 3206 4494
673 3172 698 3206 1.
