2083 3458
297 218 378 258 268
946 226 1097 252 NOTAE
1128 188 1191 250 *AD
1227 224 1354 249 VITAs
1877 206 2003 262 [766]

296 330 387 355 nem
416 314 524 353 Petri
550 312 766 352 Bertrandi
794 326 815 349 a
843 309 1044 361 dignitate
1071 307 1301 347 cardinalis.
1330 307 1436 344 Tum
1461 321 1557 345 vero
1585 307 1765 345 Joannes
1794 305 1924 343 XXII
1951 305 2003 344 ad

300 374 520 413 Ecclesiam
547 373 658 410 illam
686 370 901 409 transtulit
930 369 1134 407 ,Ioannem
1162 367 1210 405 de
1242 365 1378 404 Arceis
1398 366 1412 388 1
1439 366 1677 416 episcopum
1700 364 2002 413 Mimatensem,

295 442 384 471 tum
404 433 629 478 absentem,
650 440 695 468 ut
716 430 869 480 opinor.
893 427 1058 466 Etenim
1078 440 1170 465 cum
1189 424 1404 476 promissio
1423 425 1472 463 de
1491 425 1696 463 solvendis
1716 423 2004 463 communibus

295 492 469 531 servitiis
494 504 675 529 camerae
699 488 854 527 domini
875 501 1007 538 papae
1029 494 1070 524 et
1093 484 1260 535 collegio
1283 484 1545 523 dominorum
1565 483 1836 523 cardinalium
1858 490 2004 521 exacta

295 552 347 590 sit
378 552 428 588 ab
460 551 642 596 Alberto,
675 549 803 587 electo
826 545 1074 593 Miniatensi,
1102 544 1165 582 die
1189 558 1294 581 XXIII
1321 543 1561 592 decembris,
1584 543 1765 581 ‚Ioannes
1788 550 1930 581 autem
1955 542 2004 581 de

294 610 430 648 Arceis
459 623 548 648 eam
576 608 717 646 fecerit
736 607 750 629 ‘2
778 606 840 645 die
868 613 1036 643 tantum
1064 618 1107 641 XI
1136 602 1344 653 sequentis
1372 602 1521 641 mensis
1549 601 1740 652 januarii,
1769 600 2005 640 existimare

292 670 388 708 licet
410 669 467 706 ita
492 668 649 706 factum
672 681 755 704 esse
778 672 947 715 propter
969 662 1202 702 absentiam
1225 662 1325 712 ejus.

350 728 436 776 Quo
451 728 540 765 loco
557 725 864 764 admonendum
876 731 938 762 est
951 722 1291 761 Sammarthanos
1306 721 1349 759 in
1361 721 1549 769 Catalogo
1560 720 1837 771 episcoporum
1852 719 2004 757 Mima-

295 787 463 825 tcnst‘um
495 786 667 824 scribere
701 785 743 822 P.
778 782 891 822 tituli
924 782 1099 821 Sanctae
1132 780 1328 819 praxedis
1360 780 1650 831 presbyterum
1682 779 1933 818 cardinalem
1963 778 2004 817 in

292 846 395 884 libro
430 844 728 893 Obligationum
762 842 895 880 curiae
928 842 1131 879 Romanae
1164 840 1330 891 reperiri
1364 840 1541 878 electum
1574 838 1863 877 Mimatensem
1897 852 2005 876 anno

294 903 597 951 MCCCXXXI,
627 902 690 941 die
719 909 867 952 quarta
890 900 1037 946 maii33
1062 900 1173 950 quod
1200 913 1345 938 verum
1372 907 1445 938 est.
1470 899 1525 936 Et
1545 906 1687 937 tamen
1713 912 1786 948 ego
1814 896 2004 936 existimo

293 972 427 1002 totam
457 963 562 1000 hanc
592 961 873 1000 narrationem
903 975 987 999 esse
1019 959 1294 998 falsissimam.
1328 959 1435 997 Nam
1466 972 1512 997 ea
1542 965 1793 1008 tempestate
1825 956 2005 995 Ecclesia

296 1021 548 1060 Mimatensis
569 1021 753 1059 habebat
781 1019 1014 1058 antistitem
1036 1019 1241 1057 Joannem
1270 1018 1319 1057 de
1340 1017 1491 1065 Arceis,
1523 1017 1592 1067 qui
1621 1024 1806 1055 extremo
1836 1024 2005 1054 tantum

293 1096 399 1119 anno
420 1081 645 1118 translatus
668 1088 729 1118 est
749 1079 801 1117 ad
822 1079 1093 1118 Aeduensem.

344 1141 462 1178 Anno
497 1139 841 1186 MCCCXXXIV,
877 1138 940 1177 die
973 1137 1097 1176 tertia
1132 1136 1371 1184 decembris,
1398 1136 1570 1174 Joannis
1599 1135 1728 1173 XXII
1755 1149 1849 1174 eum
1878 1134 1931 1172 ad
1964 1148 2005 1173 se

291 1200 481 1239 evocavit
511 1213 604 1237 cum
632 1198 721 1237 aliis
752 1197 1027 1236 cardinalibus
1057 1205 1105 1235 ut
1133 1196 1350 1235 interesset
1380 1195 1551 1234 solemni
1581 1193 1849 1233 declarationi
1879 1208 2004 1244 quam

292 1259 388 1298 fecit
405 1258 627 1296 moriturus
647 1258 752 1296 circa
772 1256 1007 1307 opinionem
1026 1256 1074 1295 de
1092 1255 1249 1294 tisione
1265 1255 1459 1294 beatifica
1474 1254 1508 1301 43
1527 1253 1725 1293 Odoricus
1746 1252 2002 1303 Raynaldus,

292 1332 398 1356 anno
423 1317 537 1364 1334,
568 1317 584 1366 ἓ
607 1316 669 1355 36.

344 1378 463 1415 Anno
490 1376 834 1423 MCCCXXXVI,
863 1376 1007 1413 Petrus
1035 1374 1252 1413 cardinalis
1280 1374 1317 1412 S.
1346 1373 1541 1412 PraXedis
1567 1387 1650 1410 una
1676 1386 1770 1411 cum
1794 1371 1883 1410 aliis
1904 1385 2004 1409 non-

292 1436 411 1474 nullis
435 1435 709 1475 cardinalibus
732 1444 773 1473 et
794 1435 890 1473 viris
914 1434 1078 1472 doctis
1066 1448 1183 1483 ]115511
1203 1433 1418 1471 Benedicti
1440 1433 1526 1470 XII
1549 1432 1665 1471 dedit
1697 1445 1865 1482 operam
1897 1444 2005 1469 com-

292 1495 490 1546 ponendis
511 1494 637 1532 Novis
655 1494 813 1532 statutis
831 1494 1002 1543 fratrum
1017 1493 1229 1545 Μίηονιινη
1244 1492 1277 1538 53
1294 1492 1417 1531 Odor.
1441 1491 1662 1541 Raynald.,
1683 1505 1748 1530 an.
1771 1489 1886 1538 1336,
1908 1489 2001 1539 §65

345 1555 463 1592 Anno
498 1553 866 1601 MCCCXXXVII,
899 1553 1148 1591 Benedictus
1185 1552 1270 1590 XII
1305 1551 1340 1591 ei
1380 1551 1495 1590 dedit
1537 1549 1921 1589 archidiaconatum
1955 1549 2003 1587 de

292 1614 455 1652 Turolio
477 1613 518 1651 in
542 1612 722 1652 Ecclesia
745 1613 1128 1662 Caesaraugustana
1147 1611 1173 1650 6.
1198 1610 1396 1649 Rubricae
1417 1610 1515 1649 anni
1536 1609 1649 1648 tertii
1667 1609 1880 1648 Benedicti
1903 1608 2002 1656 XII,

242 1669 245 1673 ¹
292 1687 379 1723 cap.
408 1687 595 1711 CLXXXIV
615 1688 622 1710 ε
642 1673 757 1710 Petro
783 1671 889 1709 tituli
915 1671 1055 1710 Sancte
1079 1671 1275 1709 Praxedis
1296 1670 1520 1721 presbytero
1537 1668 1748 1707 cardinali.
1771 1667 2006 1706 Providetur

290 1732 369 1770 sihi
409 1733 452 1769 de
491 1731 815 1769 archidiaconatu
854 1731 898 1768 de
940 1730 1102 1768 Turolio
1144 1730 1187 1767 in
1225 1729 1403 1767 Ecclesia
1442 1729 1794 1778 Cesaraugustana
1832 1735 2005 1766 vacante.

299 1791 429 1829 Gratis
462 1805 532 1841 pro
566 1790 718 1828 domini
752 1790 964 1828 cardinale.

344 1851 463 1888 Anno
493 1850 860 1898 MCCCXXXVII,
891 1850 1037 1887 missus
1067 1857 1129 1887 est
1148 1849 1161 1871 7
1188 1849 1230 1886 in
1260 1848 1436 1886 Galliam
1463 1861 1546 1885 una
1575 1861 1669 1886 cum
1695 1845 1926 1885 Bertrando
1956 1845 2004 1884 de

293 1909 620 1948 Montefaventio
650 1908 855 1948 cardinale
884 1909 937 1946 ad
967 1907 1251 1958 componenda
1281 1907 1448 1946 dissidia
1479 1920 1583 1957 quae
1612 1913 1730 1944 erant
1757 1905 1865 1944 inter
1892 1918 2005 1954 reges

295 1968 488 2007 Franciae
507 1976 547 2007 et
566 1968 755 2018 Angliae3
775 1968 898 2006 Odor.
920 1967 1140 2018 Raynald.,
1168 1981 1232 2005 an.
1259 1966 1374 2014 1337,
1399 1966 1416 2015 ἓ
1443 1965 1491 2004 15
1518 1973 1559 2004 et
1586 1965 1653 2013 163
1673 1979 1737 2003 an.
1760 1963 1875 2012 1338,
1900 1963 1916 2013 ἓ
1935 1963 2004 2010 57;

294 2042 357 2066 an.
387 2027 500 2075 1339,
533 2027 549 2076 ἓ
576 2027 733 2076 13,15;
756 2041 820 2066 an.
848 2026 962 2075 1340,
995 2027 1012 2076 ἓ
1037 2026 1072 2065 8.
1098 2026 1296 2064 Rubricae
1319 2026 1534 2064 literarum
1559 2024 1608 2063 de
1634 2023 1745 2063 curia
1771 2023 1868 2062 anni
1892 2021 2006 2062 tertii

294 2059 505 2125 Benedicti
540 2086 625 2124 XII
645 2086 671 2135 8,
708 2100 795 2137 cap.
833 2101 919 2124 XVII
956 2102 962 2109 ·
999 2086 1114 2123 Petro
1139 2085 1245 2124 tituli
1277 2085 1317 2124 S.
1345 2084 1540 2123 Praoeedis
1566 2092 1601 2122 et
1623 2082 1842 2121 Bertrando
1867 2082 2007 2121 Sancte

296 2146 428 2183 [Warie
457 2146 500 2183 in
525 2145 678 2196 Aquiro
706 2145 870 2183 diacono
901 2145 1189 2194 cardinalibus,
1210 2144 1421 2195 apostolice
1444 2143 1557 2182 Sedis
1584 2142 1757 2181 nunciis.
1783 2141 2007 2180 Mandatur

295 2205 350 2242 eis
373 2205 474 2255 quod
494 2219 697 2255 processus
718 2204 841 2254 factos
863 2213 898 2242 et
918 2212 1131 2242 sententtas
1153 2204 1425 2254 promulgatas
1448 2210 1582 2241 contra
1604 2201 1858 2252 quamplures
1877 2200 2007 2266 prela-

297 2272 351 2301 tos
372 2272 405 2302 et
424 2278 613 2314 personas
634 2263 915 2302 ecclesiasticas
936 2263 1048 2313 regni
1070 2263 1105 2301 F
1107 2277 1241 2301 rancte
1255 2277 1325 2313 pro
1348 2261 1491 2312 majori
1511 2275 1670 2299 summa
1682 2259 2007 2311 procurationum

296 2323 351 2360 eis
379 2323 599 2360 debitarum
624 2323 809 2361 solvenda
834 2323 1092 2373 suspendant.

350 2381 468 2420 Anno
509 2381 863 2420 MCCCXXXVII
903 2390 977 2420 aut
1016 2381 1218 2432 sequenti,
1259 2381 1426 2419 variant
1465 2379 1574 2419 enim
1612 2378 1735 2418 isthic
1774 2378 2007 2429 scriptores,

348 2514 378 2546 1.
410 2513 458 2546 Le
490 2514 529 2545 21
565 2513 759 2546 decembre
791 2514 896 2553 1331,
929 2513 1027 2546 Jean
1057 2513 1218 2557 d'Arcey
1250 2512 1376 2546 othnt
1405 2512 1570 2546 l’eveche
1602 2510 1775 2544 d’Autun
1808 2517 1846 2544 et
1875 2511 2010 2544 Albert

301 2566 437 2598 Lordct
455 2566 547 2599 celui
566 2566 609 2599 de
628 2565 761 2599 Mende
783 2566 927 2609 (Eubel,
946 2566 1177 2606 Hierarchia,
1196 2573 1222 2600 t.
1239 2578 1263 2606 1,
1282 2578 1316 2610 p.
1336 2567 1380 2600 73
1399 2572 1436 2599 et
1452 2565 1549 2609 342).

350 2620 379 2652 2.
411 2618 542 2659 Goller,
565 2619 717 2652 Johann
736 2619 874 2659 XXII,
895 2631 930 2663 p.
953 2619 1032 2653 679.

349 2673 379 2704 3.
412 2672 516 2705 Cotto
538 2672 709 2704 mention
731 2679 788 2705 est
809 2673 965 2706 absente
988 2673 1050 2706 des
1072 2672 1245 2716 registres
1268 2671 1548 2716 d'ObligationS.

348 2726 380 2757 li.
412 2724 556 2757 Dcnissc
579 2731 616 2757 ct
640 2725 848 2765 Chatelain,
873 2725 1159 2766 Chartalarium,
1183 2731 1209 2759 t.
1232 2737 1269 2766 11,
1293 2737 1328 2759 n.
1353 2726 1434 2766 987,
1458 2737 1492 2769 p.
1516 2725 1597 2758 440.

351 2779 381 2810 ἶ).
414 2778 542 2817 tlubcl,
561 2777 604 2811 Β.
625 2778 681 2817 F.,
702 2785 728 2811 t.
750 2790 852 2818 V1‚n.
873 2779 928 2818 51,
949 2791 982 2822 p.
1004 2779 1058 2812 26.

352 2832 380 2862 Γ..
413 2830 459 2863 Lc
485 2831 531 2862 1⁸²r
550 2831 631 2873 juin
650 2832 743 2864 ‘1337
768 2831 901 2874 (Vidal,
923 2843 957 2864 n.
979 2832 1100 2875 4217).

352 2884 381 2914 7.
415 2883 480 2915 Les
505 2884 634 2916 lettres
661 2884 724 2916 des
750 2885 926 2927 pouvoirs
954 2885 1016 2918 des
1042 2885 1141 2918 deux
1166 2885 1375 2918 cardinaux
1398 2891 1485 2918 sont
1510 2885 1638 2917 datees
1669 2883 1719 2916 du
1739 2883 1783 2916 23
1807 2882 1890 2927 juin
1914 2882 2007 2916 1337

308 2936 495 2973 *Daunion
518 2949 550 2968 n.
573 2936 759 2980 304-334).
781 2937 829 2970 Μ.
853 2937 1017 2970 Daumet
1037 2950 1057 2971 a
1086 2938 1212 2982 publie
1233 2949 1279 2971 ou
1308 2938 1462 2981 analyse
1480 2938 1516 2971 la
1544 2937 1864 2980 correspondance
1884 2935 2010 2980 ponti-

310 2988 409 3019 ficale
449 2989 511 3030 qni
550 3000 730 3022 concerno
770 2990 848 3022 leur
885 2990 1039 3024 Inission
1087 2991 1181 3034 (voir
1222 2990 1378 3030 sladem,
1417 3002 1452 3034 p.
1491 2989 1626 3033 LXXIv)
1664 2995 1702 3023 et
1731 2988 1820 3033 qu’a
1861 2988 2008 3022 utilisee

309 3040 351 3072 M.
383 3040 523 3082 Dcprcz
552 3041 631 3083 (Les
655 3042 926 3084 preliminat'res
951 3044 990 3076 de
1014 3043 1050 3076 la
1078 3043 1211 3076 Guerre
1235 3044 1275 3077 de
1299 3043 1388 3077 Cent
1409 3043 1502 3084 Ans,
1529 3055 1564 3087 p.
1590 3042 1687 3086 439).

353 3094 383 3125 8.
416 3093 589 3132 Damnioi,
620 3105 653 3127 n.
685 3094 753 3127 379
785 3095 914 3137 (bullas
943 3097 992 3128 du
1019 3097 1060 3128 11
1091 3097 1296 3129 novembre
1322 3095 1444 3140 1337).
