2083 3458
269 193 350 234 414
918 207 1070 233 NOTAE
1103 206 1164 232 AD
1198 207 1325 233 vrrAS
1845 190 1975 246 [903]

270 294 360 342 eligi
413 294 617 339 canonice,
658 292 825 339 assumi,
866 306 935 329 seu
972 292 1219 340 promoveri,
1260 300 1333 329 aut
1372 290 1597 330 transferri.
1634 292 1753 329 Bulla
1783 291 1797 314 1
1813 291 1975 341 dispen-

271 353 439 391 sationis
478 360 595 389 extat
625 352 666 389 in
699 352 802 388 libro
838 359 985 399 quarto
1019 350 1293 399 Epistolarum
1326 349 1538 388 Clementis
1576 350 1647 398 VI,
1680 351 1797 400 epist.
1830 364 1972 390 cnxv1.

325 412 443 449 Anno
464 411 557 449 dein
578 410 877 448 MCCCXLVII
898 410 1078 456 ineunte,
1100 417 1148 447 ut
1167 409 1343 447 arbitror
1361 408 1389 458 2,
1410 410 1544 448 factus
1565 418 1626 448 est
1646 410 1976 459 archiepiscopus

272 471 689 519 Caesaraugustanus,
722 483 815 508 cum
847 482 892 507 ea
921 468 1100 507 Ecclesia
1131 477 1299 507 vacaret
1329 483 1401 519 per
1432 469 1746 507 translationem
1772 469 1882 507 Petri
1926 469 1977 507 de

273 530 435 567 Judicia
470 530 521 566 ad
559 528 879 566 Narbonensem.
918 527 1142 577 Nunquam
1175 536 1317 566 tamen
1351 528 1431 566 fuit
1465 537 1739 576 consecratus,
1773 536 1821 565 ut
1856 528 1978 566 docet

273 589 398 627 etiam
428 596 571 626 auctor
600 588 762 625 Primae
791 587 891 624 vitae
926 586 1081 625 Urbani
1116 587 1161 635 V,
1193 602 1231 637 p.
1263 587 1351 626 365.
1384 587 1503 626 Unde
1532 596 1677 626 auctor
1705 587 1827 637 hujus
1863 586 1978 624 Vitae

273 647 483 685 Clementis
524 647 584 684 Vl
619 661 713 686 eum
748 654 872 684 vocat
907 654 1075 685 tantum
1111 647 1287 685 electum
1323 647 1764 696 Caesaraugustanum.
1803 646 1976 684 Putavit

272 715 412 745 autem
458 707 642 756 Papirius
686 706 899 743 Massonus
942 706 1058 744 illum
1100 720 1194 744 vere
1238 707 1414 744 electum
1457 705 1579 744 fuisse
1623 706 1975 755 archiepiscopum

273 766 714 815 Caesaraugustanum‚
742 765 855 814 idque
879 764 928 802 ab
952 764 1157 815 Hispanis
1182 765 1225 802 in
1249 764 1461 803 Clementis
1485 765 1655 814 gratiam
1677 765 1826 814 jactam
1850 765 1977 812 nulla,

273 826 420 875 inquit,
448 833 501 862 est
526 824 737 871 dabitati0;
764 824 858 874 quia
886 838 979 863 cum
1002 824 1080 862 illis
1106 824 1361 874 temporibus
1389 838 1527 863 omncs
1554 824 1814 874 episcopatus
1841 832 1978 862 essent

272 885 314 922 in
332 892 540 934 potestate
559 883 806 933 pontificum
826 883 1123 932 Romanorum,
1145 884 1213 934 qui
1232 897 1373 923 eorum
1391 883 1667 933 provisionem
1686 897 1782 922 suae
1801 891 1843 922 et
1862 883 1977 922 Sedis

273 944 522 993 apostolicae
543 942 801 993 dispositioni
823 951 1149 991 reservaverant,
1172 957 1238 981 eos
1271 957 1371 992 quos
1390 943 1601 993 episcopos
1632 957 1704 981 sua
1727 943 1978 981 auctoritate

273 1003 494 1050 faciebant,
529 1003 691 1050 electos,
725 1010 773 1040 ut
805 1002 943 1052 aliqua
975 1002 1075 1052 juris
1109 1002 1271 1052 antiqui
1304 1002 1455 1052 species
1489 1010 1720 1052 appareret,
1754 1002 1985 1040 vocabant.⁴

275 1062 407 1109 Quare
428 1076 520 1100 cum
541 1061 753 1099 Massonus
773 1061 932 1100 videret
951 1075 1045 1099 eum
1064 1062 1202 1099 vocari
1221 1062 1410 1109 electum,
1430 1061 1599 1111 putavit
1616 1061 1658 1099 id
1677 1061 1836 1100 sactum
1855 1061 1978 1099 fuisse

272 1121 392 1170 juxta
419 1121 519 1170 juris
548 1121 709 1170 antiqui
737 1121 910 1170 regulas,
940 1121 1055 1170 cujus
1084 1121 1241 1160 nullam
1267 1121 1309 1158 in
1336 1121 1413 1159 hoc
1440 1121 1644 1160 rationem
1671 1128 1763 1158 tum
1789 1120 1979 1158 habitam

273 1180 395 1218 fuisse
426 1180 619 1218 observat
648 1180 884 1229 Onuphrius
915 1180 1139 1218 panvinius
1168 1180 1209 1218 in
1236 1180 1340 1217 libro
1366 1180 1426 1217 De
1454 1179 1761 1229 episcopatibus,
1791 1179 1918 1217 titulis
1946 1188 1980 1217 et

274 1239 471 1277 diaconiis
489 1239 768 1277 cardinalium.
790 1239 914 1277 Porro
935 1239 1127 1277 Urbanus
1146 1240 1181 1277 V
1199 1239 1241 1277 in
1258 1239 1385 1277 initiis
1405 1239 1465 1277 sui
1484 1239 1754 1289 pontificatus
1773 1253 1978 1277 commen-

274 1299 374 1337 dans
404 1299 513 1337 hunc
543 1298 807 1338 Guillelmum
837 1299 959 1337 Petro
987 1299 1071 1348 regi
1100 1299 1371 1348 Arragonum,
1401 1299 1508 1337 inter
1537 1299 1616 1336 alia
1645 1299 1704 1336 ait
1733 1312 1826 1337 eum
1855 1298 1979 1336 fuisse

273 1359 506 1408 praelatum
541 1358 583 1395 in
610 1372 734 1407 regno
763 1358 863 1407 ejus,
892 1358 1109 1408 respiciens
1138 1358 1331 1396 videlicet
1360 1357 1412 1395 ad
1438 1358 1662 1397 Ecclesiam
1683 1358 1979 1407 Caesaraugus-

274 1425 429 1456 tanam.
468 1418 689 1467 Propterea
723 1432 820 1455 vero
854 1426 1027 1456 vocatus
1063 1426 1124 1456 est
1157 1418 1280 1467 vulgo
1324 1417 1540 1455 cardinalis
1575 1417 1980 1467 Caesaraugustanus

274 1485 321 1514 ut
339 1485 458 1526 patet
477 1491 526 1515 ex
535 1477 640 1514 libro
657 1476 896 1526 Raymundi
914 1477 1184 1527 Hugonis‚De
1202 1476 1459 1514 translatione
1477 1476 1651 1526 corporis
1664 1476 1791 1514 sancti
1809 1475 1980 1514 Thomae

274 1536 505 1585 Aqaz'natis,
528 1536 569 1573 in
591 1544 705 1573 tomo
727 1537 858 1586 primo
881 1536 1019 1575 martii
1039 1536 1314 1584 Bollandiani,
1337 1550 1375 1586 p.
1394 1535 1483 1584 728,
1499 1535 1587 1584 731,
1611 1543 1652 1574 et
1674 1550 1724 1574 ex
1743 1535 1979 1574 instructio-

275 1595 425 1633 nibus3
458 1609 558 1645 quas
592 1595 736 1634 Petrus
768 1595 903 1634 infans
936 1595 1186 1645 Arragoniae
1217 1596 1385 1634 ineunte
1417 1609 1525 1633 anno
1557 1595 1772 1634 millesimo
1804 1594 1979 1633 CCCLII

276 1655 389 1692 dedit
414 1655 629 1693 Guillelmo
655 1655 703 1693 de
728 1655 925 1703 Turrillis,
951 1655 1020 1705 qui
1043 1654 1159 1704 jussu
1182 1654 1284 1704 regis
1310 1654 1584 1693 morabatur
1573 1669 1616 1692 in
1640 1654 1750 1692 curia
1777 1654 1977 1692 Romana.

279 1714 324 1751 In
352 1714 399 1752 iis
430 1714 538 1753 enim
566 1714 907 1752 instructionibus
938 1715 1111 1753 mandat
1140 1714 1175 1752 ei
1205 1714 1350 1752 Petrus
1380 1722 1427 1751 ut
1454 1714 1593 1752 literas
1623 1728 1715 1751 suas
1745 1721 1980 1763 praesentet

275 1773 448 1810 dominis
472 1773 746 1811 cardinalibus
771 1772 1131 1822 Cesaraagastano,
1157 1773 1472 1822 Petragoricensi
1497 1781 1531 1810 et
1554 1773 1729 1811 Bolonie.

327 1832 446 1869 Anno
476 1832 717 1870 MCCCLIII
746 1833 968 1871 comitatus
997 1832 1093 1871 est4
1119 1832 1242 1870 funus
1271 1832 1490 1871 Clementis
1518 1832 1576 1870 VI
1604 1832 1657 1870 ad
1684 1831 1981 1870 monasterium

276 1891 400 1929 Casae
426 1891 499 1929 Dei
522 1892 564 1929 in
587 1892 800 1938 Arvernis3
824 1892 965 1939 Bzov.‚
990 1906 1055 1931 an.
1083 1891 1196 1939 1352,
1228 1891 1244 1940 ἓ
1268 1891 1329 1931 25.

330 1950 538 1989 Frizonius
559 1951 618 1988 ait
635 1951 752 1989 illum
771 1965 879 1989 anno
901 1951 1110 1989 MCCCLV
1131 1967 1150 1990 e
1170 1951 1275 1989 vivis
1296 1951 1460 1989 sublato
1480 1965 1571 2000 rege
1592 1950 1750 1989 Siciliae
1770 1950 1981 1988 Ludovico

275 2009 430 2059 absque
452 2010 588 2049 liberis
612 2011 783 2049 missum
807 2025 891 2049 esse
920 2011 972 2048 ad
997 2010 1119 2049 Siculi
1141 2011 1254 2060 regni
1281 2010 1477 2057 tutelam3
1502 2011 1686 2060 citatque
1717 2010 1759 2047 in
1782 2023 1873 2048 eam
1895 2023 1979 2047 rem

276 2068 316 2106 in
339 2069 520 2119 margine
541 2069 748 2107 Fazellum
768 2078 809 2108 et
828 2070 1135 2120 Pandulphum‚
1156 2070 1267 2119 apud
1292 2083 1392 2119 quos
1419 2069 1519 2107 nihil
1538 2069 1715 2107 habetur
1732 2068 1978 2107 istiusmodi.

278 2128 332 2165 Et
349 2136 489 2167 tamen
509 2128 706 2167 Oldoinus
727 2129 772 2180 [t.
790 2144 832 2177 11,
852 2130 925 2168 col.
945 2129 1044 2179 506]
1066 2143 1156 2167 eam
1174 2143 1259 2168 rem
1277 2129 1432 2178 absque
1461 2129 1543 2166 ullo
1561 2128 1748 2167 examine
1767 2127 1981 2177 descripsit

276 2195 324 2224 ut
342 2201 497 2236 veram,
517 2196 558 2226 et
577 2188 625 2226 de
644 2202 717 2226 suo
736 2188 898 2226 addidit
917 2188 1181 2226 Guillelmum
1199 2188 1241 2225 in
1260 2188 1336 2226 hac
1354 2188 1557 2237 legatione
1577 2187 1737 2226 sedasse
1757 2187 1980 2225 discordias

279 2260 382 2295 quae
408 2255 526 2284 erant
550 2247 656 2285 inter
680 2248 907 2298 principem
933 2247 1204 2287 Tarentinum
1229 2255 1271 2285 et
1296 2247 1442 2285 ducem
1468 2247 1659 2294 Andriae,
1686 2261 1768 2284 non
1795 2245 1980 2283 animad-

277 2313 440 2343 vertens
463 2306 568 2344 hanc
593 2315 847 2356 postremam
871 2307 1120 2356 legationem
1139 2321 1221 2344 non
1246 2321 1363 2356 posse
1386 2306 1579 2356 conjungi
1602 2320 1695 2344 cum
1720 2306 1866 2355 prima,
1887 2318 1981 2343 cum

276 2364 384 2402 inter
415 2379 481 2403 eas
513 2365 566 2403 sit
597 2366 778 2415 spatium
810 2380 1013 2406 annorum
1043 2366 1190 2404 saltem
1221 2366 1449 2404 duodecim.

333 2424 512 2462 Joannes
540 2424 737 2473 Mariana,
762 2425 831 2463 lib.
863 2425 985 2463 XVII
1012 2425 1100 2463 Rer.
1128 2424 1407 2474 Hispanican,
1435 2438 1522 2474 cap.
1549 2439 1575 2472 1,
1601 2425 1772 2473 loquens
1800 2423 1848 2461 de
1874 2423 1981 2461 bello

279 2496 419 2531 regum
441 2483 690 2533 Arragoniae
712 2492 753 2522 et
774 2484 986 2531 Castellae‚
1001 2485 1059 2522 ait
1080 2484 1238 2522 venisse
1259 2484 1300 2521 in
1324 2483 1569 2533 Hispaniam
1590 2483 1642 2520 ab
1667 2482 1906 2536 Innocentio
1921 2482 1979 2519 VI

280 2542 450 2580 missum
487 2542 751 2581 Guillelmum
788 2543 1037 2582 cardinalem
1073 2557 1218 2593 pacem
1252 2543 1360 2581 inter
1396 2556 1462 2581 eas
1501 2550 1639 2592 gentes
1676 2549 1982 2580 revocaturum.

282 2600 393 2647 Quae
425 2601 631 2640 Marianae
661 2602 786 2640 verba
818 2603 887 2651 qui
915 2602 1242 2652 interpretantur
1272 2602 1320 2640 de
1351 2601 1427 2639 hoc
1457 2601 1686 2649 Guillelmo,
1717 2601 1985 2639 vehementer

281 2667 430 2698 errant.
462 2660 729 2709 Intelligenda
754 2661 863 2700 enim
887 2670 984 2699 sunt
1008 2661 1056 2699 de
1078 2661 1294 2699 Guillelmo
1321 2660 1489 2708 Judicis,
1508 2661 1569 2698 uti
1594 2660 1752 2698 dictum
1773 2668 1835 2698 est
1858 2673 1981 2709 supra

279 2731 319 2767 p.
346 2717 435 2757 858.

332 2866 362 2898 ’1.
387 2866 534 2907 Baluzc,
559 2874 585 2901 t.
606 2880 658 2908 1v,
681 2881 715 2912 p.
740 2870 784 2901 72
811 2869 921 2911 (bulle
945 2870 994 2902 du
1017 2870 1036 2903 7
1057 2868 1231 2913 janvier).

334 2920 363 2950 2.
387 2918 435 2951 Le
456 2921 501 2952 19
520 2921 667 2963 janvier
689 2922 833 2963 (Eubel,
854 2922 1085 2962 Hierarchia,
1107 2929 1133 2955 t.
1154 2934 1178 2962 1,
1199 2933 1234 2965 p.
1257 2920 1353 2963 153).

333 2972 363 3003 3.
392 2972 539 3012 Baluzc,
568 2980 593 3006 t.
619 2986 669 3013 iv,
698 2987 732 3017 p.
760 2976 841 3008 116.

332 3024 364 3056 4.
393 3024 439 3057 M.
469 3025 631 3066 Faucon,
666 3027 734 3060 Les
766 3028 978 3070 sanerailles
1011 3029 1052 3061 de
1086 3028 1245 3061 Clement
1272 3027 1339 3067 VI,
1375 3027 1468 3059 dans
1503 3026 1694 3069 Melanges
1728 3025 1985 3069 d’archeologie

284 3081 315 3108 et
339 3076 531 3118 cl'histoire‚
549 3085 574 3112 t.
593 3091 647 3111 xx
668 3080 801 3123 (1900),
819 3093 853 3124 p.
872 3082 951 3116 239.
