2083 3458
318 233 402 275 378
972 251 1124 276 NOTAE
1158 251 1219 276 AD
1254 252 1381 277 VITAS
1903 233 2018 291 [869]

318 334 357 371 in
375 333 498 372 tertio
516 334 662 372 sacello
680 335 767 373 alae
784 335 973 374 sinistrae
991 335 1181 374 ecclesiae
1199 336 1385 385 ejusdem
1402 345 1645 385 conventus,
1662 336 1734 374 ubi
1749 344 1892 375 tamen
1907 335 2029 375 hodie

316 393 427 430 nulla
451 401 598 431 extant
619 394 793 444 vestigia
814 395 989 445 sepulcri
1010 395 1111 445 ejus.
1140 395 1185 432 In
1212 395 1340 433 Veteri
1361 396 1462 433 libro
1483 396 1668 446 ejusdem
1689 395 1767 434 loci
1787 396 1888 434 haec
1911 395 1959 434 de
1982 410 2028 433 eo

315 452 508 501 leguntur
527 468 534 489 :
551 453 752 490 Dominus
768 453 889 502 frater
912 454 1148 492 Guillelmus
1165 455 1209 492 de
1223 454 1434 502 Laucluno,
1452 455 1776 505 archiepiscopus
1793 455 2028 503 Tolosanus,

315 511 469 548 ordinis
498 512 837 560 Praedicatorum,
865 513 986 562 frater
1014 522 1224 551 conventus
1253 514 1347 551 dicti
1376 514 1530 552 ordinis
1553 514 1627 552 loci
1652 514 1885 562 Avinionis,
1909 514 2029 551 dona-

315 570 370 607 vit
387 571 597 608 donatione
617 571 717 609 inter
735 572 854 618 vivos,
875 581 1016 610 retento
1036 587 1112 610 usu
1130 573 1182 610 ad
1203 573 1289 623 ejus
1312 573 1445 620 vitam,
1474 582 1630 611 cunctos
1657 573 1779 611 libros
1806 573 2031 622 designatos

317 629 359 666 in
397 629 655 668 instrumento
703 631 943 679 donationis,
994 632 1085 669 item
1131 647 1296 680 crucem,
1346 633 1437 670 item
1484 633 1676 683 capellam
1723 632 1869 680 albam,
1923 646 2029 669 anno

315 688 693 737 MCCCXXVIII,
716 700 784 731 ΙΙΙ
805 691 895 728 idus
918 690 1006 741 [11]
1031 691 1228 741 januarii.

369 748 412 786 P.
439 748 528 796 246,
553 748 620 798 lig.
648 749 709 787 29.
738 749 858 788 Duos
885 764 1023 788 Novos
1049 765 1331 790 CARDINALES.
1354 751 1460 789 Tum
1479 765 1576 789 vero
1595 752 1778 789 Clemens
1801 764 1911 801 papa
1933 749 2031 788 fecit

314 806 576 845 Collationem
593 807 622 855 1,
656 808 772 858 cujus
804 810 881 848 hoc
913 809 993 847 fuit
1024 810 1164 848 thema
1199 826 1206 848 ε
1240 810 1459 860 Assumpsi
1491 810 1590 848 mihi
1631 811 1731 848 duas
1771 810 1917 859 virgas,
1950 817 2028 848 etc.

318 866 474 905 Deinde
501 867 560 905 ait
588 883 595 904 :
628 868 737 905 Teste
760 868 856 916 Deo,
881 869 943 906 die
967 869 1083 918 jovis,
1104 877 1259 907 tantum
1285 884 1442 907 eramus
1468 869 1716 907 determinati
1742 869 1794 907 ad
1818 869 2028 906 tenendum

313 925 485 974 ordines,
506 926 609 964 sicut
628 927 673 965 de
693 942 732 965 re
753 942 824 977 que
845 943 925 965 non
944 936 1000 966 est
1020 943 1088 966 nec
1107 943 1188 966 esse
1208 937 1342 979 potest.
1367 929 1444 967 Sed
1464 929 1632 967 multum
1652 929 1758 966 tarde
1779 928 1841 966 die
1860 927 1963 978 jovis
1984 928 2028 966 de

312 999 398 1022 sero
419 994 606 1023 venerunt
625 986 747 1024 littere
768 987 901 1025 dilecte
923 987 1004 1037 filie
1026 996 1152 1025 nostre
1173 988 1306 1037 regine
1327 988 1362 1025 F
1365 988 1511 1036 rancie,
1534 1003 1604 1038 que
1624 1003 1648 1026 a
1668 987 1873 1038 principio
1903 995 2030 1025 nostre

311 1044 524 1082 creationis
555 1045 670 1083 nobis
698 1046 861 1096 scripsit
890 1047 992 1097 quod
1019 1047 1099 1084 sibi
1130 1047 1355 1085 deberemus
1385 1048 1586 1085 concedere
1616 1062 1743 1085 unum
1772 1046 2027 1085 cardinalem.

315 1103 398 1141 Nec
419 1112 475 1141 est
495 1105 717 1155 assumptio
742 1105 818 1143 ista
841 1106 1071 1144 inordinata
1093 1115 1285 1156 quantum
1306 1108 1358 1144 ad
1379 1115 1546 1157 tempus,
1570 1107 1665 1157 quia
1687 1106 1799 1144 hodie
1820 1114 1914 1144 sunt
1936 1120 2029 1156 qua-

312 1170 400 1200 tuor
419 1171 594 1214 tempora
613 1164 670 1202 vel
688 1172 842 1215 tempus
861 1166 1140 1204 ordinationis.
1163 1166 1240 1204 Sed
1258 1167 1302 1204 de
1321 1175 1402 1204 tam
1420 1166 1562 1216 paucis
1581 1166 1753 1204 dicimus
1772 1180 1855 1203 vere
1875 1165 1976 1215 quod
1993 1163 2029 1202 si

311 1223 640 1271 presentissemus
664 1238 734 1261 nos
759 1224 1049 1263 ordinationem
1074 1225 1207 1263 debere
1231 1233 1369 1273 tenere,
1397 1240 1467 1263 nos
1491 1225 1850 1275 assumpsissemus
1874 1224 2028 1274 aliquos

318 1281 477 1319 Italicos
506 1283 563 1320 φεῖ
590 1283 774 1333 aliquem.

368 1341 411 1381 P
439 1341 527 1389 246,
552 1341 616 1392 lig
644 1342 705 1380 30.
734 1343 917 1381 PETRUM
941 1343 1211 1382 BERTRANDI.
1239 1344 1412 1382 Constat
1436 1359 1487 1382 ex
1508 1321 1763 1383 testamento
1787 1343 1889 1393 ejus,
1915 1341 2025 1392 quod

312 1414 443 1450 nuper
459 1401 618 1439 editum
634 1410 696 1440 est
711 1401 818 1440 inter
834 1403 890 1439 Pr
894 1402 1094 1441 obationes
1110 1403 1297 1441 historiae
1313 1403 1596 1441 Cardinalium
1619 1403 1823 1441 Gallorum
1834 1401 1889 1453 [p.
1907 1400 2024 1452 359]‚

312 1458 428 1497 illum
454 1457 602 1500 natum
627 1476 712 1499 esse
738 1462 849 1511 apud
869 1461 1007 1500 vicum
1030 1463 1339 1501 Columbarium
1363 1463 1405 1500 in
1427 1462 1601 1501 dioecesi
1618 1461 1840 1500 Viennensi
1863 1460 2027 1511 illicque

314 1518 577 1569 baptizatum
602 1520 644 1557 in
671 1521 839 1559 ecclesia
868 1521 1008 1559 Sancti
1032 1522 1204 1571 Cyriaci,
1227 1530 1419 1572 parentes
1446 1537 1567 1572 porro
1594 1521 1786 1560 habuisse
1811 1520 2027 1558 Bartholo-

312 1592 478 1617 maeum
502 1579 550 1617 de
574 1579 836 1618 Columbario
860 1589 901 1619 et
924 1581 1192 1631 Margaritam
1213 1581 1434 1620 Bertrandi
1466 1582 1515 1620 de
1539 1580 1814 1628 Columbario‚
1847 1593 2026 1618 sororem

314 1637 506 1676 videlicet
530 1638 641 1677 Petri
663 1639 897 1687 Bertrandi,
923 1640 1140 1678 cardinalis
1165 1640 1404 1679 Aeduensis.
1433 1641 1565 1689 Quare
1589 1640 1685 1678 licet
1710 1639 1876 1680 omnino
1901 1638 2026 1676 disce-

314 1696 410 1734 dam
445 1697 497 1735 ab
531 1697 695 1736 illorum
730 1699 936 1737 sententia
972 1699 1041 1749 qui
1069 1700 1437 1739 Bartholomaeum
1471 1701 1620 1738 volunt
1653 1699 1777 1738 fuisse
1812 1698 2027 1737 dominum

314 1756 565 1794 Columbarii
594 1765 635 1795 et
664 1758 801 1795 virum
828 1758 985 1808 primae
1014 1759 1122 1797 inter
1150 1759 1409 1798 Vivarienses
1440 1759 1684 1807 nobilitatis,
1714 1772 1856 1797 eorum
1884 1765 2027 1795 tamen

314 1815 497 1865 opinioni
517 1816 635 1855 facile
656 1818 806 1855 accedo
828 1818 897 1867 qui
919 1827 1087 1857 censent
1108 1819 1278 1858 Petrum
1297 1819 1517 1857 Bertrandi
1535 1819 1741 1868 juniorem
1762 1817 2025 1864 cardinalem,

312 1874 362 1912 de
382 1889 463 1924 quo
482 1875 599 1913 nobis
619 1891 727 1915 nunc
747 1891 879 1915 sermo
898 1886 973 1925 est,
994 1878 1191 1928 abjecisse
1211 1878 1342 1928 gentis
1362 1893 1458 1917 suae
1478 1893 1628 1916 nomen
1646 1885 1694 1915 ut
1712 1876 1877 1916 nomine
1896 1890 2025 1914 avun-

312 1933 392 1971 culi
415 1944 740 1985 nuncuparetur,
765 1951 847 1974 non
873 1937 924 1975 ol]
948 1937 1128 1976 rationes
1154 1952 1176 1975 a
1202 1937 1452 1987 quibusdam
1476 1937 1744 1988 scriptoribus
1769 1937 1930 1985 allatas,
1955 1934 2025 1973 sed

313 1993 409 2042 quia
431 1994 491 2032 ita
516 1994 628 2031 haud
652 1995 775 2033 dubie
799 2010 849 2033 ex
872 2004 996 2046 pacto
1020 2005 1272 2035 convenerat
1302 2012 1348 2035 eo
1381 2005 1566 2047 tempore
1600 2011 1680 2046 quo
1713 1994 2025 2033 matrimonium

312 2060 575 2091 contractum
605 2062 667 2092 est
695 2054 803 2093 inter
830 2055 1198 2095 Bartholomaeum
1236 2064 1277 2094 et
1316 2056 1596 2106 Margaritam.
1638 2055 1798 2105 Quippe
1834 2054 2024 2103 deinceps

315 2125 454 2149 omnes
475 2127 524 2150 ex
543 2127 589 2151 ea
610 2121 729 2163 gente
744 2114 1001 2163 agnominati
1016 2123 1113 2152 sunt
1127 2130 1177 2153 ex
1191 2115 1355 2155 nomine
1369 2115 1602 2161 Bertrandi‚
1618 2123 1665 2152 ut
1679 2122 1797 2165 patet
1811 2128 1862 2152 ex
1880 2112 2024 2151 eodem

313 2178 579 2211 testa1nent0.
614 2173 759 2222 ltaque
783 2173 839 2211 sic
864 2188 1007 2212 censeo
1032 2175 1229 2213 constitui
1254 2189 1371 2224 posse
1400 2183 1575 2214 stemma
1602 2188 1755 2212 eorum.
1784 2173 2022 2210 Matthaeus

311 2227 531 2268 Bertrandi
553 2246 602 2270 ex
623 2231 781 2281 Agnete
803 2241 1075 2283 cognomento
1101 2234 1379 2284 Imperatrice,
1400 2248 1526 2272 uxore
1555 2247 1641 2281 sua,
1663 2232 1832 2271 sustulit
1853 2232 2022 2270 Petrum

310 2289 531 2327 Bertrandi
562 2291 812 2329 cardinalem
839 2292 1098 2331 Aeduensem
1132 2301 1173 2331 et
1206 2293 1472 2343 Margaritam
1507 2300 1682 2343 nuptam
1703 2291 2023 2329 Bartholomaeo

314 2348 530 2387 Maletonis
573 2350 620 2388 de
662 2350 936 2390 Columbario.
983 2352 1161 2391 Istorum
1200 2352 1316 2390 liberi
1357 2352 1467 2391 fuere
1509 2352 1748 2390 Guillelmus
1787 2348 2021 2396 Bertrandi‚

314 2407 503 2446 dominus
529 2409 652 2446 castri
677 2409 817 2448 Sancti
842 2410 1020 2448 Romani
1042 2411 1084 2449 in
1109 2411 1282 2449 dioecesi
1307 2411 1447 2449 Sancti
1472 2411 1593 2458 Flori,
1619 2411 1764 2449 Petrus
1789 2408 2021 2456 cardinalis,

312 2466 526 2517 episcopus
570 2468 782 2517 Ostiensis,
825 2469 1078 2517 Guillelmus‚
1113 2470 1327 2520 episcopus
1363 2470 1676 2517 Suessionensis‚
1701 2478 1742 2508 et
1783 2467 2019 2518 Margarita.

316 2525 554 2565 Guillelmus
580 2527 800 2566 Bertrandi
826 2529 968 2578 genuit
994 2530 1199 2568 Joannem
1226 2529 1500 2577 domicellum,
1529 2529 1593 2567 cui
1618 2543 1726 2566 anno
1758 2525 2021 2566 MCCCXLII
2043 2535 2048 2540 ⁴

316 2584 504 2623 Aimarus
531 2586 720 2625 dominus
748 2588 987 2626 Rossilionis
1013 2597 1054 2626 et
1078 2588 1284 2626 Annonaii
1308 2589 1423 2627 dedit
1447 2588 1589 2628 villam
1614 2588 1662 2626 de
1689 2585 1950 2625 Columbario
1974 2599 2021 2623 ac

316 2657 457 2681 mansa
482 2645 529 2683 de
553 2645 708 2683 Gurino
730 2660 879 2696 magno
902 2655 943 2685 et
963 2661 1106 2697 parvo,
1129 2648 1407 2685 Bertrandum
1428 2647 1643 2685 dominum
1666 2646 1806 2685 Sancti
1830 2644 2021 2691 Romani,

314 2710 353 2739 et
375 2703 652 2741 Bel-trandum
673 2705 883 2743 notarium
906 2706 1018 2744 Sedis
1040 2706 1304 2756 apostolicae,
1328 2721 1428 2756 quos
1443 2714 1613 2756 nepotes
1628 2721 1721 2744 suos
1736 2713 1859 2743 vocat
1875 2705 2020 2742 Petrus

314 2762 530 2800 cardinalis
560 2764 758 2802 Ostiensis
786 2764 828 2802 in
857 2780 929 2803 suo
957 2773 1223 2805 testamento.
1256 2766 1453 2815 Ejusdem
1483 2764 1688 2804 Guillelmi
1718 2764 1824 2802 filiae
1853 2763 2021 2801 fuerunt

315 2828 465 2859 matres
489 2822 689 2861 nobilium
712 2823 894 2863 virorum
918 2824 1028 2862 Petri
1051 2825 1100 2863 de
1124 2825 1275 2862 Sancto
1301 2824 1523 2872 Desiderio,
1548 2824 1659 2863 Petri
1690 2824 1738 2862 de
1770 2821 2032 2861 Monasterio'

313 2887 353 2915 et
393 2880 497 2917 l’etri
531 2881 579 2918 de
613 2881 812 2921 Alovesco
846 2883 1154 2922 domicellorum
1186 2884 1403 2921 cardinalis
1437 2883 1635 2922 Ostiensis
1668 2890 1881 2933 nepotum,
1918 2894 2019 2931 quos

318 2936 491 2975 lx'arolus
515 2940 567 2976 IV
586 2940 812 2990 imperator
830 2942 997 2980 militari
1015 2943 1138 2980 titulo
1157 2943 1369 2981 decoravit
1383 2943 1396 2964 ²
1411 2957 1519 2980 anno
1540 2942 1762 2989 MCCCLV,
1776 2941 1819 2978 in
1835 2940 2018 2990 ingressu

367 3067 392 3098 1.
416 3067 677 3113 Bibliothcquc
700 3070 1080 3112 Sainte-Genevicve‚
1102 3072 1185 3112 240,
1208 3073 1270 3106 sol.
1294 3073 1363 3106 524
1384 3077 1434 3105 v0.

365 3120 393 3149 2.
419 3120 605 3153 Jolzanm's
630 3121 742 3155 Por-la
771 3125 811 3157 de
832 3125 1065 3164 Ammoniaco,
1089 3125 1145 3159 ed.
1169 3125 1359 3164 Salomon,
1381 3136 1415 3168 p-
1439 3126 1495 3159 84·
