2083 3458
236 248 316 288 '344
884 257 1037 282 NOTAE
1072 256 1132 281 AD
1167 256 1295 282 VITAS
1791 242 1947 298 [1329]

235 354 268 383 et
288 359 415 394 regem
442 343 619 393 Ungarie
647 350 682 379 et
710 343 826 380 duces
847 340 1011 378 Austrie
1039 348 1075 378 et
1103 340 1288 387 Bavarie,
1321 340 1469 378 missus
1497 341 1550 378 ad
1577 341 1646 378 hoc
1675 356 1746 391 per
1772 343 1951 380 eumdem

234 419 397 455 papam,
421 412 462 441 ut
485 403 527 440 in
549 401 767 452 precedenti
789 415 938 450 arenga
960 400 1109 438 [lictum
1130 408 1197 438 est.
1224 401 1270 437 In
1291 400 1380 450 ipso
1402 415 1500 438 vero
1523 400 1720 439 orationis
1749 410 1950 440 contextu

234 466 332 502 haec
355 464 462 501 inter
486 471 620 501 cetera
643 462 838 511 leguntur
854 459 869 482 1
895 476 902 498 :
927 460 1017 497 Hac
1040 460 1164 509 igitur
1193 457 1505 497 consideratione
1537 468 1677 508 motus,
1700 461 1952 499 sanctissime

234 525 365 570 Pater,
380 537 457 570 vos,
473 522 539 572 qui
553 521 645 558 estis
658 521 838 558 sacerdos
853 534 1024 569 magnus
1037 528 1072 557 et
1083 534 1163 567 rem,
1177 533 1267 569 ymo
1280 519 1468 569 princeps
1483 534 1620 569 regum
1633 528 1727 557 terre
1742 520 1886 570 [Apoc.
1900 520 1949 571 1]‚

235 583 402 622 misistis
424 596 481 620 me
502 581 689 618 ultimum
708 588 742 617 et
761 579 919 617 utinam
937 593 1018 617 non
1038 579 1223 617 inutilem
1240 593 1397 617 servum
1416 587 1586 617 vestrum
1604 580 1657 617 ad
1673 593 1751 627 eos,
1772 579 1950 618 videlicet

234 642 441 680 dominum
490 641 767 691 imperatorem
814 639 1088 676 Romanorum
1134 646 1168 676 et
1214 653 1343 688 regem
1390 638 1589 686 Bohemie,
1638 638 1950 689 primogenitum

232 717 365 749 suum,
387 701 438 739 ab
459 715 542 738 una
561 707 686 750 parte,
708 707 743 736 et
762 698 972 736 dominum
991 712 1120 747 regem
1147 698 1339 747 Ungarie,
1360 706 1471 748 parte
1491 699 1627 746 altera,
1651 698 1750 736 inter
1769 713 1808 736 se
1828 713 1949 749 super

233 776 351 811 regno
377 759 842 805 PolonieidiseordanteS,
868 766 903 796 et
928 758 1070 796 iterum
1094 758 1146 796 ad
1168 758 1348 796 eumdem
1373 757 1648 808 imperatorem
1672 766 1706 795 et
1728 759 1950 808 predictum

234 821 379 871 filium,
403 820 453 858 ab
476 835 559 857 una
580 827 705 869 parte,
729 826 764 855 et
787 818 958 855 illustres
981 817 1153 856 Bavarie
1176 818 1305 865 duces,
1328 826 1439 867 parte
1461 818 1597 865 altera,
1620 818 1822 855 occasione
1845 833 1947 856 mar-

207 870 210 876 ’
229 881 439 919 cliionatus
475 877 850 927 Brandeburgensis
886 877 1236 924 disconvenientes,
1273 885 1308 915 et
1344 877 1486 915 iterum
1521 878 1573 918 ad
1606 878 1785 915 eumdem
1821 892 1949 927 regem

240 940 429 989 Ungarie,
454 939 505 977 ab
530 953 613 976 una
637 945 761 988 parte,
787 945 822 975 et
844 936 1140 987 potentissimos
1165 936 1330 974 Austrie
1354 937 1484 984 duces,
1510 945 1621 987 parte
1644 937 1779 988 altera,
1804 938 1873 975 secl
1895 938 1948 983 ad

236 1000 404 1037 invicem
421 992 563 1048 guerra
580 996 820 1047 gravissima
835 1005 869 1034 et
886 996 1084 1034 incendiis
1103 996 1343 1043 invadentes,
1360 1004 1395 1034 et
1410 996 1552 1034 iterum
1566 997 1807 1034 adeumdem
1824 997 1947 1047 impe-

236 1068 402 1098 ratorem
422 1067 457 1096 et
478 1057 724 1096 marchiones
747 1050 1160 1106 Missin'ensessuper
1183 1055 1390 1094 nonnullis
1412 1056 1525 1094 terris
1545 1064 1581 1093 et
1598 1056 1731 1105 feudis
1759 1056 1947 1107 imperia-

233 1119 341 1157 libus
372 1119 615 1164 altercantes,
649 1125 691 1155 ut
720 1130 858 1167 pacem
889 1116 1096 1154 assistente
1129 1115 1265 1153 divino
1297 1115 1450 1153 auxilio
1483 1124 1688 1153 tractarem
1718 1124 1753 1153 et
1780 1116 1949 1166 jacerem

237 1179 336 1216 inter
357 1178 476 1228 ipsos.
501 1177 589 1227 Ipsi
611 1190 696 1214 vero
716 1190 863 1223 omnes,
884 1175 1054 1226 exceptis
1073 1176 1201 1213 solum
1220 1175 1425 1225 aliquibus
1444 1175 1630 1223 Bavaris,
1651 1189 1721 1225 pro
1740 1189 1780 1212 se
1804 1183 1840 1213 et
1860 1176 1948 1213 suis

231 1237 526 1276 successoribus
553 1236 599 1274 ob
622 1235 699 1274 Dei
725 1244 760 1273 et
785 1244 904 1274 vestre
928 1235 1152 1273 sanctitatis
1177 1243 1212 1272 et
1239 1234 1356 1273 istius
1379 1234 1485 1272 sacri
1511 1235 1666 1284 collegii
1692 1234 1948 1274 reverentiam

234 1297 410 1336 clementi
440 1296 577 1335 animo
605 1303 833 1345 receperunt
852 1309 950 1333 eam.
980 1295 1106 1333 Porro
1129 1294 1253 1333 fuisse
1279 1308 1374 1334 eum
1402 1294 1444 1332 in
1469 1294 1673 1344 legatione
1704 1294 1947 1334 Germanica

232 1366 418 1408 tempore
443 1355 790 1406 quadragesimali
813 1354 947 1405 colligi
969 1363 1109 1405 potest
1142 1369 1193 1393 ex
1225 1354 1370 1393 eodem
1393 1353 1531 1393 codiee
1550 1353 1578 1401 2,
1601 1353 1643 1391 i'n
1667 1368 1748 1404 quo
1770 1354 1948 1393 habetur

233 1431 357 1454 sermo
386 1418 429 1454 in
455 1416 663 1453 eodemmet
690 1414 751 1452 die
777 1414 956 1453 cinerum
982 1428 1051 1464 per
1077 1415 1256 1452 eumdem
1282 1413 1490 1452 dominum
1516 1413 1798 1464 patriarcham*
1817 1428 1948 1452 coram

235 1471 507 1514 Romanorum
537 1475 770 1525 imperatore
795 1474 938 1524 faetus:

288 1536 408 1574 Anno
439 1534 741 1573 MCCCLXXV
769 1533 980 1584 profectus
1011 1541 1073 1571 est
1104 1531 1316 1572 Lutetiam
1347 1532 1610 1571 Parisiorum.
1644 1532 1790 1571 Nescio
1821 1546 1947 1582 quam

234 1596 284 1633 ob
309 1609 490 1634 causam.
518 1594 595 1632 Sed
620 1594 662 1631 in
686 1593 831 1632 eodem
855 1592 994 1632 codice
1010 1591 1025 1615 3
1058 1593 1237 1630 habetur
1270 1606 1395 1630 sermo
1420 1592 1463 1630 in
1485 1592 1582 1641 festo
1606 1591 1946 1630 Annuntiationis

233 1655 442 1702 dominice,
472 1655 574 1704 quod
600 1653 726 1690 evenit
765 1653 878 1691 tertia
906 1652 1107 1690 dominica
1135 1652 1430 1701 Cadragesime,
1459 1666 1572 1702 quem
1610 1651 1741 1702 primo
1767 1652 1947 1702 prefatus

233 1714 419 1753 dominus
439 1714 667 1764 patriarcha
686 1712 876 1750 Parisius
894 1726 1026 1750 coram
1043 1711 1204 1749 domino
1223 1712 1374 1749 Karolo
1399 1725 1485 1760 rege
1504 1711 1677 1749 Francie
1700 1711 1804 1761 fecit.
1826 1711 1946 1749 Anno

234 1774 302 1812 illo
322 1775 478 1812 Pascha
497 1773 643 1811 incidit
661 1772 703 1810 in
721 1772 830 1810 diem
848 1787 939 1809 xxn
957 1770 1111 1822 aprilis,
1131 1771 1315 1820 adeoque
1339 1771 1423 1810 dies
1448 1770 1790 1809 Annuntiationis
1813 1770 1943 1810 domi-

235 1834 349 1872 nicae
368 1833 410 1870 in
429 1832 680 1871 dominicam
698 1831 868 1870 tertiam
888 1831 1240 1881 quadragesimae.

291 1893 445 1931 Deinde
469 1892 546 1930 ivit
570 1892 775 1939 Tolosam,
798 1891 870 1929 ubi
891 1905 986 1930 eum
1009 1890 1132 1929 fuisse
1156 1898 1321 1929 constat
1344 1904 1452 1927 anno
1476 1890 1823 1928 MCCCLXXVII
1847 1904 1943 1928 cum

236 1952 445 1991 Ludovico
472 1952 573 1990 duce
600 1950 890 2001 Andegavensi
914 1959 955 1988 et
981 1949 1109 1988 Maria
1135 1950 1231 2000 ejusv
1248 1964 1387 1987 uxore.
1416 1950 1478 1987 Ad
1503 1950 1604 1988 haee
1629 1964 1725 1987 vero
1755 1957 1943 1999 tempora

233 2012 468 2050 referendus
484 2020 546 2049 est
560 2025 685 2048 sermo
706 2010 723 2033 4
748 2010 898 2059 infesto
911 2018 1043 2047 sancte
1058 2010 1193 2047 Nlarie
1206 2009 1449 2058 Magdalene
1465 2009 1627 2047 Tholose
1640 2023 1771 2046 coram
1783 2008 1942 2046 domino

234 2073 327 2109 duce
349 2070 643 2120 Anclcgavensi,
663 2071 784 2120 fratre
805 2069 958 2107 domini
980 2069 1103 2106 nostri
1124 2069 1374 2114 Francorum
1393 2068 1510 2118 regis,
1530 2083 1599 2118 per
1619 2069 1798 2106 eumdem
1818 2068 1941 2106 domi-

237 2146 333 2168 num
350 2131 491 2180 faetus.
516 2130 648 2168 Natus
670 2138 732 2168 est
751 2138 896 2180 postea
919 2128 1013 2167 duci
1034 2128 1245 2167 Ludovico
1268 2128 1374 2166 filius
1394 2127 1555 2177 jamdiu
1584 2127 1810 2177 expetitus,
1838 2127 1943 2165 mul-

231 2199 323 2227 tum
342 2198 601 2240 expectatus.
623 2189 755 2227 Natus
774 2197 836 2227 est
854 2197 993 2226 autem
1014 2188 1199 2235 Tolosae,
1222 2196 1270 2226 ut
1292 2201 1415 2238 supra
1437 2202 1476 2238 p.
1498 2187 1599 2226 1323
1617 2186 1812 2234 diximus,
1835 2197 1942 2224 anno

236 2249 597 2296 MCCCLXXVII,
625 2248 688 2287 die
714 2248 890 2298 septima
918 2247 1110 2286 octobris.
1141 2247 1226 2285 Illic
1252 2261 1346 2285 eum
1371 2246 1604 2297 baptizavit
1629 2246 1879 2296 patriarcha,
1903 2255 1944 2284 et

236 2309 455 2359 specialem
481 2324 554 2359 pro
582 2323 627 2346 eo
651 2301 983 2346 benedictionem
1006 2306 1253 2356 composuit,
1280 2320 1406 2356 quam
1428 2321 1478 2344 ex
1502 2305 1630 2344 veteri
1655 2305 1791 2344 codice
1812 2306 1944 2343 Gello-

235 2369 350 2406 nensi
379 2368 508 2406 edidit
536 2368 598 2405 vir
626 2366 873 2406 clarissimus
903 2367 1078 2405 domnus
1109 2367 1288 2404 joannes
1319 2365 1579 2403 Mabillonius
1608 2365 1649 2402 in
1676 2373 1791 2402 tomo
1819 2364 1942 2403 tertio

237 2428 529 2474 Amalec-torum,
562 2442 599 2477 p.
634 2426 721 2464 502.
1753 2472 1760 2480 Ι

292 2487 414 2525 Haud
437 2487 568 2542 multo
587 2494 682 2536 post
700 2486 876 2525 Romam
892 2500 931 2523 se
954 2485 1130 2524 eontulit
1153 2485 1228 2523 sub
1250 2492 1436 2524 extrema
1455 2483 1638 2533 Gregorii
1658 2483 1718 2520 XI
1738 2492 1939 2532 tempora.

235 2546 421 2584 Vacabat
450 2554 591 2585 autem
618 2554 711 2585 tum
726 2544 1116 2595 >archiepiscopatus
1139 2544 1364 2582 Tolosanus
1386 2558 1458 2593 per
1486 2551 1663 2583 mortem
1686 2541 1869 2581 Gaffredi
1891 2542 1940 2580 de

234 2605 433 2653 Vayrolis.
465 2605 596 2653 Quod,
623 2613 787 2654 praeter
813 2604 1053 2642 testimonia
1080 2618 1102 2641 a
1131 2603 1247 2641 nobis
1276 2603 1372 2642 olim
1398 2603 1560 2652 prolata
1586 2601 1628 2639 in
1652 2600 1940 2648 Antifrizonio‚

232 2664 325 2702 hinc
360 2679 522 2714 quoque
556 2664 756 2713 probatur
790 2663 900 2713 quod
935 2663 1115 2701 Catellus
1149 2662 1192 2700 in
1224 2662 1438 2700 Memor-iis
1467 2661 1653 2699 historiae
1689 2660 1939 2706 occitanicae,

231 2738 268 2772 p.
297 2723 385 2770 924,
414 2732 593 2761 testatur
618 2722 828 2773 reperiisse
855 2738 894 2760 se
921 2722 962 2760 in
987 2722 1170 2772 quodam
1196 2721 1326 2760 veteri
1351 2721 1628 2759 instrumento
1659 2720 1797 2759 sedem
1823 2719 1939 2757 Tolo-

229 2796 373 2819 sanam
397 2782 518 2820 fuisse
544 2791 762 2820 vacantem
783 2796 890 2819 anno
914 2781 1282 2820 MCCCLXXVIII
1303 2781 1427 2830 idque
1452 2795 1524 2830 ego
1545 2779 1676 2829 reperi
1696 2779 1737 2816 in
1758 2778 1940 2829 quadam

230 2841 401 2889 epistola
431 2841 611 2890 Gregorii
641 2841 701 2878 XI
729 2841 881 2890 scripta
909 2841 1054 2879 eodem
1080 2854 1188 2878 anno
1216 2840 1295 2878 kal.
1335 2839 1394 2889 [1]
1423 2839 1574 2878 martii.
1605 2838 1682 2887 Qui
1716 2852 1813 2876 vero
1841 2837 1938 2875 Gaf-

283 2980 308 3012 1.
346 2980 391 3012 Ut
416 2992 457 3018 s.‚
486 2980 547 3012 fol.
577 2980 645 3013 249
671 2984 714 3012 1¹0.

278 3034 307 3065 2.
344 3033 391 3066 Ut
409 3044 449 3071 s.,
470 3033 532 3066 fol.
555 3033 599 3065 93
620 3037 687 3065 v⁰.·

278 3090 308 3117 23.
346 3086 392 3118 Ut
411 3098 452 3124 s.‚
476 3086 536 3118 fol.
563 3087 606 3118 53
628 3091 669 3118 ΓΟ.

279 3141 306 3171 ἰ.
344 3139 390 3170 Ut
413 3150 453 3177 s.,
481 3139 541 3170 fol.
570 3140 638 3171 150
666 3144 714 3171 v0.
