2083 3458
65 232 181 289 [862]
591 247 808 273 PAPARUM
843 244 1227 272 AVENloNENsmM
1668 228 1749 270 371

51 332 305 383 corporalem,
327 330 462 381 quinto
482 330 533 367 ad
553 330 844 379 impetrandum
866 329 1154 378 indulgentiam
1173 328 1331 378 plenam
1351 335 1384 365 et
1403 328 1627 375 salutarem,
1648 336 1751 365 seoeto

55 392 108 430 ad
125 390 366 440 offerendum
385 388 502 427 totius
519 389 691 426 Romani
711 388 918 437 regiminis
939 388 1245 425 dominationem
1266 387 1493 436 generalem.
1518 387 1572 424 Et
1590 386 1695 424 infra
1710 386 1724 409 ¹
1743 403 1749 424 :

53 450 200 500 Quinto
221 448 382 486 venistis
403 448 455 485 ad
476 447 768 497 impetrandum
791 447 1079 496 indulgentiam
1100 446 1258 496 plenam
1278 454 1312 483 et
1331 445 1556 492 salutarem,
1579 446 1752 483 videlicet

53 509 154 559 quod
176 522 308 546 annus
331 507 519 556 jubileus,
557 506 624 556 qui
659 506 738 555 suit
768 506 973 543 ordinatus
1009 520 1076 555 per
1107 519 1255 555 papam
1278 504 1535 553 Bonijacium
1558 505 1750 554 predeces-

54 581 175 605 sorem
203 574 391 612 nostrum,
417 565 563 603 scilicet
586 565 629 602 de
653 565 858 602 centesimo
883 565 924 602 in
951 564 1203 601 centesimum
1222 578 1387 610 annum,
1411 563 1480 612 fiat
1499 571 1532 600 et
1553 563 1753 601 ordinetur

56 627 97 664 de
113 624 439 676 quinquagesimo
458 624 501 662 in
518 623 902 673 quinquagesimum.
922 623 972 660 Et
990 623 1103 660 nobis
1120 623 1270 660 videtur
1293 623 1393 672 quod
1414 622 1546 660 debeat
1570 622 1752 660 exaudiri

51 685 143 723 talis
165 684 313 734 petitio.
338 683 440 721 Vide
464 697 567 732 quae
590 682 838 720 adnotamus
861 681 965 719 infra
989 682 1040 719 ad
1063 681 1257 731 paginam
1280 680 1367 719 253.

107 744 150 782 P.
177 742 266 790 245,
291 742 358 792 lig.
387 742 447 779 17.
476 742 733 779 RENovAvlT
759 755 1011 778 PROCESSUS.
1039 740 1231 778 Albertus
1254 739 1630 790 Argentinensis,p.
1650 740 1723 777 197
1744 755 1751 778 ε

52 802 173 840 Αηηο
195 801 363 839 Domini
390 799 705 847 MCCCXLVI,
734 799 777 837 in
803 814 897 836 cena
920 799 1101 845 Domini,
1129 798 1308 836 Clemens
1333 813 1442 848 papa
1468 807 1601 836 contra
1624 798 1752 836 Ludo-

52 861 182 899 vicum
205 860 430 911 principem
454 858 772 897 crudelissimum
795 858 947 907 faciens
970 872 1199 904 sermonem,
1225 866 1358 895 contra
1383 857 1517 907 ipsum
1542 857 1754 895 durissime

48 920 275 970 procedenS,
304 927 338 956 et
365 932 569 968 processus
600 917 774 955 Joannis
801 931 905 967 pape
935 917 1143 963 innovans,
1174 917 1307 966 ipsum
1335 916 1544 953 hereticum
1573 924 1606 954 et
1632 916 1754 954 schis-

54 979 242 1017 maticum
265 977 487 1024 declaravit,
514 977 557 1014 in
579 991 762 1026 processu
785 990 910 1026 penas
931 975 1035 1024 juris
1059 975 1312 1012 hereticorum
1343 983 1377 1012 et
1408 989 1540 1012 omnes
1573 975 1753 1013 maledic-

53 1038 177 1076 tiones
199 1037 385 1087 antiquas
408 1036 613 1074 inserendo
634 1049 646 1073 .·
671 1036 715 1073 in
736 1049 809 1085 quo
831 1035 949 1072 etiam
972 1035 1125 1071 monuit
1145 1034 1348 1083 principes
1369 1024 1544 1071 electores
1567 1042 1607 1071 ut
1628 1048 1755 1083 regem

53 1096 238 1146 eligerent
253 1097 450 1146 ydoneum
468 1095 512 1132 in
530 1095 803 1145 imperatorem
820 1094 1127 1144 promovendum
1146 1093 1251 1141 infra
1271 1101 1415 1130 certum
1432 1101 1585 1142 tempus
1602 1107 1755 1142 expres-

53 1170 156 1202 sum,
188 1170 234 1193 ne
264 1154 442 1192 Ecclesia
470 1154 541 1192 diu
571 1154 754 1191 advocato
783 1160 923 1199 careat,
954 1152 1133 1202 alioquin
1164 1152 1267 1189 circa
1297 1152 1365 1188 hoc
1394 1151 1512 1189 Sedes
1541 1152 1756 1201 apostolica

55 1214 250 1264 cogitaret.
294 1214 425 1251 Extat
464 1227 596 1252 sermo
636 1213 701 1250 ille
741 1212 782 1250 in
824 1211 960 1249 codice
979 1211 992 1232 ²
1033 1225 1268 1250 sermonum
1298 1210 1482 1260 ejusdem
1521 1211 1753 1250 Clementis.

56 1274 195 1312 Habet
223 1281 365 1311 autem
394 1273 470 1310 hoc
498 1271 664 1309 initium
696 1287 703 1309 ε
734 1271 962 1308 Hereticum
991 1270 1188 1307 hominem
1216 1277 1303 1319 post
1333 1283 1454 1306 unam
1483 1277 1516 1306 et
1543 1270 1756 1307 secundam

54 1332 334 1382 correptionem
362 1331 502 1378 devita,
529 1330 658 1368 sciens
685 1330 786 1380 quod
811 1329 1022 1367 subversus
1049 1337 1103 1366 est
1130 1328 1196 1378 qui
1224 1328 1418 1377 ejusmodi
1440 1336 1505 1365 est.
1530 1327 1594 1364 Ad
1621 1328 1756 1366 Titum

55 1391 176 1430 tertio,
202 1391 256 1429 Et
277 1405 375 1428 mox
394 1390 512 1428 addit
526 1389 542 1412 3
564 1406 571 1428 :
595 1390 701 1438 Ergo
722 1388 911 1426 hereticus
931 1396 986 1425 est
1005 1402 1158 1425 summo
1179 1401 1291 1437 opere
1312 1387 1509 1425 vitandus,
1533 1387 1756 1425 Ludovicus

50 1458 184 1488 autem
208 1451 252 1488 de
275 1449 453 1487 Bavaria
474 1448 555 1499 suit
578 1449 772 1486 mediante
793 1447 953 1497 justitia
976 1461 1044 1497 per
1064 1447 1114 1496 je.
1142 1460 1212 1484 rec,
1239 1446 1446 1483 dominum
1465 1446 1542 1492 λα,
1561 1446 1754 1495 predeces-

52 1524 178 1547 sorem
203 1517 392 1556 nostrum,
420 1509 464 1546 de
488 1508 612 1545 heresi
637 1507 960 1556 condempnatus,
987 1506 1030 1543 in
1055 1521 1131 1555 qua
1155 1504 1388 1554 longissimo
1415 1512 1583 1554 tem-pore
1611 1505 1757 1542 mansit

54 1569 196 1606 multos
230 1567 457 1617 inficiendO,
493 1567 633 1604 multos
666 1566 909 1616 decipiendo,
939 1565 1079 1603 multos
1105 1565 1334 1610 seducendO,
1363 1564 1503 1601 multos
1536 1564 1754 1602 occidendo.

55 1628 161 1676 Ergo
185 1641 339 1664 summo
364 1641 477 1676 opere
502 1625 688 1663 vitandus
712 1633 778 1664 est.
808 1625 862 1662 Et
886 1624 991 1662 infra
1007 1623 1023 1646 4
1050 1640 1057 1661 ε
1085 1624 1151 1661 Ad
1175 1623 1343 1660 litteram
1369 1622 1474 1660 enim
1501 1622 1586 1672 ipse
1609 1623 1688 1671 fuit
1713 1623 1757 1659 de

50 1686 208 1736 duplici
234 1686 358 1723 heresi
384 1686 705 1735 condempnatus.
734 1684 872 1722 Primo
894 1683 989 1733 quia
1010 1683 1175 1720 heresim
1197 1682 1525 1732 condempnatum
1542 1695 1611 1731 per
1634 1681 1755 1718 domi-

57 1760 153 1783 num
181 1746 243 1784 J0.
271 1745 315 1782 de
340 1752 571 1794 paupertate
596 1743 745 1781 Christi
771 1751 804 1780 et
828 1743 1109 1792 Apostolorum
1136 1742 1179 1779 in
1201 1741 1380 1778 decretali
1397 1739 1499 1777 Cum
1525 1739 1631 1778 inter
1657 1755 1756 1778 non-

55 1805 188 1842 nullos
209 1804 254 1841 de
274 1812 384 1842 tanta
405 1803 629 1841 maturitate
649 1810 683 1840 et
703 1810 808 1840 tanto
829 1801 1007 1848 consilio,
1031 1801 1125 1851 quia
1147 1815 1225 1837 non
1241 1800 1369 1837 solum
1389 1799 1670 1846 cardinalium,
1692 1799 1759 1836 sed

53 1863 173 1902 etiam
198 1863 477 1912 magistrorum
503 1862 546 1899 in
569 1861 762 1910 theologia
785 1869 819 1898 et
841 1861 961 1898 etiam
984 1860 1026 1897 in
1041 1860 1129 1909 jure
1153 1859 1342 1897 canonico
1362 1866 1396 1896 et
1414 1858 1523 1896 civili
1545 1858 1695 1907 digesta
1718 1872 1758 1895 se

53 1930 179 1960 tenere
207 1921 418 1971 affirmavit
444 1929 479 1958 et
506 1935 545 1958 se
570 1929 695 1958 tenere
719 1920 863 1957 dictam
885 1919 1051 1957 heresim
1072 1919 1278 1968 juravit,...
1296 1918 1398 1955 sicut
1416 1925 1583 1967 apparet
1613 1917 1655 1954 in
1683 1930 1757 1954 sua

57 1995 204 2030 magna
231 1980 511 2031 appellatione,
541 1994 658 2030 quam
680 1979 869 2017 habemus
894 1978 1114 2027 sigillatam
1138 1977 1272 2026 sigillo
1295 1991 1367 2014 suo
1395 1991 1550 2025 magno.
1581 1976 1757 2014 Secundo

49 2040 133 2089 ⁴fuit
151 2040 460 2090 condempnatus
479 2039 523 2076 de
540 2038 664 2076 heresi
683 2053 800 2088 quam
820 2038 883 2075 ille
902 2037 1128 2075 Mamilius
1147 2037 1191 2074 de
1209 2036 1354 2073 Padua
1371 2043 1404 2072 et
1425 2036 1486 2074 Jo.
1507 2035 1552 2072 de
1573 2035 1757 2072 Jenduno

55 2098 301 2145 invenerunt,
328 2098 475 2136 scilicet
500 2098 602 2148 quod
626 2098 678 2135 ad
704 2097 977 2147 imperatorem
1002 2096 1169 2146 pertinet
1194 2095 1382 2144 deponere
1408 2108 1558 2144 papam
1584 2101 1618 2131 et
1645 2091 1756 2130 insti—

53 2166 161 2196 tuere
195 2172 203 2203 3
229 2158 330 2207 quod
351 2157 435 2207 ipse
457 2157 501 2194 de
522 2157 624 2205 facto
644 2157 746 2206 jecit.

114 2217 156 2254 P.
189 2216 278 2263 245,
307 2216 374 2266 lig.
406 2215 468 2254 22.
502 2216 720 2253 DEPosmT
752 2229 880 2252 ETIAM
914 2214 1165 2251 HENRICUM.
1201 2213 1312 2250 Inter
1341 2226 1545 2249 sermones
1577 2211 1756 2249 Clemen-

60 2275 112 2313 tis
141 2276 197 2312 VI
225 2276 402 2313 habetur
429 2289 560 2314 sermo
577 2274 592 2296 5
620 2275 671 2312 ab
697 2274 766 2312 illo
793 2273 959 2311 habitus
987 2272 1028 2310 in
1055 2272 1319 2321 suspensione
1347 2279 1387 2308 et
1415 2269 1756 2308 condemnatione

59 2334 176 2372 istius
208 2334 516 2384 archiepiscopi,
549 2333 664 2382 cujus
696 2333 772 2371 hoc
800 2340 862 2370 est
888 2333 1028 2370 thema
1058 2347 1064 2368 :
1094 2330 1227 2367 Filius
1252 2338 1378 2366 noster
1404 2328 1474 2366 iste
1494 2336 1694 2378 protervus
1725 2335 1758 2364 et

59 2401 281 2440 contumax,
301 2401 378 2431 etc.
402 2393 507 2431 Item
524 2392 539 2414 ⁴³
557 2392 712 2430 collatio
728 2392 833 2441 facta
850 2405 920 2441 per
937 2391 1111 2428 eumdem
1132 2389 1337 2426 dominum
1355 2402 1505 2437 papam
1536 2387 1579 2423 in
1605 2386 1757 2436 deposi-

57 2452 162 2489 tione
188 2452 356 2489 Henrici
383 2451 672 2501 archiepiscopi
700 2449 1045 2499 stlaguntinensis.
1077 2447 1226 2497 Incipit
1252 2447 1383 2484 :Dum
1409 2446 1623 2495 judicatur,
1652 2452 1759 2482 exeat

58 2511 380 2562 condempnatus.
402 2510 616 2548 Sententia
637 2509 903 2559 depositionis
921 2508 1117 2546 adversus
1138 2520 1230 2545 eum
1247 2506 1332 2543 lata
1352 2513 1469 2543 extat
1487 2504 1596 2554 apud
1615 2503 1757 2541 Odori-

57 2584 153 2608 cum
190 2564 468 2619 Raynaldu'm,
504 2583 570 2607 an.
609 2568 723 2615 1346,
766 2568 782 2616 ἓ
820 2567 880 2606 12.

113 2629 156 2666 P.
175 2628 264 2676 245,
281 2628 348 2678 lig.
368 2628 429 2666 24.
449 2628 704 2666 GELRACUM.
725 2627 788 2665 Sic
806 2626 932 2664 etiam
954 2633 1127 2663 vocatur
1143 2624 1184 2661 in
1201 2623 1303 2660 libro
1322 2629 1469 2671 quarto
1486 2621 1758 2671 Epistolarum

56 2686 271 2724 Clementis
298 2686 371 2734 VI,
395 2686 512 2737 epist.
540 2701 706 2724 cctxxi.
733 2685 811 2723 Alii
834 2699 927 2723 eum
950 2691 1103 2722 vocant
1126 2682 1354 2720 Gerlacum.
1381 2680 1458 2718 Sed
1481 2680 1580 2718 haec
1612 2679 1757 2716 discre-

107 2841 139 2874 1.
171 2840 218 2873 Ut
239 2851 281 2880 s.,
296 2839 359 2873 fol.
375 2839 446 2873 374
461 2843 511 2873 v0.

111 2894 142 2926 2.
169 2893 216 2926 Ut
232 2904 275 2934 s.,
295 2893 359 2926 fol.
380 2893 450 2926 374
470 2897 521 2926 νο.

111 2947 144 2980 3.
170 2945 218 2979 Ut
234 2958 276 2986 s.,
296 2946 359 2979 fol.
381 2945 450 2979 375
470 2949 521 2978 v0.

111 2999 144 3032 4.
172 2999 220 3032 Ut
237 3010 279 3039 s.,
301 2998 364 3032 fol.
386 2999 457 3032 376
476 3002 521 3031 r⁰.

114 3053 145 3085 5.
173 3051 221 3085 Ut
238 3063 280 3092 s.,
302 3051 365 3085 fol.
389 3051 457 3085 239
476 3055 521 3084 r0.

115 3106 146 3138 6.
176 3104 223 3138 Ut
242 3116 284 3154 s.,
308 3104 370 3138 fol.
394 3104 463 3137 357
486 3108 538 3137 v0.
