2083 3458
135 233 261 290 [881]
660 249 878 276 PAPARUM
912 249 1298 275 AVENIONENSIUM
1738 231 1822 274 393

176 334 219 371 P.
248 332 338 381 250,
363 333 430 383 lig.
460 333 521 371 24.
551 332 695 370 Pnom:
725 346 868 371 LocUM
898 347 953 369 DE
982 332 1160 370 CRESSY.
1189 332 1291 370 Vide
1309 331 1323 354 ¹
1352 332 1556 370 ‚Ioannem
1584 329 1821 379 Villanium,

121 392 190 431 lib.
213 392 312 440 XII,
333 406 421 442 cap.
444 406 541 429 LXVI
563 390 791 441 [Muratori‚
812 399 842 429 t.
865 406 950 438 xm,
979 392 1052 429 col.
1075 390 1173 441 948]
1196 404 1204 436 ;
1226 391 1486 429 Matthaeum
1511 391 1672 437 Villam,
1696 390 1764 429 lib.
1789 390 1819 439 I,

120 465 208 501 cap.
233 450 568 500 xx11[Muratori,
590 458 619 488 t.
644 464 730 497 XIV,
749 450 823 488 col.
843 449 930 500 27];
948 450 1164 488 Albertum
1181 449 1409 499 Argenffln„
1430 464 1468 499 p.
1487 449 1581 495 204;
1598 450 1820 487 Continua-

120 517 252 549 torem
271 509 433 559 Nangii,
451 517 480 548 t.
499 523 540 556 11,
560 523 598 559 p.
619 508 810 555 201-2Ο3;
832 509 1035 547 ,Ioannem
1057 508 1334 555 Hocsemium,
1352 522 1391 559 p.
1412 508 1501 554 293,
1521 508 1610 555 486,
1629 517 1670 546 et
1691 507 1820 546 Frois-

119 576 291 615 sartum,
318 576 348 607 t.
375 583 432 615 111,
459 582 498 618 p.
529 567 603 605 168
630 581 688 617 sq.

173 627 216 665 P.
246 627 335 675 250,
362 627 429 676 lig.
458 626 520 665 25.
552 627 648 664 REX
674 626 858 665 ΒοΕΜιΕ
888 626 984 664 Voir
1010 626 1047 664 13
1075 626 1196 664 lettre
1235 626 1284 664 de
1320 625 1592 664 condoleance
1630 640 1707 675 que
1736 625 1817 664 Cle

119 686 301 724 mentVI
317 686 510 724 adressa
498 699 520 722 a
540 700 613 723 son
633 685 693 723 fils
711 685 746 722 le
763 684 788 722 8
806 685 971 722 octobre
986 685 1237 733 (Klickman,
1254 685 1354 722 Acta
1368 684 1580 722 Clementis
1601 684 1672 731 VI,
1690 700 1727 722 n.
1745 684 1819 722 732

119 753 160 783 et
190 745 373 791 Zeumm,
404 744 725 791 ConstitutioneS,
755 751 785 782 t.
818 743 919 790 V1111,
950 758 987 781 n.
1022 744 1125 792 108).

171 804 214 842 P.
239 803 328 851 250,
351 776 416 853 l’ig
442 803 503 841 28.
529 803 639 841 MAn.
665 802 777 841 Lisez
803 802 863 840 19.

170 863 214 900 Ρ.
244 862 332 909 250,
360 863 426 911 lig.
456 861 517 901 30.
549 862 754 900 SANCTUM
794 861 997 899 YVONEM.
1037 861 1245 910 Cogitasse
1282 861 1534 899 Clementem
1562 861 1595 897 V
1623 869 1664 899 et
1693 861 1817 898 Joan·

117 935 210 959 nem
237 921 365 959 XXII
392 921 440 959 de
465 936 511 959 eo
535 921 746 959 referendo
771 920 812 957 in
833 920 1067 969 catalogum
1085 927 1324 957 sanctorum
1350 927 1468 970 patet
1492 934 1542 958 ex
1566 919 1676 957 bulla
1693 920 1817 957 Joan·

116 979 176 1019 nis
202 980 344 1027 XXII,
368 980 478 1018 edita
502 980 553 1017 ab
577 979 751 1018 Odorico
777 979 1007 1028 Raynaldo,
1034 993 1098 1016 an.
1125 978 1239 1025 1330,
1273 978 1290 1026 ἓ
1321 978 1382 1016 58.
1409 979 1520 1026 Quae
1553 978 1693 1016 literae
1726 993 1817 1016 cum

114 1047 272 1089 postea,
295 1039 430 1077 nescio
455 1053 535 1088 quo
559 1053 668 1086 casu,
692 1038 877 1088 perditae
912 1037 1099 1084 fuissent,
1124 1038 1306 1075 decrevit
1327 1037 1574 1080 Benedictus
1602 1037 1684 1074 XII
1709 1051 1817 1075 anno

115 1098 238 1136 tertio
255 1097 270 1120 2
291 1112 430 1136 earum
449 1106 652 1147 sumptum
673 1098 717 1134 de
736 1104 880 1146 regesto
897 1096 1049 1133 domini
1063 1110 1166 1146 pape
1185 1096 1384 1133 Jolzannis
1401 1110 1520 1146 super
1541 1096 1820 1145 informatione

115 1157 396 1194 miraculorum
441 1156 591 1194 Yvonis
630 1156 806 1203 Alielori,
847 1155 1061 1205 presbyteri
1103 1155 1299 1204 quondam
1342 1155 1588 1192 Trecorensis
1632 1155 1818 1204 dyocesis,

114 1216 276 1265 perinde
298 1216 421 1253 valere
442 1231 487 1253 ac
507 1216 543 1253 si
564 1215 733 1265 predicte
755 1215 969 1264 originales
991 1214 1112 1252 littere
1142 1222 1389 1263 apparerent.
1426 1214 1610 1264 Idipsum
1640 1222 1819 1252 testatur

115 1275 298 1313 Clemens
324 1275 381 1312 VI
406 1274 447 1312 in
473 1274 691 1312 Collatione
717 1288 842 1323 quam
866 1273 963 1311 fecit
987 1273 1028 1310 in
1053 1273 1294 1311 recitatione
1320 1287 1530 1322 processus
1556 1287 1629 1322 pro
1656 1272 1819 1310 canoni-

114 1333 275 1371 zatione
302 1334 486 1383 ejusdem
517 1333 666 1371 lvonis.
697 1333 809 1371 Haec
836 1341 933 1370 sunt
958 1332 1046 1381 ejus
1073 1332 1197 1370 verba
1216 1334 1231 1352 ²²
1260 1348 1267 1368 z
1296 1331 1398 1369 Cum
1425 1332 1495 1369 iste
1521 1331 1706 1369 dominus
1737 1331 1819 1369 Yvo

113 1393 240 1442 Heloy
256 1393 359 1430 alias
375 1393 550 1442 Haelory
566 1400 741 1430 mortuus
757 1391 878 1441 suerit
892 1406 998 1429 anno
1011 1390 1258 1438 MCCCIII,
1273 1402 1363 1428 ΧΙΧ
1381 1390 1442 1427 die
1460 1391 1605 1427 mensis
1623 1390 1734 1437 maii,
1749 1404 1819 1440 que

111 1451 190 1500 fuit
225 1451 290 1489 illo
324 1466 429 1489 anno
464 1451 664 1489 dominica
697 1459 783 1501 post
816 1450 1097 1497 ascensionem,
1133 1449 1461 1487 crebrescentibus
1494 1449 1580 1498 ejus
1614 1449 1820 1486 miraculis

112 1511 287 1560 populus
308 1511 371 1548 ille
391 1511 558 1548 clamare
579 1525 657 1548 non
674 1510 790 1548 desiit
806 1523 819 1546 .·
840 1509 1092 1547 canonizetur
1114 1509 1196 1546 Yvo
1211 1509 1352 1558 Heloy‚
1370 1509 1510 1558 Heloy,
1528 1516 1562 1546 et
1578 1508 1819 1558 temporibus

113 1570 424 1619 predecessorum
472 1578 692 1607 nostrorum
737 1569 866 1618 felicis
912 1568 1192 1606 recordationis
1247 1567 1460 1605 Clementis
1515 1567 1657 1617 quinti,
1705 1566 1820 1616 cujus

112 1637 281 1678 tempore
309 1629 388 1678 suit
419 1628 618 1678 negotium
648 1643 717 1666 sue
745 1627 1060 1665 canonizationis
1085 1627 1337 1676 solempniter
1361 1626 1403 1663 in
1425 1626 1655 1663 consistorio
1678 1640 1818 1675 propo-

112 1687 246 1734 situm,
280 1696 313 1725 et
344 1688 462 1725 etiam
498 1687 698 1725 Joliannis
729 1686 869 1724 XXII
900 1687 1015 1736 cujus
1047 1686 1165 1724 etiam
1198 1694 1366 1735 tempore
1397 1685 1711 1735 frequentissime
1741 1685 1820 1733 suit

112 1747 358 1796 propositum
387 1755 420 1784 et
449 1746 692 1784 devotissime
722 1746 990 1796 imploratum,
1021 1760 1126 1782 nunc
1158 1759 1227 1794 per
1263 1746 1398 1782 ducem
1427 1744 1639 1781 Britannie
1669 1743 1818 1781 ιΙοΙιαη-

109 1819 209 1853 nem,
236 1821 341 1843 nunc
363 1817 432 1855 per
455 1806 623 1855 prelatos
647 1805 764 1843 totius
788 1804 989 1855 provincie
1016 1804 1274 1851 Turonensis,
1302 1818 1408 1841 nunc
1432 1818 1500 1853 per
1523 1803 1750 1840 carissimos
1776 1802 1819 1840 in

107 1864 263 1902 Christo
293 1865 397 1914 filios
426 1865 680 1914 Philippum,
711 1878 851 1913 regem,
882 1872 915 1901 et
947 1863 1189 1910 Joliannam,
1220 1863 1403 1912 reginam
1432 1862 1603 1899 Francie
1634 1862 1816 1908 illustres,

108 1938 213 1961 nunc
235 1938 303 1973 per
328 1924 620 1961 universitatem
643 1923 927 1970 parisiensem,
952 1923 1107 1960 tandem
1130 1937 1198 1971 per
1226 1922 1400 1959 Yvonem
1422 1921 1653 1971 episcopum
1680 1920 1815 1958 Treco-

106 1996 255 2020 rensem
283 1991 316 2020 et
350 1982 570 2020 Guidonem
598 1983 642 2020 de
669 1982 901 2029 Britannia,
928 1981 1089 2030 fratrem
1117 1981 1242 2028 ducis,
1272 1981 1338 2031 qui
1367 1988 1524 2030 propter
1551 1980 1619 2017 hoc
1647 1987 1815 2028 tempore

106 2042 386 2091 predecessoris
403 2041 624 2091 supradicti
644 2042 696 2079 ad
715 2041 868 2078 curiam
881 2040 1139 2090 personaliter
1152 2047 1408 2086 accesserunt,
1430 2039 1586 2077 tandem
1606 2038 1815 2076 commissa

106 2114 174 2149 per
194 2100 341 2138 dictum
361 2101 664 2150 predecessorem
686 2108 861 2137 nostrum
881 2114 987 2137 anno
1007 2099 1264 2149 pontificatus
1281 2099 1348 2136 sui
1370 2097 1655 2148 quartodecimo
1684 2096 1814 2146 inqui-

105 2159 247 2197 sitione
261 2160 457 2209 episcopis
470 2159 751 2206 Lemovicensi,
765 2173 870 2196 nunc
881 2158 1125 2196 Bituricensi
1137 2158 1445 2207 archiepiscopO,
1458 2165 1491 2194 et
1502 2155 1811 2205 Engolismensi,

106 2225 140 2256 et
157 2218 292 2256 abbati
312 2219 355 2255 de
378 2219 567 2266 Troarno,
587 2218 731 2256 doctori
750 2218 999 2264 decretorum,
1019 2217 1252 2260 Baiocensis
1271 2216 1457 2266 dyocesis,
1477 2224 1511 2253 et
1530 2215 1631 2265 ipsis
1650 2215 1701 2252 ad
1718 2214 1812 2251 civi-

106 2284 220 2314 tatem
242 2277 512 2314 Trecorensem
530 2277 802 2315 accedentibus
819 2276 1089 2326 personaliter,
1110 2276 1239 2325 primo
1256 2289 1376 2325 super
1391 2275 1503 2324 sama
1522 2274 1813 2323 inquisiverunt

103 2336 281 2384 sollicite,
305 2345 339 2373 et
364 2336 463 2374 inter
485 2344 607 2374 cetera
629 2336 842 2386 plusquam
865 2335 1075 2385 quingente
1097 2349 1260 2385 persone
1283 2334 1412 2383 primo
1436 2333 1592 2370 elevatis
1623 2331 1811 2369 manibus

105 2408 238 2432 versus
270 2395 484 2442 ecclesiam,
519 2395 766 2445 postmodum
799 2395 912 2432 tactis
944 2394 1092 2431 sanctis
1125 2393 1341 2442 evangeliis
1372 2392 1604 2442 juraverunt
1636 2399 1671 2428 et
1705 2390 1809 2427 testi-

106 2453 213 2502 ficati
227 2454 389 2503 fuerunt
403 2462 437 2492 et
453 2454 636 2492 dixerunt
649 2454 775 2503 fuisse
790 2461 824 2491 et
839 2468 919 2491 esse
935 2453 1139 2503 publicam
1154 2466 1280 2490 vocem
1295 2460 1329 2489 et
1341 2452 1494 2501 samam
1517 2450 1560 2487 in
1575 2449 1807 2498 Britannia,

105 2512 294 2560 Francia,
318 2513 485 2562 Anglia,
515 2513 713 2562 Yspania,
743 2512 954 2559 Vasconia,
980 2511 1248 2558 Normannia,
1283 2519 1317 2548 et
1347 2510 1442 2547 aliis
1466 2509 1601 2546 multis
1624 2507 1807 2558 partibus

105 2572 206 2621 quod
225 2572 351 2609 dictus
372 2572 556 2609 dominus
583 2572 665 2609 Yvo
685 2580 719 2609 et
738 2579 906 2621 tempore
927 2585 1000 2620 quo
1021 2570 1171 2608 vivebat
1190 2578 1224 2607 et
1243 2577 1411 2619 tempore
1433 2567 1567 2605 mortis
1586 2581 1655 2604 sue
1674 2566 1753 2615 suit
1772 2574 1806 2604 et

103 2638 185 2668 erat
205 2630 329 2668 bonus
347 2639 381 2668 et
400 2631 528 2680 fidelis
547 2630 759 2668 catholicus
778 2639 812 2668 et
828 2638 988 2667 sanctus
1008 2630 1119 2666 homo
1138 2637 1171 2666 et
1194 2629 1287 2665 bone
1306 2635 1339 2665 et
1357 2635 1488 2664 sancte
1507 2626 1580 2663 vite
1599 2633 1632 2663 et
1651 2638 1805 2662 conver-

102 2689 271 2727 sationis
295 2689 449 2727 honeste
472 2698 506 2728 et
530 2690 631 2739 quod
655 2689 698 2726 in
723 2689 803 2726 vita
828 2689 959 2738 ipsius
983 2696 1017 2725 et
1041 2696 1127 2737 post
1150 2687 1236 2737 ejus
1261 2694 1419 2724 mortem
1443 2685 1495 2722 ad
1518 2684 1802 2722 invocationem

151 2844 183 2876 1.
212 2843 369 2883 Denisse,
396 2844 451 2876 La
471 2843 693 2883 Βὲεοῖατὶοη,
721 2849 748 2877 t.
773 2855 811 2882 11,
839 2854 873 2886 p.
892 2842 1001 2875 43-44
1024 2848 1061 2874 et
1080 2841 1116 2873 J.
1140 2839 1267 2877 ward,
1289 2838 1344 2870 La
1372 2849 1574 2881 campagne
1591 2838 1633 2871 de
1661 2837 1798 2880 juillet-

103 2896 300 2930 aoat1346
320 2903 351 2930 et
375 2898 410 2930 Iri
441 2896 586 2930 bataille
613 2896 654 2929 de
682 2895 794 2939 Crecy
811 2895 904 2927 dans
926 2894 958 2927 le
978 2893 1115 2935 Moyen
1134 2893 1222 2936 Age.
1246 2891 1341 2924 avril
1366 2891 1471 2930 1926„
1493 2901 1529 2933 p.
1551 2891 1648 2925 1-84.

151 2950 182 2983 2.
207 2949 256 2983 Le
279 2950 323 2982 22
344 2950 426 2993 juin
447 2950 539 2983 1337
565 2949 699 2993 (Vidal,
723 2961 757 2982 n.
782 2948 903 2991 5062).

149 3003 181 3035 3.
201 3002 463 3046 Bibliotheque
481 3001 852 3041 Sainte-Genevieve,
871 3011 938 3033 ms.
958 2999 1039 3040 240,
1058 2999 1120 3032 fol.
1140 2999 1208 3032 529
1228 3003 1277 3031 νο.
1295 3017 1344 3021 —
1360 2997 1409 3030 Le
1434 2999 1561 3041 proces
1580 2997 1624 3029 de
1642 2995 1794 3029 canoni—

100 3055 224 3088 sation
240 3067 262 3088 a
285 3057 344 3089 ete
364 3055 490 3099 publie
515 3066 584 3097 par
601 3055 654 3088 La
671 3053 859 3092 Boi-devie,
874 3052 1006 3086 Daniel
1028 3050 1183 3094 Perquis
1203 3057 1240 3083 et
1256 3049 1431 3092 Tempier
1449 3048 1699 3092 (Monuments
1722 3048 1794 3082 ori-

103 3109 244 3150 ginausc
263 3109 304 3141 de
325 3108 499 3142 l’lu'stoire
524 3108 564 3141 de
586 3108 686 3141 saint
708 3107 813 3146 Yves,
834 3104 1105 3139 Saint-Brieuc.
1132 3104 1248 3146 1887).
