2083 3458
119 249 271 303 [1230]
638 266 852 291 PAPARUM
888 266 1271 292 AVENIONENSIUM
1721 252 1798 292 751

104 347 209 385 tioni
236 347 392 385 Urbani
418 347 537 385 docet
563 348 602 385 in
629 364 701 387 suo
729 350 848 387 Facto
875 350 1053 387 Jacobus
1081 350 1129 387 de
1156 350 1260 388 Seva
1286 364 1357 388 seu
1381 350 1518 400 potius
1546 351 1726 388 Joannes
1753 349 1801 387 de

108 406 305 457 Lignano‚
334 421 373 456 p.
406 407 494 445 500.
515 408 651 445 'Porro
681 422 773 445 euni
805 408 926 447 fuisse
958 409 1274 457 gubernatorem
1306 409 1665 460 Montispessulani
1695 422 1803 447 anno

54 486 57 488 ·
108 466 341 504 MCCCLIV
380 465 528 504 docent
566 466 706 505 literae
748 467 962 517 Arnulphi,
1003 468 1157 505 domini
1197 468 1509 516 d'Andenehan‚
1548 467 1805 507 mareschalli

110 524 303 563 Franciae
328 533 369 563 et
391 525 708 564 locumtenentis
732 526 830 576 regii
852 526 891 563 in
917 527 1103 576 partibus
1129 527 1339 575 occitanis,
1364 527 1485 566 datae
1509 528 1550 564 in
1574 528 1802 578 Montepes·

108 584 265 626 sulam),
282 583 344 622 die
362 592 509 633 quarta
526 584 622 622 maii
638 585 820 634 ejusdem
838 585 947 624 anni.

162 644 205 681 P.
228 643 318 687 448,
339 642 405 692 lig.
428 642 490 681 21.
514 644 606 681 CUM
631 658 867 682 MISERRIMA
889 659 1013 683 vocE.
1037 645 1315 682 cardinalium
1338 660 1404 683 ora
1427 645 1643 684 tristitiam
1664 659 1804 683 eorum

110 711 357 741 monstrasse
392 701 442 739 in.
466 702 812 741 inthronizatione
847 712 888 741 et
922 704 1185 741 coronatione
1222 704 1377 741 Urbani
1420 704 1539 742 multi
1581 713 1804 743 testantur.

115 762 159 799 In
180 762 300 799 Facto
318 761 331 783 1
353 761 570 800 Clementis
593 762 672 799 VII
695 762 825 801 diviso
846 778 917 813 per
937 763 1128 800 articulos
1151 763 1207 800 ita
1230 763 1377 812 legitur
1396 763 1568 802 articulo
1591 764 1661 802 101
1684 781 1690 802 z
1713 764 1806 802 Item

109 822 210 871 quod
228 821 289 858 die
309 821 574 858 coronationis
593 822 816 860 cardinales
835 822 1039 859 existentes
1060 822 1101 859 in
1124 822 1211 871 ipsa
1232 823 1480 860 coronatione
1500 823 1631 860 induti
1649 822 1804 873 pluvia-

108 880 214 917 libus
232 887 266 916 et
283 894 371 917 cum
391 880 532 926 mitris,
553 881 645 917 dum
664 882 734 924 sic,
755 889 797 918 ut
814 881 960 918 dictum
979 889 1046 927 est,
1066 881 1236 930 officium
1255 882 1520 919 coronationis
1538 883 1805 929 celebraretur,

109 939 189 989 ipsi
216 938 437 976 cardinales
464 953 598 976 omnes
624 940 681 976 wel
707 940 833 987 major
860 949 954 990 pars
982 940 1233 977 ostendebant
1259 941 1389 978 vultus
1417 941 1543 978 tristes
1569 950 1604 979 et
1636 941 1805 979 declina-

110 998 202 1035 bant
223 998 352 1035 oculos
378 997 419 1035 in
443 1006 597 1036 terram.
620 999 670 1036 Et
688 1014 775 1036 cum
799 999 1132 1047 interrogarentur
1152 1013 1220 1049 per
1239 1000 1393 1049 aliquos
1415 1000 1585 1050 prelatos
1608 1015 1726 1049 quare
1748 1000 1807 1038 sic

107 1065 244 1103 essent,
276 1057 402 1106 aliqui
435 1071 513 1094 non
544 1059 819 1107 respondentes
849 1058 1140 1108 suspirabant;
1171 1058 1297 1108 aliqui
1329 1055 1423 1096 vero*
1456 1059 1742 1108 respondebant
1772 1068 1808 1097 et

108 1116 288 1154 dicebant
313 1132 321 1153 ς
352 1117 412 1154 Tu
437 1116 599 1154 videbis.
630 1117 891 1164 Urbanistae,
918 1117 987 1167 qui
1012 1117 1209 1155 nolebant
1233 1118 1338 1156 hanc
1364 1118 1518 1155 famam
1542 1117 1805 1165 invalescere,

107 1175 251 1213 statim
271 1176 495 1225 vulgarunt
514 1176 619 1213 hanc
644 1176 799 1213 Urbani
820 1175 1129 1214 coronationem
1149 1190 1170 1213 a
1193 1176 1468 1215 cardinalibus
1490 1177 1668 1216 multum
1688 1177 1805 1216 laetis

107 1242 148 1273 et
167 1233 362 1272 hilaribus
382 1243 594 1284 peractam
613 1250 711 1273 esse.
736 1236 848 1273 Unus
868 1235 984 1273 testis
1004 1235 1192 1282 sufficiet,
1212 1235 1405 1275 nimirum
1425 1237 1604 1274 joannes
1625 1237 1805 1283 Garsiae,

108 1294 285 1332 decanus
317 1294 650 1343 Calagurritanus
682 1303 722 1332 et
754 1294 1032 1339 Calciatensis‚
1065 1294 1132 1344 qui
1164 1294 1440 1344 interrogatus
1460 1294 1474 1316 2
1504 1296 1604 1333 dian't
1634 1296 1734 1345 quod
1765 1296 1807 1333 in

108 1353 356 1390 coronatione
381 1361 416 1390 et
440 1353 535 1390 aliis
561 1354 714 1391 actibus
743 1354 785 1391 in
812 1354 956 1403 quibus
981 1362 1092 1391 erant
1117 1368 1205 1391 cum
1231 1369 1273 1389 en
1300 1355 1450 1391 videtur
1474 1354 1554 1391 sibi
1584 1356 1685 1404 quod
1711 1355 1807 1392 vidit

108 1426 170 1449 eos
199 1412 289 1449 letos
317 1420 351 1449 et
379 1427 466 1452 cum
498 1413 610 1450 bonis
637 1413 828 1461 faciebus.
860 1414 989 1463 Super
1018 1428 1098 1462 quo
1126 1412 1401 1462 interrogatus
1432 1413 1623 1462 Aegidius
1655 1413 1806 1461 Sancii,

108 1471 339 1521 prepositus
372 1471 688 1519 Valentinensis⁷
719 1471 956 1522 respondit3
986 1488 993 1509 :
1026 1472 1164 1521 Quoad
1194 1472 1234 1509 id
1262 1474 1363 1522 quod
1391 1473 1537 1509 dicitur
1563 1472 1606 1509 de
1627 1473 1808 1523 ylaritate

108 1531 287 1568 vultuum
311 1531 585 1568 coronantium
610 1539 644 1569 et
667 1531 954 1569 associantium
978 1531 1155 1581 primurn
1180 1532 1340 1569 electum
1364 1533 1415 1569 ad
1440 1532 1630 1570 Sanctum
1658 1533 1806 1570 Johan-

108 1604 195 1627 nem
210 1590 254 1627 de
269 1590 463 1627 Laterano
479 1604 555 1627 non
572 1590 703 1628 credit.
728 1591 826 1628 Ymo
842 1590 940 1628 vidit
954 1590 1197 1628 contrarium
1212 1599 1245 1628 et
1260 1592 1303 1628 de
1318 1591 1386 1628 hoc
1401 1591 1570 1630 avisavit
1585 1591 1808 1641 familiares

106 1653 198 1686 Suos
218 1657 252 1686 et
271 1649 404 1698 plures
425 1649 526 1686 alios
547 1649 613 1698 qui
634 1664 765 1687 secum
784 1659 895 1687 erant
915 1651 1016 1699 quod
1035 1650 1258 1687 cardinales
1280 1650 1321 1687 in
1343 1650 1422 1687 hiis
1444 1650 1673 1689 incedebant
1699 1651 1808 1688 vultu

107 1707 347 1745 tristissima
380 1708 492 1745 Idem
518 1717 696 1746 testatus
724 1717 784 1746 est
812 1709 1002 1758 Aegidius
1023 1709 1264 1755 Bellamera,
1287 1709 1598 1748 archidiaconus
1621 1710 1807 1759 Andega—

108 1767 240 1805 vensis
266 1776 307 1804 et
332 1767 566 1805 audientiae
592 1767 805 1806 literarum
830 1768 1183 1806 contradictarum
1209 1768 1364 1807 domini
1389 1783 1519 1819 papae
1540 1769 1720 1817 auditor,
1744 1769 1807 1807 his

107 1826 240 1864 verbis
258 1825 273 1848 4
294 1843 301 1864 z
328 1826 423 1863 Item
443 1828 544 1876 quod
563 1828 696 1864 eadem
717 1827 778 1864 die
798 1827 899 1864 circa
922 1828 1057 1864 horam
1078 1841 1326 1876 vesperorum
1346 1828 1523 1877 prefatus
1542 1828 1700 1866 auditor
1719 1843 1807 1866 cum

105 1885 200 1922 aliis
218 1885 380 1923 intravit
395 1887 606 1935 quamdam
623 1887 815 1936 capellam
832 1886 976 1936 palatii
994 1886 1132 1924 Sancti
1149 1887 1273 1933 Petri,
1292 1887 1360 1924 ubi
1378 1887 1475 1924 vidit
1490 1888 1809 1925 Bartholomeum

105 1944 323 1994 predictum
341 1960 429 1982 cum
447 1945 618 1994 pluviali
636 1953 669 1982 et
687 1946 818 1991 mitra,
838 1946 1042 1995 vultusque
1059 1946 1154 1982 XII
1171 1946 1421 1983 dominorum
1439 1947 1721 1994 cardinalium,
1740 1946 1807 1996 qui

102 2018 207 2050 eum,
230 2012 271 2041 ut
291 2004 506 2049 dicebatur,
527 2005 659 2042 statim
683 2005 993 2051 installaverant,
1015 2004 1222 2053 diligenter
1242 2005 1410 2054 aspexit,
1432 2005 1602 2056 viditque
1620 2020 1685 2042 eos
1706 2006 1809 2044 ultra

107 2063 264 2100 modum
288 2063 448 2100 solitum
472 2063 657 2113 pallidos.
684 2064 864 2113 pavidos,
889 2072 1002 2114 atque
1019 2064 1158 2101 tristes.
1181 2064 1403 2102 Rodericus
1426 2064 1629 2102 Fernandi
1654 2064 1806 2114 portio·

107 2121 244 2159 narius
264 2122 467 2160 Ecclesiae
490 2122 759 2172 Hispalensis,
779 2122 882 2160 dixit
898 2123 913 2145 5
932 2124 1032 2173 quod
1050 2123 1147 2160 vidit
1170 2123 1288 2160 istum
1299 2124 1457 2161 electum
1478 2132 1511 2162 et
1532 2123 1754 2161 cardinales
1774 2131 1809 2160 et

104 2182 238 2231 plures
273 2181 446 2218 Ytalicos
474 2181 691 2231 equitantes
720 2196 807 2219 cum
836 2196 877 2218 eo
906 2190 993 2231 post
1021 2182 1323 2228 coronationem,
1353 2190 1387 2220 et
1415 2183 1566 2220 videtur
1593 2182 1673 2219 sibi
1709 2183 1810 2232 quod

107 2240 218 2277 ibant
237 2240 411 2278 vultibus
431 2240 612 2277 tristibus
630 2249 663 2277 et
683 2242 856 2287 tacendo,
876 2249 909 2278 et
933 2241 1060 2290 aliqui
1086 2241 1349 2290 respiciebant
1374 2242 1497 2279 celum
1524 2241 1751 2290 stringendo
1768 2255 1809 2278 se

104 2307 139 2337 et
159 2300 425 2349 cortoquendO.
444 2300 561 2336 Dixit
580 2300 698 2337 etiam
719 2300 821 2349 quod
839 2299 995 2337 audivit
1015 2299 1093 2337 dici
1114 2300 1164 2337 ab
1183 2299 1277 2337 aliis
1299 2314 1394 2349 quos
1415 2300 1499 2350 ipse
1521 2300 1773 2349 interrogavit

107 2358 213 2408 Quid
237 2358 345 2395 vobis
370 2358 549 2396 videtur?
572 2359 749 2408 Qualiter
775 2359 923 2396 vadunt
947 2358 1195 2396 cardinales?
1216 2367 1250 2396 et
1274 2359 1454 2396 dicebant
1478 2361 1579 2408 quod
1602 2359 1810 2397 videbatur

105 2417 185 2454 sibi
208 2418 309 2467 quod
331 2417 443 2455 ibant
465 2417 606 2455 tristes.

161 2476 304 2514 Frater
334 2476 539 2514 Ferrarius
570 2476 618 2513 de
650 2477 816 2525 Vergos,
847 2476 998 2514 ordinis
1031 2475 1248 2523 Minorum,
1279 2476 1512 2526 provinciae
1543 2476 1810 2526 Arragoniae,

105 2535 382 2584 interrogatus
402 2535 418 2557 ⁶
445 2550 566 2585 super
593 2549 689 2573 casu
717 2535 838 2585 primi
866 2534 998 2582 electi,
1027 2549 1078 2572 an
1101 2535 1325 2572 cardinales
1356 2540 1494 2574 omnes
1522 2535 1805 2574 interfuissent
1842 2573 1848 2577 ,

105 2594 362 2632 coronationi
393 2593 494 2643 ejus,
525 2602 566 2631 et
595 2594 630 2631 si
661 2594 857 2631 habebant
883 2593 1007 2642 jacies
1037 2595 1145 2640 letas,
1176 2594 1233 2631 vel
1261 2607 1355 2643 quos
1394 2602 1518 2643 gestos
1541 2595 1810 2642 ostendebant,

107 2653 208 2690 discit
237 2653 338 2702 quod
367 2653 446 2689 sibi
477 2653 681 2690 videbatur
711 2654 812 2702 quod
841 2653 1036 2690 habebant
1064 2652 1186 2701 jacies
1216 2654 1420 2702 depressas
1449 2661 1483 2690 et
1513 2653 1727 2691 inclinatas
1756 2654 1808 2691 ad

102 2720 247 2749 terram
276 2720 464 2761 tanquam
493 2711 621 2749 tristes
649 2712 751 2749 sicut
778 2726 867 2748 cum
895 2711 1019 2748 alicui
1046 2711 1140 2759 fluit
1166 2711 1336 2760 sanguis
1364 2712 1408 2748 de
1437 2712 1617 2760 naribus,
1646 2721 1679 2750 et
1708 2712 1811 2750 inter

157 2844 188 2876 1.
220 2843 259 2875 Β.
282 2843 338 2882 Ν.,
359 2854 424 2875 ms.
445 2842 539 2874 latin
557 2841 767 2881 11745,f01.
786 2843 831 2874 35
851 2846 899 2874 νο.

181 2923 187 2929 .
219 2896 285 2929 Ms.
310 2896 394 2934 cite,
419 2896 480 2928 fol.
506 2895 573 2927 202
597 2899 647 2928 νο.

279 2975 285 2981 .
309 2949 392 2985 cite'.
416 2948 477 2981 fol.
501 2948 569 2980 190
590 2952 632 2980 r0.

181 3028 188 3035 .
279 3028 286 3035 .
307 3002 390 3040 cite,
411 3001 472 3034 fol.
493 3001 537 3033 54
557 3004 606 3033 v0.

181 3081 188 3088 .
219 3054 285 3087 Ms.
309 3054 392 3094 cite,
416 3054 477 3087 fol.
501 3054 570 3086 120
592 3057 643 3087 νο.

280 3135 286 3140 .
307 3108 391 3146 cite,
411 3107 472 3139 fol.
494 3108 562 3138 112
583 3111 631 3138 ΥΟ.

156 2897 188 3034 ῥρῦὶῦ

219 2949 274 3034 ἕξ

157 3056 188 3141 9⁵³0*

220 3108 274 3140 Ξ
