2083 3458
111 250 260 305 [1059]
631 267 847 293 PAPARUM
883 269 1266 297 AvanoNENsmM
1716 255 1796 296 577

95 350 259 388 Tholose
279 349 428 387 servari
453 350 496 387 in
516 350 664 388 talibus
688 353 895 401 consuetis,
917 368 995 391 non
1019 354 1267 393 obstantibus
1284 356 1593 405 quibuscumque
1611 355 1795 394 constitu-

93 409 271 447 tionibus
302 408 544 458 apostolicis,
579 410 816 459 privilegiis,
852 411 1126 461 indulgentiis,
1158 428 1308 452 necnon
1338 414 1497 452 statutis
1528 422 1563 452 et
1593 422 1796 452 consuetu-

93 468 258 505 dinibus
281 482 327 505 ac
349 467 611 505 observantiis
634 469 809 517 ejusdem
843 471 969 508 studii
992 481 1026 510 et
1057 472 1223 511 ordinis.
1251 474 1424 511 Constat
1459 474 1601 522 itaque
1639 473 1795 511 theolo-

93 527 200 575 giam
235 526 398 576 publice
434 526 569 565 doceri
604 528 770 565 solitam
804 529 847 566 in
882 531 1093 569 academia
1130 531 1330 569 Tolosana
1368 540 1464 570 ante
1499 531 1793 581 pontificatum

93 585 263 633 Urbani,
297 593 512 635 statasque
545 599 592 623 ac
624 587 824 625 solemnes
858 588 980 627 fuisse
1013 590 1119 638 leges
1152 590 1377 628 secundum
1412 604 1512 640 quas
1545 590 1791 640 professores

89 644 196 682 illius
219 644 413 682 scientiae
436 645 707 693 promovendi
730 654 848 683 erant
870 647 921 685 ad
945 649 1239 697 magisterium.
1266 649 1342 687 Sed
1365 657 1519 696 tamen,
1543 658 1589 687 ut
1612 649 1789 697 videtur,

91 717 136 741 ea
162 703 337 741 facultas
364 703 440 741 illis
467 703 613 752 amplis
639 704 861 753 privilegiis
888 707 1072 744 nondum
1099 716 1244 746 ornata
1271 717 1358 746 erat
1385 708 1531 757 quibus
1558 721 1648 745 eam
1675 709 1790 747 deco-

90 762 200 800 ravit
228 761 433 800 Urbanus.
457 761 621 812 Alioqui
649 763 757 800 enim
783 764 862 801 ista
890 767 1163 815 repugnantia
1191 781 1271 804 non
1299 775 1437 816 posset
1465 767 1682 805 conciliari.

145 821 262 859 Hanc
297 829 482 859 nostram
516 820 903 870 interpretationem
939 824 1188 862 confirmant
1222 825 1347 864 verba
1386 825 1615 863 Innocentii
1649 825 1706 862 VI
1741 826 1789 864 de

89 893 280 918 concesso
303 879 394 917 urbi
418 879 645 918 Tolosanae
669 881 808 919 studio
830 882 872 919 in
888 882 1117 932 theologica
1142 884 1355 931 facultate,
1373 899 1477 933 quae
1501 885 1555 922 sic
1572 884 1754 922 habent1
1781 901 1788 922 :

93 938 284 976 Volumus
301 947 335 976 et
349 939 474 976 eidem
497 939 757 977 Universitati
774 941 1016 988 presentium
1032 943 1260 980 auctoritate
1277 943 1524 980 concedimus
1541 944 1642 992 quod
1656 955 1787 991 regen-

87 1006 140 1035 tes
154 1006 189 1035 et
202 998 398 1035 studentes
415 998 458 1034 in
473 998 658 1042 facultate
673 999 848 1047 predicta
863 1001 1049 1037 omnibus
1065 1001 1302 1050 privilegiiS,
1320 1002 1580 1049 libertatibus,
1597 1010 1631 1039 et
1647 1002 1787 1039 immu-

87 1056 282 1094 nitatibus
314 1057 507 1095 concessis
539 1058 765 1106 regentibus
797 1066 910 1108 atque
941 1059 1191 1097 studentibus
1225 1060 1267 1097 in
1300 1061 1506 1110 quibusvis
1539 1060 1789 1109 generalibus

85 1115 231 1153 studiis
251 1116 449 1164 gaudeant
466 1124 500 1153 et
519 1124 692 1154 utantur.
716 1117 907 1155 Urbanus
927 1132 1048 1167 porro
1067 1118 1166 1157 nihil
1186 1120 1336 1156 statuit
1354 1120 1394 1156 in
1414 1121 1556 1157 eadem
1576 1120 1784 1158 academia

86 1189 159 1223 pro
188 1175 326 1212 studio
355 1175 609 1224 theologicae
639 1176 864 1223 facultatis,
895 1177 964 1215 sed
994 1185 1159 1215 tantum
1190 1186 1497 1217 conservatores
1521 1179 1614 1217 huic
1642 1179 1786 1217 acade-

88 1234 191 1271 miae
222 1234 336 1271 dedit
365 1234 602 1283 episcopum
635 1234 868 1282 Rivensem,
900 1236 1076 1285 priorem
1105 1236 1257 1275 Beatae
1288 1237 1438 1275 Mariae
1471 1237 1715 1285 Deauratae,
1746 1245 1787 1275 et

87 1293 342 1342 prepositum
358 1292 561 1331 Ecclesiae
581 1293 820 1332 Tolosanae.
837 1294 997 1333 Extant
1016 1309 1136 1345 porro
1167 1296 1394 1333 etiamnum
1424 1304 1583 1333 statuta
1613 1296 1785 1345 antiqua

86 1351 316 1400 theologiae
347 1351 457 1390 facta
488 1360 673 1401 tempore
705 1353 859 1391 domini
894 1354 1036 1392 Amelii
1068 1354 1116 1392 de
1139 1355 1344 1402 Lautrico,
1370 1355 1598 1393 cancellarii
1620 1369 1786 1393 venera·

87 1409 177 1447 hilis
199 1411 326 1448 studii
348 1410 551 1455 Tolosani,
575 1425 682 1449 anno
706 1411 997 1460 MCCCLXVI,
1019 1414 1059 1451 in
1083 1414 1230 1463 quibus
1253 1414 1407 1452 mentio
1441 1414 1487 1451 fit
1508 1414 1642 1451 bullae
1668 1414 1786 1451 Inno-

88 1469 210 1507 centii
242 1469 310 1507 VI.

143 1528 183 1566 Ρ.
209 1528 297 1576 409,
320 1528 386 1578 lig.
411 1528 471 1567 11.
497 1529 666 1568 Fowns.
693 1530 766 1568 Les
797 1530 973 1568 Grandes
994 1531 1225 1581 clironiques
1247 1532 1291 1568 de
1313 1531 1465 1569 France
1488 1532 1564 1580 (ed.
1592 1531 1784 1569 Delache-

87 1587 166 1630 nal,
189 1595 217 1625 t.
238 1602 279 1635 11,
300 1602 338 1637 p.
361 1587 426 1636 33)
449 1596 489 1627 et
507 1589 543 1626 le
564 1588 668 1626 Petit
689 1588 908 1627 Thalamus
929 1591 1006 1639 (ed.
1029 1590 1454 1638 Albanes-Chevalier,
1477 1590 1591 1628 Actes
1609 1590 1784 1638 anciens,

88 1654 105 1682 t
142 1660 166 1692 1,
192 1661 228 1695 p.
257 1646 321 1693 97)
347 1655 592 1696 rapportent
616 1648 650 1685 le
674 1650 806 1686 menie
831 1648 919 1687 fait.

142 1705 183 1742 P.
211 1704 299 1752 410,
324 1706 390 1755 lig.
417 1706 452 1744 3.
480 1706 611 1743 VILLA
639 1706 730 1745 Dm.
759 1708 834 1746 Sur
857 1709 893 1746 la
920 1708 1087 1747 bataille
1113 1709 1161 1746 de
1186 1708 1399 1755 Villedieu,
1425 1709 1513 1745 voir
1539 1708 1786 1745 Delachenal

89 1764 283 1812 (Histoire
307 1765 351 1801 de
375 1764 538 1802 Clzarles
568 1765 612 1813 V,
639 1773 668 1804 t.
694 1781 750 1813 111,
776 1781 815 1816 p.
843 1766 1031 1815 362-364)
1058 1775 1100 1806 et
1124 1768 1302 1805 Histoire
1327 1768 1370 1804 de
1394 1767 1630 1815 Languedoc
1656 1767 1700 1812 (t.
1726 1781 1785 1813 lx,

84 1837 123 1872 p.
158 1822 359 1866 782-784).

142 1882 183 1920 Ρ.
212 1882 300 1930 410,
326 1883 393 1932 lig.
423 1882 483 1922 12.
514 1884 577 1920 DE
603 1884 746 1923 BAslo.
776 1885 883 1923 C’est
911 1885 987 1923 Gui
1015 1885 1185 1934 d'Azay.

140 1941 182 1979 P.
208 1941 297 1989 410,
321 1942 387 1991 lig.
415 1941 474 1981 14.
500 1942 776 1982 BELLICARDI.
804 1944 881 1982 Gui
906 1944 953 1982 de
979 1945 1163 1982 Prohins.
1297 1988 1301 1991 ⁸

140 2000 182 2038 P.
208 2000 297 2048 410,
320 2001 387 2049 lig.
414 2000 474 2040 16.
500 2001 709 2041 TERRIDA.
734 2003 952 2051 Bertrand,
979 2004 1156 2041 vicomte
1186 2004 1234 2041 de
1259 2003 1421 2041 Gimoes
1447 2002 1646 2045 (Grandes
1679 2001 1784 2038 cliro-

86 2059 224 2108 niques
244 2060 288 2096 de
308 2060 474 2108 France,
497 2061 558 2099 ed.
584 2061 845 2109 Delachenal,
868 2071 896 2100 t.
918 2077 943 2109 1,
966 2077 1003 2112 p.
1027 2062 1133 2110 338).

139 2118 181 2156 P.
205 2118 294 2166 413,
316 2118 382 2168 lig.
407 2119 468 2158 31.
492 2120 582 2157 Pno
604 2134 711 2158 PACE
732 2135 862 2158 INTER
886 2136 975 2159 Eos.
1001 2122 1124 2159 Linus
1148 2121 1331 2159 Colutius
1355 2121 1566 2167 Salutatus
1586 2119 1600 2141 '³
1620 2120 1661 2156 in
1682 2119 1783 2168 epis-

88 2177 169 2214 tola
186 2171 310 2226 paulo
328 2185 422 2227 post
440 2186 616 2217 mortem
635 2179 792 2218 Urbani
811 2180 844 2216 V
863 2180 1015 2230 scripta
1034 2181 1085 2217 ad
1107 2180 1367 2218 Franciscum
1385 2179 1511 2217 Bruni
1530 2179 1584 2216 sic
1602 2178 1784 2226 loquitur

84 2236 132 2273 de
156 2237 349 2274 extremis
373 2236 558 2286 ejusdem
584 2238 739 2276 Urbani
766 2255 772 2276 :
798 2239 865 2276 Ad
885 2239 986 2277 lianc
1009 2239 1132 2287 igitur
1156 2239 1289 2276 urbem
1311 2238 1529 2276 Ecclesiam
1552 2237 1621 2273 diu
1644 2250 1784 2284 vagam

82 2303 116 2332 et
144 2304 338 2333 errantem
377 2296 599 2345 induxerat,
631 2306 665 2335 et
700 2298 872 2346 fratrum
900 2312 1063 2335 suorum
1094 2307 1203 2335 tanta
1234 2297 1511 2346 indignatione
1545 2295 1714 2333 detinuit
1744 2302 1785 2332 ut

82 2353 276 2391 videretur
304 2354 373 2392 hoc
401 2364 583 2393 sanctum
612 2357 861 2406 propositum
891 2356 1056 2394 nonnisi
1087 2357 1222 2394 mortis
1251 2365 1420 2405 tempore
1448 2355 1701 2392 dimissurus.
1734 2353 1785 2390 Et

82 2426 163 2449 ecce
187 2427 257 2450 seu
290 2413 421 2451 Ytalie
445 2414 540 2463 fato,
568 2429 637 2452 seu
671 2415 895 2453 Galliarum
920 2416 1093 2464 fortuna,
1122 2417 1203 2453 sive
1230 2416 1356 2463 gentis
1384 2414 1495 2451 illius
1522 2412 1784 2450 mutabilitate

84 2471 231 2519 nativa,
262 2473 443 2510 omnium
471 2474 735 2512 admiratione
762 2475 894 2512 subito
922 2475 1139 2524 relinquere
1168 2474 1329 2511 Latium
1357 2472 1584 2519 destinavit:
1612 2479 1719 2520 puto,
1750 2478 1784 2507 et

82 2529 140 2567 sic
158 2530 270 2579 fama
289 2540 356 2578 est,
381 2540 433 2579 ut,
455 2533 587 2582 sicque
607 2533 710 2570 credi
732 2534 892 2581 volebat,
916 2534 1064 2582 Anglie
1084 2548 1128 2570 ac
1152 2533 1395 2570 Francorum
1416 2545 1523 2579 reges
1543 2529 1781 2575 conciliaret,

82 2597 117 2626 et
129 2589 238 2638 sorte,
258 2598 299 2627 ut
312 2590 376 2638 fas
391 2599 446 2628 est
461 2591 505 2628 de
520 2599 626 2629 tanto
651 2593 733 2629 viro
749 2606 984 2641 presumere,
1001 2601 1035 2630 et
1052 2601 1092 2630 ut
1106 2592 1158 2629 ad
1179 2591 1355 2629 Ytaliam
1379 2590 1608 2639 quandoque
1628 2587 1780 2626 rediret.

139 2648 180 2686 P.
215 2647 303 2695 415,
335 2649 401 2699 lig.
436 2649 470 2688 5.
505 2650 747 2688 PRESBITER
789 2665 1034 2688 onmNATus
1074 2658 1216 2688 contra
1261 2658 1442 2687 veterem
1473 2661 1640 2685 morem.
1675 2646 1781 2684 Olim

85 2707 193 2745 enim
219 2708 250 2745 is
279 2707 348 2756 qui
383 2708 569 2746 nondum
604 2709 820 2759 presbyter
846 2709 1073 2759 eligebatur
1108 2708 1297 2758 pontifex
1330 2721 1522 2745 romanus
1558 2720 1640 2743 non
1678 2705 1780 2743 acci-

84 2765 226 2815 piebat
253 2766 439 2806 ordinem
464 2768 708 2816 presbyteri,
737 2769 806 2806 sed
825 2783 875 2806 ex
897 2769 1068 2806 diacono
1094 2768 1219 2805 fiebat
1240 2767 1466 2816 episcopus.
1495 2765 1595 2802 Vide
1622 2764 1780 2814 praefa-

82 2824 239 2862 tionem
272 2825 348 2863 viri
382 2825 608 2865 doctissimi
642 2827 814 2865 Joannis
849 2827 1074 2865 Mabillonii
1108 2826 1160 2863 ad
1194 2834 1353 2864 tomum
1385 2823 1611 2862 secundum
1644 2821 1782 2859 Musei

89 2882 233 2930 Italici,
253 2898 291 2933 p.
314 2883 400 2923 119.

139 2941 181 2980 Ρ.
205 2941 294 2991 415,
317 2943 383 2992 lig.
407 2943 442 2981 8.
467 2943 751 2982 GU1LLERMus
775 2958 871 2982 com.
896 2945 1189 2982 BELLlFonTls.
1213 2942 1308 2981 Tres
1329 2942 1408 2990 ille,
1434 2949 1478 2979 ut
1499 2954 1621 2991 supra
1645 2954 1681 2989 p.
1705 2939 1779 2977 831

135 3071 166 3104 1.
192 3071 240 3105 Μ.
267 3072 457 3111 Fournier‚
484 3071 631 3112 statuis,
657 3079 683 3106 t.
707 3085 730 3114 1,
756 3084 791 3116 p.
818 3073 897 3107 593.

134 3124 164 3157 2.
197 3124 264 3158 Ed.
292 3125 443 3165 Novati,
468 3130 495 3159 t.
517 3137 541 3165 1,
566 3137 601 3168 p.
627 3126 683 3159 84.

722 3209 886 3238 BALUZE,
909 3218 955 3222 —
981 3200 1028 3231 11.
1050 3218 1096 3222 —
1118 3201 1159 3231 19
