2083 3458
109 222 260 280 [1049]
670 242 885 268 PAPARUM
922 242 1303 267 AVENIONENSIUM
1714 227 1794 270 565

98 324 222 363 verba
241 324 255 347 1
281 340 288 362 :
317 324 414 362 Item
446 325 548 374 quod
577 325 732 363 audivit
753 341 777 363 a
800 326 958 363 domino
981 326 1182 364 cardinale
1206 326 1447 373 Florentino,
1473 328 1627 376 quando
1649 326 1729 375 fuit
1752 328 1794 364 in

97 383 192 421 villa
218 383 407 432 Anagnie
434 383 492 420 vel
517 383 765 431 Fundorum,
795 385 896 434 quod
923 385 986 422 ille
1014 385 1204 422 Barensis
1233 399 1311 421 non
1337 394 1419 422 erat
1444 400 1565 435 papa.
1602 385 1700 423 Ymo
1730 386 1794 423 ille

98 442 354 480 Florentinus
384 442 587 490 innuebat,
619 442 807 492 loquendo
837 452 967 481 tamen
996 444 1162 490 honeste,
1194 444 1295 493 quod
1324 444 1394 481 iste
1423 444 1530 481 daret
1557 444 1637 481 sibi
1668 459 1794 482 vocem

78 515 225 548 suam,
255 501 374 539 etiam
402 501 589 538 dominus
617 502 836 539 cardinalis
865 503 910 539 de
944 502 1100 549 Vernio,
1131 503 1198 552 qui
1227 511 1309 540 erat
1337 503 1495 549 ibidem,
1527 511 1569 541 ut
1596 504 1794 552 predictus

95 560 285 597 *dominus
296 559 553 598 Florentinus
564 569 828 598 assumeretur
843 562 894 598 ad
907 571 1113 610 papatum.
1127 562 1304 611 Cumque
1321 562 1406 610 ipse
1418 561 1612 599 Ostiensis
1634 577 1793 612 respon-

100 619 201 657 deret
219 618 449 657 Florentino
468 620 570 668 quod
588 619 673 668 ipse
691 627 724 657 et
743 620 929 657 dominus
948 621 992 657 de
1017 620 1199 668 Vernlzio,
1221 620 1288 670 qui
1306 629 1388 658 erat
1407 620 1477 668 ibi,
1497 621 1660 658 libenter
1678 622 1792 670 elige-

97 686 183 716 rent
200 692 301 725 eum,
324 678 425 716 dixit
443 686 536 716 tunc
551 677 736 715 dominus
752 678 1008 716 Florentinus
1028 679 1246 717 cardinalis
1263 679 1457 716 Ostiensis
1475 680 1577 728 quod
1589 679 1625 717 si
1646 680 1795 718 volebat

93 736 224 785 favere
249 736 343 783 sibi,
373 737 475 786 quod
500 745 646 775 caveret
673 737 723 774 ab
751 737 845 774 aliis
873 738 1046 775 dominis
1071 738 1345 775 cardinalibus
1370 738 1550 786 Ytalicis,
1576 738 1724 777 scilicet
1750 740 1794 776 de

68 836 70 838 ,
102 795 264 833 Ursinis
279 804 313 834 et
327 795 625 833 Mediolanensi
641 810 729 833 cum
744 810 786 833 eo
803 796 860 833 ibi
876 797 1140 845 presentibus5
1156 796 1242 834 licet
1257 810 1390 834 omnes
1406 797 1466 834 illi
1482 805 1556 834 tres
1573 798 1794 835 cardinales

102 854 249 892 Ytalici
267 854 494 892 asserebant
513 854 678 903 firmiter
696 855 798 904 quod
817 854 880 892 ille
900 855 1091 892 Barensis
1111 870 1189 892 non
1208 864 1289 893 erat
1307 870 1418 893 verus
1438 870 1546 905 papa
1567 871 1633 894 nec
1655 857 1794 895 electus

95 913 293 952 canonice.
327 913 432 952 Item
458 914 500 952 in
528 913 784 963 depositione
813 914 922 952 Petri
951 914 1167 952 cardinalis
1205 914 1253 952 de
1282 914 1459 952 Vernhio
1479 914 1493 936 2
1522 931 1529 952 ;
1562 915 1658 952 Item
1694 916 1795 953 dixit

97 973 199 1022 quod
219 973 374 1022 quando
396 972 618 1010 cardinales
645 972 793 1010 Ytalici
815 981 1001 1010 venerunt
1022 973 1074 1010 ad
1106 973 1241 1010 villam
1263 973 1510 1021 Fundorum,
1534 974 1635 1023 quod
1666 975 1792 1012 cardi—

97 1032 203 1070 nalis
241 1031 521 1069 Glandatensis
553 1032 704 1070 dixerat
736 1031 802 1069 isti
834 1032 1032 1069 cardinali
1064 1032 1165 1081 quod
1195 1033 1302 1070 daret
1333 1046 1458 1082 vocem
1489 1046 1604 1070 suam
1636 1033 1793 1070 domino

96 1090 295 1128 cardinali
320 1090 563 1138 Florentino,
590 1099 624 1128 et
649 1091 719 1128 iste
741 1091 843 1128 dimit
862 1091 964 1140 quod
982 1091 1160 1139 placebat
1177 1091 1269 1128 sibi.
1297 1091 1408 1128 Tunc
1430 1091 1590 1129 accessit
1609 1092 1794 1129 dominus

97 1150 162 1187 ille
186 1150 406 1187 cardinalis
431 1150 476 1187 de
501 1150 705 1187 Florentia
730 1151 782 1187 ad
806 1151 927 1187 istum
952 1149 1194 1198 cardinalem
1219 1150 1351 1187 dicens
1377 1151 1478 1199 quod
1501 1151 1795 1199 regraciabatur

96 1208 177 1246 sibi
198 1223 319 1259 usque
338 1210 391 1246 ad
409 1209 543 1246 oscula
563 1209 707 1258 pedum
728 1217 762 1246 et
782 1209 884 1258 quod
903 1217 1049 1246 caveret
1067 1208 1148 1245 sibi
1169 1209 1212 1245 de
1232 1208 1327 1246 aliis
1348 1208 1501 1246 duobus
1521 1210 1794 1247 cardinalibus

102 1267 283 1315 Ytalicis,
304 1268 399 1318 quia
417 1268 582 1317 quilibet
600 1268 758 1305 illorum
777 1267 926 1305 volebat
943 1282 1013 1316 pro
1031 1281 1082 1306 se.
1104 1268 1155 1305 Et
1172 1267 1315 1316 adjecit
1333 1268 1434 1316 quod
1452 1268 1536 1317 ipse
1555 1269 1626 1305 iret
1642 1269 1694 1305 ad
1708 1269 1792 1306 lios·

96 1326 243 1376 pitium
264 1341 383 1364 suum
405 1328 457 1364 ad
478 1328 654 1364 dandum
676 1327 756 1364 sibi
780 1327 930 1375 gratias
953 1340 1050 1376 quas
1071 1335 1210 1375 posset.
1235 1326 1286 1363 Et
1308 1334 1394 1375 post
1416 1326 1520 1364 venit
1539 1326 1659 1375 frater
1682 1327 1792 1364 illius

96 1386 314 1423 cardinalis
337 1386 389 1423 ad
410 1386 568 1423 domum
592 1386 710 1424 istius
732 1386 951 1423 cardinalis
975 1386 1018 1423 de
1046 1385 1229 1432 Vernliio,
1254 1394 1288 1422 et
1309 1384 1410 1423 dixit
1431 1385 1511 1422 sibi
1534 1387 1635 1435 quod
1656 1395 1792 1434 peteret

98 1445 286 1494 quicquid
308 1445 428 1492 vellet,
459 1453 493 1483 et
522 1445 607 1494 ipse
635 1445 820 1495 offerebat
847 1445 928 1481 sibi
959 1459 1083 1481 unum
1112 1444 1354 1481 cardinalem
1377 1453 1411 1481 et
1434 1458 1558 1481 unum
1579 1444 1792 1494 archiepis-

97 1518 239 1553 copum
265 1512 299 1542 et
325 1505 445 1553 plura
471 1518 708 1554 quecumque
735 1504 854 1542 vellet.
885 1503 987 1541 Vide
1015 1504 1140 1541 etiam
1169 1517 1273 1553 quae
1301 1503 1405 1540 infra
1436 1503 1483 1541 de
1512 1503 1716 1541 cardinale
1745 1504 1792 1541 de

100 1563 255 1601 Ursinis
284 1562 520 1602 referuntur
547 1578 597 1601 ex
626 1563 882 1613 depositione
911 1562 1128 1600 cardinalis
1159 1562 1382 1600 Cusentini.

150 1622 342 1661 Fueritne
371 1622 581 1660 simulatio
611 1622 721 1672 quod
750 1622 806 1659 illi
851 1621 932 1659 duo
962 1621 1187 1660 cardinales
1218 1621 1412 1659 dicebant
1441 1635 1480 1658 se
1511 1622 1612 1659 velle
1650 1621 1792 1671 eligere

96 1681 345 1719 cardinalem
384 1681 682 1729 Florentinum,
721 1695 772 1718 an
810 1681 929 1719 serio.
952 1681 1123 1727 dictum,
1163 1679 1323 1718 difficile
1361 1680 1474 1718 dictu
1513 1688 1586 1718 est.
1630 1680 1792 1718 Etenim

97 1740 371 1778 Theodoricus
397 1754 419 1778 a
447 1740 578 1788 Niem,
603 1740 672 1779 lib.
704 1740 719 1777 Ι
742 1740 801 1777 De
824 1740 1044 1787 schismate,
1071 1753 1158 1789 cap.
1182 1753 1226 1776 ix
1259 1739 1312 1789 [p.
1334 1738 1421 1787 24],
1446 1738 1587 1777 scribit
1610 1739 1725 1776 illum
1753 1747 1793 1776 et

95 1800 194 1837 alios
215 1799 316 1837 duos
340 1800 504 1837 Italicos
522 1799 564 1837 in
583 1800 685 1838 retia
705 1807 861 1837 tractos
882 1807 1093 1837 ostentato
1113 1798 1281 1836 cuilibet
1300 1811 1440 1836 eorum
1459 1806 1614 1836 secreto
1633 1811 1793 1835 summo

95 1858 358 1908 pontificatu.
402 1858 655 1896 Theodorico
695 1873 816 1908 porro
858 1865 1148 1904 consentanea,
1185 1857 1261 1896 etsi
1302 1871 1383 1894 non
1426 1857 1591 1894 omnino
1632 1857 1792 1904 similia,

95 1917 320 1955 traduntur
358 1917 400 1954 in
441 1917 696 1967 depositione
740 1917 896 1955 Nicolai
938 1917 986 1954 de
1026 1916 1272 1962 Brancaciis,
1315 1915 1531 1953 cardinalis
1569 1915 1793 1962 Cusentini,

97 1976 166 2026 qui
187 1985 275 2014 erat
295 1977 407 2026 apud
430 1976 646 2026 Neapolim
667 1990 760 2015 cum
780 1976 918 2025 regina
941 1976 1118 2022 joanna,
1141 1975 1307 2025 quando
1328 1974 1544 2012 cardinalis
1567 1974 1615 2012 de
1638 1974 1792 2011 Ursinis

97 2035 149 2072 ad
173 2049 264 2073 eam
285 2035 469 2074 accessit.
497 2035 559 2073 Sic
590 2036 732 2085 itaque
763 2036 843 2073 illic
866 2036 1015 2084 legitur
1030 2033 1046 2055 3
1069 2051 1076 2071 :
1104 2034 1201 2071 Item
1223 2033 1295 2071 scit
1318 2033 1419 2082 quod
1440 2032 1625 2070 dominus
1648 2032 1793 2070 Niclzo-

97 2095 186 2132 laus
213 2095 258 2132 de
284 2094 458 2144 Neapoli
486 2095 556 2132 ivit
581 2095 634 2132 ad
658 2094 838 2131 dominos
865 2094 1086 2131 cardinales
1113 2093 1180 2143 qui
1206 2101 1317 2130 erant
1343 2092 1513 2139 Fundis,
1541 2100 1575 2129 et
1617 2092 1794 2129 tractavit

99 2153 200 2203 quod
223 2153 399 2191 venirent
422 2154 475 2190 ad
497 2167 560 2190 eos
584 2153 658 2191 alii
684 2153 837 2191 domini
862 2152 1084 2190 cardinales
1113 2151 1272 2198 Ytalici,
1299 2159 1333 2188 et
1357 2150 1547 2188 tractabat
1570 2150 1622 2188 ad
1644 2158 1793 2199 partem

96 2226 185 2250 cum
203 2212 384 2262 quolibet,
405 2212 534 2250 taliter
551 2213 653 2262 quod
670 2212 835 2262 quilibet
852 2212 1011 2249 illorum
1028 2211 1149 2249 trium
1167 2210 1333 2247 habebat
1349 2223 1459 2258 spem
1477 2209 1578 2259 quod
1591 2209 1794 2257 eligeretur

99 2271 142 2308 in
159 2285 329 2320 papam;
348 2279 383 2309 et
399 2271 595 2309 scribebat
611 2272 663 2309 ad
679 2280 830 2321 partem
850 2271 1008 2308 domino
1028 2269 1257 2307 Florentino
1276 2277 1310 2306 et
1324 2268 1482 2305 domino
1498 2267 1794 2304 Mediolanensi

97 2330 283 2368 dominus
313 2330 575 2377 Pictavensis,
607 2339 642 2368 et
671 2330 830 2368 domino
865 2330 1011 2367 Jacobo
1043 2329 1228 2365 dominus
1260 2327 1397 2365 Sancti
1428 2326 1636 2364 Eustachii
1667 2326 1795 2363 taliter

97 2389 198 2438 quod
219 2389 395 2427 venirent
415 2403 548 2426 omnes
570 2398 644 2427 tres
665 2389 717 2426 ad
738 2389 874 2426 villam
897 2388 1150 2434 Fundorum;
1174 2395 1207 2424 et
1228 2386 1448 2424 tractabant
1470 2385 1526 2422 ibi
1549 2385 1593 2422 de
1613 2385 1794 2422 electione

95 2448 224 2496 futuri
254 2462 358 2497 pape
388 2462 457 2498 per
487 2462 599 2498 quem
630 2449 789 2485 modum
833 2448 949 2496 fieret.
998 2446 1146 2483 Ytalici
1190 2445 1368 2482 volebant
1409 2444 1510 2494 quod
1549 2444 1795 2492 procederent

95 2521 164 2556 per
183 2506 289 2544 viam
307 2507 582 2556 compromissi
602 2507 675 2545 isto
695 2507 806 2544 modo
826 2506 927 2556 quod
944 2504 1297 2554 compromitterent
1314 2517 1446 2540 omnes
1467 2502 1509 2539 in
1527 2516 1593 2539 sesc
1611 2501 1792 2539 cardina-

96 2566 162 2613 les,
189 2579 354 2615 quorum
377 2573 452 2603 tres
475 2574 600 2603 essent
625 2566 686 2603 illi
716 2565 877 2612 Ytalici,
902 2573 935 2602 et
958 2564 1032 2602 alii
1056 2572 1129 2601 tres
1152 2570 1445 2599 assumerentur
1468 2561 1512 2597 de
1542 2560 1717 2599 Gallicis
1744 2560 1795 2598 Et

99 2625 169 2662 iste
194 2624 294 2662 vidit
318 2632 450 2662 notam
475 2624 665 2674 scriptam
690 2625 735 2662 de
761 2624 833 2662 isto
860 2624 971 2661 modo
996 2623 1048 2659 ad
1071 2621 1357 2671 procedendum
1382 2620 1434 2657 ad
1457 2620 1689 2657 electionem.
1719 2618 1795 2656 Sed

98 2691 231 2732 postea
267 2697 400 2721 omnes
437 2683 511 2720 alii
548 2683 783 2730 cardinales,
822 2683 999 2721 timentes
1036 2680 1325 2718 cavillationem
1361 2679 1550 2728 aliquam,
1586 2678 1795 2715 noluerunt

98 2742 199 2791 quod
220 2742 489 2791 procederetur
511 2756 580 2791 per
605 2742 716 2779 illam
739 2742 858 2789 viam,
883 2741 950 2778 sed
972 2755 1040 2789 per
1062 2738 1302 2777 scrutinium
1322 2737 1379 2774 vel
1397 2751 1466 2786 per
1487 2737 1592 2773 viam
1614 2736 1793 2785 Spiritus

99 2800 248 2839 Sancti.
277 2801 328 2838 Et
352 2801 408 2838 ita
431 2800 580 2849 sactum
604 2809 659 2839 est
683 2801 784 2850 quod
807 2813 940 2837 omnes
965 2797 1201 2837 concorditer
1224 2797 1421 2845 elegerunt
1446 2795 1564 2832 istum
1589 2794 1793 2832 dominum

97 2859 345 2907 Clementem,
377 2859 546 2908 exceptis
578 2859 659 2896 illis
689 2859 964 2897 cardinalibus
1000 2856 1180 2894 Ytalicis.
1216 2855 1288 2893 His
1320 2854 1556 2892 addendum
1587 2862 1648 2892 est
1680 2854 1793 2892 testi—

147 2996 178 3028 1.
209 2995 275 3029 Ms.
305 2995 389 3034 cite,
418 2994 480 3028 fol.
510 2995 556 3027 36
583 2998 626 3027 r0.

148 3049 179 3081 2.
209 3048 276 3082 Ms.
306 3048 389 3087 cite,
418 3047 480 3080 fol.
510 3047 555 3080 39
583 3052 626 3080 r0.

147 3102 179 3134 3.
210 3101 277 3134 Ms.
307 3101 390 3140 cite,
419 3100 481 3133 fol.
511 3101 555 3133 43
584 3105 627 3133 r0.
