2083 3458
248 170 328 211 560
881 184 1032 208 NOTAE
1068 184 1127 208 AD
1163 184 1289 209 vlTAs
1810 167 1951 224 [1043]

249 270 386 308 Sancti
410 270 532 316 Petri,
559 283 671 318 quem
697 269 737 305 in
763 282 846 305 sero
870 269 1144 315 adoraverunt,
1172 283 1252 305 non
1275 277 1465 307 curarunt
1490 270 1667 318 ulterius,
1689 270 1767 307 imo
1791 269 1956 319 quilibet

248 328 474 378 procuravit
486 329 613 377 jacere
627 342 700 364 sua
716 327 822 376 facta
837 336 871 365 et
885 335 1006 364 artem
1021 341 1149 365 suam.
1175 327 1287 364 Unde
1303 327 1388 377 ipse
1406 328 1577 366 Thomas
1596 328 1665 366 ivit
1682 329 1734 366 ad
1748 327 1953 365 dominum

249 388 538 434 Florentinum,
558 383 634 436 *qui
659 401 748 424 cum
774 386 947 424 maximo
973 386 1120 434 gaudio
1146 386 1395 436 ampleoeatus
1421 396 1454 424 et
1475 388 1673 425 osculatus
1698 381 1954 425 esteumdem

252 448 442 484 leomam
472 447 604 483 dicens
630 445 665 482 ei
696 459 707 482 .·
738 446 946 482 Habemus
971 459 1122 495 papam
1149 445 1356 483 dominum
1380 446 1608 486 Barensem.
1632 447 1684 485 Et
1702 446 1838 485 statim
1861 446 1953 483 sult-

246 506 383 556 junxit
408 520 420 543 .·
448 505 568 543 Scitis
595 504 663 542 ubi
688 505 813 542 esset?
833 504 976 542 Dictus
1004 505 1176 542 Thomas
1201 505 1303 543 dixit
1320 519 1332 542 .·
1351 506 1423 543 Est
1448 506 1491 543 in
1513 506 1663 556 palatio
1689 520 1777 543 cum
1795 505 1954 543 domino

249 565 386 603 Sancti
407 565 529 603 Petri.
557 565 669 602 Tunc
691 563 876 601 dominus
898 564 1157 601 Florentinus
1178 564 1280 602 discit
1300 578 1312 601 .·
1335 565 1420 613 Ego
1442 565 1524 602 volo
1546 566 1601 603 ire
1622 566 1674 603 ad
1693 580 1794 612 eum,
1817 573 1852 603 et
1872 565 1954 602 volo

249 624 348 662 mori
375 633 409 662 et
435 624 560 661 vivere
586 638 675 661 cum
701 637 762 671 eo,·
792 623 887 673 quia
913 623 1100 660 dominus
1128 632 1256 661 noster
1281 632 1347 663 est.
1379 624 1463 673 ipse
1489 633 1544 662 est
1569 639 1690 674 papa.
1726 624 1811 674 Quo
1839 623 1952 669 dicto,

248 683 388 721 habuit
411 683 625 721 consilium
648 697 737 720 cum
763 682 850 732 ipso
878 682 1028 719 Thema
1053 682 1149 732 quid
1175 682 1266 720 boni
1289 691 1419 732 posset
1443 683 1549 732 fieri,·
1574 692 1608 721 et
1631 683 1764 721 habito
1788 683 1954 721 consilio

249 743 358 781 misit
387 757 513 780 unum
540 756 660 779 suum
687 749 875 780 secretum
902 741 1148 791 familiarem
1176 742 1228 779 ad
1254 742 1439 791 officiales
1466 757 1535 780 seu
1559 742 1739 780 dominos
1763 743 1808 780 de
1830 741 1955 792 Capi-

247 803 352 850 tolio,
381 802 448 852 qui
473 810 586 839 erant
608 801 690 838 sibi
715 801 815 839 satis
842 801 924 838 noti
949 810 984 839 et
1008 801 1144 847 amici,
1172 810 1207 839 et
1229 801 1322 850 fecit
1346 816 1409 838 eos
1434 803 1567 851 rogari
1594 803 1696 852 quod
1721 802 1796 839 duo
1822 816 1953 838 eorum

250 861 425 899 venirent
448 862 500 899 ad
522 875 623 899 eum.
652 860 766 910 Quod
789 860 851 898 illi
875 869 1088 897 reverenter
1110 861 1297 909 jecerunt,
1317 860 1466 899 scilicet
1490 862 1683 899 miserunt
1701 862 1797 898 duos
1816 875 1862 898 esc
1879 861 1954 907 eis;
1981 901 1987 907 Δ

248 921 392 971 quibus
415 920 602 958 dominus
625 920 883 957 Florentinus
907 920 1008 957 discit
1031 934 1043 957 .·
1067 920 1153 969 Ego
1176 920 1259 957 volo
1283 920 1392 957 vobis
1415 920 1539 958 dicere
1562 921 1664 970 quod
1686 914 1800 970 quasi
1823 934 1955 957 omnes

248 980 401 1018 domini
437 980 513 1017 mei
548 979 771 1018 cardinales
805 979 1013 1028 fugierunt
1047 994 1118 1029 pro
1154 994 1195 1016 eo
1232 980 1334 1029 quod
1368 994 1448 1017 non
1482 980 1955 1029 elegerunttRomanum,

248 1040 326 1077 imo
348 1040 546 1088 elegerunt
568 1039 775 1076 dominum
797 1039 1142 1088 archiepiscopum
1164 1039 1391 1077 Barensem.
1417 1039 1469 1077 Et
1489 1039 1668 1077 laudavit
1689 1039 1746 1076 eis
1770 1038 1958 1076 immense

249 1099 383 1148 ipsum
412 1098 619 1136 dominum
646 1098 876 1145 Barensem,
906 1090 940 1135 et
967 1098 1168 1135 consuluit
1194 1098 1251 1135 eis
1279 1098 1381 1148 quod
1407 1107 1488 1136 erat
1515 1098 1731 1144 honestum,
1761 1106 1955 1139 sanctum.

248 1167 281 1196 et
301 1158 466 1207 justum,
493 1158 570 1195 imo
594 1158 769 1196 debitum
792 1158 894 1207 quod
916 1157 997 1207 ipsi
1020 1157 1195 1195 Romani
1218 1158 1433 1207 reciperent
1454 1166 1488 1195 et
1509 1166 1754 1207 acceptarent
1777 1158 1891 1195 illum
1914 1157 1957 1194 in

249 1218 456 1255 dominum
483 1226 518 1255 et
547 1217 590 1254 in
617 1231 782 1267 papam,
814 1231 926 1267 quem
955 1216 1109 1254 domini
1138 1217 1361 1254 cardinales
1392 1216 1582 1266 inspirati
1611 1217 1735 1254 aDeo
1764 1217 1959 1265 elegerant

249 1277 497 1315 concorditer.
533 1276 612 1326 Qui
644 1277 720 1321 duo
753 1276 949 1326 officiales,
983 1276 1136 1314 auditis
1167 1276 1295 1314 verbis
1338 1276 1491 1314 domini
1523 1276 1761 1319 Florentini,
1805 1276 1959 1313 iverunt

249 1337 301 1374 ad
326 1336 427 1374 alios
453 1336 650 1385 officiales,
679 1345 714 1373 et
739 1336 955 1373 retulerunt
980 1335 1037 1372 eis
1065 1335 1181 1373 verba
1208 1335 1361 1373 domini
1389 1335 1625 1373 Florentini.
1657 1335 1786 1385 Super
1814 1335 1958 1385 quibus

250 1396 473 1433 habuerunt
507 1395 732 1434 consiliam.
772 1395 857 1445 Quo
893 1394 1039 1443 habito,
1078 1395 1364 1444 responderunt
1399 1395 1558 1432 domino
1592 1395 1822 1432 Florentino
1859 1395 1960 1444 quod

251 1456 332 1505 ipsi
361 1455 540 1493 volebant
567 1455 722 1492 obedire
751 1454 983 1504 cuicumque
1013 1454 1080 1504 qui
1108 1463 1205 1492 esset
1231 1454 1361 1504 factus
1388 1469 1499 1504 papa
1527 1468 1572 1492 ex
1601 1469 1674 1504 quo
1703 1454 1831 1497 factus
1864 1462 1957 1500 erat,

250 1514 429 1565 quamvis
469 1515 599 1563 faetus
640 1522 774 1552 contra
817 1513 1057 1551 desiderium
1099 1514 1382 1552 Romanorum.
1428 1513 1516 1563 Qua
1561 1513 1662 1551 bona
1703 1513 1960 1563 responsione

250 1574 398 1622 habita,
427 1574 613 1611 dominus
639 1573 898 1611 Florentinus
922 1573 1002 1622 suit
1025 1587 1178 1610 summe
1203 1573 1313 1621 letus,
1341 1581 1375 1611 et
1398 1573 1533 1611 statim
1558 1573 1747 1623 equitavit
1771 1573 1823 1610 ad
1848 1573 1958 1622 pala-

250 1634 363 1681 tium,
400 1633 469 1670 ubi
504 1633 655 1671 invenit
687 1633 894 1670 dominum
928 1633 1163 1678 Barensemg
1199 1647 1311 1682 quem
1343 1633 1551 1682 amplexus
1583 1641 1618 1670 et
1650 1633 1849 1670 osculatus
1880 1632 1959 1681 suit

251 1707 339 1730 cum
358 1692 530 1730 maximo
548 1693 707 1741 gaudio,
725 1701 759 1730 et
776 1692 878 1730 dixit
894 1692 975 1729 sibi
995 1692 1035 1729 in
1052 1701 1193 1729 secreto
1209 1691 1398 1741 quomodo
1413 1706 1502 1729 eum
1519 1692 1714 1740 elegerant
1733 1691 1775 1728 in
1793 1705 1957 1741 papam,

252 1760 327 1790 etc.
368 1752 524 1790 Eadem
559 1752 685 1790 ferme
720 1752 928 1790 habentur
961 1752 1003 1789 in
1038 1752 1295 1801 depositione
1330 1751 1510 1801 episcopi
1546 1751 1808 1789 Cassancnsis
1847 1751 1956 1800 apud

252 1812 475 1849 Odoricum
500 1811 780 1860 Raynalduni,
805 1825 870 1849 an.
898 1810 1011 1859 1378,
1043 1811 1059 1859 ἓ
1085 1810 1144 1849 12.

307 1871 403 1919 Quis
424 1885 506 1908 non
527 1871 710 1909 erederet
730 1871 929 1921 episcopis
948 1870 1097 1920 juratis
1118 1871 1197 1907 ista
1218 1869 1471 1909 testantibus
1493 1883 1589 1908 Vera
1610 1869 1721 1908 esse?
1744 1869 1798 1906 Et
1818 1877 1956 1907 'tamen

252 1930 337 1979 ipse
365 1930 581 1968 cardinalis
612 1930 871 1968 Florentinus
897 1930 1176 1979 interrogatus
1204 1943 1226 1967 a
1252 1929 1397 1979 legatis
1424 1929 1526 1978 regis
1552 1928 1812 1979 Arragonum
1838 1943 1960 1978 super

254 2003 299 2027 ea
325 1990 414 2043 ipsa
442 1990 678 2028 narratione
707 1990 888 2027 Thomae
916 1990 965 2027 de
993 1990 1166 2036 Acervo,
1195 1988 1374 2039 episcopi
1403 1988 1605 2036 Lucerini,
1634 2002 1686 2025 an
1714 2002 1810 2026 vera
1838 1995 1957 2029 esset,

256 2049 466 2099 respondit
496 2063 654 2087 merum
684 2064 770 2088 esse
803 2049 1060 2098 figmentum.
1097 2048 1208 2086 Haec
1238 2056 1336 2085 sunt
1366 2047 1453 2096 ejus
1484 2047 1610 2085 verba
1641 2048 1682 2084 in
1716 2046 1958 2095 codicergll

254 2108 526 2147 bibliothecae
552 2108 810 2147 Colbertinae
829 2107 845 2130 1
871 2124 878 2146 :
904 2108 971 2145 Ad
991 2107 1208 2145 secundum
1230 2107 1332 2156 quod
1354 2106 1511 2156 incipit,
1539 2106 1637 2144 Item
1657 2121 1745 2143 cum
1762 2114 1962 2143 asseratur

254 2182 321 2218 per
351 2168 558 2205 dominum
591 2168 782 2205 leomam
813 2168 857 2205 de
887 2168 1047 2206 Acervo.
1081 2167 1318 2204 decretorum
1343 2166 1546 2213 doctorem,
1571 2173 1663 2211 etc.‚
1691 2165 1905 2215 respondeo
1928 2173 1961 2202 et

255 2228 339 2265 dico
364 2227 501 2265 omnia
526 2228 569 2265 in
593 2242 634 2264 eo
659 2236 838 2265 contenta
861 2241 942 2264 esse
965 2227 1069 2275 falsa
1107 2226 1274 2264 totaliter
1309 2234 1343 2263 et
1375 2225 1561 2262 mendosa
1601 2234 1635 2262 et
1667 2224 1846 2271 conficta,
1871 2239 1960 2274 ymo

255 2288 391 2337 aliqua
420 2301 465 2325 ex
493 2287 549 2324 eis
579 2302 659 2324 esse
690 2286 974 2336 impossibilia,
1007 2285 1178 2323 manime
1207 2293 1353 2322 attenta
1382 2284 1554 2322 locorum
1579 2298 1727 2333 magna
1753 2284 1958 2328 distantia,

256 2362 299 2384 ac
326 2347 445 2384 etiam
473 2355 615 2385 attento
644 2347 746 2396 quod
773 2346 957 2395 officiales
985 2344 1151 2394 predicti
1181 2358 1386 2393 nunquam
1414 2358 1438 2380 a
1467 2357 1525 2380 me
1554 2343 1816 2381 discesserunt
1843 2343 1976 2380 donec.

257 2421 314 2443 me
337 2407 388 2443 ad
409 2406 608 2456 palatium
630 2406 717 2443 sine
741 2405 944 2443 intervallo
967 2405 1181 2451 duoeerunt;
1200 2418 1290 2453 ymo
1315 2417 1382 2440 nec
1404 2402 1670 2452 permiserunt
1691 2416 1749 2439 me
1771 2398 1960 2447 complere

256 2467 370 2503 horas
394 2475 428 2504 et
451 2466 635 2515 officium,
663 2466 764 2515 quod
786 2474 820 2502 et
844 2479 941 2514 quas
967 2464 1010 2501 in
1033 2462 1185 2514 palatio
1209 2463 1458 2513 postmodum
1479 2461 1679 2511 complevi.
1705 2461 1804 2498 Dico
1830 2469 1958 2498 tamen

257 2527 357 2574 quod
380 2526 431 2563 ad
454 2540 512 2563 me
537 2525 640 2563 venit
664 2525 792 2563 dictus
819 2524 1002 2571 Thomas,
1028 2532 1063 2561 et
1086 2522 1188 2572 quod
1210 2521 1337 2571 recepi
1361 2535 1450 2558 eum
1474 2521 1628 2570 placide
1658 2520 1820 2558 dicendo
1843 2520 1924 2557 sibi
1946 2534 1957 2557 .·

262 2586 362 2622 Rene
379 2585 471 2623 estis
489 2586 599 2632 letus,
620 2584 715 2634 quia
728 2584 900 2622 sciebam
917 2583 1051 2632 ipsum
1068 2582 1259 2619 Thomam
1278 2581 1444 2618 totaliter
1460 2580 1672 2630 partialem
1686 2593 1757 2629 pro
1773 2579 1956 2620 Barensi,

256 2654 289 2681 ct
308 2644 480 2682 sciebam
502 2645 636 2693 ipsum
656 2643 754 2682 satis
774 2643 1007 2681 sollicitasse
1029 2641 1330 2690 impressionem
1353 2639 1452 2688 fieri,
1477 2647 1517 2677 ut
1537 2638 1695 2689 publice
1714 2653 1754 2676 se
1771 2638 1957 2687 jactabat,

258 2704 371 2741 Adde
408 2705 701 2741 auctoritatem
735 2702 954 2741 Bertrandi
991 2700 1207 2739 cardinalis
1245 2698 1549 2746 Glandatensis,
1587 2698 1656 2748 qui
1689 2697 1959 2747 jurejurando

262 2772 434 2801 ivstatus
460 2772 520 2801 est
539 2762 554 2785 2
580 2763 829 2801 cardinalem
856 2760 1139 2798 Florentinum
1163 2759 1239 2796 sibi
1265 2758 1413 2796 dixisse
1437 2758 1479 2795 in
1503 2757 1691 2807 Anagnia
1716 2757 1780 2795 vel
1806 2756 1957 2793 Fundis

259 2824 358 2870 qum!
381 2822 443 2859 illc
466 2824 511 2861 Β.
538 2836 612 2859 non
637 2831 718 2859 erat
738 2836 859 2871 papa.

317 2882 491 2919 Rursum
521 2890 658 2919 tamen
689 2882 868 2919 fautores
900 2879 1070 2926 Urbani,
1099 2878 1205 2916 sueti
1241 2877 1433 2915 videlicet
1462 2876 1699 2922 mendaciis,
1737 2875 1824 2912 ausi
1861 2881 1958 2912 sunt

311 3011 335 3042 l.
371 3012 405 3043 12.
433 3010 1014 3047 N.‚ms.l:=151174(52,s0}.401·0
1033 3016 1069 3041 ct
1090 3009 1133 3041 43
1154 3012 1196 3041 1¹⁰.

307 3064 324 3080 ‘¹
372 3064 406 3095 1⁴3.
434 3064 485 3098 Ν.
508 3076 572 3096 ins.
596 3064 685 3095 latin
709 3064 833 3099 11745,
857 3064 915 3095 l'ol.
937 3064 981 3095 3ss
1002 3067 1042 3095 ΓΟ.
