2083 3458
94 259 244 314 [1284]
612 275 827 299 PAPARUM
864 275 1246 302 AVENIONENSIUM
1696 256 1780 300 803

80 366 120 396 et
139 357 424 408 episcoporum
443 372 488 395 ac
509 356 707 395 nobilium
724 365 765 395 et
780 356 1034 403 militarium,
1051 365 1092 395 et
1111 356 1417 407 quamplurium
1437 356 1477 394 in
1496 370 1610 395 sacra
1629 356 1774 407 pagina

82 416 367 467 magistrorum
396 416 693 466 doctorumque
718 416 818 465 juris
846 415 1031 454 canonici
1057 425 1097 454 et
1123 416 1252 454 civilis
1280 430 1325 454 ac
1352 416 1526 455 aliorum
1552 416 1775 455 multorum

78 476 204 514 etiam
232 475 491 514 literatorum
520 475 631 524 regni
660 474 734 522 sui,
765 475 932 514 demum
961 475 1226 513 consideratis
1258 474 1426 513 diversis
1457 474 1705 513 tractatibus
1736 483 1776 513 et

79 534 288 585 scripturis
313 548 389 584 que
414 534 622 572 occasione
645 534 883 583 hujusmodi
904 534 990 583 jam
1012 534 1105 572 hinc
1128 534 1221 572 inde
1244 542 1502 581 emanarant,
1526 533 1774 583 singulisque

81 594 120 631 in
145 593 487 643 disceptationem
513 593 714 640 deductis,
741 593 835 642 quia
860 593 1031 633 tandem
1057 594 1325 631 occurrebant
1350 593 1474 631 dubia
1501 593 1542 630 in
1567 592 1773 632 mentibus

79 653 331 703 singulorum
349 667 395 690 eo
415 652 524 701 quod
545 653 702 692 factum
721 652 871 690 variari
892 652 1111 690 videbatur
1130 652 1222 689 hinc
1242 646 1334 689 inde
1354 660 1395 689 ct
1414 666 1529 690 casus
1550 659 1682 690 certus
1703 666 1772 689 seu

79 711 361 749 indubitabilis
401 711 599 760 nequibat
636 719 735 748 tunc
773 711 814 748 in
852 711 1022 750 materia
1060 711 1238 761 reperiri,
1278 711 1520 749 deliberavit
1557 710 1665 751 idem
1702 725 1772 748 rex

77 771 227 809 saniori
246 784 413 808 suorum
434 770 580 808 ductus
602 770 768 808 consilio
788 769 1108 808 indifferentiam
1128 770 1227 807 dicti
1246 770 1307 808 sui
1328 769 1518 819 genitoris
1539 784 1585 808 ac
1605 778 1771 820 ceptum

78 829 345 880 perquirende
374 829 558 867 veritatis
586 829 796 878 negotium
821 829 1050 879 complecti,
1078 843 1139 875 ne,
1167 829 1276 878 quod
1301 828 1423 875 absit,
1450 829 1497 866 de
1524 828 1768 878 negligentia

77 888 372 939 prosecutionis
406 897 495 927 tam
528 888 605 938 pie,
639 897 808 952 tamque
844 888 1047 927 meritorie
1085 902 1203 926 cause
1245 888 1499 937 contingeret
1534 902 1625 926 eum
1658 888 1768 937 apud

77 962 314 998 supremum
349 947 527 997 judicem
564 947 677 996 argui
703 962 748 984 ac
779 956 946 997 propter
982 946 1317 985 indiscussionem
1347 946 1471 996 ipsius
1493 946 1557 984 rei
1593 960 1766 985 errorem

78 1007 245 1045 forsan
236 1021 437 1045 lncurrere
461 1006 564 1044 circa
588 1006 627 1043 id
651 1007 760 1055 quod
783 1007 925 1055 eligere
948 1020 993 1043 ac
1017 1006 1131 1056 sequi
1153 1006 1193 1043 in
1226 1006 1304 1043 isto
1328 1017 1424 1044 casu
1456 1006 1635 1044 deberet.
1661 1006 1766 1053 Qua-

76 1074 243 1117 propter
269 1080 339 1104 rex
366 1065 464 1115 ipse,
492 1074 718 1130 antequam
744 1066 796 1102 ad
824 1065 1015 1103 ulteriora
1044 1065 1294 1115 procedeiet,
1322 1065 1636 1105 ambassiatores
1666 1079 1766 1101 nun-

75 1125 234 1175 tiosque
257 1140 349 1163 suos
373 1124 634 1175 solempnes
625 1139 665 1161 ln
692 1125 866 1162 Romam
888 1139 933 1162 ac
959 1124 1202 1161 Χνὶηίοῐιθῑη
1224 1124 1276 1161 ad
1299 1132 1520 1173 utrumque
1544 1124 1765 1161 electorum

73 1185 223 1222 direxit
251 1192 453 1234 quatenus
481 1184 532 1221 ab
554 1183 608 1221 eis
638 1198 752 1221 casus
780 1183 1151 1233 instructionesque
1174 1197 1341 1222 suarum
1367 1182 1613 1221 electionum
1633 1182 1765 1232 requi-

74 1252 222 1291 rerent,
246 1252 286 1282 et
309 1252 355 1280 ut
378 1257 518 1281 eorum
542 1243 714 1292 quilibet
738 1242 902 1280 nuntios
926 1257 1018 1280 suos
1042 1242 1290 1280 sufficienter
1311 1241 1532 1280 instructos
1556 1242 1608 1279 ad
1630 1256 1764 1291 regem

74 1303 281 1354 prefatum
304 1317 377 1353 pro
393 1300 645 1340 ‘conscientie
669 1302 773 1339 illius
797 1301 1086 1340 informatione
1110 1301 1347 1351 dignaretur
1368 1300 1648 1339 transmittere
1672 1315 1765 1339 cum

75 1362 275 1400 modestia
303 1361 544 1411 decentique
571 1361 770 1399 instantia
797 1361 1088 1410 supplicarent,
1116 1368 1156 1398 et
1183 1360 1368 1398 similiter
1392 1360 1444 1397 ab
1470 1359 1556 1397 aliis
1583 1359 1763 1410 personis

75 1421 235 1459 illarum
267 1420 449 1471 partium
482 1420 529 1458 de
563 1435 602 1458 re
646 1428 756 1470 gesta
800 1420 992 1457 notitiam
1033 1419 1295 1466 habentibus,
1329 1433 1421 1457 cum
1453 1419 1586 1456 adhuc
1627 1433 1763 1457 recens

75 1480 179 1519 foret
209 1480 333 1530 ipsius
363 1479 419 1518 rei
450 1479 658 1526 memoria,
690 1479 999 1517 informationes
1030 1493 1098 1517 seu
1130 1478 1403 1528 depositiones
1433 1477 1658 1528 reciperent
1688 1477 1763 1515 sibi

78 1539 250 1578 fideliter
275 1539 557 1589 reportandas.
586 1539 671 1587 Que
698 1538 833 1576 omnia
859 1546 900 1576 et
926 1538 1082 1587 singula
1109 1537 1232 1576 iidem
1258 1536 1392 1575 nuntii
1417 1536 1514 1586 regii
1539 1536 1631 1574 illuc
1657 1551 1696 1574 se
1724 1537 1763 1574 in

74 1607 278 1649 apparatu
300 1598 439 1636 debito
461 1598 715 1636 conferentes
739 1612 856 1647 opere
879 1598 1201 1647 compleverunt.
1228 1597 1280 1634 Et
1297 1596 1593 1646 subsequenter
1612 1595 1763 1645 prefati

73 1657 229 1698 domini
255 1657 372 1696 electi
404 1657 456 1694 ad
492 1671 713 1704 summum,
742 1665 788 1694 ut
815 1656 1059 1706 premissum
1086 1664 1161 1703 est,
1190 1655 1450 1706 pontificium
1479 1654 1609 1692 dictos
1640 1669 1758 1704 supra

73 1725 114 1755 et
140 1717 244 1755 infra
272 1716 504 1766 designatos
534 1716 699 1754 nuntios
721 1731 791 1753 seu
813 1716 967 1765 legatos
991 1715 1042 1753 ad
1067 1723 1342 1754 memoratum
1364 1714 1576 1751 dominum
1610 1714 1761 1751 Johan-

73 1790 167 1816 nem
206 1776 404 1814 Castellac
444 1784 484 1813 et
516 1775 700 1825 Legionis
734 1789 870 1824 regem
903 1774 1114 1813 miserunt.
1157 1774 1233 1822 Qui
1271 1774 1323 1811 ad
1361 1772 1609 1823 presentiam
1637 1771 1761 1822 ipsius

71 1835 280 1885 sigillatim
302 1843 343 1873 et
366 1843 488 1885 prout
510 1835 722 1874 commode
747 1834 966 1872 valuerunt
988 1833 1270 1884 pervenientes
1290 1832 1331 1870 in
1348 1831 1487 1882 primis
1511 1845 1693 1880 arengas,
1715 1845 1761 1869 ac

71 1894 369 1944 propositiones
396 1908 488 1932 suas
516 1893 700 1944 publicas
727 1902 768 1931 et
794 1894 1021 1943 solempnes
1048 1907 1169 1942 super
1195 1906 1316 1930 causa
1334 1891 1537 1929 adventus
1565 1890 1626 1928 sui
1652 1891 1759 1940 apud

73 1953 284 2000 Metinam,
307 1952 671 2004 Salamantinensis
695 1952 878 2000 diocesis,
900 1952 1032 1990 eidem
1055 1951 1220 1989 domino
1243 1951 1325 2001 regi
1341 1951 1525 1989 fecerunt
1547 1964 1616 1987 seu
1636 1949 1761 1986 etiam

70 2021 361 2063 presentarunt
394 2012 435 2049 in
470 2012 600 2051 forma
635 2011 835 2062 sequenti.
871 2026 886 2045 »

135 2071 237 2121 [Fol.
269 2072 287 2109 1
319 2071 469 2121 r0-4r0]
505 2071 575 2109 Die
604 2071 728 2121 igitur
752 2071 908 2108 veneris
934 2085 1037 2107 xxm
1067 2069 1300 2107 novembris
1325 2067 1422 2105 anni
1445 2066 1761 2113 MCCCLXXX,

74 2132 216 2169 Petrus
239 2131 287 2168 de
312 2131 426 2168 Luna
448 2130 612 2180 longam
636 2130 863 2168 orationem
885 2129 1032 2167 habuit
1054 2143 1237 2167 sermone
1260 2126 1470 2178 hispanico
1494 2140 1597 2176 quae
1619 2133 1761 2175 postea

72 2189 112 2227 in
134 2189 312 2229 latinum
334 2203 449 2227 versa
473 2189 559 2227 heic
584 2189 787 2239 descripta
812 2197 873 2227 est
895 2189 1065 2238 integra.
1091 2187 1313 2226 Contendit
1335 2194 1476 2225 autem
1499 2184 1761 2222 manifestam

73 2248 194 2287 fuisse
229 2248 468 2288 violentiam
501 2249 542 2286 in
575 2248 770 2286 electione
807 2247 976 2294 Urbani,
1010 2247 1193 2296 adeoque
1227 2246 1338 2285 illam
1370 2259 1453 2283 esse
1487 2244 1642 2281 nullam
1675 2243 1762 2292 ipso

71 2308 172 2358 jure.
206 2307 389 2357 Denique
420 2308 654 2345 obtestatur
680 2321 816 2357 regem
844 2315 890 2344 ut
917 2307 1049 2356 justas
1079 2304 1297 2345 Clementis
1327 2311 1463 2354 partes
1492 2310 1672 2340 tueatur.

137 2367 238 2417 [Fol.
258 2367 319 2404 40r
333 2389 345 2393 -
360 2366 383 2404 9
399 2367 457 2417 νο]
477 2366 629 2404 Deinde
645 2366 707 2404 die
725 2365 927 2405 dominica
945 2380 1033 2402 xxv
1048 2363 1280 2404 novembris
1298 2361 1533 2401 Franciscus
1549 2360 1760 2410 episcopus

77 2425 326 2464 Faventinus
347 2425 627 2474 longissimam
649 2425 876 2463 orationem
896 2424 1042 2462 habuit
1062 2438 1134 2474 pro
1158 2423 1338 2469 Urbano,
1361 2435 1484 2471 quam
1505 2420 1546 2458 in
1566 2419 1760 2457 veritates

74 2500 160 2522 xvn
188 2483 341 2522 divisit.

137 2543 238 2593 [Fol.
264 2543 287 2580 9
310 2551 354 2580 v⁰
369 2565 381 2570 -
396 2543 443 2581 15
467 2542 525 2592 v0]
552 2542 620 2581 Die
644 2543 764 2580 lunae
790 2557 892 2580 XXVI
916 2540 1148 2580 novembris
1174 2539 1394 2578 Rodericus
1406 2536 1618 2584 Bernardi,
1641 2549 1763 2586 quem

74 2617 144 2641 rex
162 2617 244 2640 una
265 2616 357 2640 cum
378 2602 502 2640 fratre
525 2601 739 2640 Fernando
759 2601 807 2639 de
830 2601 1024 2647 Yliescas,
1046 2598 1196 2637 ordinis
1219 2598 1436 2644 Minorum,
1457 2596 1641 2646 ejusdem
1660 2594 1762 2645 regis

75 2661 316 2707 confessore,
346 2668 386 2698 et
414 2661 564 2699 Alvaro
590 2659 792 2708 Menendi,
821 2660 954 2709 legum
986 2659 1166 2706 doctore,
1191 2657 1358 2695 miserat
1388 2656 1562 2694 Romam
1591 2662 1632 2692 et
1660 2654 1763 2691 Ave-

77 2720 240 2758 nionem
272 2720 324 2757 ad
356 2719 692 2768 investigandum
724 2727 764 2757 et
795 2718 1114 2768 perquirendum
1148 2716 1367 2754 veritatem
1400 2714 1488 2764 quis
1522 2728 1572 2751 ex
1604 2712 1763 2750 duobus

78 2787 184 2818 esset
203 2793 321 2817 verus
343 2792 465 2828 papa,
487 2778 638 2816 obtulit
658 2778 813 2815 bullam
834 2775 1013 2816 clausam
1038 2775 1207 2822 Urbani,
1229 2788 1353 2825 quam
1373 2773 1586 2824 episcopus
1609 2772 1762 2809 Faven·

78 2838 189 2876 tinus
219 2837 323 2876 circa
355 2837 477 2874 finem
507 2837 635 2874 mensi
664 2836 828 2885 augusti
857 2835 891 2874 ei
919 2835 1149 2873 tradiderat
1179 2834 1332 2871 Romae
1355 2832 1402 2870 de
1421 2830 1620 2871 mandato
1645 2828 1768 2879 primi

80 2896 216 2943 electi3
241 2910 364 2946 quam
403 2909 496 2934 cum
533 2895 745 2945 episcopus
786 2894 1036 2932 Faventinus
1065 2891 1368 2942 recognovisset
1394 2904 1484 2929 eam
1520 2904 1604 2928 esse
1642 2902 1767 2938 quam

79 2955 309 2993 tradiderat
345 2954 556 3000 Roderico,
589 2962 731 3004 aperta
764 2961 839 3000 est,
863 2961 903 2991 et
922 2953 963 2990 in
985 2967 1031 2990 ea
1063 2951 1222 2989 inventi
1244 2957 1341 2988 sunt
1371 2963 1476 2987 unus
1500 2947 1705 2986 sexternio
1727 2954 1768 2984 et

81 3029 184 3052 unus
207 3012 423 3064 quaternio
444 3012 700 3051 continentes
722 3026 861 3050 casum
883 3011 1003 3062 primi
1023 3010 1154 3057 electi,
1175 3010 1216 3047 id
1236 3017 1311 3056 est,
1331 3007 1610 3046 narrationem
1629 3019 1770 3044 eorum

79 3087 151 3123 per
177 3086 280 3122 quae
307 3071 383 3117 illev
399 3071 611 3109 ostendere
638 3070 850 3109 nitebatur
875 3085 914 3108 se
942 3084 1034 3108 vere
1054 3077 1096 3108 et
1113 3068 1306 3119 canonice
1322 3067 1480 3105 factum
1494 3080 1578 3104 esse
1604 3078 1769 3115 papam.

82 3131 265 3169 Aderant
301 3138 388 3168 tum
424 3130 464 3167 in
507 3137 714 3168 conventu
748 3144 817 3167 rex
852 3128 950 3179 ipse,
988 3129 1131 3166 Petrus
1171 3125 1499 3176 archiepiscopus
1534 3123 1771 3166 Toletanus,
