2083 3458
126 237 279 292 [1286]
647 255 863 279 PAPARUM
899 255 1280 281 AVENIONENsmM
1732 242 1815 283 805

116 335 286 383 Ν160131,
314 350 385 374 rex
414 337 579 374 missam
608 352 678 387 per
707 337 923 376 Alfonsum
951 338 1188 387 episcopum
1218 338 1468 378 Abulensem
1497 340 1690 378 celebrari
1719 340 1816 379 fecit

113 395 154 432 in
180 395 261 433 suis
288 395 477 439 aedibus3
505 395 667 445 illicque
694 397 978 446 praesentibus
1005 411 1055 434 ex
1082 405 1197 447 parte
1225 397 1445 436 Clementis
1474 399 1595 436 Petro
1623 399 1670 437 de
1699 401 1813 437 Luna

114 454 333 501 cardinale,
360 454 485 492 fratre
511 455 666 504 Angelo
690 455 881 505 episcopo
909 455 1153 503 Pisaurensi,
1182 456 1303 494 Petro
1327 457 1519 507 episcopo
1541 458 1814 505 Tirasonensi,

114 514 238 551 fratre
258 513 411 562 Angelo
430 513 616 551 ministro
635 513 811 563 generali
829 514 980 552 ordinis
1001 514 1219 562 Minorum,
1237 523 1278 552 et
1297 516 1512 554 Fernando
1529 517 1640 555 Petri
1657 518 1812 555 decano

114 571 385 618 Tirasonensi,
413 587 462 609 ex
489 580 605 622 parte
635 573 790 611 Urbani
818 573 986 611 Guterio
1015 574 1196 613 Gomecii
1224 574 1428 613 cardinale
1459 575 1657 625 Hispano,
1688 577 1810 614 Fran-

113 631 217 670 cisco
244 631 435 681 episcopo
464 632 707 676 Faventino,
735 640 776 670 et
803 632 927 670 fratre
956 633 1156 670 Menendo
1185 632 1335 671 ordinis
1365 634 1583 680 Minorum,
1610 650 1656 673 ac
1686 636 1810 673 Fran-

113 690 216 729 cisco
241 690 288 728 de
315 690 481 728 Siclenis
506 691 553 728 de
579 691 705 740 Papia
728 691 863 740 legum
887 691 1068 738 doctore,
1092 692 1376 741 praesentibus
1400 693 1526 732 etiam
1551 694 1672 731 Petro
1695 695 1808 732 Tole-

116 758 211 787 tano
229 757 270 787 et
293 750 411 787 Petro
433 749 665 798 Hispalensi
683 749 1012 800 archiepiscopis,
1032 765 1078 788 ac
1098 751 1257 789 Joanne
1274 751 1513 800 Seguntino,
1531 753 1807 791 Gundissalvo

114 808 438 857 Calagurritano,
454 816 496 846 et
512 809 670 846 Joaniie
688 809 906 847 Giennensi
922 809 1135 859 episcopis,
1149 810 1224 859 legi
1240 810 1336 848 fecit
1351 811 1570 848 formulam
1584 811 1809 860 juramenti

113 868 223 917 quod
251 868 298 905 de
327 867 498 905 dicenda
525 867 697 905 veritate
722 876 929 917 praestare
954 869 1161 906 debebant
1186 869 1410 907 cardinales
1433 879 1474 907 et
1501 870 1568 907 alii
1592 871 1806 920 utriusque

113 926 240 976 partis
260 926 347 964 heic
368 926 584 973 nominati,
604 926 784 976 itemque
805 927 1025 964 formulam
1042 928 1266 977 juramenti
1287 929 1396 977 quod
1413 929 1460 967 (16
1481 929 1647 967 ferendo
1667 944 1807 967 secun-

112 985 211 1023 dum
241 985 534 1023 conscientiam
563 985 716 1034 judicio
746 994 954 1035 praestare
986 986 1194 1024 debebant
1223 986 1403 1037 episcopi
1433 996 1473 1025 et
1503 988 1570 1025 alii
1600 988 1675 1026 viri
1706 1003 1806 1037 quos

112 1059 183 1083 rex
209 1044 425 1094 delegabat
451 1044 502 1081 ad
530 1058 674 1082 causae
701 1044 817 1082 istius
843 1045 1206 1083 examinationem.
1236 1045 1288 1083 Hi
1309 1046 1418 1084 fuere
1444 1047 1738 1097 archiepiscopi
1766 1056 1807 1085 et

112 1103 292 1154 episcopi
314 1103 436 1153 paulo
459 1111 555 1140 ante
580 1102 795 1150 nominati,
818 1112 910 1141 tum
932 1104 1058 1141 etiam
1084 1104 1210 1142 frater
1233 1104 1423 1143 Alfonsus
1447 1105 1659 1156 episcopus
1686 1107 1805 1144 Astu-

112 1162 290 1210 ricensis,
313 1163 456 1200 Petrus
478 1163 628 1200 electus
652 1162 906 1209 Oxomensis,
930 1163 1166 1201 Fernandus
1190 1163 1347 1201 Alfonsi
1377 1165 1552 1203 decanus
1573 1165 1805 1214 Burgensis,

115 1221 292 1260 Didacus
325 1221 528 1259 Fernandi
558 1221 836 1259 thesaurarius
868 1222 1102 1268 Toletanus,
1137 1222 1372 1261 Fernandus
1405 1224 1452 1261 de
1485 1224 1622 1262 Sanles
1654 1224 1803 1262 ordinis

115 1280 318 1319 Minorum
333 1280 527 1331 magister
539 1280 579 1317 in
594 1295 707 1318 sacra
721 1280 883 1330 pagina,
903 1282 1138 1319 Fernandus
1154 1281 1286 1320 Sancii
1303 1282 1520 1321 canonicus
1538 1283 1803 1333 Hispalensis,

115 1340 336 1378 Rodericus
368 1339 566 1377 Bernardi
597 1348 637 1377 et
673 1340 850 1378 Didacus
883 1341 931 1378 de
964 1340 1119 1378 Currali
1151 1340 1384 1379 audientiae
1418 1342 1548 1390 regiae
1582 1342 1803 1389 auditores,

113 1399 238 1437 frater
268 1400 445 1437 Joannes
474 1399 631 1436 Alfonsi
659 1399 706 1437 de
735 1400 876 1436 Toleto
902 1399 1086 1439 minister
1106 1400 1365 1449 provincialis
1391 1400 1567 1439 fratrum
1588 1402 1804 1439 'Minorum

112 1458 345 1509 provinciae
375 1459 587 1505 Castellae,
618 1459 795 1496 „Ioannes
826 1458 959 1496 Sancii
987 1467 1027 1496 et
1058 1459 1229 1496 Alvarus
1259 1459 1423 1496 Martini
1455 1460 1639 1498 doctores
1670 1461 1803 1498 decre-

111 1526 262 1565 torum,
304 1518 447 1555 Petrus
489 1517 691 1555 Fernandi
730 1518 873 1555 doctor
911 1518 1058 1567 legum,
1099 1518 1223 1555 frater
1263 1519 1499 1556 Fernandus
1539 1520 1586 1556 de
1630 1519 1803 1557 llliescas

113 1576 262 1615 ordinis
292 1576 494 1616 Minorum
521 1576 725 1615 confessor
751 1576 866 1625 regis,
895 1578 1074 1615 „Ioannes
1103 1576 1258 1615 Alfonsi
1286 1578 1333 1615 de
1362 1578 1543 1616 Palacios
1569 1578 1803 1616 licentiatus

112 1636 153 1673 in
173 1636 358 1682 decretis,
377 1636 501 1674 frater
518 1637 655 1686 Lupus
674 1636 824 1673 ordinis
851 1636 990 1673 Sancti
1015 1635 1233 1685 Augustini
1249 1645 1475 1674 conventus
1493 1637 1692 1683 Toletani,
1713 1638 1804 1675 Fer-

115 1696 271 1733 nandus
295 1695 459 1733 Martini
477 1695 786 1733 archidiaconus
804 1696 850 1733 (16
870 1695 1011 1732 Niebla
1028 1695 1067 1732 in
1088 1695 1264 1733 Ecclesia
1290 1695 1533 1745 Hispalensi,
1551 1697 1693 1734 Petrus
1712 1697 1804 1734 Fer-

112 1754 237 1792 nandi
257 1754 567 1793 archidiaconus
583 1755 630 1792 de
646 1754 835 1792 Carrione
856 1754 895 1791 in
912 1754 1088 1792 Ecclesia
1105 1754 1335 1801 Palentina,
1349 1763 1388 1792 et
1402 1755 1527 1793 frater
1540 1756 1682 1793 Petrus
1696 1755 1804 1805 prior

113 1813 349 1851 monasterii
379 1814 426 1852 de
464 1813 617 1863 Abiago
642 1813 792 1851 ordinis
818 1813 928 1850 beati
964 1813 1204 1861 Hieronymi
1231 1813 1467 1851 Palentinae
1486 1814 1690 1852 dioecesis.
1717 1815 1802 1851 Hae

114 1872 310 1911 formulae
337 1873 564 1922 descriptae
580 1881 677 1910 sunt
693 1873 732 1910 in
748 1874 822 1910 110(-
839 1873 940 1919 loco,
953 1887 1003 1910 ex
1018 1872 1227 1922 hispanica
1244 1872 1380 1921 lingua
1396 1887 1535 1911 versae
1561 1873 1601 1910 111
1616 1873 1802 1911 latinam.

176 1932 275 1980 i'Fol.
306 1932 351 1969 21
383 1932 518 1969 v0—22
549 1931 605 1980 VO]
639 1932 706 1969 l'ie
734 1932 889 1969 decima
914 1932 1061 1969 mensis
1090 1931 1314 1971 decembris
1343 1927 1413 1969 rex
1432 1932 1663 1970 nominavit
1686 1947 1803 1981 quos-

112 1991 208 2028 dam
235 1991 340 2029 viros
368 1991 542 2040 insignes
570 1991 621 2028 ad
649 1991 880 2041 recipienda
908 1991 1017 2028 dicta
1044 1990 1214 2028 testium
1240 1991 1465 2028 secundum
1491 1991 1683 2029 articulos
1712 2005 1802 2029 con-

113 2058 248 2088 tentos
266 2050 306 2087 in
322 2050 481 2088 casibus
499 2050 712 2099 utriusque
729 2050 859 2096 electi,
878 2049 1068 2087 videlicet
1084 2049 1408 2099 archiepiscopos
1426 2058 1466 2087 et
1482 2050 1691 2099 episcopos
1708 2058 1803 2087 ante

113 2109 360 2156 nominatos,
390 2118 431 2147 et
460 2109 566 2147 inter
595 2110 666 2147 hos
697 2109 822 2147 etiam
853 2109 1068 2148 Alfonsum
1099 2109 1359 2155 Abulcnsem,
1391 2109 1559 2147 fratrem
1592 2109 1804 2146 Nicolaum

112 2168 288 2217 priorem
310 2168 650 2206 Vallisoletanum
671 2168 845 2206 fratrum
868 2168 1216 2213 Praedicatorum,
1238 2167 1407 2205 fratrem
1424 2168 1626 2205 ι10311116111
1648 2167 1805 2205 Alfonsi

113 2228 358 2266 Toletanum
397 2227 546 2265 ordinis
587 2227 790 2266 Minorum
829 2226 1061 2264 ministrum
1099 2226 1391 2276 provincialem
1429 2227 1641 2273 Castellae,
1684 2226 1804 2263 Dida-

113 2301 205 2325 cum
239 2286 441 2324 Fernandi
474 2286 772 2324 thesaurarium
807 2287 1065 2327 Toletanum,
1100 2286 1303 2324 joannem
1335 2285 1492 2322 Alsonsi
1524 2286 1733 2324 doctorem
1765 2285 1805 2322 in

112 2354 287 2394 utroque
314 2345 416 2394 jure,
446 2346 644 2384 Alvarum
674 2345 839 2382 Martini
867 2345 1077 2383 doctorem
1105 2344 1375 2389 decretorum,
1407 2345 1573 2382 Petrum
1603 2343 1806 2381 Fernandi

114 2404 322 2442 doctorem
346 2404 387 2441 111
408 2404 495 2453 jure
520 2404 641 2451 civili,
671 2404 914 2441 Rodericum
936 2403 1133 2440 Bernardi
1156 2411 1196 2440 et
1223 2402 1423 2439 Didacum
1447 2403 1493 2439 de
1515 2402 1669 2440 Currali
1692 2402 1804 2439 audi-

113 2471 221 2501 tores
248 2463 481 2501 audientiae
508 2463 654 2511 regiae,
684 2465 884 2502 ,Joannem
908 2462 1065 2499 Alfonsi
1090 2461 1348 2499 licentiatum
1365 2461 1406 2498 in
1429 2461 1615 2508 decretis,
1637 2462 1806 2499 fratrem

116 2523 278 2572 Lupum
305 2521 455 2560 ordinis
481 2522 613 2559 sancti
640 2521 858 2571 Augustini
883 2529 1110 2559 conventus
1130 2520 1330 2566 Toletani,
1350 2520 1517 2557 fratrem
1546 2520 1805 2558 Fernandum

115 2581 388 2620 confessorem
414 2580 530 2630 regis,
559 2581 728 2620 fratrem
758 2582 959 2618 „Ioannem
985 2579 1127 2616 Vitalis
1157 2578 1306 2616 ordinis
1327 2578 1542 2625 Minorum,
1570 2586 1610 2616 et
1638 2579 1807 2617 fratrem

116 2641 284 2678 Petrum
316 2640 364 2677 de
397 2640 691 2689 Guadalsajara
724 2638 961 2678 monasterii
1005 2637 1143 2676 Sancti
1183 2637 1488 2675 Bartholomaei
1532 2638 1579 2674 de
1622 2637 1806 2687 Lupiana

83 2703 86 2708 '
115 2698 266 2736 ordinis
287 2698 420 2736 sancti
442 2698 697 2747 Hieronymi,
719 2712 857 2737 omnes
878 2697 1027 2735 ibidem
1049 2705 1296 2746 praesentes.
1314 2696 1418 2733 Tum
1438 2695 1492 2734 eis
1513 2696 1611 2733 data
1632 2696 1806 2734 formula

112 2757 339 2807 juramenti
360 2757 470 2807 quod
492 2757 676 2807 excipere
700 2757 895 2794 deberent
916 2770 937 2792 a
959 2756 1149 2802 testibus,
1172 2769 1275 2804 quae
1297 2769 1347 2792 ex
1380 2754 1589 2804 hispanico
1623 2769 1807 2794 sermone

115 2830 230 2854 versa
254 2816 295 2853 in
318 2815 496 2853 latinum
519 2815 606 2854 heic
630 2816 819 2853 habetur.
846 2816 992 2852 Postea
1016 2814 1279 2851 attendentes
1304 2813 1494 2863 deputati
1516 2813 1593 2863 ipsi
1611 2814 1721 2863 quod
1739 2828 1807 2852 eos

114 2875 235 2914 simul
259 2889 389 2914 unum
413 2875 545 2913 solum
570 2882 720 2912 testem
745 2873 978 2911 examinare
1004 2880 1091 2911 erat
1116 2871 1411 2921 longissimum,
1437 2880 1477 2910 et
1502 2872 1681 2909 multum
1704 2881 1806 2910 tem-

113 2933 221 2984 poris
256 2933 496 2983 perderetur
530 2941 698 2983 propter
733 2931 1044 2972 multitudinem
1078 2930 1448 2969 examinandorum
1485 2931 1670 2978 testium,
1706 2930 1807 2968 divi-

114 3001 256 3030 serunt
277 3007 317 3030 se
339 2991 379 3029 in
401 3000 483 3029 tres
505 3000 678 3029 turmas.
704 2991 858 3039 Quibus
882 2990 936 3028 sic
959 2989 1092 3036 sactis,
1114 2989 1238 3028 iidem
1256 2989 1446 3039 deputati
1461 2990 1513 3026 ad
1531 2989 1808 3038 receptionem

113 3059 156 3089 et
177 3050 529 3090 examinationem
550 3049 721 3088 testium
742 3057 1041 3100 processerunt,
1064 3062 1085 3084 a
1111 3048 1173 3086 die
1199 3062 1333 3085 xxvm
1354 3047 1577 3086 decembris
1604 3062 1733 3097 usque
1755 3049 1808 3086 ad

114 3109 362 3159 principium
388 3108 535 3147 mensis
563 3108 661 3146 maii
685 3108 907 3158 sequentis.
