2083 3458
66 272 193 328 [893]
591 286 808 312 PAPARUM
843 286 1227 312 AVENIONENSIUM
1669 269 1752 310 405

55 365 455 415 archiepiscopatum
468 363 803 402 Ebredunensem
814 363 1054 401 traductum
1067 378 1150 401 esse
1163 363 1226 402 die
1241 371 1356 402 sexta
1370 364 1576 412 februarii,
1592 372 1631 402 ut
1642 372 1695 402 est
1712 364 1754 401 in

56 425 218 473 registro
259 422 560 472 obligationum,
602 422 809 471 inquiunt.
855 422 958 460 Sane
1001 422 1042 460 in
1077 422 1256 471 Registro
1298 422 1366 460 illo
1410 423 1659 462 adnotatum
1694 431 1755 461 est

58 484 270 521 Pastorem
290 482 466 520 electum
486 481 821 519 Ebredunensem
841 481 980 519 fecisse
999 481 1310 531 promissionem
1327 482 1491 520 solitam
1516 482 1578 520 die
1607 490 1721 520 sexta
1741 482 1755 504 ¹

58 541 265 580 februarii.
291 540 368 579 Sed
391 540 484 578 hinc
507 539 639 589 colligi
662 553 743 577 non
766 548 904 589 potest
927 554 1016 578 eam
1039 555 1123 578 esse
1147 540 1253 578 diem
1279 541 1561 579 translationis
1587 541 1674 590 ejus
1705 540 1756 578 ad

60 600 284 639 Ecclesiam
309 599 656 637 Ebredunensem.

111 659 298 696 Tradunt
322 658 446 696 iidem
472 656 777 695 Sammarthani
796 656 810 678 2
835 657 949 695 illum
976 657 1027 694 ad
1062 658 1461 708 archiepiscopatum
1492 658 1755 696 Ehredunen-

59 732 144 757 sem
165 717 405 755 traductum
426 715 628 765 legatione
652 715 861 753 Gallicana
885 716 1199 755 cohonestatum
1223 731 1244 754 a
1265 717 1488 755 Benedicto
1514 718 1597 754 XII
1621 718 1757 763 fuisse,

61 777 170 827 quod
201 775 367 814 minime
398 789 541 813 verum
572 783 645 812 est.
680 774 774 811 Fuit
804 788 900 811 sane
932 775 1102 813 nuncius
1134 775 1382 825 apostolicae
1415 776 1526 814 Sedis
1556 776 1597 814 in
1629 776 1758 814 Gallia

61 850 154 874 cum
173 835 387 873 Guillelmo
406 835 595 884 episcopo
615 833 868 880 Carnotcnsi,
888 834 956 870 sed
976 848 1056 871 non
1074 834 1141 871 illo
1160 842 1356 884 tempore.
1381 835 1529 872 Incidit
1547 850 1592 872 ea
1610 835 1759 883 legatio

63 894 104 932 in
145 908 299 932 annum
340 892 600 931 millesimum
641 890 911 937 CCCXLVH,
953 900 1000 929 ut
1039 901 1156 942 patet
1197 908 1246 930 ex
1286 894 1517 931 Annalibus
1565 894 1760 933 ecclesias-

62 954 150 991 ticis
177 952 339 991 Odorici
368 951 572 1001 Raynaldi
599 959 639 989 et
666 966 715 989 ex
742 951 986 1000 Waddingo,
1014 959 1103 989 tum
1131 951 1256 990 etiam
1283 967 1331 989 ex
1357 953 1483 990 literis
1525 953 1760 990 eorumdem

62 1011 303 1050 nuntiorum
326 1011 432 1048 datis
464 1010 633 1057 Vivarii,
667 1024 840 1059 quarum
872 1010 1158 1047 authenticum
1190 1019 1306 1048 extat
1337 1011 1377 1048 in
1409 1011 1579 1048 Arc-lzz'wo
1609 1011 1760 1049 archic-

63 1070 219 1122 piscopi
249 1069 537 1107 Narbonensis.

116 1129 370 1178 Waddingus
403 1142 513 1174 sane,
539 1142 603 1166 an.
632 1127 745 1170 1339,
777 1126 794 1175 ἓ
819 1127 840 1163 2
867 1125 912 1176 [t.
940 1141 1008 1173 vn,
1031 1141 1068 1177 p.
1089 1127 1203 1176 225}
1223 1128 1425 1166 invenisse
1449 1144 1489 1166 se
1515 1129 1572 1166 ait
1596 1129 1637 1166 in
1660 1129 1762 1166 libro

63 1188 336 1238 Epistolarum
371 1195 604 1224 secretarum
639 1186 738 1223 anni
774 1186 871 1223 sexti
900 1186 1111 1223 Clementis
1146 1186 1204 1223 VI
1240 1187 1514 1225 instrumenta
1550 1188 1763 1237 legationis

65 1247 158 1285 huic
196 1246 385 1284 Pastori3
420 1254 461 1284 et
497 1245 713 1284 Guillelmo
750 1245 989 1283 Carnotensi
1035 1245 1224 1295 episcopo
1269 1246 1320 1283 ad
1359 1246 1594 1296 Philippum
1630 1261 1763 1295 regem

66 1306 292 1345 Galliarum
330 1305 581 1351 commissae,
614 1319 734 1355 super
764 1304 997 1342 relaxandis
1036 1319 1104 1342 seu
1143 1304 1362 1342 liberandis
1403 1306 1523 1343 Petro
1563 1305 1765 1343 cardinale

65 1365 306 1416 presbytero
336 1364 447 1402 tituli
479 1363 618 1402 Sancti
649 1363 867 1401 Clementis
898 1363 1068 1412 aliisque
1099 1363 1374 1401 cardinalibus
1405 1372 1446 1401 et
1476 1378 1614 1402 eorum
1651 1364 1766 1402 fami-

68 1424 250 1471 liaribus,
284 1437 385 1472 quos
417 1437 488 1461 rex
519 1422 594 1460 sub
628 1422 813 1460 custodia
847 1422 1073 1469 detinebat,
1096 1430 1137 1459 et
1168 1436 1289 1472 super
1320 1423 1559 1460 revocandis
1583 1423 1630 1460 iis
1664 1437 1767 1472 quar»

68 1490 211 1522 contra
245 1481 448 1520 Ecclesiae
482 1481 776 1519 auctoritatem
809 1489 850 1519 et
882 1481 1190 1520 immunitatem
1224 1482 1508 1521 constituerat.
1545 1482 1638 1519 Jaln
1673 1496 1768 1519 vero

69 1555 206 1592 supra,
244 1556 283 1592 p.
324 1540 412 1587 785,
451 1540 684 1578 monuimus
723 1554 814 1579 eam
852 1540 1130 1578 narrationem
1168 1548 1404 1590 suspectam*
1440 1556 1524 1578 esse
1563 1541 1768 1578 falsitatis,

70 1601 177 1639 Puto
200 1608 340 1638 autem
363 1599 641 1649 Waddingum
664 1599 812 1645 minus,
835 1607 883 1636 ut
905 1607 1027 1637 antea
1052 1599 1149 1646 dixi,
1172 1599 1380 1637 intentum
1404 1600 1456 1636 ad
1480 1614 1524 1638 ea
1550 1614 1653 1649 quae
1677 1600 1768 1637 scri-

71 1660 210 1706 bebat,
228 1659 279 1696 ad
298 1659 465 1697 Petrum
483 1666 523 1696 et
539 1658 637 1696 alios
656 1658 880 1696 cardinales
898 1658 1156 1695 transtulisse
1173 1672 1258 1697 rem
1275 1672 1378 1707 quae
1396 1673 1535 1696 eorum
1553 1658 1770 1697 familiares

70 1726 238 1757 tantum
256 1718 468 1767 tangebat.
491 1717 656 1755 Etenim
676 1731 768 1754 cum
789 1717 1000 1767 Philippus
1020 1731 1090 1755 rex
1112 1717 1306 1755 Franciae
1326 1717 1563 1756 mandasset
1583 1717 1771 1767 occupari

71 1786 112 1816 et
130 1778 182 1815 ad
202 1791 371 1816 manum
389 1791 506 1815 suam
523 1777 621 1826 poni
641 1777 761 1823 bona,
782 1776 974 1823 decimas,
994 1784 1035 1814 et
1053 1784 1280 1826 proventus
1301 1776 1593 1814 ecclesiasticos
1612 1777 1772 1814 illorum

72 1837 352 1887 praelatorum
374 1850 420 1873 ac
441 1849 709 1886 personarum
731 1835 1099 1873 ecclesiasticarum
1118 1835 1186 1884 qui
1210 1835 1273 1873 die
1289 1850 1359 1873 xm
1381 1835 1572 1873 februarii
1591 1836 1774 1885 ejusdem

74 1896 170 1933 anni
194 1895 235 1932 in
259 1909 383 1944 regno
407 1909 489 1932 non
514 1902 632 1932 erant
653 1902 901 1944 praesentes,
921 1894 1046 1932 etiam
1067 1894 1350 1942 cardinalium,
1369 1908 1496 1943 eaque
1516 1909 1576 1932 res
1598 1895 1774 1933 multum

74 1954 401 1993 incommodaret
422 1953 711 1999 cardinalibus,
734 1953 917 1991 Clemens
938 1967 1047 2003 papa
1068 1953 1163 1991 illuc
1184 1954 1295 1992 misit
1318 1954 1530 1992 Pastorem
1551 1961 1592 1991 et
1614 1953 1775 1991 Guillel-

75 2027 190 2052 mum
217 2020 265 2050 ut
293 2027 338 2050 ea
367 2012 537 2062 imperia
565 2012 747 2050 revocari
777 2020 979 2050 curarent.
1011 2012 1081 2049 Ait
1109 2020 1249 2050 autem
1279 2012 1532 2062 Waddingus
1562 2027 1628 2050 eos
1657 2013 1776 2061 longo

76 2080 260 2122 tempore
288 2070 451 2109 Parisiis
479 2071 687 2110 immorari
716 2071 957 2121 oportuisse,
986 2079 1027 2109 et
1054 2071 1222 2109 tandem
1253 2079 1498 2121 cooperante
1535 2085 1580 2108 ac
1608 2071 1777 2109 sollicite

76 2130 376 2169 interveniente
393 2130 554 2182 Joanna
572 2129 709 2179 regina
729 2129 972 2177 obtinuisse3
993 2130 1102 2179 quod
1121 2144 1263 2168 verum
1281 2138 1354 2169 est.
1373 2129 1537 2168 Etenim
1555 2144 1603 2168 ex
1621 2129 1688 2168 lib.
1710 2129 1778 2175 IV,

79 2190 196 2240 epist.
237 2203 391 2227 CDXLvl
430 2189 648 2227 Clementis
686 2189 756 2236 VI,
795 2188 998 2239 colligitur
1033 2203 1181 2238 regem,
1219 2189 1362 2227 eadem
1397 2189 1534 2238 regina
1582 2188 1777 2234 instante,

78 2262 289 2287 revocasse
330 2262 420 2286 eam
462 2247 802 2287 constitutionem
843 2247 978 2297 quoad
1020 2248 1245 2286 cardinales
1286 2256 1327 2286 et
1366 2262 1506 2286 eorum
1546 2247 1777 2285 familiares.

81 2307 214 2356 Quare
236 2307 478 2357 explicanda
500 2306 541 2344 in
563 2321 657 2345 eum
679 2307 848 2346 modum
870 2315 967 2344 sunt
989 2307 1114 2344 verba
1138 2307 1299 2345 Odorici
1325 2306 1529 2356 Raynaldi
1552 2305 1779 2351 scribentis,

82 2381 146 2405 an.
183 2365 296 2413 1347,
337 2365 353 2414 §
386 2365 448 2414 24,
484 2365 719 2416 Philippum
751 2379 886 2415 regem
919 2365 1180 2403 sacerdotum
1212 2365 1254 2403 in
1286 2379 1408 2415 regno
1442 2379 1522 2402 non
1556 2364 1780 2413 agentium,

82 2425 263 2475 exceptis
287 2424 575 2472 cardinalibus,
599 2424 816 2474 vectigalia
840 2424 1100 2474 decimasque
1124 2424 1297 2462 aliorum
1320 2423 1642 2462 sacerdotiorum
1667 2436 1781 2460 occu-

82 2498 200 2535 passe
214 2483 241 2522 4.
279 2483 446 2522 Certum
481 2483 589 2522 enim
615 2491 678 2522 est
704 2483 929 2522 cardinales
955 2483 1073 2521 initio
1101 2497 1181 2521 non
1209 2483 1332 2520 fuisse
1358 2490 1564 2532 exceptos.
1593 2482 1781 2520 Ceterum

85 2542 310 2581 auctoritas
346 2542 566 2592 Waddingi
600 2550 720 2580 tanta
756 2542 836 2580 fuit
870 2550 917 2579 ut
953 2542 1211 2592 Spondanus,
1248 2555 1356 2579 anno
1393 2541 1506 2588 1350,
1549 2540 1566 2588 ξ
1604 2540 1664 2588 10,
1701 2554 1781 2577 non

135 2708 167 2741 1.
192 2706 298 2740 Lisez
321 2707 353 2740 le
377 2708 398 2741 8
421 2713 461 2740 et
482 2707 514 2740 le
537 2707 581 2739 17
606 2707 744 2741 sevrier
766 2707 860 2741 1339
887 2706 1020 2750 (Vidal,
1045 2712 1071 2739 t.
1094 2718 1131 2746 11,
1156 2717 1191 2750 p.
1215 2706 1312 2749 430).
1338 2705 1487 2739 Durani:
1518 2717 1585 2741 son
1615 2707 1739 2751 sejour
1761 2707 1781 2739 a

89 2760 271 2800 Embrun,
297 2759 322 2792 il
348 2759 562 2803 poursuivit
587 2759 819 2793 activement
843 2760 894 2793 les
920 2759 1085 2792 Vaudois
1116 2758 1249 2802 (Vidal,
1275 2750 1442 2792 Bulldire
1466 2759 1507 2793 de
1530 2759 1783 2802 l'Inquisition

87 2813 279 2857 francaise,
303 2824 338 2856 p.
363 2812 440 2856 Lx).

140 2867 171 2900 2.
194 2865 363 2899 L’erreur
382 2877 402 2909 a
423 2865 575 2909 disparu
596 2866 639 2899 de
659 2865 830 2899 l’edition
850 2866 894 2898 de
914 2865 1019 2904 1720,
1041 2870 1067 2898 t.
1087 2876 1138 2904 111,
1160 2864 1226 2897 col.
1249 2865 1353 2898 1087.

139 2920 172 2953 3.
191 2918 259 2952 Les
289 2918 483 2952 etudiants
512 2919 556 2951 de
573 2919 609 2952 la
624 2918 765 2952 faculte
783 2919 845 2951 des
863 2924 939 2951 arts
956 2917 1008 2950 lui
1027 2917 1137 2950 firent
1157 2918 1219 2950 des
1236 2915 1390 2950 avanies
1407 2918 1577 2961 pendant
1594 2929 1666 2950 une
1689 2919 1786 2952 cere-

92 2971 216 3005 monie
234 2971 296 3015 qui
316 2977 380 3004 eut
396 2971 469 3004 lieu
487 2971 507 3003 a
525 2970 1019 3004 Saint—Germain-des-Pres
1041 2969 1200 3013 (Denisse
1217 2976 1255 3003 et
1273 2969 1480 3010 Chatelain,
1499 2970 1784 3010 Chartalarium,

94 3031 121 3058 t.
138 3036 176 3064 11,
195 3036 230 3057 n.
248 3025 342 3057 1145
359 3030 397 3057 et
413 3029 440 3057 t.
456 3035 508 3063 111,
527 3035 561 3067 p.
581 3024 653 3068 65).
672 3023 743 3057 Sur
760 3023 927 3062 Pasteur,
948 3023 1028 3056 voir
1046 3023 1176 3062 Euhel,
1192 3022 1237 3056 B.
1256 3022 1313 3062 F.,
1332 3028 1358 3056 t.
1377 3035 1426 3063 VI,
1445 3034 1479 3057 n.
1500 3023 1579 3062 211,
1598 3023 1679 3063 401,
1698 3023 1785 3063 560;

95 3077 218 3118 Vidal,
239 3077 371 3116 Closes,
391 3088 426 3110 n.
447 3077 557 3116 1563;
580 3076 737 3116 Denifle,
757 3088 814 3120 op.
835 3077 905 3115 cit„
927 3082 953 3109 t.
971 3087 1009 3115 11,
1029 3087 1064 3119 p.
1086 3076 1155 3109 782
1173 3081 1211 3108 et
1229 3081 1255 3108 t.
1274 3087 1326 3115 111,
1346 3087 1381 3119 p.
1402 3076 1482 3110 738.

146 3130 179 3164 4.
203 3130 352 3170 Baluze,
378 3135 404 3163 t.
427 3141 478 3170 ιν,
503 3141 538 3173 p.
564 3130 685 3168 77·78,
710 3130 831 3163 85-90.
