2083 3458
107 254 258 310 [1007]
616 270 833 296 PAPARUM
869 269 1252 296 AVENIONENSIUM
1707 257 1790 299 525

95 353 224 391 editos
253 369 324 403 pro
352 354 573 401 Clemente,
603 354 794 392 nimirum
821 354 920 391 illud
948 368 1031 391 esse
1059 356 1297 402 confictum,
1326 356 1385 393 uti
1412 357 1522 395 suere
1550 358 1680 395 multa
1708 360 1787 396 alia

95 426 198 461 quae
220 413 416 451 Odoricus
439 413 679 461 Raynaldus
700 414 915 451 transtulit
934 413 974 450 in
995 413 1174 450 Annales
1193 415 1469 452 ecclesiasticos
1490 424 1534 453 ut
1555 418 1788 456 ostenderet

93 472 248 511 nullam
272 473 357 510 vim
382 486 513 521 neque
539 472 781 510 violentiam
808 472 961 511 factam
987 486 1070 510 esse
1097 472 1370 510 cardinalibus
1396 474 1437 511 in
1463 475 1657 514 electione
1683 491 1787 525 quae

94 530 203 568 facta
232 539 291 569 est
321 531 489 569 Romae.
520 530 626 569 Nam
654 531 860 580 quomodo
891 531 975 569 sieri
1002 539 1140 580 posset
1167 539 1213 568 ut
1241 532 1464 570 cardinales
1493 534 1539 571 de
1572 535 1719 573 Vernio
1746 544 1787 574 et

94 590 141 626 de
163 590 379 628 Britannia
401 590 481 628 ista
505 590 699 628 docerent
722 590 816 628 huic
840 590 1037 637 Zabricio,
1062 590 1130 639 qui
1152 590 1240 639 jure
1262 591 1438 639 jurando
1462 594 1603 630 testati
1628 603 1723 631 sunt
1746 610 1786 633 se

92 648 351 699 reliquosque
369 649 593 687 cardinales
612 650 943 687 ultramontanos
961 649 1001 686 in
1019 663 1064 687 ea
1083 649 1203 686 fuisse
1221 650 1425 687 sententia
1444 659 1487 687 ut
1503 652 1787 690 existimarent.

92 708 307 747 Urbanum
328 723 408 745 non
430 722 514 746 esse
535 722 688 758 papam
709 716 749 745 et
773 708 1003 747 Ecclesiam·
1020 708 1251 746 Romanam
1273 722 1438 746 vacasse
1461 724 1587 759 usque
1614 712 1664 748 ad
1687 714 1785 750 elec-

89 767 245 806 tionem
276 767 521 805 Clementis?
552 767 615 805 An
645 768 734 816 plus
767 767 975 806 credemus
1008 766 1205 813 Zabrici0‚
1237 767 1324 804 viro
1355 768 1502 806 nullius
1534 770 1571 806 in
1607 768 1784 808 Ecclesia

92 826 165 864 Dei
186 827 375 873 nominis,
396 826 494 864 testi
515 826 668 875 alioqui
689 827 896 875 singulari,
919 839 1043 875 quam
1065 826 1224 863 duobus
1246 826 1341 863 viris
1363 827 1586 875 primarum
1607 829 1647 866 in
1669 844 1784 879 repu-

90 885 194 923 blica
228 886 458 923 Christiana
490 885 686 935 partium,
720 885 867 934 quibus
900 885 1025 923 etiam
1056 885 1247 934 injuratis
1279 886 1368 934 plus
1401 887 1649 927 credendum
1681 897 1786 926 esset

90 958 214 994 quam
237 944 420 982 Zabricio
442 944 585 983 millies
606 944 770 993 jurato?
795 944 918 981 Porro
941 944 972 981 si
993 944 1190 982 standum
1212 952 1317 981 esset
1338 945 1575 983 testimonio
1599 946 1785 995 Zabricii‚

91 1003 306 1043 fatendum
333 1011 439 1042 esset
464 1004 641 1052 insignes
671 1004 891 1041 nebulones
920 1003 1042 1041 fuisse
1070 1002 1294 1040 cardinales
1323 1017 1344 1040 a
1373 1004 1519 1052 quibus
1548 1005 1612 1042 ille
1639 1006 1715 1043 ista
1744 1021 1784 1044 56

89 1063 292 1112 accepisse
315 1063 392 1107 ait3
418 1063 569 1112 quippe
593 1063 661 1112 qui
685 1077 777 1101 cum
800 1063 938 1111 palam
961 1062 1131 1111 professi
1155 1062 1307 1100 fuerint
1331 1074 1422 1101 cum
1446 1064 1587 1101 ceteris
1613 1078 1691 1102 non
1714 1079 1784 1102 va—

88 1122 209 1160 luisse
242 1122 293 1159 ab
326 1122 444 1160 initio
476 1123 717 1160 electionem
752 1121 922 1168 Urbani,
956 1135 1065 1159 nunc
1097 1135 1257 1160 summa
1290 1121 1571 1170 impudentiae
1604 1124 1643 1160 vi
1678 1124 1784 1162 credi

88 1181 242 1219 vellent
259 1181 310 1218 ab
330 1196 375 1219 60
394 1181 623 1219 discessisse
643 1181 868 1219 cardinales
888 1181 935 1218 de
955 1180 1151 1229 Agrifolio
1170 1188 1210 1217 et
1229 1180 1276 1218 de
1296 1179 1523 1228 Malesicco,
1543 1182 1611 1230 qui
1631 1191 1783 1221 ceteros

89 1248 183 1290 post
205 1255 245 1278 se
266 1248 498 1287 traxerunt,
521 1255 602 1278 non
625 1241 720 1289 quia
744 1254 887 1278 verum
910 1247 995 1277 erat
1028 1239 1142 1277 illum
1178 1253 1257 1276 non
1281 1239 1404 1277 fuisse
1427 1240 1501 1278 rite
1524 1254 1570 1278 ac
1593 1242 1783 1280 canonice

89 1300 277 1347 electum,
295 1299 364 1337 sed
382 1300 476 1348 quia
493 1314 571 1337 non
590 1299 825 1337 habuerunt
841 1298 1132 1336 verecundiam
1149 1298 1323 1347 negandi
1341 1298 1450 1347 quod
1467 1299 1518 1336 ab
1535 1299 1677 1338 iisdem
1694 1315 1784 1349 rege

89 1366 130 1396 et
148 1358 249 1397 duce
268 1358 515 1408 poscebatur
532 1359 728 1396 adversus
750 1350 977 1396 Urbanum.
1001 1357 1118 1404 Quod
1138 1357 1236 1396 mihi
1255 1357 1420 1395 videtur
1438 1373 1521 1395 esse
1541 1372 1784 1408 magnopere

88 1417 324 1464 ridiculum3
345 1418 586 1467 praesertim
606 1432 698 1456 cum
718 1426 875 1455 certum
895 1417 947 1454 sit
967 1417 1216 1454 cardinalem
1236 1416 1284 1454 de
1304 1416 1333 1453 A
1343 1417 1513 1465 grisoliO,
1535 1418 1630 1454 dum
1651 1418 1784 1456 adhuc

89 1484 195 1515 esset
210 1477 251 1514 in
271 1477 392 1524 Urbe,
410 1477 451 1514 id
468 1485 542 1524 est,
561 1477 631 1515 diu
648 1485 743 1514 ante
762 1490 886 1526 quam
900 1490 1062 1514 noscere
1076 1484 1214 1525 posset
1232 1475 1330 1525 quid
1349 1476 1397 1513 de
1415 1475 1571 1514 Urbani
1589 1477 1785 1516 electione

89 1536 290 1586 principes
309 1536 365 1574 illi
383 1536 595 1583 sentirent,
614 1535 866 1585 improbasse
885 1535 1125 1573 electionem
1145 1534 1315 1582 Urbani,
1336 1543 1380 1572 ut
1398 1535 1518 1573 docet
1534 1536 1644 1573 locus
1663 1550 1782 1586 supra

88 1610 126 1645 p.
164 1595 263 1632 1002
296 1596 448 1633 relatus
482 1610 531 1633 ex
565 1595 819 1645 depositione
853 1594 1069 1632 cardinalis
1105 1593 1407 1632 Glandatensis.
1445 1594 1600 1632 lilectio
1634 1595 1786 1645 quippe

92 1654 246 1692 Urbani
272 1654 382 1692 facta
409 1662 469 1692 est
496 1654 558 1692 dic.
585 1663 747 1701 octava,
785 1654 1081 1691 inthronizatio
1120 1653 1182 1691 die
1209 1667 1330 1699 nona,
1358 1654 1568 1691 coronatio
1595 1654 1657 1692 die
1684 1668 1785 1692 xvm

88 1713 240 1763 aprilis.
276 1714 515 1752 Guillelmus
549 1728 645 1751 vero
679 1714 727 1751 de
761 1713 956 1762 Agrisolio
989 1712 1162 1750 excessit
1195 1711 1294 1750 urbe
1329 1712 1516 1750 Romana
1550 1721 1645 1751 ante
1679 1704 1785 1751 diem

89 1781 281 1823 quartam
306 1773 415 1820 maii,
441 1773 792 1822 quemadmodum
816 1772 947 1820 colligi
980 1771 1206 1809 necessario
1231 1770 1353 1809 debet
1377 1785 1426 1809 ex
1459 1772 1784 1821 depositionibus

92 1832 226 1870 fratris
255 1832 425 1870 Ferrarii
446 1832 494 1870 de
520 1832 671 1881 Vergos
699 1831 849 1869 ordinis
877 1831 1094 1877 Minorum,
1123 1830 1288 1868 Martini
1315 1830 1364 1867 de
1391 1830 1575 1877 [ἐι-(111110,
1603 1831 1786 1869 canonici

90 1891 291 1938 Toletani,
326 1899 366 1929 et
402 1891 604 1929 Fernandi
641 1891 763 1938 Petri,
790 1890 932 1928 decani
967 1889 1258 1927 Tirasonensis.
1290 1889 1343 1926 Et
1380 1889 1584 1927 Ferrarius
1620 1890 1785 1939 quidem

93 1958 270 1989 testatur
290 1951 404 1988 illum
429 1950 560 1988 Roma
584 1964 788 1998 egressum
812 1957 907 1987 ante
932 1948 1164 1998 quindecim
1189 1948 1272 1985 dies
1296 1956 1390 1997 post
1415 1948 1581 1987 Pascha.
1612 1949 1784 1986 Interro-

90 2018 208 2059 gatus
230 2009 337 2047 enim
358 2024 478 2059 super
498 2010 670 2047 articulo
690 2023 833 2046 Lxxvn
855 2022 970 2046 casus
992 2008 1110 2057 primi
1133 2007 1249 2045 electi
1266 2006 1279 2029 ¹
1309 2007 1410 2044 dixit
1438 2007 1540 2056 quod
1557 2008 1684 2057 aliqui
1704 2023 1787 2045 car-

89 2069 254 2116 dinale-v,
281 2069 380 2106 inter
402 2081 496 2118 quo-s·
519 2068 671 2105 domini
695 2069 738 2105 (le
762 2067 962 2116 Agrisclio
984 2075 1019 2104 et
1040 2066 1300 2114 pictavensis,
1326 2075 1563 2104 recesserunt
1586 2068 1629 2103 (le
1660 2067 1786 2104 Roma.

89 2137 178 2166 ante
200 2127 423 2177 quindecim
446 2127 528 2164 (lies
550 2136 636 2176 post
658 2127 826 2165 Pascha.
853 2127 1018 2164 Certum
1043 2134 1104 2163 est
1128 2120 1238 2162 diem
1263 2125 1439 2162 Paschae
1464 2139 1572 2162 anno
1595 2125 1663 2162 illo
1686 2126 1787 2163 inci-

90 2187 194 2225 disse
210 2187 248 2224 in
267 2187 374 2224 diem
392 2201 492 2223 xvm
509 2186 660 2235 aprilis.
680 2186 906 2223 Confirmat
924 2186 999 2222 hoc
1016 2184 1298 2222 testimonium
1318 2184 1517 2221 Martinus
1535 2184 1582 2222 de
1602 2184 1783 2231 Urduna,

90 2246 158 2295 qui
182 2260 302 2296 super
324 2246 467 2283 eodem
490 2246 662 2284 articulo
694 2245 969 2294 interrogatus
991 2244 1091 2281 dixit
1109 2243 1123 2265 2
1146 2243 1247 2292 quod
1268 2243 1489 2280 cardinales
1520 2243 1563 2279 (le
1586 2243 1785 2291 Agrisolio

89 2314 123 2343 et
146 2305 406 2352 Pictavensis‚
434 2304 501 2354 qui
526 2312 763 2342 recesserunt
786 2304 916 2353 primo
942 2304 986 2340 (le
1013 2303 1137 2340 Roma
1163 2302 1215 2339 acl
1238 2302 1486 2349 Anagniam,
1511 2301 1673 2350 fuerunt
1697 2316 1785 2339 cum

90 2364 219 2414 primo
236 2365 361 2411 electo,
380 2372 421 2401 ut
437 2363 568 2411 credit,
587 2363 713 2401 tribus
730 2362 967 2412 septimanis
984 2362 1179 2398 modicum
1196 2361 1300 2410 plus,
1319 2360 1573 2398 numerando
1592 2360 1783 2398 nimirum

89 2437 111 2460 a
134 2423 196 2461 die
219 2422 505 2461 coronationis.
535 2423 616 2460 lsta
638 2430 747 2460 recte
769 2422 1000 2460 cohaerent.
1027 2420 1102 2458 Sed
1125 2420 1322 2457 addemus
1344 2419 1478 2456 adhuc
1499 2419 1783 2457 testimonium

91 2483 233 2521 decani
255 2481 548 2529 T'irasonensis,
571 2481 686 2530 cujus
709 2481 807 2519 haec
829 2488 926 2518 sunt
948 2480 1071 2517 verba
1094 2493 1214 2528 super
1243 2478 1386 2516 eodem
1416 2478 1588 2515 articulo
1612 2493 1619 2514 z
1638 2478 1754 2516 Discit
1769 2477 1786 2500 ³

89 2542 202 2591 quod,
233 2541 276 2577 in
311 2549 501 2590 quantum
529 2541 573 2577 (le
600 2540 771 2589 presenti
808 2548 931 2589 potest
957 2538 1165 2584 recordari,
1195 2537 1415 2574 cardinales
1452 2537 1496 2573 [le
1523 2536 1723 2584 Agrijolio
1750 2545 1784 2574 et

88 2600 348 2646 pietavensis,
373 2608 414 2636 ut
433 2599 513 2636 sibi
534 2599 697 2646 videtur,
720 2607 753 2636 et
776 2599 829 2636 ita
851 2598 981 2644 credit,
1005 2604 1243 2644 recesserunt
1262 2596 1305 2632 cle
1330 2595 1456 2631 Roma
1477 2595 1528 2631 acl
1548 2595 1783 2643 Anagniam

92 2659 134 2696 in
153 2660 230 2708 fine
247 2658 391 2707 aprilis
408 2667 477 2696 cnut
495 2658 537 2695 in
554 2658 757 2707 principio
776 2657 886 2695 maii.
910 2657 1046 2706 Itaque
1064 2656 1214 2692 videtur
1229 2654 1310 2691 sibi
1327 2654 1428 2703 quod
1445 2646 1511 2690 is'tz'
1528 2654 1604 2690 ([1ιο
1621 2668 1780 2690 recesse—

90 2726 182 2756 runt
202 2718 246 2755 de
267 2717 393 2754 Roma
416 2717 523 2766 infra
543 2725 617 2754 tres
637 2717 882 2765 septimanas
903 2724 990 2764 post
1011 2713 1310 2751 coronationem.
1338 2713 1399 2748 Ex
1422 2712 1568 2761 quibus
1593 2712 1781 2750 omnibus

91 2785 277 2815 constare
295 2783 404 2814 certo
423 2775 545 2814 debet
562 2775 748 2813 fraudem
765 2783 806 2813 et
821 2775 1048 2824 impostura
1058 2787 1095 2810 m
1113 2787 1196 2810 esse
1214 2772 1254 2808 in
1271 2772 1339 2808 illo
1357 2771 1592 2827 testimonio
1608 2771 1782 2808 Bartho-

90 2835 236 2875 lomaei
264 2835 450 2873 Zabricii.

143 2894 332 2933 Conssato
364 2893 506 2942 itaque
538 2893 772 2940 schismate,
807 2905 899 2930 cum
932 2890 1054 2928 ambo
1087 2888 1302 2939 pontifices
1337 2888 1439 2926 serio
1473 2888 1699 2937 cogitarent
1733 2889 1782 2926 de

139 3029 170 3062 1.
200 3028 240 3061 B.
267 3028 325 3066 N.‚
348 3039 415 3060 ms.
438 3026 533 3059 latin
554 3026 685 3066 11745,
708 3025 772 3059 fol.
796 3024 866 3058 112
889 3027 934 3056 r0.

140 3082 171 3115 2.
202 3081 268 3114 Ms.
298 3080 381 3120 cite,
405 3079 466 3113 fol.
491 3080 560 3112 132
581 3083 632 3112 νο.

140 3135 171 3168 3.
202 3134 268 3167 Ms.
288 3133 371 3173 cite,
389 3132 451 3166 fol.
471 3132 540 3165 176
556 3136 599 3165 ΓΟ.
