2083 3458
104 170 230 225 [686]
633 188 847 214 ΡΑΡΑΒΗΜ
885 187 1268 214 AVENIONENSIUM
1712 174 1792 215 175

148 270 190 307 P.
225 269 288 310 93,
322 269 387 318 lig.
423 268 484 307 22.
522 270 736 314 Esomxus
771 285 826 307 DE
862 272 1093 309 FromANo.
1129 271 1258 309 Aliter
1291 285 1381 308 eam
1406 270 1619 309 historiam
1651 280 1788 310 narrat

96 329 274 366 Joannes
299 327 510 374 Villanius,
534 328 602 366 lib.
628 329 744 373 VIII.
768 344 855 380 cap.
880 344 962 367 xcn
989 330 1215 380 [Muratori,
1239 337 1268 368 t.
1294 344 1379 376 xm,
1403 330 1475 368 col.
1501 330 1591 381 429]
1610 339 1650 369 et
1674 345 1723 368 ex
1745 346 1790 369 eo

93 386 175 424 alii.
199 386 300 424 Vide
325 386 606 436 Spondanum,
631 402 694 426 an.
722 388 834 436 1307,
864 389 879 436 ξ
903 389 926 426 6
947 397 987 426 et
1010 403 1067 438 sq.

148 446 190 483 P.
222 445 284 491 94,
316 445 380 494 lig.
413 445 474 484 20.
507 445 811 485 ΕΧΡιῙεΑεεΕΤ.
844 448 1023 497 Esquieu
1053 447 1100 485 de
1124 447 1300 495 Floyran
1331 447 1500 485 e'crivait
1529 462 1578 485 en
1611 447 1710 486 1308
1740 463 1792 486 au

94 504 151 541 roi
175 504 382 553 d’Aragon
403 518 452 542 en
475 519 537 542 ces
560 513 708 543 termes
732 522 739 543 :
763 506 846 554 Ego
867 520 956 543 snm
978 506 1041 543 ille
1071 506 1138 555 qni
1161 506 1411 554 manifestavi
1440 506 1587 555 jactum
1612 508 1793 557 Templa-

95 563 243 600 rz'orum
265 563 347 611 regi
370 563 539 600 Francie
562 564 720 612 (Finkc,
743 565 966 614 Pap-smmi,
990 573 1018 603 t.
1041 579 1081 611 11,
1105 579 1143 614 p.
1166 564 1246 613 83).

148 622 190 660 P.
218 621 305 668 100,
329 622 394 671 lig.
419 622 454 660 5.
481 622 656 670 QumAM
685 638 934 662 (JARDINALIS
960 638 1014 660 DE
1048 638 1220 661 GENERE
1244 624 1390 661 Bomp.
1419 624 1654 662 Franciscus
1687 625 1793 662 filius

94 680 303 730 quondam
337 680 491 718 domini
526 681 634 719 Petri
668 682 861 731 Gaytani,
895 691 941 719 ut
974 690 1136 720 constat
1169 697 1218 720 ex
1251 683 1506 720 collectaneis
1536 683 1594 720 De
1627 683 1795 720 dissidio

94 739 299 788 Bonijacii
319 748 353 776 et
372 739 560 789 Philippi
581 741 731 787 Palem,
752 755 791 790 p.
815 741 904 787 370,
926 741 1014 788 371,
1037 741 1125 785 390,
1148 740 1236 788 394,
1259 741 1348 785 399,
1371 741 1458 788 468,
1482 742 1569 787 502,
1592 742 1680 789 503,
1703 742 1792 785 504,

94 798 182 844 506,
214 798 302 844 508,
334 798 422 845 509,
453 798 527 836 511
558 807 599 837 et
629 800 827 849 sequenti.
860 800 1010 837 Verum
1039 799 1158 837 isthic
1189 814 1270 837 non
1301 799 1449 837 dicitur
1479 800 1706 838 cardinalis.
1740 801 1796 838 At

94 872 132 906 p.
161 857 250 900 388,
278 857 367 904 408,
395 857 483 904 467,
512 858 600 899 468,
629 859 717 901 511,
747 859 982 896 nominatur
1009 858 1223 897 cardinalis
1252 859 1289 896 S.
1319 858 1469 896 Mariae
1496 859 1537 896 in
1564 859 1792 898 Cosmedin.

99 916 145 953 In
165 916 305 965 primis
328 930 425 954 vero
445 931 495 954 ex
515 917 665 966 pagina
688 917 760 955 511
785 926 957 967 apparet
979 918 1050 955 hos
1073 918 1174 954 duos
1198 917 1432 955 Franciscos
1456 917 1576 956 fuisse
1600 918 1795 965 diversos,

95 975 278 1024 adeoque
310 983 491 1012 erratum
523 976 644 1013 fuisse
676 977 728 1014 ab
761 976 963 1014 Amalrico
984 978 995 999 1
1021 991 1113 1014 cum
1146 976 1313 1026 putavit
1346 976 1606 1022 Franciscum
1639 977 1796 1016 defens-

95 1048 205 1071 orem
230 1034 449 1072 memoriae
473 1034 673 1072 Bonifacii
699 1035 820 1073 fuisse
847 1035 1106 1073 cardinalem.

149 1094 191 1131 P.
227 1093 314 1140 107,
354 1094 420 1143 lig.
464 1094 497 1132 1.
539 1095 825 1133 CARDINALES.
872 1096 961 1133 [llos
1002 1095 1054 1132 ad
1094 1109 1133 1133 se
1176 1103 1265 1131 tum
1308 1108 1473 1132 vocasse
1516 1095 1795 1144 Ilugutionem

95 1152 332 1203 episcopum
372 1153 665 1192 Novariensem
703 1154 830 1191 tradit
868 1155 1032 1192 Carolus
1070 1154 1281 1204 episcopus
1319 1162 1360 1191 et
1399 1153 1483 1203 ipse
1522 1154 1796 1202 Novariensis,

94 1226 133 1261 p.
154 1211 242 1250 443.
263 1211 310 1250 de
331 1212 523 1250 Novaria.

150 1270 192 1308 P.
214 1270 386 1321 107‚1ig.
408 1270 467 1310 10.
491 1272 631 1309 IGNEM
649 1287 690 1309 ix
718 1286 893 1308 PALATIO
913 1286 1180 1309 POSUERUNT.
1197 1271 1374 1308 Factum
1394 1271 1434 1308 id
1454 1271 1512 1308 ait
1535 1272 1798 1310 continuator

98 1328 244 1378 Nangii
261 1330 304 1379 [t.
319 1345 343 1376 ι,
357 1344 395 1380 p.
411 1330 509 1380 406]
527 1346 534 1368 :
554 1345 623 1380 pcr
643 1331 903 1380 marquisium
926 1331 1072 1368 l'icena
1096 1339 1270 1380 nepotem
1286 1329 1496 1367 Clementis
1519 1343 1647 1380 papae
1673 1345 1799 1381 nuper

96 1388 268 1437 defuncti
289 1389 332 1426 in
348 1389 520 1438 savorem
538 1390 756 1427 cardinalis
782 1391 1015 1436 Vasconum,
1036 1389 1102 1439 qui
1121 1397 1253 1426 contra
1266 1389 1367 1426 alios
1385 1389 1616 1433 cardinales,
1640 1389 1798 1427 Italicos

94 1447 239 1485 scilicet
266 1457 299 1485 et
331 1448 514 1496 Gallicos,
541 1449 759 1487 electionem
792 1449 872 1486 sibi
900 1449 983 1498 ipse
1005 1448 1206 1485 vendicare
1233 1448 1391 1486 volebat.
1422 1447 1501 1485 Ubi
1530 1456 1668 1486 tamen
1694 1457 1797 1498 puto

97 1507 290 1544 mendum
314 1521 398 1545 esse
421 1516 463 1545 et
485 1508 625 1558 reponi
649 1508 807 1548 debere,
832 1507 1098 1545 cardinalium
1126 1507 1361 1553 Vasconum,
1385 1515 1420 1544 et
1439 1506 1519 1544 sibi
1544 1507 1644 1557 ipsis
1667 1507 1797 1545 vendi-

96 1580 181 1603 care
206 1566 395 1604 volebant.
423 1567 486 1604 Ex
510 1567 658 1616 quibus
685 1567 817 1605 verbis
841 1567 970 1616 liquet
994 1580 1075 1603 non
1100 1566 1199 1604 bene
1224 1565 1303 1603 ista
1328 1565 1560 1604 distinxisse
1583 1566 1797 1604 Bernardi-

98 1639 194 1661 uum
211 1625 387 1671 Corium,
401 1634 517 1676 parte
537 1625 575 1662 ΙῙ
592 1626 636 1676 [t.
649 1641 675 1667 1,
690 1641 727 1676 p.
746 1626 834 1675 759]
854 1626 958 1663 Hist.
974 1625 1208 1670 mediolan„
1228 1625 1458 1662 scribenteu
1474 1625 1549 1662 hoc
1563 1625 1797 1662 incendium

97 1684 253 1721 factum
287 1699 372 1722 esse
404 1685 594 1723 manibus
628 1685 888 1723 Gallicorum.
936 1684 1104 1722 Dillicile
1136 1692 1197 1721 est
1229 1692 1368 1721 autem
1410 1684 1674 1733 pronuntiare
1708 1684 1799 1733 quis

98 1743 219 1780 fucrit
244 1743 308 1781 ille
336 1744 580 1794 marquisius
608 1745 757 1783 Vicena
786 1758 907 1794 nepos
934 1757 1080 1793 papae,
1107 1757 1198 1780 cum
1224 1757 1273 1781 ex
1298 1742 1471 1792 epistola
1490 1743 1504 1764 ²
1529 1742 1798 1780 cardinalium

101 1802 297 1840 Italorum
330 1803 481 1853 scripta
512 1803 564 1842 ad
595 1803 768 1841 abbates
799 1811 840 1841 et
870 1802 1096 1852 capitulum
1127 1802 1310 1851 generale
1341 1801 1491 1839 ordinis
1524 1801 1799 1839 Cistercieusis

97 1869 258 1899 constet
292 1862 640 1900 tumultuantium
674 1863 795 1900 duces
829 1861 951 1899 fuisse
982 1860 1258 1899 Bertrandum
1291 1860 1339 1898 de
1373 1860 1482 1897 Guto
1515 1860 1799 1898 vicecomitem

99 1920 342 1959 Leomaniae
372 1928 412 1959 et
443 1921 723 1959 Raimundum
753 1920 956 1958 Guillelmi
985 1920 1032 1957 de
1060 1919 1217 1966 Budos,
1244 1927 1465 1968 utrumque
1494 1926 1685 1969 nepotem
1715 1919 1796 1957 Cle-

97 1979 258 2017 mentis.
293 1980 382 2018 Huc
405 1988 545 2018 tamen
573 1980 745 2018 inclinat
764 1980 924 2017 animus
954 1987 1001 2015 ut
1021 1979 1127 2015 hunc
1157 1978 1455 2016 continuatoris
1488 1978 1635 2027 Nangii
1663 1978 1798 2016 locum

96 2038 232 2087 potius
262 2038 433 2088 intelligi
462 2053 648 2078 censeam
679 2040 726 2077 de
755 2038 983 2076 Bertrando
1014 2051 1137 2087 quam
1167 2037 1215 2074 de
1248 2037 1494 2083 Rainmndo,
1525 2050 1646 2086 quem
1676 2036 1801 2074 fuisse

98 2097 356 2135 nominatum
384 2098 667 2136 vicecomitem
694 2107 735 2136 et
762 2097 1038 2136 marchionem
1066 2096 1375 2133 observavimus
1402 2109 1537 2145 supra,
1565 2110 1602 2145 p.
1633 2095 1721 2143 619,
1748 2110 1800 2133 ex

96 2156 304 2194 Ber-nardo
322 2157 541 2195 'Guidonis
574 2158 718 2207 Itaque
743 2157 854 2206 apud
879 2156 1208 2194 continuatorem
1235 2154 1383 2204 Nangii
1407 2154 1711 2192 rescribendum
1737 2163 1801 2192 est

98 2215 361 2264 marqnz'szfum
388 2216 645 2254 vicecomitem
675 2224 862 2264 nepotem,
891 2223 967 2253 etc.
989 2222 1035 2251 ut
1063 2213 1294 2252 monuimus
1322 2227 1460 2263 supra,
1485 2227 1523 2263 p.
1553 2213 1640 2251 622.
1668 2213 1799 2250 Extat

97 2282 241 2311 autem-
258 2274 299 2311 in
321 2283 479 2324 regesto
498 2275 668 2313 Joannis
694 2274 822 2312 XXII
846 2273 1117 2312 bibliothecae
1138 2272 1393 2310 Colbertinae
1413 2271 1654 2310 constitutio
1671 2271 1687 2293 3
1709 2271 1796 2321 ejus

96 2332 291 2371 adversus
312 2333 544 2372 istiusmodi
558 2334 826 2372 incendiarios
841 2341 883 2372 et
903 2332 1141 2382 spoliatores
1162 2331 1387 2369 curialium.
1410 2330 1514 2367 Tum
1535 2344 1631 2368 vero
1651 2338 1796 2368 exusta

97 2400 254 2441 regesta
273 2392 458 2442 ejusdem
477 2393 610 2431 curiae
631 2393 750 2431 docet
773 2407 823 2430 ex
855 2392 933 2429 fide
952 2399 1137 2430 veterum
1158 2397 1518 2427 monumentorum
1535 2389 1799 2439 Christopho-

97 2465 163 2487 rus
182 2451 406 2499 ssrowerus,
425 2452 494 2491 lib.
518 2452 571 2489 IV
601 2452 654 2502 [p.
674 2451 771 2501 320]
794 2449 1031 2500 .·'lntiqn1'tat.
1050 2448 1253 2493 Fuldens.,
1273 2463 1310 2486 n.
1337 2446 1397 2486 52.
1416 2447 1532 2486 Certe
1551 2446 1795 2498 perierunt4.

147 2621 179 2654 1.
197 2622 333 2655 Baluzc
348 2623 536 2656 contredit
550 2623 570 2655 a
596 2629 672 2656 tort
685 2623 848 2655 Amalric
862 2622 1010 2665 Augier.
1029 2620 1202 2662 Franeois
1218 2619 1373 2652 Cat-‚tani
1387 2619 1480 2652 etait
1494 2630 1541 2651 au
1555 2619 1709 2651 nombre
1732 2619 1797 2652 des

100 2674 315 2709 defenseurs
336 2676 380 2709 de
400 2676 589 2715 Boniface,
610 2688 677 2709 son
697 2676 812 2715 oncle,
835 2675 898 2719 qui
918 2674 968 2707 lui
988 2673 1092 2707 avait
1113 2674 1235 2706 donne
1254 2673 1289 2705 la
1309 2683 1480 2716 pourpre.
1502 2671 1592 2704 Voir
1609 2683 1665 2704 ses
1685 2671 1796 2704 ecrits

98 2727 243 2770 publies
266 2740 333 2772 par
353 2729 392 2762 L.
415 2729 569 2769 Mohler,
588 2729 660 2762 Die
680 2727 885 2762 Kar-dimne
904 2728 1025 2760 Jahob
1046 2727 1123 2760 und
1140 2726 1244 2758 Peter
1264 2725 1438 2763 Colonna,
1460 2736 1495 2768 p.
1519 2725 1687 2764 225—236,
1710 2725 1796 2757 242-

100 2781 180 2813 250.
201 2780 271 2814 Sur
292 2781 467 2823 Francois
487 2781 644 2815 Caetani
663 2782 744 2815 voir
763 2782 890 2820 Finke,
911 2781 992 2813 Ans
1012 2781 1071 2813 det·
1092 2779 1216 2821 Tagen
1234 2777 1391 2820 Bonisaz
1414 2777 1517 2810 VIII
1535 2783 1572 2810 et
1590 2777 1684 2810 Acta
1700 2777 1796 2810 Ara—

98 2835 283 2875 gonensia,
302 2841 327 2867 t.
344 2847 368 2868 11
388 2835 501 2877 (table
518 2835 581 2868 des
597 2834 799 2877 maticrcs).
817 2834 890 2867 Son
906 2845 1014 2866 sceau
1031 2845 1051 2865 a
1066 2833 1124 2865 ete
1138 2831 1253 2864 decrit
1271 2843 1338 2874 par
1354 2831 1481 2863 Dou'ct
1494 2830 1632 2874 d’Arcq
1651 2830 1793 2872 (Collec-

95 2887 172 2919 tion
193 2888 234 2920 de
253 2899 394 2927 sceauoe,
419 2893 445 2921 t.
467 2900 504 2928 11,
527 2899 563 2921 n.
587 2887 708 2931 6164).

147 2940 177 2972 2.
208 2940 357 2980 Baluze,
382 2946 407 2974 t.
429 2953 481 2980 ιιι,
504 2953 539 2984 p.
565 2941 644 2974 234.

143 2992 175 3026 3.
206 2993 355 3032 Baluze,
376 2999 401 3027 t.
419 3006 470 3033 111,
490 3005 524 3037 p.
543 2994 624 3027 316.

145 3046 177 3079 4.
208 3046 260 3079 La
298 3046 537 3090 supposition
575 3047 619 3079 de
658 3047 793 3079 Baluzc
822 3046 916 3078 11⁷cst
956 3056 1020 3087 pas
1061 3044 1204 3076 tondeo.
1244 3042 1328 3075 Lcs⁴
1348 3042 1520 3086 registres
1546 3042 1599 3074 ‘de
1626 3041 1796 3075 Clement
