2083 3458
119 251 257 320 [969]
646 269 863 296 PAPARUM
899 270 1283 296 AVENIONENSIUM
1726 255 1808 297 485

108 351 235 398 brem,
257 359 304 389 ut
325 359 490 389 constat
511 366 560 390 ex
581 353 704 391 variis
726 354 905 392 historiis
928 368 1032 404 quae
1053 354 1286 392 reseruntur
1307 353 1358 390 ab
1381 354 1555 391 Odorico
1575 354 1805 403 Raynaldo.

109 411 196 458 Qua
218 411 259 448 in
282 425 322 448 re
345 419 486 448 tamen
509 411 764 450 imitatorem
787 427 868 450 non
890 413 1039 450 habuit
1062 413 1268 450 Jacobum
1294 412 1425 450 filium
1448 427 1580 460 suum,
1606 414 1675 462 qui
1698 415 1806 451 tanti

106 483 188 507 non
210 469 307 507 fecit
327 470 598 508 revelationes
621 472 751 520 patris
773 472 835 509 sui
857 472 988 510 editas
1010 472 1051 509 in
1074 472 1246 521 gratiam
1272 471 1427 509 Urbani
1452 472 1563 520 quin,
1586 487 1631 510 eo
1653 481 1804 522 spreto,

106 528 157 565 ad
176 528 428 567 Clementem
446 529 654 577 transiret,
675 545 822 579 gnarus
841 531 1033 569 videlicet
1052 530 1197 580 quanti
1215 530 1495 568 aestimandae
1513 531 1595 568 sint
1612 539 1810 580 externae

105 595 145 625 et
173 588 430 626 adventitiae
459 588 648 636 visiones,
680 603 783 638 quae
814 589 930 628 facile
958 590 1144 639 irrepunt
1173 589 1213 626 in
1234 589 1390 627 animos
1411 590 1624 627 hominum
1653 590 1804 640 simpli-

105 646 212 683 cium
234 655 274 684 et
296 655 464 697 propter
486 648 720 685 sanctitatis
745 649 979 698 opinionem
1001 649 1077 687 sibi
1100 648 1219 686 nimis
1243 649 1536 696 arrogantium.

157 705 198 744 P.
228 705 317 752 328,
343 706 409 755 lig.
438 705 472 744 3.
504 706 712 744 KAROLUS
741 721 878 745 COMEs
906 708 1160 746 ALANCONII.
1190 707 1291 745 Vide
1311 707 1324 729 1
1351 708 1565 754 Bzovium,
1593 722 1657 747 an.
1688 708 1802 755 1359,

110 764 127 813 ξ
158 764 218 811 12,
250 764 472 802 Odoricum
503 765 781 814 Raynaldum,
812 780 875 806 an.
910 766 1024 814 1359,
1061 767 1078 815 ἓ
1109 766 1144 813 1,
1168 774 1209 804 et
1238 766 1455 815 epistolam
1489 767 1716 805 Innocentii
1747 767 1803 804 VI

103 823 258 862 editam
282 824 389 862 inter
413 824 673 862 Probationes
697 825 883 872 historiae
919 825 1187 863 cardinalium
1218 825 1433 872 Gallorum,
1460 840 1497 875 p.
1525 826 1612 864 372.

155 883 197 921 P.
226 882 315 930 328,
341 883 407 932 lig.
437 883 469 922 7.
499 883 638 921 Mums
667 899 717 921 ET
742 899 968 924 Tunmssus.
999 885 1099 922 Erat
1125 884 1233 922 enim
1259 884 1417 922 Avenio
1451 899 1576 934 parva
1601 899 1802 922 murorum

101 941 267 989 ambitu,
287 950 333 979 ut
359 942 418 980 ait
437 942 672 990 Petrarcha,
691 943 759 982 lib.
785 944 799 981 Ι
819 945 905 983 Rer.
926 944 1055 991 senil,
1075 943 1192 994 epist.
1215 957 1328 982 xvnl.
1350 944 1454 980 Tum
1481 958 1576 982 vero
1605 944 1714 982 facta
1742 953 1802 983 est

101 1001 235 1051 ampla
260 1001 418 1040 civitas.
443 1001 544 1040 Vide
560 1001 574 1023 ²
590 1002 850 1041 Matthaeum
872 1003 1108 1050 Villanium,
1130 1002 1198 1041 lib.
1222 1003 1315 1050 VII,
1339 1017 1426 1053 cap.
1451 1017 1549 1041 xcvr
1572 1002 1801 1053 [Muratori,

101 1068 129 1098 t.
160 1074 245 1107 xlv,
283 1061 356 1099 col.
385 1059 485 1111 461]
514 1069 554 1099 et
579 1061 794 1109 Bzovium,
822 1076 886 1101 an.
918 1062 1031 1110 1365,
1067 1061 1083 1109 ξ
1109 1061 1145 1108 9,
1171 1069 1211 1099 et
1238 1075 1302 1100 an.
1334 1061 1448 1109 1368,
1482 1061 1499 1111 §
1524 1061 1560 1101 5.
1590 1061 1802 1100 Novorum

101 1133 311 1157 murorum
343 1120 453 1157 urhis
487 1120 783 1159 Avenionensis
817 1122 1069 1159 mentionem
1102 1121 1203 1158 facit
1233 1121 1469 1159 Bonisacius
1503 1120 1552 1159 de
1584 1121 1800 1158 Amanatis

100 1178 142 1216 in
165 1177 381 1225 Clement,.,
403 1178 483 1216 Eos
504 1179 585 1229 qui,
604 1179 664 1217 De
683 1180 911 1229 sepulturis.

153 1237 195 1276 P.
215 1237 303 1285 328,
321 1238 386 1288 lig.
408 1237 466 1277 16.
485 1238 702 1290 BERNARn
720 1239 887 1277 RASCAS
901 1254 940 1278 11.
957 1240 1078 1277 Hunc
1094 1239 1221 1277 nobili
1239 1254 1381 1289 genere
1400 1247 1537 1276 ortum
1553 1238 1597 1276 in
1614 1239 1800 1277 Lemovi-

102 1296 214 1334 cibus
239 1311 285 1334 ac
311 1297 529 1335 Clementis
555 1306 596 1336 et
622 1298 850 1336 Innocentii
879 1312 1144 1336 romanorum
1169 1298 1421 1336 Pontificum
1452 1298 1800 1348 consanguineum

98 1355 221 1394 fuisse
244 1356 417 1394 tradunt
441 1357 620 1395 Joannes
646 1356 960 1399 Nostradamus,
975 1358 1016 1395 in
1038 1358 1141 1396 libro
1160 1357 1220 1394 De
1242 1357 1322 1395 vita
1343 1366 1546 1407 poetarum
1568 1358 1799 1395 Provincia-

97 1415 198 1452 lium
231 1423 271 1454 et
304 1415 451 1454 Caesar
486 1415 799 1464 Nostradamus,
828 1417 869 1454 in
902 1417 1086 1455 Historia
1118 1417 1365 1455 Provinciae.
1402 1417 1625 1455 Monachus
1659 1425 1800 1454 autem

98 1474 324 1512 insulanum
347 1489 565 1513 aurearum
588 1476 646 1513 ait
668 1476 783 1513 illum
807 1476 1004 1526 prodiisse
1029 1491 1078 1514 ex
1101 1490 1147 1514 ea
1170 1476 1258 1527 ipsa
1282 1476 1381 1514 urbe
1406 1491 1455 1514 ex
1487 1490 1566 1525 qua
1590 1476 1800 1526 prodierat

97 1541 138 1571 et
162 1533 357 1573 Clemens.
388 1534 521 1583 Hujus
545 1549 666 1584 porro
691 1535 905 1585 hospitalis
938 1549 961 1573 a
992 1535 1202 1574 Bernardo
1235 1535 1398 1573 fundati
1432 1536 1586 1573 mentio
1617 1543 1734 1573 extat
1756 1535 1798 1572 in

96 1593 357 1631 testamentis
400 1593 594 1643 Audoyni
636 1594 794 1647 Alberti
813 1593 830 1617 ³
871 1603 911 1633 ct
955 1595 1125 1633 Joannis
1169 1595 1217 1633 de
1261 1595 1437 1644 Grangia
1458 1594 1473 1616 4
1514 1594 1796 1632 cardinalium.

100 1651 230 1689 Immo
251 1652 478 1702 Audoynus
500 1653 690 1692 eumdem
704 1654 852 1692 Berna1
863 1654 961 1691 dum
976 1654 1158 1692 instituit
1179 1663 1441 1693 executorem
1461 1654 1521 1692 sui
1543 1652 1795 1691 testamenti.

98 1710 161 1748 Ex
183 1725 263 1761 quo
286 1719 405 1761 patet
425 1726 557 1751 errare
578 1727 645 1751 eos
669 1713 737 1763 qui
759 1713 873 1751 illum
897 1714 1043 1752 obilsse
1065 1714 1250 1752 scribunt
1272 1728 1380 1751 anno
1404 1713 1657 1751 MCCCLIII.

150 1770 192 1809 P.
221 1770 310 1818 328,
336 1770 403 1821 lig.
432 1771 491 1809 19.
523 1772 688 1809 DOMUM
717 1786 1056 1812 CARTUSIENSEM.
1085 1774 1252 1811 Certum
1278 1781 1340 1812 est
1372 1773 1484 1811 illam
1510 1772 1561 1810 ab
1604 1772 1798 1809 Innocen—

99 1829 157 1867 tio
181 1829 238 1866 VI
261 1830 472 1867 conditam
495 1845 542 1869 ac
565 1831 839 1869 constitutam
862 1832 985 1871 fuisse
1009 1832 1050 1869 in
1072 1833 1228 1883 palatio
1253 1832 1362 1882 quod
1386 1832 1418 1869 is
1441 1831 1551 1882 apud
1574 1830 1797 1868 Villamno-

98 1902 195 1927 vam
219 1888 402 1927 habebat
428 1904 474 1928 eo
500 1898 685 1941 tempore
712 1905 793 1940 quo
820 1891 952 1929 factus
981 1900 1042 1929 est
1067 1905 1191 1942 papa,
1219 1900 1265 1929 ut
1291 1891 1344 1929 ad
1369 1904 1523 1928 annum
1552 1889 1666 1936 1356,
1691 1889 1707 1937 ἓ
1733 1889 1796 1935 42,

102 1948 282 1986 ostendit
313 1948 511 1986 Odoricus
544 1949 799 1998 Raynaldus,
830 1958 870 1988 et
899 1959 1018 2000 patet
1048 1965 1097 1989 ex
1131 1951 1252 1991 bulla,
1272 1950 1526 1988 fundationis
1558 1949 1655 1986 data
1685 1947 1795 1998 apud

100 2006 420 2055 villamnovam,
439 2021 465 2044 11
486 2008 566 2047 kal.
587 2008 707 2058 Junii,
727 2023 835 2047 anno
856 2018 1004 2059 quarto
1024 2009 1038 2031 ⁵
1069 2009 1131 2059 [31
1153 2010 1234 2047 mai
1256 2009 1395 2059 1356).
1418 2009 1495 2047 Sed
1514 2009 1717 2045 incertum
1736 2015 1797 2045 est

99 2125 232 2169 (1909),
258 2138 292 2170 p.
319 2126 488 2170 441-446)
516 2139 536 2159 a
561 2127 686 2171 public
710 2140 781 2161 une
804 2128 914 2161 lettre
939 2140 1009 2172 que
1036 2128 1156 2162 Pierre
1181 2129 1330 2162 adressa
1354 2140 1401 2160 au
1426 2127 1590 2160 cardinal
1614 2126 1797 2159 Bertrand

102 2178 245 2222 Lagier,
278 2178 427 2212 afin'de
456 2180 642 2224 l’engager
670 2181 690 2213 a
719 2181 875 2215 adherer
903 2182 923 2214 a
953 2181 1097 2215 Urbain
1124 2181 1168 2215 V.

143 2232 174 2265 1.
200 2232 453 2266 Dictionnaire
478 2233 661 2267 d’lzistoire
686 2239 716 2267 et
741 2235 781 2267 de
806 2235 1022 2278 geographie
1046 2235 1335 2278 ecclesiastiques,
1360 2241 1385 2267 t.
1412 2245 1452 2272 11,
1481 2234 1547 2266 col.
1577 2232 1695 2265 94—96.

144 2285 174 2318 2.
206 2285 248 2319 R.
281 2285 413 2319 Michel
448 2286 514 2329 (La
542 2288 781 2321 construction
810 2288 868 2320 des
896 2293 1071 2332 remparts
1100 2288 1310 2331 d’Avignon
1338 2299 1387 2320 au
1414 2286 1530 2319 ΧΙῑ)Ο
1558 2285 1670 2324 siecle,
1703 2285 1794 2317 dans

97 2337 255 2381 Congres
281 2339 547 2383 arche'ologique
573 2340 614 2373 de
639 2340 789 2380 France,
818 2341 957 2374 session
985 2346 1131 2381 Lxxnle,
1162 2341 1276 2380 Paris,
1305 2341 1409 2379 1910,
1439 2346 1465 2372 t.
1492 2351 1528 2378 11,
1558 2351 1591 2382 p.
1621 2337 1790 2381 341-360)

94 2397 132 2424 et
156 2390 300 2424 Denisse
330 2392 397 2430 (La
419 2393 626 2433 dekolation,
652 2400 677 2427 t.
701 2405 738 2433 11,
763 2406 797 2437 p.
824 2394 904 2434 198,
929 2394 1025 2438 386).

142 2445 174 2478 3.
206 2444 394 2485 Fournier,
417 2445 562 2485 Statuls,
585 2452 611 2479 t.
631 2458 654 2486 1,
677 2458 711 2480 n.
735 2447 814 2481 659.

142 2498 174 2530 4.
198 2497 235 2531 F.
259 2498 465 2538 Duchesne,
487 2499 648 2533 Histoire
667 2500 707 2533 de
726 2505 803 2533 tous
822 2500 870 2533 les
888 2501 1092 2534 cardinauoe
1107 2500 1277 2543 franceis,
1300 2505 1325 2532 t.
1346 2511 1382 2538 11,
1404 2511 1438 2542 p.
1460 2499 1540 2531 467.
1561 2516 1609 2520 —
1626 2496 1792 2529 Bernard

95 2549 234 2584 Rascas
253 2551 346 2584 etait
365 2552 520 2584 docteur
538 2555 572 2586 es
594 2552 671 2586 lois.
687 2553 745 2586 On
762 2554 793 2586 le
814 2559 945 2586 trouve
964 2554 1057 2587 mele
1076 2565 1123 2586 au
1142 2555 1268 2596 proces
1289 2553 1332 2585 de
1351 2552 1386 2584 la
1404 2551 1487 2583 ville
1508 2552 1550 2583 de
1572 2549 1793 2592 Hambourg

94 2615 140 2636 en
160 2616 248 2637 cour
268 2604 483 2647 pontificale
506 2606 549 2638 de
570 2606 663 2639 1340
684 2606 705 2638 a
725 2607 818 2640 1355
843 2607 922 2648 (Th.
945 2606 1137 2645 Schrader,
1157 2606 1228 2639 Die
1247 2603 1594 2647 Reclinungsbiicher
1614 2603 1673 2635 der
1692 2602 1792 2635 ham-

96 2656 308 2700 burgischen
335 2657 536 2691 Gesamlten
559 2659 597 2691 in
618 2658 790 2702 Avigreon
806 2659 903 2693 1338
928 2659 1104 2697 bis1355,
1132 2659 1362 2701 Hambourg,
1391 2658 1494 2696 1907,
1519 2668 1553 2699 p.
1578 2655 1673 2698 138).
1698 2654 1790 2688 Sous

96 2709 278 2743 Innocent
301 2710 354 2742 VI
378 2710 401 2743 il
427 2717 532 2754 porte
557 2711 588 2744 le
614 2711 700 2744 titre
726 2713 770 2745 de
795 2713 981 2746 marechal
1007 2714 1050 2745 de
1075 2704 1223 2755 l'Eglise
1249 2710 1413 2744 romaine
1443 2710 1557 2752 (ibid.,
1583 2720 1617 2752 p.
1644 2708 1725 2746 114)
1753 2713 1791 2740 et

94 2762 207 2806 dirige
224 2763 499 2806 partiellement
516 2764 565 2797 les
584 2771 746 2798 travaux
764 2766 807 2798 de
826 2765 1081 2798 construction
1099 2766 1160 2797 des
1184 2770 1366 2807 remparts
1386 2762 1598 2805 d'Avignon
1619 2760 1788 2804 (Denisse‚

93 2815 148 2848 La
169 2816 374 2855 desolatam,
399 2822 425 2849 t.
447 2828 484 2855 11,
508 2828 543 2860 p.
567 2817 663 2860 386).
682 2818 731 2850 Le
755 2819 794 2850 21
821 2819 1031 2862 septembre
1054 2818 1158 2857 1354,
1184 2818 1227 2850 de
1251 2822 1399 2849 concert
1421 2827 1511 2848 avec
1533 2826 1572 2848 sa
1594 2814 1741 2852 femme,
1765 2813 1789 2845 il

93 2867 208 2902 fonda
226 2869 257 2901 le
278 2875 441 2902 convent
460 2870 503 2902 de
523 2870 558 2903 la
578 2870 717 2904 Trinite
737 2877 774 2904 et
793 2883 844 2904 un
863 2871 1005 2914 hepital
1027 2870 1083 2903 dit
1102 2871 1145 2903 de
1166 2870 1199 2903 S.
1223 2870 1367 2902 Marthe
1392 2865 1787 2911 (Albanes-Chevalier,

99 2920 219 2955 Gallia
256 2922 453 2955 christiana
488 2923 695 2963 novissima,
726 2929 751 2957 t.
784 2936 844 2963 vn,
875 2936 909 2956 n.
942 2924 1045 2962 1318,
1076 2924 1179 2962 1323,
1210 2923 1320 2962 1426;
1352 2921 1513 2960 Pansier,
1543 2920 1704 2953 Histoire
1732 2920 1791 2952 des

93 2974 268 3017 religieux
294 2975 334 3007 de
361 2975 397 3007 la
424 2975 565 3008 Trinile
592 2976 614 3008 ὰ
638 2976 811 3019 Avignon
842 2976 1086 3019 (1354-1389),
1110 2977 1200 3008 dans
1231 2975 1395 3008 Annales
1422 2974 1640 3016 cl'Avignon,
1670 2979 1696 3005 t.
1726 2983 1789 3005 vm

40 3040 44 3048 =
97 3027 228 3070 (1922),
253 3040 287 3071 p.
313 3028 432 3067 11—74‚
457 3028 600 3068 89-147,
618 3035 655 3061 et
679 3029 778 3069 ibid„
805 3036 829 3062 t.
853 3042 863 3062 1
891 3029 1023 3072 (1913),
1047 3041 1081 3073 p.
1108 3028 1202 3071 231).
1219 3047 1265 3051 —
1281 3027 1350 3060 Sur
1364 3027 1528 3060 Bernard
1546 3025 1790 3065 Rascas‚v01·r

97 3079 238 3123 Deprez
262 3081 308 3122 (n.
331 3081 422 3113 1053
443 3087 481 3113 et
500 3081 604 3124 1055)
629 3087 665 3114 et
685 3081 838 3115 Schafer
861 3082 1048 3124 (Benedilct
1064 3081 1161 3120 XII,
1183 3093 1218 3125 p.
1241 3080 1335 3124 888).

142 3134 172 3166 5.
202 3133 251 3166 Le
280 3133 474 3173 Couteulx,
502 3134 666 3167 Annales
692 3135 832 3168 ordinis
859 3134 1113 3173 Cartusiensis,
1143 3133 1353 3173 Montreuil‚
1382 3133 1485 3172 1889,
1524 3138 1550 3165 t.
1579 3143 1614 3171 v,
1643 3143 1678 3175 p.
1708 3131 1788 3168 546.
