2083 3458
108 261 232 317 [955]
633 278 850 304 PAPARUM
886 279 1270 306 AVENJONENsmM
1711 266 1792 306 471

96 361 393 408 turonensium,
413 369 460 398 ut
478 369 596 410 patet
614 375 663 399 ex
681 361 807 399 literis
827 362 840 384 1
860 363 961 412 regis
984 363 1125 401 Karoli
1145 364 1191 411 V,
1213 364 1318 402 datis
1340 365 1502 402 Parisiis
1528 379 1636 402 anno
1664 365 1790 403 mille-

96 420 198 458 simo
227 419 497 467 CCCLXVII,
520 433 657 458 mense
676 421 904 469 novembri,
927 436 1030 471 quae
1052 431 1198 460 extant
1221 424 1261 461 in
1284 423 1445 472 Regesto
1465 423 1613 461 XCIX
1636 425 1791 462 archivi

97 479 195 528 regii
230 479 355 518 Paris.
403 478 490 529 [JJ.
528 477 602 528 99]
639 493 725 528 cap.
765 494 907 520 cxxm.
947 481 1066 519 Nulla
1110 490 1250 520 tamen
1292 483 1412 521 hodie
1447 483 1602 521 mentio
1637 483 1792 533 collegii

97 537 384 576 Nemausensis
414 538 524 587 apud
555 538 745 577 Tolosam
763 538 789 578 ².

149 597 268 635 Anno
294 596 599 635 MCCCLXXII
625 606 800 636 exeunte
826 599 958 636 factus
985 608 1046 637 est
1071 600 1283 650 episcopus
1311 602 1556 641 SabinensiS.

149 656 268 694 Anno
294 656 626 704 MCCCLXXVI,
648 671 704 694 ΧΠ
727 657 805 696 kal.
826 658 990 707 augusti
1018 658 1081 707 [21
1105 659 1272 709 juillet],
1300 661 1514 710 Gregorius
1542 662 1616 709 XI,
1641 662 1791 711 ingres-

62 739 64 741 >
97 729 213 753 surus
236 716 314 753 iter
338 716 586 762 Romanum,
610 716 717 754 hunc
742 716 946 755 ,Joannem
969 718 1206 767 episcopum
1230 718 1495 759 Sabinensem
1519 721 1728 758 Avenione
1751 729 1792 759 et

95 774 137 812 in
164 775 366 813 comitatu
394 775 627 823 Venaysino
651 790 726 825 pro
755 775 854 813 Sede
881 777 1106 825 apostolica
1132 778 1330 816 vicarium
1355 781 1583 829 generalem
1606 781 1790 829 reliquit3

95 833 236 881 Bzov.‚
258 847 322 872 an.
348 833 463 881 1376,
491 834 508 882 ἓ
529 834 590 871 27.
617 834 730 872 Idem
751 843 894 884 postea
919 835 1073 873 Romae
1096 837 1252 885 positus
1275 838 1325 874 ad
1348 853 1441 876 eum
1462 847 1503 877 et
1529 840 1792 877 Guillelmum

98 893 146 930 de
178 893 368 931 Chanaco
401 893 649 931 cardinalem
683 894 969 933 Mimatensem
1001 896 1162 944 scripsit
1194 896 1257 934 die
1290 911 1347 934 ΧΠ
1379 899 1526 936 mensis
1544 898 1794 944 novembris,

97 960 144 990 ut
162 952 491 1001 jurisdictionem
513 953 770 1003 pontificiam
791 954 832 991 in
853 953 984 991 insula
1009 954 1199 992 Rhodani
1222 957 1413 1006 contigua
1436 957 1596 995 civitati
1618 958 1792 995 Avenio-

98 1013 211 1050 nensi
243 1021 399 1051 sartam
429 1021 667 1061 tectamque
699 1021 972 1062 praestarent,
992 1014 1212 1053 adversum
1244 1024 1414 1053 conatus
1448 1031 1588 1055 eorum
1621 1017 1688 1066 qui
1721 1031 1794 1066 pro

96 1085 187 1121 rege
213 1072 463 1111 Francorum
486 1073 566 1110 illic
582 1072 822 1111 tendebant.
840 1073 938 1110 Aliis
961 1082 1105 1122 postea
1128 1074 1254 1112 literis
1279 1074 1442 1113 eosdem
1466 1077 1626 1114 monuit
1644 1084 1689 1113 ut
1713 1090 1793 1113 una

102 1144 194 1169 cum
228 1132 476 1181 Raymundo
509 1132 557 1171 de
589 1132 792 1179 Turenna,
826 1132 967 1178 milite,
992 1147 1132 1170 curam
1161 1142 1304 1182 gerant
1336 1134 1640 1172 fortificationis
1673 1134 1796 1172 comi-

103 1198 215 1228 tatus
247 1191 487 1240 Veneyssini
518 1200 558 1229 et
588 1192 760 1229 aliarum
790 1199 993 1229 terrarum
1025 1192 1240 1232 Ecclesiae..

152 1250 266 1288 Obiit
296 1251 506 1289 Avenione
536 1265 644 1288 anno
676 1250 1016 1298 MCCCLXXIX,
1036 1251 1099 1290 die
1130 1260 1277 1290 octava
1295 1253 1385 1302 julii
1398 1251 1426 1300 3,
1457 1261 1503 1290 ut
1533 1262 1594 1291 est
1623 1254 1665 1292 in
1694 1253 1796 1290 libro

98 1307 410 1358 Obligationum‚
441 1311 625 1360 sepultus
655 1310 695 1347 in
726 1310 892 1348 ecclesia
924 1310 959 1348 S.
996 1310 1205 1350 Desiderii.
1238 1311 1411 1349 Videtur
1439 1320 1580 1350 autem
1609 1313 1794 1350 sublatus

99 1377 229 1407 morte
263 1369 400 1408 subita
434 1378 560 1419 atque
594 1369 829 1418 improvisa.
869 1369 927 1407 De
961 1369 1028 1407 illo
1062 1371 1170 1408 enim
1205 1371 1430 1409 necessario
1464 1371 1700 1421 accipienda
1736 1379 1797 1408 est

98 1428 269 1466 historia
298 1443 422 1479 quam
450 1437 615 1467 enarrat
642 1437 807 1467 sanctus
832 1429 1086 1472 Antoninus;
1111 1430 1141 1467 si
1170 1439 1309 1468 tamen
1338 1444 1383 1468 ea
1412 1445 1506 1468 vera
1539 1439 1612 1472 est.
1648 1439 1687 1468 et
1716 1445 1795 1467 non

95 1487 233 1538 potius
267 1488 509 1538 figmentum
526 1489 854 1526 Urbanistarum.
874 1487 1015 1537 Neque
1030 1489 1138 1527 enim
1153 1490 1313 1540 uspiam
1328 1490 1455 1540 reperi
1471 1490 1578 1528 hunc
1595 1490 1798 1528 Joannem

98 1547 221 1586 fuisse
252 1548 597 1595 concionatorem,
629 1556 669 1585 et
700 1556 790 1585 tum
822 1547 940 1586 valde
972 1562 1095 1586 senex
1126 1557 1225 1587 erat.
1259 1549 1328 1587 Ait
1359 1563 1451 1598 ergo
1495 1564 1523 1588 s.
1549 1549 1796 1594 Antoninus,

102 1606 167 1645 tit.
190 1621 294 1655 xxn,
315 1622 402 1657 cap.
424 1622 465 1655 11,
492 1608 509 1655 ξ
530 1607 564 1654 1,
587 1607 808 1656 quemdam
829 1607 1079 1645 cardinalem
1099 1608 1309 1646 Avenione
1331 1622 1467 1646 coram
1488 1609 1695 1646 Clemente
1718 1608 1794 1644 VII

101 1666 415 1705 concionantem
438 1666 478 1704 in
502 1666 630 1704 initiis
655 1666 886 1704 schismatis
910 1667 1048 1704 subito
1073 1667 1290 1717 expirasse,
1319 1667 1435 1715 Quod
1461 1668 1509 1705 de
1534 1668 1612 1705 alio
1636 1668 1796 1705 nemine

98 1725 270 1775 intelligi
285 1734 424 1776 potest
442 1740 566 1775 quam
583 1726 631 1764 de
649 1726 809 1763 ,Ioanne
826 1726 874 1763 de
890 1726 1128 1773 Blandiaco,
1146 1740 1238 1764 cum
1256 1735 1413 1765 certum
1430 1727 1482 1764 sit
1499 1727 1656 1764 nullum
1672 1727 1797 1763 alium

101 1798 240 1822 eorum
271 1785 540 1822 cardinalium
571 1785 639 1834 qui
669 1785 888 1823 Clementis
918 1793 1055 1835 partes
1086 1786 1285 1823 fovebant
1315 1786 1546 1824 extinctum
1577 1786 1698 1824 fuisse
1728 1801 1798 1835 per

101 1857 146 1882 ea
173 1851 371 1894 tempora.
404 1845 514 1883 Haec
541 1852 638 1881 sunt
663 1845 787 1882 verba
816 1845 947 1882 sancti
975 1845 1174 1882 Antonini
1203 1861 1209 1882 :
1239 1845 1533 1894 Multiplicavit
1560 1853 1594 1882 et
1619 1844 1798 1882 Clemens

101 1911 256 1940 vocatus
283 1904 503 1941 cardinales
537 1918 555 1940 e
591 1903 755 1940 diversis
788 1903 969 1953 partibas
1005 1918 1121 1941 novos
1156 1918 1374 1942 assumens.
1404 1904 1505 1941 Cum
1533 1913 1665 1941 autem
1694 1918 1799 1941 unus

101 1976 234 1999 eoram
267 1963 470 2000 Avenione
502 1962 828 2000 sermocinaretur
861 1963 1017 2012 publice
1051 1971 1183 2000 contra
1226 1963 1446 2010 Urbanum,
1484 1963 1597 2000 nisus
1633 1963 1799 2012 probare

102 2035 190 2058 eum
215 2036 294 2059 non
317 2036 397 2059 esse
421 2036 553 2059 verum
578 2036 740 2071 papam,
766 2022 899 2059 subita
925 2031 1042 2060 morte
1065 2023 1257 2060 attinctus
1281 2031 1347 2070 est,
1374 2023 1488 2072 quasi
1514 2023 1557 2059 in
1582 2023 1798 2060 vindictam

102 2095 197 2117 suae
221 2081 347 2129 salsae
372 2081 633 2131 probationis.
664 2081 745 2118 Scit
771 2089 901 2118 tamen
923 2082 1032 2119 Deus
1058 2096 1111 2118 an
1138 2096 1226 2118 vera
1251 2096 1305 2119 an
1329 2082 1434 2130 falsa
1458 2082 1578 2130 suerit
1604 2081 1796 2131 probatio,

104 2139 245 2178 Refert
277 2141 381 2177 hanc
414 2140 628 2178 historiam
658 2140 849 2188 Bzovius,
881 2155 945 2179 an.
982 2140 1096 2187 1378,
1135 2140 1151 2188 ἕ
1183 2141 1246 2188 38,
1279 2141 1348 2179 sed
1380 2155 1461 2178 non
1500 2141 1657 2191 integra
1705 2141 1794 2179 lide.

104 2199 405 2237 praetermittit
438 2199 545 2237 enim
578 2207 831 2249 postremam
875 2208 1050 2250 partem,
1084 2200 1125 2237 in
1168 2214 1247 2249 qua
1281 2208 1447 2237 sanctus
1490 2200 1722 2237 Antoninus
1756 2200 1795 2237 in

102 2258 271 2296 scientia
307 2259 379 2297 Dei
412 2259 530 2309 ponit
564 2273 767 2308 quaenam
801 2260 976 2297 duorum
1009 2259 1057 2297 de
1090 2267 1246 2309 papatu
1281 2259 1622 2297 contendentium
1654 2259 1797 2297 electio

105 2317 226 2355 fuerit
254 2332 348 2356 vera
379 2326 419 2356 et
445 2318 639 2367 legitima.

159 2376 201 2414 In
248 2376 414 2414 Statuas
456 2392 528 2427 pro
571 2378 861 2416 reformatione
906 2378 1056 2416 ordinis
1102 2377 1484 2416 Grandimontensis
1529 2379 1648 2416 editis
1692 2392 1799 2415 anno

102 2435 377 2474 MCCCXLVI
409 2450 431 2473 a
462 2436 691 2474 Bertrando
723 2437 771 2474 de
806 2437 958 2475 Deucio
989 2437 1229 2486 presbytero
1261 2437 1466 2476 cardinale
1500 2438 1638 2476 Sancti
1660 2437 1797 2482 Marci,

101 2495 339 2533 nominatur
360 2496 467 2533 inter
488 2504 612 2534 testes
638 2496 781 2533 Petrus
805 2496 852 2533 de
870 2496 1094 2534 Blandiaco
1113 2497 1349 2534 domicellus
1370 2497 1561 2534 dioecesis
1581 2496 1797 2542 Uticensis,

103 2554 312 2592 familiaris
335 2555 418 2593 sive
441 2555 687 2593 domesticus
711 2555 895 2604 ejusdem
917 2555 1144 2594 cardinalis.

156 2613 198 2651 P.
226 2613 315 2660 327,
341 2614 406 2663 lig.
436 2614 495 2653 20.
526 2614 704 2651 Effloms
732 2614 952 2661 Arsssmm,
990 2614 1094 2652 filius
1134 2615 1291 2664 Aegidii
1323 2616 1375 2662 ll,
1411 2616 1564 2653 domini
1604 2615 1797 2652 Montisa-

103 2672 186 2710 cuti
223 2680 263 2710 et
302 2672 543 2711 Macaronae
581 2674 629 2711 de
666 2674 803 2713 Turre.
846 2673 936 2711 Non
972 2674 1223 2712 immorabor
1258 2674 1296 2711 in
1336 2675 1589 2712 recensendis
1631 2674 1798 2723 sinfgulis

151 2831 185 2865 1.
212 2830 259 2864 Μ.
289 2831 476 2871 Fournier,
505 2831 650 2872 Statuts,
678 2839 703 2866 t.
730 2845 753 2871 1,
781 2845 815 2867 n.
844 2834 924 2867 672.
1150 2865 1152 2868 ,

153 2884 183 2916 2.
210 2883 258 2916 Le
283 2885 447 2918 cardinal
470 2897 514 2918 ne
538 2885 653 2919 fonda
676 2898 741 2929 pas
766 2898 816 2919 un
840 2887 985 2930 college,
1011 2886 1103 2920 mais
1127 2887 1150 2919 il
1174 2887 1331 2920 enrichit
1356 2888 1398 2919 de
1424 2886 1613 2920 dotations
1638 2887 1730 2920 celui
1755 2888 1798 2919 de

105 2935 349 2979 Maguelonne
376 2938 577 2981 (Fournier,
605 2944 641 2971 at
662 2951 702 2978 s.,
726 2951 760 2972 n.
787 2940 865 2978 672,
892 2941 970 2979 686,
995 2940 1114 2983 1367).

152 2990 183 3022 3.
212 2989 399 3023 „Iohannes
421 2992 462 3024 de
482 2991 682 3025 Blandiaco
704 2993 893 3035 episcopas
916 2992 1140 3028 sabinensis.
1166 2993 1426 3025 Nemausensis
1457 3004 1533 3025 vero
1556 2998 1797 3036 nuncupatus,

104 3042 194 3075 obiit
213 3043 269 3075 die
286 3048 383 3076 sexta
400 3043 496 3086 julii,
518 3044 678 3087 sepultas
698 3056 774 3078 vero
794 3046 851 3078 die
868 3051 989 3078 octava
1012 3045 1114 3089 (Reg.
1131 3046 1240 3078 Avin.
1255 3044 1338 3083 279,
1360 3045 1420 3078 sol.
1443 3046 1486 3078 87
1506 3046 1571 3089 r0);
1603 3046 1683 3079 voir
1702 3046 1798 3078 aussi

105 3094 478 3129 Albanas-Chevalier
499 3097 637 3140 (Gallia
667 3098 864 3131 christiana
881 3099 1088 3137 novissima,
1109 3105 1133 3131 t.
1156 3110 1215 3137 vn,
1236 3110 1270 3131 n.
1298 3098 1415 3141 1553).
1437 3097 1506 3130 Sur
1526 3099 1557 3131 le
1580 3101 1698 3132 meme
1723 3110 1799 3132 car-

106 3147 216 3187 dinal,
242 3158 299 3190 op.
327 3149 382 3182 cit.
414 3150 459 3192 (n.
487 3151 589 3189 1548,
616 3151 735 3193 1550),
762 3151 891 3184 Mollat
919 3151 965 3193 (n.
992 3151 1135 3193 46095),
1164 3150 1252 3194 Reg.
1278 3151 1388 3184 Avin.
1417 3150 1473 3191 37,
1496 3151 1557 3185 fol.
1585 3152 1652 3185 232
1678 3156 1726 3185 νο.
