2083 3458
92 236 218 292 [902]
618 249 834 276 PAPARUM
868 248 1252 274 AVENIONENsmM
1691 227 1772 270 413

80 336 329 374 adnotatum
363 343 424 374 est
456 335 572 372 illum
605 334 812 383 sepultum
851 347 934 371 esse
958 332 999 369 in
1024 331 1189 370 ecclesia
1215 331 1389 368 fratrum
1424 330 1770 368 praedicatorum.

136 395 176 435 P.
200 394 288 442 256,
314 394 379 443 lig.
407 393 466 432 11.
490 393 678 430 PONTms
712 406 766 428 DE
795 392 1064 429 VILLAMURO.
1096 389 1354 427 Baccalarius
1386 388 1582 427 excellens
1614 388 1655 426 in
1683 387 1771 437 jure

81 454 288 500 canonico,
316 453 377 491 uti
403 466 496 490 eum
523 460 645 489 vocat
673 451 911 489 Guillelmus
939 450 986 488 de
1014 448 1337 486 Montelauduno
1363 448 1404 485 in
1430 447 1684 497 praefatione
1711 446 1772 484 sui

79 511 385 550 sacramentalis
403 511 417 534 1
450 527 457 548 ε
489 510 708 548 Carissimo
739 510 822 558 silio
851 523 922 546 suo
951 523 996 546 ac
1023 508 1126 545 socio
1155 507 1332 557 speciali,
1365 507 1521 543 domino
1550 505 1698 543 Poncio
1729 505 1772 542 de

84 571 317 619 Villamuro,
345 570 388 608 ίη
411 569 498 619 jure
523 569 710 607 canonico
739 568 954 605 baccalario
980 567 1189 613 excellenti,
1220 565 1453 602 Guillelmus
1479 566 1522 601 de
1548 564 1772 602 Montelau-

79 630 184 668 dano
205 630 304 667 inter
323 629 423 666 alios
443 629 609 666 doctores
630 628 825 665 doctorum.
847 627 1039 664 minimus
1058 626 1234 663 salutem.
1252 625 1329 661 Alii
1348 638 1440 662 eum
1457 632 1608 661 vocant
1629 623 1771 660 Arnal-

75 689 177 727 dum
207 703 280 738 pro
313 688 473 726 Pontio.
508 687 585 725 Sed
615 687 703 724 illos
737 687 805 736 qui
845 686 903 723 ita
935 685 1119 724 sentiunt
1151 684 1234 721 falli
1274 691 1481 721 asseverat
1514 682 1770 731 Spondanus,

78 762 143 786 an.
166 747 279 795 1351,
305 747 322 796 ξ
340 746 376 794 5,
396 747 590 784 adversus
612 759 732 795 quem
751 745 885 783 afferri
903 752 1041 793 potest
1060 744 1283 781 auctoritas
1304 742 1458 790 Regesii
1478 741 1693 779 Clementis
1714 740 1770 777 VI

76 820 222 856 papae,
242 807 284 844 in
305 820 398 856 quo,
419 814 466 843 ut
485 805 537 842 ad
558 819 622 843 an.
647 804 759 851 1350,
788 804 804 852 ἓ
824 804 886 851 48,
907 811 1086 841 testatur
1106 802 1302 840 Odoricus
1326 800 1578 849 Raynaldus‚
1600 807 1772 837 vocatur

77 865 293 903 Arnaldus.
317 865 531 903 Praeterea
552 864 607 902 sic
628 872 800 901 vocatur
820 863 871 900 ab
894 862 1105 912 Onuphrio
1128 861 1326 898 Panvinio
1347 860 1387 897 in
1410 859 1589 897 Secmulas
1608 858 1772 907 epitome

77 933 118 962 et
157 938 179 961 a
212 924 341 962 Felice
373 924 603 961 Contelorio
637 921 689 971 [p.
725 922 812 972 78],
844 931 884 960 et
915 922 1024 971 apud
1055 920 1268 966 Bzovium‚
1300 933 1365 957 an.
1401 917 1512 963 1353,
1552 918 1567 965 ξ
1600 917 1660 963 28,
1691 917 1770 954 levi

76 984 307 1021 mutatione
338 982 593 1020 Annibaldus
624 996 696 1031 pro
727 981 919 1018 Arnaldo.
954 980 1070 1028 Quod
1102 979 1371 1017 confirmatur
1401 991 1449 1015 ex
1478 977 1580 1014 libro
1611 976 1770 1023 Obliga-

72 1042 225 1080 tionum
243 1042 397 1080 archivi
413 1041 617 1087 Vaticani,
634 1041 822 1090 quamvis
839 1039 1047 1086 mendoso,
1064 1039 1105 1076 in
1122 1053 1201 1088 quo
1217 1038 1416 1086 scriptum
1432 1044 1493 1073 est
1509 1036 1770 1073 Guillelmum

76 1101 233 1139 factum
255 1115 339 1139 esse
362 1100 599 1150 episcopum
622 1099 940 1149 Appamiensem
963 1112 1070 1136 anno
1095 1097 1288 1135 MCCCLI
1311 1110 1382 1145 per
1405 1095 1565 1132 obitum
1588 1093 1769 1140 Arnaldi,

75 1174 169 1197 cum
217 1159 336 1198 scribi
386 1159 594 1197 debuisset
640 1173 711 1208 per
765 1158 1067 1208 promotionem
1128 1156 1296 1194 Arnaldi
1354 1155 1406 1192 ad
1456 1153 1767 1191 cardinalatum.

78 1218 261 1268 Denique
308 1226 454 1257 extant
494 1225 587 1255 acta
635 1217 839 1267 quaedam
886 1225 1040 1263 vetera,
1082 1215 1267 1254 confecta
1314 1228 1422 1251 anno
1472 1211 1769 1249 MCCCXLVII

74 1277 138 1316 die
175 1292 244 1315 vm
269 1277 388 1327 junii,
415 1277 454 1314 in
493 1277 640 1326 quibus
677 1276 784 1314 inter
810 1284 934 1314 testes
961 1275 1199 1313 nominatur
1226 1273 1428 1311 Arnaldus
1456 1272 1503 1310 de
1531 1272 1768 1317 villamuro,

73 1337 183 1386 prior
218 1337 423 1386 prioratus
463 1336 511 1374 de
549 1335 781 1382 Vicodesos,
821 1335 971 1372 ordinis
1021 1334 1153 1372 sancti
1195 1332 1428 1382 Augustini,
1472 1330 1770 1380 Appamiarum

74 1395 279 1434 dioecesis.
334 1395 429 1433 Fuit
471 1395 683 1444 episcopus
727 1393 1012 1443 Appamiensis
1056 1407 1163 1430 anno
1208 1390 1543 1437 MCCCXLVIII,
1587 1397 1633 1426 ut
1676 1388 1767 1425 scri·

74 1454 180 1493 bunt
222 1452 571 1493 Sammarthani2.
615 1454 672 1491 De
706 1462 836 1492 morte
870 1453 955 1502 ejus
989 1452 1169 1490 dicemus
1202 1451 1307 1488 infra
1340 1450 1382 1487 in
1407 1448 1523 1486 Notis
1555 1448 1607 1485 ad
1638 1447 1769 1484 Vitam

77 1513 300 1551 Innocentii
329 1513 400 1552 VI.

129 1572 227 1622 Ejus
250 1572 377 1610 frater
398 1571 520 1610 fuisse
543 1571 707 1610 videtur
731 1571 900 1609 Pontius
925 1571 972 1609 de
996 1570 1234 1617 Villammo,
1260 1582 1381 1618 quem
1404 1581 1452 1605 ex
1475 1567 1626 1604 abbate
1651 1565 1767 1603 Lesa-

72 1632 177 1671 tensi
206 1631 361 1670 factum
391 1631 513 1669 fuisse
542 1631 779 1680 episcopum
809 1630 1153 1668 Conseranensem
1181 1642 1288 1666 anno
1317 1627 1530 1665 millesimo
1550 1623 1767 1663 CCCLXII

73 1691 246 1728 tradunt
261 1699 301 1729 et
315 1691 356 1728 in
372 1690 621 1728 monasterio
637 1689 846 1728 Lesatensi
861 1689 1069 1738 sepultum
1084 1702 1191 1726 anno
1208 1686 1543 1724 MCCCLXVIII.

126 1749 168 1788 P.
195 1749 283 1797 256,
307 1749 373 1799 lig.
400 1749 460 1787 13.
487 1749 769 1786 GUILLERMUS
803 1762 858 1785 DE
891 1749 1138 1793 Acmrono,
1169 1746 1363 1784 oriundus
1394 1760 1413 1783 e
1436 1746 1524 1782 loco
1549 1744 1597 1781 de
1623 1743 1766 1788 Fonte,

72 1808 113 1846 in
137 1808 308 1847 dioecesi
332 1807 625 1847 Lemovicensi.
651 1808 713 1844 Ad
732 1821 822 1845 eam
838 1821 958 1857 porro
974 1815 1138 1856 gentem
1152 1805 1395 1855 pertinuisse
1412 1803 1639 1841 dominium
1661 1802 1766 1838 loco-

71 1881 162 1904 rum
182 1868 229 1906 de
251 1867 380 1906 Fonte
399 1875 440 1906 et
459 1867 507 1906 de
526 1867 681 1905 Tudela
701 1867 765 1905 vel
784 1867 832 1904 de
852 1866 1021 1904 Tudello
1042 1866 1161 1904 docet
1180 1871 1479 1902 testamentum
1493 1861 1509 1883 3
1530 1860 1766 1910 Raymundi

72 1926 120 1964 de
149 1926 344 1976 Agrifolio
372 1926 550 1976 episcopi
579 1925 866 1963 Ruthenensis.

125 1985 363 2023 Guillelmus
392 1985 440 2023 de
468 1985 663 2034 Agrifolio
692 1984 921 2032 cardinalis,
944 1984 991 2025 de
1015 1998 1095 2033 quo
1116 1998 1223 2020 nunc
1245 1982 1416 2031 agimus,
1438 1989 1635 2030 patruum
1655 1978 1765 2016 haud

72 2044 194 2082 dubie
221 2044 368 2082 habuit
396 2044 659 2083 Guillelmum
687 2044 735 2081 de
764 2043 959 2092 Agrifolio
988 2043 1236 2081 monachum
1262 2040 1498 2078 monasterii
1523 2038 1764 2090 Tutelensis,

72 2117 195 2153 quem
229 2117 337 2141 anno
375 2102 647 2141 MCCLXXII
695 2111 736 2141 et
773 2102 947 2140 MCCCV
986 2102 1142 2151 reperio
1179 2101 1300 2138 fuisse
1334 2107 1544 2137 cantorem
1581 2097 1765 2146 ejusdem

72 2163 322 2201 monasterii.
351 2162 440 2212 Ipse
462 2162 503 2200 in
526 2162 737 2212 primaevo
764 2161 859 2199 flore
882 2161 1114 2210 juventutis
1140 2160 1272 2198 factus
1300 2167 1361 2196 est
1389 2157 1611 2196 monachus
1639 2156 1764 2193 Bene-

71 2221 248 2259 dictinus
276 2221 318 2259 in
340 2221 588 2260 monasterio
608 2221 861 2259 Bellilocensi
891 2220 942 2257 ad
967 2219 1219 2265 Dordoniam
1244 2219 1285 2256 in
1315 2217 1463 2255 finibus
1487 2216 1762 2254 Lemovicum.

74 2280 127 2317 Et
154 2294 250 2319 mox
275 2281 500 2318 translatus
528 2288 589 2318 est
614 2280 656 2318 in
682 2279 883 2319 familiam
907 2279 1015 2317 Petri
1040 2278 1201 2327 Rogerii
1223 2276 1514 2325 archiepiscopi
1541 2274 1764 2311 Rothoma-

71 2339 216 2387 gensis,
249 2339 538 2388 consanguinei
568 2339 643 2387 sui,
674 2339 737 2376 cui
769 2353 818 2377 ex
843 2352 889 2376 eo
921 2346 1103 2387 tempore
1134 2351 1292 2386 semper
1320 2335 1519 2373 adhaesit.
1548 2333 1652 2370 Hinc
1677 2332 1763 2381 ejus

72 2398 211 2436 favore
236 2397 368 2436 factus
393 2406 454 2436 est
478 2398 721 2437 camerarius
746 2397 983 2435 monasterii
1006 2396 1230 2434 Crassensis
1254 2396 1296 2433 in
1317 2394 1488 2433 dioecesi
1509 2391 1763 2429 Narbonensi

72 2457 175 2494 circa
199 2456 316 2494 initia
340 2456 609 2506 pontificatus
627 2456 811 2506 ejusdem
833 2456 1062 2494 Clementis.
1085 2455 1172 2503 Qua
1190 2461 1438 2504 tempestate
1455 2452 1564 2490 idem
1580 2451 1762 2488 Clemens

71 2516 105 2553 ei
149 2515 348 2554 concessit
397 2529 505 2553 anno
550 2515 849 2553 MCCCXLVII
894 2523 942 2552 ut
988 2528 1070 2551 non
1106 2514 1297 2551 obstante
1340 2511 1448 2561 quod
1486 2511 1528 2548 in
1571 2509 1762 2547 vicesimo

72 2582 219 2612 octavo
252 2582 325 2612 aut
352 2575 510 2612 circiter
535 2575 683 2613 aetatis
711 2588 806 2612 suae
833 2588 940 2611 anno
967 2573 1217 2610 constitutus
1247 2579 1364 2618 esset,
1394 2577 1531 2619 posset
1570 2568 1621 2605 ad
1660 2567 1762 2616 epis-

70 2634 230 2682 copales
252 2641 292 2671 et
319 2633 681 2683 archiepiscopales
703 2633 884 2683 aliasque
910 2646 1189 2682 quascumque
1213 2630 1433 2679 dignitates
1471 2627 1762 2665 ecclesiasticas

115 2743 148 2776 1.
168 2744 209 2777 B.
232 2744 289 2784 N.,
309 2756 376 2778 ms.
396 2744 491 2778 latin
510 2744 614 2785 3204,
634 2745 696 2778 fol.
717 2745 734 2777 1
756 2749 800 2778 r0.

117 2797 148 2830 2.
173 2797 293 2830 Gallia
325 2798 535 2837 christiana,
570 2804 597 2831 t.
634 2810 712 2837 xm,
739 2798 806 2831 col.
841 2798 921 2831 162.
955 2816 1003 2820 -—
1036 2797 1191 2830 Arnaud
1225 2796 1267 2828 de
1302 2794 1482 2827 Villemur
1514 2793 1571 2824 fut
1603 2791 1761 2825 d'abord

68 2852 217 2884 nomme
250 2852 391 2894 eveque
428 2851 472 2883 de
509 2851 717 2894 Perigueux
754 2851 785 2883 le
823 2851 868 2884 15
906 2850 1058 2883 octobre
1094 2849 1198 2887 1347,
1237 2848 1318 2891 puis
1357 2848 1399 2879 de
1439 2846 1602 2878 Pamiers
1639 2845 1670 2877 16
1716 2845 1759 2877 23

68 2902 204 2936 fevrier
231 2904 323 2937 1348
357 2903 501 2946 (Eubel,
532 2903 761 2943 Hier-archia,
793 2910 820 2936 t.
850 2915 874 2943 1,
907 2915 941 2946 p.
974 2903 1019 2936 94
1048 2908 1086 2935 et
1107 2901 1202 2944 398).
1229 2900 1384 2944 D'apres
1415 2899 1462 2932 M.
1486 2899 1579 2931 Albe
1606 2898 1762 2940 (Autom-

68 2956 110 2988 de
138 2955 235 2989 Jean
263 2956 402 2996 XXII,
436 2962 461 2989 t.
485 2968 523 2996 Π,
550 2968 585 3000 p.
621 2956 742 3000 82—83)
771 2956 796 2988 il
821 2955 944 2988 aurait
978 2956 1035 2989 ete
1062 2955 1155 2987 frere
1190 2953 1384 2986 d'Arnaud
1418 2953 1461 2985 de
1496 2951 1577 2991 Via,
1611 2950 1680 2983 sire
1715 2950 1759 2983 de

69 3007 241 3043 Calvinet
274 3015 312 3042 et
346 3010 390 3042 de
425 3008 615 3049 Villemur‚
651 3015 689 3043 et
719 3008 842 3042 aurait
872 3020 918 3041 eu
947 3020 1043 3052 pour
1072 3010 1156 3051 pere
1187 3006 1308 3040 Pierre
1333 3006 1370 3039 II
1402 3006 1445 3038 de
1468 3005 1549 3044 Via,
1572 3015 1693 3037 neveu
1716 3003 1759 3036 de

68 3060 165 3094 Jean
187 3061 318 3095 XXII.

117 3115 149 3147 3.
167 3114 207 3148 B.
227 3114 284 3154 N.,
301 3126 368 3148 ms.
385 3115 521 3148 Baluze
545 3114 602 3152 21,
624 3115 686 3148 fol.
710 3115 778 3148 187
800 3118 845 3148 r0.
