2083 3458
250 215 332 256 600
897 225 1048 250 NOTAE
1083 225 1143 249 AD
1177 224 1305 249 vi'rAs
1705 240 1710 242 -
1798 207 1948 263 [1079]

300 313 435 363 Elegit
463 326 556 362 ergo
586 325 679 349 cuin
708 309 795 348 aliis
823 310 1191 348 Bartholomaeum
1218 310 1573 360 archiepiscopum
1600 311 1838 358 Barensem‚
1868 310 1955 360 ejus

244 371 585 412 inthronizationi
608 378 649 408 et
671 369 930 408 coronationi
949 368 1155 417 interfuit,
1178 369 1213 407 ei
1233 370 1510 408 reverentiam
1531 370 1734 417 exhibuit,
1757 377 1799 408 et
1821 376 1956 408 cetera

246 432 403 483 peregit
420 444 524 481 quae
540 443 562 468 a
579 428 857 467 cardinalibus
873 428 1013 478 peragi
1029 437 1334 467 consueverunt
1349 443 1442 479 erga
1458 429 1700 479 pontificem
1718 429 1954 468 Romanum

246 491 440 530 canonice
459 490 636 528 electum
656 497 697 526 et
715 488 804 525 vice
823 487 974 526 Christi
992 487 1311 537 praesidentem.
1338 488 1467 527 Immo
1486 489 1772 539 episcopatum
1792 488 1954 526 Ostien-

246 565 345 598 sem,
363 558 410 587 ut
427 549 462 587 ei
478 548 603 586 toties
622 547 833 597 objectum
851 555 913 585 est
929 547 981 584 ab
1001 547 1252 595 Urbanistis,
1270 548 1430 597 accepit
1447 548 1499 586 ab
1518 548 1702 595 Urbano,
1720 556 1762 586 et
1781 548 1825 585 in
1842 547 1953 585 curia

246 611 333 660 ejus
355 624 395 647 se
417 608 541 659 gessit
561 615 608 645 ut
628 607 844 657 episcopus
867 606 1080 645 Ostiensis.
1105 606 1315 656 Scriptum
1334 607 1447 645 istud
1469 615 1531 646 est
1550 607 1591 645 in
1613 607 1735 645 Facto
1755 607 1880 645 misso
1901 606 1953 644 ad

246 683 382 720 regem
398 667 598 706 Castellae
614 680 686 716 per
699 666 1068 705 Bartholomaeum
1084 666 1196 716 apud
1213 666 1437 705 Odoricum
1455 667 1735 716 Raynaldum,
1752 680 1817 705 an.
1838 665 1953 713 1378,

252 730 268 778 ἓ
297 728 360 775 98,
391 736 431 766 et
459 727 502 764 in
530 726 652 764 Facto
682 725 829 764 Jacobi
858 725 907 763 de
937 725 1042 764 Seva
1070 725 1196 763 misso
1225 725 1277 763 ad
1308 725 1636 764 Universitatem
1666 725 1952 773 parisiensem,

245 797 275 827 t.
297 803 340 826 1v
361 787 514 825 Hister.
544 784 828 824 Universitatis
848 785 999 832 Paris.,
1021 799 1060 835 p.
1085 784 1174 822 504.

303 846 419 886 Istud
438 846 576 896 ipsum
594 844 745 895 legitur
763 844 806 882 in
826 843 1083 894 depositione
1103 858 1174 883 seu
1193 844 1487 883 informatione
1508 844 1608 883 data
1627 859 1700 894 per
1715 844 1955 894 episcopum

248 906 473 946 Reatinum
493 905 554 943 his
574 904 710 943 verbis
730 903 745 926 1
767 920 774 942 :
799 903 897 941 Item
917 917 1024 941 unus
1042 918 1088 941 εχ
1111 903 1181 951 eis,
1207 904 1384 942 videlicet
1408 904 1628 942 cardinalis
1658 903 1954 951 Glandatensis,

247 974 333 1016 post
349 966 515 1003 multam
532 964 665 1014 ipsius
682 964 1028 1013 importunamque
1045 962 1295 1010 instantiam,
1314 972 1474 1002 vacante
1488 964 1722 1013 episcopatu
1731 962 1954 1010 Hostiensi,

250 1027 295 1064 de
310 1025 478 1064 consilio
494 1032 528 1062 et
543 1037 710 1063 assensu
726 1022 978 1060 dominorum
995 1022 1265 1060 cardinalium
1280 1023 1465 1072 provisus
1481 1031 1515 1061 et
1530 1022 1816 1073 pronuntiatus
1832 1022 1959 1060 extitit

248 1082 460 1134 episcopus
493 1082 737 1130 HostiensiS,
774 1082 981 1132 ipsiusque
1015 1076 1304 1131 possessionem
1338 1096 1408 1131 per
1441 1097 1481 1119 se
1517 1082 1652 1132 ipsum
1686 1082 1871 1120 accedens
1907 1081 1959 1119 ad

248 1144 466 1183 Ecclesiam
483 1142 738 1180 Hostiensem
760 1149 795 1180 et
816 1142 868 1179 ad
895 1141 1155 1179 Veletrensem
1176 1141 1258 1179 sibi
1282 1141 1438 1180 unitam
1470 1141 1638 1191 pacifice
1664 1150 1868 1179 assecutus
1892 1149 1959 1188 est,

249 1214 283 1242 et
298 1212 339 1241 ut
353 1204 565 1253 episcopus
578 1201 808 1239 Hostiensis
823 1201 1094 1239 ordinationes
1108 1210 1189 1239 tam
1205 1201 1248 1238 in
1262 1201 1376 1239 curia
1390 1216 1509 1251 quam
1525 1201 1568 1238 in
1582 1200 1755 1239 ecclesiis
1769 1201 1958 1251 predictis

251 1263 469 1310 celebravit,
490 1276 605 1312 seque
625 1261 878 1298 Hostiensem
891 1260 1137 1310 episcopum,
1152 1260 1272 1298 etiam
1289 1261 1384 1298 dum
1395 1260 1476 1310 suit
1494 1260 1537 1298 in
1554 1260 1763 1310 Anagnia,
1782 1260 1957 1310 scripsit,

251 1332 284 1362 et
309 1322 543 1360 nominavit.

306 1382 384 1420 Sed
410 1380 623 1420 sciendum
649 1388 711 1418 est
733 1379 975 1430 Gregorium
996 1379 1059 1417 XI
1077 1379 1204 1417 verbo
1224 1378 1384 1417 dedisse
1409 1379 1696 1430 episcopatum
1723 1379 1954 1417 Ostiensem

248 1442 341 1480 huic
368 1439 617 1488 Bertrando,
647 1439 717 1477 sed
745 1453 832 1477 rem
859 1439 1148 1488 imperfectam
1176 1438 1421 1477 remansisse
1448 1447 1619 1490 propter
1647 1439 1735 1488 ejus
1764 1446 1956 1486 mortem,

247 1509 460 1552 peractam
482 1514 580 1538 vero
602 1499 726 1537 fuisse
748 1498 800 1536 ab
825 1498 1007 1536 Urbano.
1031 1498 1229 1536 Testatur
1248 1498 1362 1536 istud
1382 1498 1469 1548 ipse
1490 1498 1745 1536 Bertrandus
1767 1497 1810 1535 in
1832 1497 1956 1548 depo-

247 1561 394 1599 sitione
414 1573 487 1598 sua
506 1559 521 1582 2
541 1575 549 1597 t
574 1559 672 1597 Item
691 1558 793 1595 dixit
811 1558 914 1608 quod
930 1572 1041 1608 papa
1066 1557 1280 1607 Gregorius
1300 1557 1432 1607 felicis
1456 1557 1739 1595 recordationis
1764 1557 1869 1595 dedit
1890 1557 1957 1595 isti

246 1621 520 1670 episcopatum
547 1618 780 1665 Ostiensem,
809 1632 922 1667 quem
948 1617 1074 1664 habet,
1103 1617 1229 1665 verbo,
1258 1625 1292 1655 et
1317 1617 1489 1667 parabat
1513 1631 1553 1654 se
1580 1617 1632 1654 ad
1657 1631 1861 1666 arengam,
1889 1617 1957 1654 sed

247 1680 357 1727 obiit,
382 1679 470 1717 licet
492 1678 557 1716 ille
578 1678 626 1716 Β.
649 1677 784 1727 fecerit
803 1676 1103 1715 solemnitatem.

302 1739 362 1777 De
383 1752 549 1776 accessu
571 1737 658 1787 ejus
681 1736 734 1774 ad
756 1735 948 1774 civitates
972 1735 1206 1774 Ostiensem
1226 1744 1268 1774 et
1289 1735 1571 1774 Veletrensem
1593 1735 1649 1773 sic
1671 1735 1872 1785 scriptum
1895 1743 1956 1773 est

246 1799 288 1836 in
319 1797 577 1847 depositione
610 1795 782 1834 Joannis
814 1795 995 1846 episcopi
1026 1795 1253 1833 Castrensis
1274 1794 1290 1818 3
1322 1811 1329 1833 :
1364 1795 1462 1833 Item
1492 1795 1595 1833 dixit
1631 1795 1734 1845 quod
1771 1794 1958 1832 dominus

246 1857 490 1904 Hostiensis,
516 1856 664 1893 scilicet
689 1854 876 1892 dominus
907 1854 1203 1902 Glandatensis,
1230 1854 1392 1892 debebat
1415 1854 1606 1892 celebrare
1630 1868 1762 1892 sacros
1786 1854 1957 1901 ordines,

247 1926 281 1955 et
303 1916 524 1954 absentavit
544 1930 584 1952 se
606 1915 657 1952 ab
685 1914 801 1962 Urbe,
825 1922 860 1952 et
882 1914 954 1952 ivit
974 1914 1174 1961 Hostiam,
1199 1922 1233 1952 et
1254 1913 1461 1952 celebravit
1478 1914 1636 1951 ordines
1654 1913 1817 1964 quidam
1837 1913 1959 1963 frater

249 1976 403 2023 Minor,
423 1975 491 2025 qui
508 1983 590 2012 erat
606 1974 819 2025 episcopus
834 1973 1065 2012 Literensis.
1088 1973 1146 2023 [Is
1162 1981 1251 2011 erat
1283 1973 1491 2011 Robertus
1523 1972 1572 2011 de
1600 1972 1913 2011 Castello-Moro
1930 1971 1957 2021 4,

248 2035 360 2073 haud
384 2035 505 2074 dubie
528 2049 547 2072 e
568 2034 657 2072 loco
680 2041 830 2071 vocato
852 2032 1186 2071 Castel-Mauron
1205 2046 1333 2082 prope
1356 2033 1560 2080 Tolosam,
1584 2032 1719 2070 factus
1741 2032 1957 2082 episcopus

250 2094 469 2133 Literensis
493 2093 545 2131 ab
570 2093 740 2131 Urbano
763 2092 832 2143 V.]
856 2092 908 2130 Et
936 2092 1007 2130 iste
1032 2092 1140 2130 testis
1164 2091 1246 2142 fuit
1267 2106 1356 2129 cum
1377 2092 1550 2142 predicto
1574 2091 1733 2129 domino
1756 2091 1958 2129 cardinale

251 2154 293 2191 in
310 2153 468 2191 Hostia.
489 2153 541 2191 Et
558 2153 654 2190 dicit
670 2152 772 2202 quod
790 2152 833 2189 in
851 2152 916 2189 via
932 2151 1073 2201 petivit
1088 2151 1139 2189 ab
1155 2165 1198 2189 eo
1216 2151 1305 2201 quis
1322 2159 1404 2189 erat
1420 2166 1543 2201 papa,
1562 2159 1596 2188 et
1623 2150 1708 2200 ipse
1726 2150 1953 2200 respondit:

249 2213 359 2251 Certe
379 2213 415 2250 si
436 2212 630 2250 Barensis
649 2212 771 2261 fuerit
791 2212 967 2261 prudens
988 2219 1023 2249 et
1041 2210 1198 2248 sciverit
1216 2210 1357 2260 facere,
1379 2210 1521 2260 poterit
1541 2224 1622 2247 esse
1643 2224 1764 2259 papa.
1789 2210 1841 2248 Et
1861 2218 1954 2247 tunc

251 2287 329 2309 non
351 2272 452 2310 dixit
474 2271 509 2309 ei
531 2272 636 2321 plus.
661 2271 713 2308 Et
734 2279 868 2320 postea
890 2278 1079 2308 venerunt
1098 2270 1279 2308 Romam.
1304 2269 1356 2307 Et
1377 2284 1447 2319 per
1468 2269 1623 2319 aliquos
1645 2269 1729 2306 dies
1750 2269 1954 2318 preteritos

250 2332 422 2380 oportuit
452 2331 553 2380 quod
582 2330 782 2380 predictus
812 2330 1033 2367 cardinalis
1061 2329 1204 2378 faceret
1233 2343 1388 2366 sacram
1418 2329 1463 2366 de
1493 2328 1657 2379 prelatis
1683 2328 1732 2365 'in
1768 2328 1892 2376 Urbe,·
1923 2336 1957 2365 et

250 2391 413 2429 libenter
431 2405 470 2428 se
490 2390 663 2428 voluerat
680 2403 879 2436 excusare,
899 2390 967 2426 sed
986 2403 1066 2426 non
1084 2389 1226 2438 potuit,
1247 2396 1281 2426 et
1297 2388 1401 2437 fecit.
1422 2388 1628 2437 Etpostea
1647 2387 1744 2425 dicit
1762 2387 1864 2437 quod
1883 2387 1958 2425 ive-

249 2458 342 2488 runt
369 2450 594 2494 Velletrum,
619 2463 690 2499 que
712 2456 768 2486 est
789 2448 931 2486 civitas
953 2462 1042 2486 cum
1063 2447 1222 2486 Hostia.
1247 2447 1299 2485 Et
1321 2446 1522 2497 predictus
1545 2447 1653 2484 testis
1676 2446 1845 2496 quesivit
1866 2446 1958 2484 dili-

253 2517 382 2558 genter
404 2509 612 2559 affectuose
634 2523 658 2545 a
679 2507 852 2558 predicto
876 2507 1035 2545 domino
1057 2506 1257 2544 cardinali
1278 2506 1315 2543 si
1340 2506 1410 2543 iste
1439 2506 1628 2544 Urbanus
1654 2514 1736 2543 erat
1761 2519 1872 2555 papa
1903 2505 1960 2543 vel

252 2582 341 2605 non.
364 2568 415 2605 Et
435 2568 519 2617 ipse
539 2568 702 2605 dolendo
721 2567 821 2605 satis
839 2575 873 2604 et
890 2566 1114 2604 excusando
1132 2580 1172 2603 se
1192 2566 1294 2616 quod
1312 2579 1392 2603 non
1409 2565 1583 2614 jaciebat
1609 2565 1716 2602 mala
1742 2564 1958 2603 intentione

253 2627 333 2664 nisi
361 2627 404 2664 in
430 2627 600 2674 veritate,
628 2626 831 2675 respondit
856 2626 891 2663 ei
918 2626 1020 2675 quod
1044 2639 1124 2662 non
1149 2633 1231 2663 erat
1255 2639 1377 2674 papa.
1411 2624 1557 2661 Verum
1582 2633 1637 2662 est
1662 2624 1764 2674 quod
1788 2622 1891 2661 dixit
1922 2623 1959 2661 ei

252 2686 448 2735 predictus
464 2686 650 2722 dominus
664 2685 884 2722 cardinalis
899 2685 1001 2735 quod
1013 2698 1147 2721 omnes
1161 2683 1384 2722 cardinales
1399 2683 1654 2721 intendebant
1667 2683 1719 2720 ad
1730 2682 1959 2720 evitandum

252 2745 498 2791 scandalum,
520 2744 556 2781 si
574 2744 718 2794 suisset
737 2752 869 2794 aptus,
893 2744 1049 2794 quando
1067 2743 1241 2792 fuissent
1262 2742 1304 2780 in
1325 2742 1534 2791 Anagnia,
1557 2743 1692 2792 ipsum
1712 2741 1873 2791 eligere,·
1893 2742 1961 2779 sed

308 2891 332 2922 l.
364 2891 428 2923 ΜΞ.
460 2891 542 2930 cite,
574 2892 634 2924 fol.
666 2893 709 2925 82
739 2897 788 2925 νο.

304 2947 332 2973 ζ’.
365 2944 428 2976 Ms.
460 2945 542 2982 cite,
574 2946 634 2977 fol.
665 2947 709 2977 36
738 2951 781 2977 1¹0.

302 2999 332 3026 21.
366 2996 429 3028 Ms.
461 2997 543 3033 «sile.
575 2998 634 3030 sol.
667 2999 710 3030 92
740 3004 781 3031 10.

304 3049 333 3079 l».
372 3049 419 3080 Ιῧιι
462 3051 560 3088 1378,
597 3051 765 3093 l'eveqnv
803 3052 845 3083 dc
874 3052 1021 3084 Lcttcrc
1049 3051 1143 3084 oluit
1169 3052 1199 3082 lc
1228 3051 1372 3082 Mincur
1397 3050 1522 3082 Julicn
1553 3050 1697 3092 (Euboi,
1726 3049 1954 3086 Hierurcltia,

257 3105 280 3131 1,
307 3114 327 3137 ι,
355 3114 386 3142 p,
414 3104 507 3140 2023),
