2083 3458
75 267 226 322 [1338]
596 264 812 311 PAeARUM
847 287 1233 313 AVENIONENSIUM
1681 275 1762 315 853

59 376 253 417 quantum
269 376 444 417 poterat:
463 377 495 406 et
514 370 614 407 dizit
632 369 698 407 isti
715 369 1011 419 archiepiscopo
1030 371 1072 407 in
1090 371 1361 410 maledictione
1379 388 1496 423 quare
1514 383 1667 412 tanturn
1685 384 1759 412 tar-

60 426 182 472 davit,
208 426 303 476 quia
326 426 398 464 diu
421 436 476 465 est
500 429 601 477 quod
624 428 777 466 domini
799 430 1029 478 spectabant
1052 445 1153 469 eum.
1180 431 1231 469 Et
1256 432 1396 470 iterum
1418 433 1498 482 fuit
1524 433 1590 471 isti
1614 435 1761 472 dictum

59 499 128 535 per
150 486 364 533 Romanos,
387 500 433 523 ea:
454 501 527 536 quo
550 488 735 526 videbant
755 487 858 538 quod
878 489 1088 526 vocabatur
1110 490 1296 540 superius
1318 492 1370 529 ad
1392 492 1636 540 intrandum,
1660 494 1761 543 quod

61 545 200 582 diceret
227 544 502 583 cardinalibus
532 547 634 596 quod
661 546 888 597 expedirent
915 561 954 584 se
984 547 1070 594 cit0,
1102 548 1206 586 alias
1234 564 1368 587 omnes
1395 559 1521 589 essent
1547 552 1663 589 scissi
1692 567 1760 602 per

58 603 219 652 frustra.
239 604 290 641 Et
307 604 463 654 quando
481 605 580 643 vidit
598 605 674 643 ista
691 606 793 655 quod
809 621 887 643 non
906 614 1054 655 poterat
1077 607 1238 654 intrare,
1261 617 1296 646 et
1317 610 1547 648 dicebantur
1569 610 1644 648 ista
1665 611 1759 658 sibi,

56 662 206 710 timuit,
226 671 261 700 et
278 663 433 701 recessit
451 664 503 701 ad
520 665 680 702 domum
698 680 826 712 suam,
846 673 880 703 et
899 665 999 703 dixit
1015 666 1131 715 fratri
1150 681 1221 704 suo
1240 668 1342 717 quod
1360 684 1438 706 non
1457 678 1607 719 poterat
1625 684 1757 707 ascen-

61 722 159 769 dere,
183 730 217 759 et
239 736 413 760 reversus
435 731 502 761 est.

116 781 262 833 Postea
282 789 438 829 tamen,
460 776 842 821 cum'intellexisset
861 783 1225 825 Bartholomaeum
1243 786 1595 837 archiepiscopum
1608 789 1757 826 Baren-

61 854 147 880 sem
166 855 250 878 esse
270 840 446 879 electum
464 840 494 888 ¹,
513 841 688 891 sequenti
709 842 770 879 die
788 856 901 879 mane
923 842 992 879 iste
1011 851 1045 880 et
1060 843 1182 892 frater
1199 859 1298 881 suus
1318 844 1471 883 iverunt
1491 847 1544 884 ad
1562 847 1758 896 palatium

61 901 115 936 ad
128 899 341 937 videndum
356 914 446 938 eum
461 908 495 937 et
513 900 743 950 faciendum
763 901 842 939 sibi
864 902 1129 940 reverentiam.
1153 903 1204 941 Et
1223 918 1311 941 cum
1331 905 1597 943 ascendissent
1618 920 1757 956 supra,

63 958 296 996 invenerunt
318 973 407 997 eum
431 974 520 997 cum
545 974 622 997 uno
646 960 795 1007 clerico,
820 968 854 998 et
878 960 1029 998 dicebat
1052 961 1166 1004 horas
1189 976 1283 1000 suas
1307 971 1341 1000 et
1365 963 1408 1001 in
1432 970 1586 1002 camera
1610 979 1699 1012 sua,
1724 973 1758 1002 et

57 1017 204 1067 recepit
229 1018 349 1055 istum
374 1027 482 1067 grato
508 1019 630 1066 vultu,
656 1027 690 1056 et
716 1019 816 1056 discit
840 1020 941 1069 quod
963 1029 1165 1068 sperarent
1189 1029 1296 1059 extra
1320 1022 1438 1060 donec
1463 1023 1603 1061 diceret
1627 1024 1755 1062 horas.

63 1076 114 1114 Et
137 1076 195 1114 sic
218 1077 404 1126 jecerunt.
436 1077 620 1128 Idipsum
647 1077 687 1115 in
713 1092 785 1116 sua
814 1078 1067 1128 depositione
1095 1079 1201 1118 dixit
1235 1080 1362 1119 frater
1397 1082 1483 1130 ejus
1521 1082 1755 1121 Bonifacius

59 1136 111 1174 de
139 1136 368 1175 Amanatis.
1562 1130 1568 1133 ⁷

116 1195 306 1234 Urbanus
327 1209 373 1233 ea
392 1203 641 1246 tempestate
663 1196 777 1234 dedit
797 1196 853 1233 illi
874 1196 1051 1236 officium
1070 1197 1335 1237 examinandi
1355 1199 1619 1248 Alamannos,
1640 1200 1755 1238 nimi-
1787 1226 1795 1233 ·

63 1268 154 1294 rum
181 1254 251 1303 qui
277 1254 421 1304 perdiu
448 1255 583 1293 fuerat
610 1255 651 1292 in
678 1269 724 1293 ea
751 1255 926 1305 regione.
959 1256 1004 1293 In
1031 1256 1285 1306 depositione
1305 1257 1319 1280 2
1355 1258 1441 1307 ejus
1477 1259 1532 1298 sic
1571 1259 1719 1309 legitur
1748 1273 1754 1294 ε

63 1313 162 1351 Item
184 1313 285 1351 dixit
307 1314 409 1363 quod
431 1313 558 1351 dictus
582 1315 628 1352 Β.
654 1323 891 1352 concesserat
915 1314 981 1352 isti
1005 1316 1106 1365 quod
1128 1315 1282 1354 liaberet
1304 1317 1476 1366 officium
1498 1319 1757 1356 examinandi

61 1373 324 1411 Alamannos.
340 1373 391 1410 Et
405 1372 474 1410 iste
488 1373 695 1411 dubitabat
709 1374 818 1411 valde
831 1373 1006 1424 accipere
1021 1374 1127 1412 istud
1140 1375 1322 1424 officium.
1340 1376 1390 1414 Et
1405 1376 1474 1414 ivit
1488 1378 1540 1415 ad
1554 1377 1758 1415 dominum

62 1431 306 1470 cardinalem
341 1432 374 1469 V
377 1431 612 1470 ivariensem
642 1433 744 1483 quod
772 1433 1000 1482 certificaret
1027 1448 1117 1471 eum
1147 1434 1241 1484 quid
1270 1435 1417 1473 deberet
1444 1436 1581 1485 jacere.
1613 1437 1665 1474 Et
1695 1436 1758 1474 ille

61 1490 164 1529 dixit
181 1492 283 1541 quod
301 1491 448 1540 dignus
466 1500 548 1530 erat
565 1492 877 1542 reprehensione,
897 1492 991 1542 quia
1011 1507 1088 1530 non
1106 1507 1145 1530 se
1160 1493 1427 1543 conformabat
1442 1510 1531 1533 cum
1544 1495 1756 1533 cardinali-

62 1550 148 1597 bus,
171 1558 204 1588 et
225 1551 326 1600 quod
346 1551 590 1600 precipiebat
609 1551 689 1588 sibi
711 1552 813 1601 quod
832 1551 1033 1601 acciperet.

115 1609 233 1647 Anno
271 1609 575 1648 MCCCLXXX
612 1610 745 1648 faetus
761 1609 776 1633 ³
811 1619 873 1648 est
909 1610 1235 1661 archiepiscopus
1276 1611 1570 1662 Neapolitanus
1608 1628 1629 1650 a
1669 1613 1754 1651 Cle·

63 1676 199 1708 mente
225 1668 318 1707 VII.

115 1728 233 1766 Anno
264 1728 636 1766 MCCCLXXXIII
665 1728 775 1769 idem
805 1729 986 1769 Clemens
1014 1743 1108 1767 eum
1133 1729 1244 1766 misit
1270 1730 1462 1770 nuntium
1484 1730 1757 1781 apostolicum

61 1786 103 1823 in
123 1786 383 1825 Britanniam
398 1787 414 1810 4
434 1796 620 1826 nostram
641 1788 725 1825 sive
748 1788 962 1834 minorem,
984 1796 1032 1826 ut
1065 1787 1191 1826 etiam
1212 1788 1396 1838 agnoscit
1416 1790 1756 1829 Bartholomaeus

63 1845 358 1885 Chioccarellus
393 1846 434 1884 in
469 1847 657 1896 Catalogo
690 1847 917 1885 antistitum
951 1846 1321 1897 Neapolitanorum,
1355 1863 1394 1898 p.
1431 1848 1520 1896 248,
1555 1857 1595 1887 et
1629 1864 1679 1887 ex
1712 1864 1757 1887 eo

62 1905 274 1944 Oldoinus.
310 1905 442 1953 Quare
475 1906 598 1945 miror
630 1906 718 1944 illos
751 1906 896 1946 statim
929 1906 1076 1944 dixisse
1111 1907 1313 1946 Thomam
1343 1907 1557 1957 legationis
1592 1922 1756 1947 munere

61 1963 253 2003 functum
279 1980 363 2002 esse
391 1965 433 2002 in
461 1965 621 2015 Anglia,
650 1980 776 2015 quam
803 1973 1014 2016 praeterea
1042 1973 1206 2004 constat
1232 1966 1496 2006 adversatam
1523 1967 1645 2004 fuisse
1674 1967 1756 2005 Cle-

62 2023 191 2062 menti
212 2038 341 2073 usque
361 2024 413 2061 ad
431 2024 570 2061 odium
590 2025 809 2075 plusquam
828 2023 1109 2063 Vatinianum.
1128 2024 1386 2063 Constitutus
1407 2040 1527 2075 porro
1540 2026 1582 2063 in
1596 2025 1756 2063 Britan-

66 2082 132 2120 nia
158 2082 326 2121 admisit
350 2083 701 2121 renuntiationem
723 2083 896 2122 Simonis
922 2083 1101 2133 episcopi
1123 2083 1375 2131 venetensis,
1401 2084 1517 2134 eique
1542 2084 1758 2122 substituit

66 2141 289 2180 Henricum
312 2142 509 2182 abbatem
532 2143 579 2180 de
605 2142 811 2189 PrecibuS,
835 2142 896 2180 uti
919 2143 1096 2181 diximus
1120 2156 1242 2193 supra
1265 2157 1304 2192 p.
1329 2142 1417 2180 943.

115 2201 234 2238 Anno
258 2201 600 2239 MCCCLXXXY
624 2202 806 2241 Clemens
830 2215 938 2251 papa
961 2215 1056 2241 eum
1079 2201 1175 2239 feeit
1196 2202 1486 2251 presbyterum
1509 2202 1757 2240 cardinalem

60 2258 173 2298 tituli
198 2260 372 2298 Sanctae
399 2260 608 2298 praxedis.
637 2261 737 2298 Erat
762 2261 870 2300 enim
894 2274 1083 2310 praesens
1109 2260 1150 2297 in
1174 2260 1300 2307 curia,
1324 2269 1371 2298 ut
1397 2269 1567 2299 notatur
1589 2261 1630 2298 in
1655 2260 1757 2298 libro

62 2318 376 2368 Obligationum.
405 2320 535 2369 Vulgo
561 2320 791 2358 vocabatur
816 2318 1031 2357 cardinalis
1061 2318 1370 2369 Neapolitanus.

116 2378 234 2415 Anno
258 2378 636 2425 MCCCLXXXVI,
660 2377 722 2416 die
746 2393 879 2416 xxvm
901 2377 1078 2427 augusti,
1102 2378 1143 2415 in
1163 2378 1261 2415 aede
1285 2378 1560 2416 Avenionensi
1580 2378 1758 2417 fratrum

63 2436 429 2486 Augustinensium
458 2437 563 2475 dixit
592 2437 886 2487 panegyricum
913 2445 1057 2475 sancto
1087 2437 1331 2486 Augustino.
1366 2437 1590 2475 Interfuere
1617 2451 1756 2475 omnes

63 2495 308 2542 cardinales;
324 2511 374 2534 ex
385 2496 529 2533 Diario
545 2495 715 2534 ,Joannis
733 2495 854 2534 Fabri
868 2495 1047 2546 episcopi
1062 2495 1321 2534 Carnotensis
1348 2495 1403 2546 [p.
1419 2496 1527 2546 313].

116 2554 236 2592 Anno
265 2555 540 2603 MCQCXCIV
567 2554 756 2593 interfuit
783 2554 972 2593 electioni
1000 2554 1211 2592 Benedicti
1241 2554 1362 2592 XIII.

115 2613 234 2652 Anno
269 2613 521 2652 MCCCXCV
552 2613 830 2663 interrogatus
865 2627 887 2651 a
923 2613 1094 2652 ducibus
1131 2613 1325 2651 Franciae
1359 2613 1469 2663 apud
1504 2613 1757 2652 Avenionem

60 2687 182 2722 super
201 2672 268 2710 via
291 2672 495 2720 cessionis,
517 2686 641 2722 quam
667 2672 841 2710 Karolus
866 2672 921 2709 VI
943 2687 1014 2710 rex
1034 2680 1074 2710 et
1095 2671 1182 2720 ejus
1204 2671 1418 2711 eonsilium
1437 2672 1646 2722 putabant
1674 2686 1758 2710 esse

60 2731 267 2769 meliorem
292 2746 363 2781 pro
387 2731 664 2780 extinguendo
688 2731 921 2777 schismate,
946 2731 1023 2768 tria
1046 2732 1109 2780 (ut
1131 2729 1279 2780 legitur
1300 2730 1342 2768 in
1364 2730 1493 2769 veteri
1524 2731 1660 2769 codiee
1685 2745 1759 2769 ms.

111 2883 143 2915 ‘l.
166 2882 206 2915 B.
238 2882 295 2922 N.,
325 2893 393 2915 ms.
418 2881 513 2914 latin
542 2881 754 2921 11745,f01.
779 2882 823 2913 44
845 2886 889 2914 r0.

111 2935 142 2967 2.
174 2935 239 2968 Ms.
259 2935 342 2974 cite,
360 2934 423 2967 fol.
442 2934 488 2967 44
505 2939 556 2967 v0.
573 2953 621 2956 —
644 2933 692 2966 Sa
714 2933 928 2977 deposition
951 2945 971 2965 a
993 2935 1052 2966 ete
1075 2933 1223 2976 publice
1246 2944 1314 2976 par
1336 2932 1374 2965 L.
1399 2932 1523 2976 Gayet
1548 2933 1610 2975 (Le
1635 2932 1761 2966 Grand

61 2986 226 3023 Schtsme
246 2987 465 3027 d’Occident,
490 2987 679 3026 Florenee‚
703 2987 809 3026 1889,
833 2992 859 3020 t.
881 2999 905 3026 1,
929 2987 1050 3030 pieces
1071 2987 1176 3030 just„
1199 2997 1234 3029 p.
1259 2986 1398 3030 64-92).

110 3041 143 3074 3.
174 3041 224 3074 Le
244 3041 284 3073 21
307 3041 460 3074 octobre
478 3040 573 3073 1379
595 3040 742 3083 (Eubel,
762 3040 993 3079 Hierarchia,
1013 3045 1039 3072 t.
1057 3052 1082 3079 1,
1102 3051 1136 3082 p.
1157 3039 1254 3081 360).

111 3094 144 3127 4.
175 3094 308 3128 Mollat
329 3100 367 3127 et
388 3094 432 3126 de
466 3093 640 3137 Lesquen
667 3093 849 3135 (Mesures
872 3093 1011 3135 fiscales
1038 3093 1194 3125 exercees
1218 3103 1262 3124 en
1285 3092 1476 3135 Bretagne,
1504 3092 1619 3132 Paris,
1652 3093 1758 3132 1903,

61 3158 98 3190 p.
124 3147 221 3191 213).
