2083 3458
232 216 309 257 710
880 229 1030 254 NOTAE
1065 228 1125 253 AD
1160 228 1287 253 VITAs
1790 214 1932 269 [1191]

232 316 401 363 Urbani,
428 315 494 353 sed.
520 313 701 364 impediti
725 313 888 362 suerunt
913 314 963 351 ab
988 314 1083 351 ciliis
1109 314 1384 351 cardinalibus
1410 314 1477 352 hoc
1502 314 1731 362 scientibus,
1760 330 1827 352 nec
1854 314 1945 352 inde

225 377 394 414 recedere
417 381 639 425 potuerunt.

279 436 445 474 Certum
481 442 542 472 est
577 448 628 471 ex
663 432 989 482 depositionibus
1026 433 1195 471 testium
1233 433 1482 471 cardinalem
1518 433 1566 472 de
1607 434 1723 471 Luna
1760 433 1945 472 omnium

224 495 419 533 ultimum
441 501 514 531 aut
536 492 813 543 penultimum
836 491 957 530 ivisse
980 492 1225 543 Anagniam.
1245 493 1308 531 Sic
1326 493 1435 531 enim
1456 493 1605 543 legitur
1626 493 1667 531 in
1688 493 1944 544 depositione

225 554 366 592 Alvari
391 552 557 590 Martini
575 552 589 574 1
616 568 623 589 ε
648 551 787 589 Medio
818 560 949 589 autem
981 560 1149 602 tempore
1172 553 1395 590 cardinales
1419 553 1531 590 ibant
1547 552 1783 602 Anagniam
1805 553 1945 601 singu-

224 614 358 652 lariter
383 614 439 650 vel
462 611 705 661 conjunctim
730 619 771 649 itt
796 611 938 648 melius
962 620 1153 661 poterant,
1178 612 1253 649 sub
1276 621 1452 662 pretextu
1476 613 1700 650 comedendi
1733 612 1789 650 ibi
1813 612 1945 662 provi-

221 674 353 711 siones
382 687 490 719 sucis,
524 672 566 708 in
596 678 750 709 tcintiim
780 671 882 720 quod
910 671 954 708 de
984 686 1064 709 ηοη
1098 672 1267 709 thilicis
1297 686 1376 709 non
1405 681 1678 710 remanserunt
1698 672 1818 709 Rome
1848 671 1946 709 citra

221 734 365 783 festum
388 731 515 769 sancti
543 730 744 768 „Iohannis
769 730 851 767 nisi
876 730 1062 768 dominiis
1093 731 1375 779 Gebennensis,
1401 732 1468 782 qui
1491 732 1570 781 jiiit
1593 720 1944 782 antepenultimas,

221 801 256 831 et
279 792 465 830 dominiis
490 792 533 828 de
557 790 781 839 Aragonia,
807 789 875 839 qui
897 790 978 839 suit
1000 791 1260 840 penultimus,
1285 800 1319 829 et
1343 791 1528 829 dominiis
1559 791 1852 838 Glarzdatensis,
1878 790 1945 840 qui

220 852 300 902 fuit
325 852 501 889 ultimus.
534 851 579 888 ln
605 849 861 900 depositione
882 864 978 888 vero
997 850 1178 890 Tliomae
1198 851 1459 899 Gundisalvi,
1480 851 1725 889 thesaurarii
1751 851 1945 901 Compos-

222 912 377 959 tellani,
404 911 462 948 ita
491 926 498 948 :
526 909 760 948 Cardinalis
786 910 830 946 de
855 909 974 947 Luna
997 910 1077 959 ficit
1102 910 1266 948 ultimus
1292 911 1359 961 qui
1385 911 1540 948 recessit
1564 911 1608 948 de
1633 910 1773 958 Roma,
1801 918 1842 948 iit
1865 908 1945 947 sibi

222 972 386 1017 videtur,
421 970 618 1008 modicum
649 977 738 1007 ante
771 969 828 1006 vel
859 977 947 1019 post
976 970 1121 1018 festum
1151 970 1279 1008 sancti
1315 970 1528 1008 Jolzannis.
1566 970 1689 1021 Apud
1723 969 1946 1009 Odoricum

224 1030 503 1080 Raynaldum,
525 1043 591 1070 an.
616 1028 731 1076 1379,
760 1029 776 1077 ἓ
800 1029 861 1076 17,
885 1029 1012 1079 frater
1032 1029 1227 1069 Alfonsus
1260 1031 1431 1068 eremita
1463 1030 1559 1069 olim
1588 1030 1802 1081 episcopus
1826 1029 1945 1067 Gien-

222 1090 356 1128 nensis
387 1097 568 1127 testatur
598 1088 790 1126 eumdem
820 1088 1071 1127 cardinalem
1104 1090 1322 1128 excessisse
1356 1090 1488 1129 Roma
1519 1089 1754 1140 aliqualiter
1784 1097 1946 1129 motum

221 1159 263 1188 et
289 1157 610 1199 conquerentem
637 1148 685 1186 de
714 1148 883 1186 Urbano
909 1157 1080 1199 propter
1106 1149 1264 1199 aliquas
1291 1149 1613 1200 supplicationes
1642 1163 1742 1199 quas
1770 1149 1805 1187 ei
1830 1162 1946 1199 prae-

221 1217 474 1256 sentaverat,
502 1217 542 1247 et
567 1216 786 1258 propterea
812 1207 1024 1246 recessisse
1049 1208 1296 1259 Anagniam.
1324 1209 1454 1247 Addit
1488 1217 1628 1247 autem
1663 1209 1778 1247 illum
1812 1208 1853 1245 in
1878 1207 1946 1245 illa

220 1269 497 1307 commotione
516 1268 643 1305 animi
662 1267 811 1305 dixisse
833 1283 839 1305 :
861 1267 991 1317 Quare
1009 1283 1076 1317 ego
1094 1269 1204 1306 stabo
1222 1269 1285 1306 hie
1302 1284 1391 1307 eum
1409 1269 1568 1307 domino
1587 1277 1729 1316 nostro,
1750 1268 1844 1318 qiiici
1863 1267 1948 1317 ipse

222 1328 347 1366 nichil
369 1328 466 1377 facit
492 1328 535 1365 de
561 1327 641 1364 hiis
663 1342 733 1377 qiie
755 1326 866 1377 peto?
891 1327 1013 1375 Certe,
1038 1328 1180 1378 inquit,
1208 1343 1288 1366 non
1314 1329 1499 1366 servirem
1519 1329 1615 1376 Deo,
1641 1328 1677 1365 si
1704 1342 1783 1365 non
1806 1327 1948 1377 faceret

222 1388 341 1425 michi
375 1388 531 1425 bonum.
565 1387 649 1425 Has
679 1387 826 1437 impias
857 1402 977 1425 voces
1008 1388 1239 1438 comparari
1268 1388 1320 1426 ad
1350 1388 1604 1439 apostasiam
1637 1387 1764 1427 animi
1792 1386 1947 1425 indices

220 1463 306 1486 esse
329 1447 388 1485 ait
408 1447 515 1485 idem
542 1446 801 1495 Raynaldus,
825 1460 890 1484 an.
917 1446 1031 1495 1378,
1061 1448 1077 1496 ξ
1100 1447 1162 1486 30.

277 1507 433 1545 Deinde
463 1506 668 1544 Robertus
698 1505 915 1544 cardinalis
945 1506 1224 1546 Gebennensis
1253 1508 1405 1546 electus
1434 1516 1496 1546 est
1522 1521 1630 1557 papa
1659 1507 1721 1545 die
1749 1505 1947 1556 vigesima

222 1566 480 1616 septembris.
504 1566 573 1604 llle
591 1580 688 1603 vero
706 1565 804 1604 satis
825 1566 906 1603 cito
924 1575 1018 1615 post
1036 1567 1364 1617 assumptionem
1382 1581 1513 1614 suam,
1532 1575 1579 1605 ut
1597 1567 1655 1604 ait
1673 1574 1819 1604 auctor
1838 1565 1947 1603 vitae

222 1626 324 1675 ejus,
352 1626 507 1675 legatos
535 1625 647 1663 misit
674 1624 726 1662 ad
752 1639 863 1674 reges
892 1633 932 1663 et
960 1626 1162 1677 principes
1192 1626 1261 1677 qui
1287 1627 1489 1665 rationem
1519 1627 1572 1664 eis
1600 1626 1822 1664 redderent
1848 1625 1948 1663 elec-

222 1685 345 1723 tionis
374 1699 483 1723 suae.
513 1685 619 1722 Tum
646 1699 739 1734 ergo
767 1685 819 1721 ab
847 1699 893 1722 eo
922 1685 1067 1723 missus
1096 1695 1158 1724 est
1184 1687 1226 1724 in
1256 1686 1499 1737 Hispaniam
1520 1685 1535 1708 2
1564 1686 1708 1724 Petrus
1746 1685 1795 1723 de
1832 1685 1948 1722 Luna

223 1745 287 1782 die
315 1745 462 1781 ultima
491 1744 699 1793 sequentis
729 1744 878 1782 mensis
909 1744 1150 1793 decembris,
1180 1754 1227 1784 ut
1255 1746 1403 1795 legitur
1430 1746 1472 1783 in
1500 1745 1603 1783 libro
1632 1744 1947 1794 Obligationzim.

225 1804 364 1842 Fuisse
395 1812 536 1842 autem
566 1818 659 1842 eum
690 1817 798 1841 anno
828 1804 1018 1852 sequenti
1048 1805 1160 1854 apud
1190 1806 1463 1844 Barcinonem
1492 1813 1675 1843 testatur
1706 1803 1947 1842 Fernandus

225 1863 335 1901 Petri
371 1863 548 1901 decanus
584 1863 878 1910 Tirasonensis,
917 1863 986 1912 qui
1020 1863 1101 1902 illic
1136 1879 1227 1903 cum
1263 1880 1309 1903 eo
1344 1865 1481 1903 suerat
1514 1865 1591 1903 hoc
1632 1862 1832 1914 tempore.
1870 1862 1947 1901 Sed

223 1922 365 1960 statim
390 1922 591 1961 admissus
614 1937 698 1960 non
718 1931 779 1960 est
801 1936 823 1959 a
845 1922 1007 1971 regibus
1033 1924 1257 1973 Hispaniae
1279 1924 1379 1963 scire
1402 1924 1636 1962 volentibus
1660 1923 1749 1973 quis
1773 1923 1949 1961 duorum

225 1982 565 2020 contendentium
595 1982 642 2019 de
669 1990 828 2032 papatu
855 1990 962 2020 esset
988 1997 1107 2021 verus
1135 1997 1258 2034 papa.
1291 1984 1436 2033 Itaque
1463 1983 1721 2033 aliquamdiu
1746 1982 1854 2021 inter
1880 1996 1946 2020 eos

224 2042 378 2080 mansit
406 2050 608 2090 tanquam
637 2041 840 2090 regnicola
870 2041 1007 2091 potius
1039 2056 1165 2091 quam
1194 2052 1240 2080 ut
1270 2043 1487 2081 cardinalis
1516 2043 1582 2081 vel
1610 2043 1784 2092 legatus,
1813 2050 1861 2080 ut
1889 2041 1948 2079 ait

223 2101 331 2138 idem
365 2101 539 2151 scriptor
577 2100 689 2138 Vitae
721 2100 947 2138 Clementis.
984 2101 1169 2151 Denique
1203 2103 1388 2142 Clemens
1432 2111 1646 2153 susceptus
1680 2110 1742 2140 est
1774 2102 1816 2138 in
1849 2101 1948 2139 cele-

225 2160 401 2200 berrimo
425 2151 633 2198 conventu
657 2160 897 2207 Medinensi,
923 2160 987 2198 cui
1009 2160 1199 2199 interfuit
1220 2162 1331 2200 idem
1355 2162 1500 2200 Petrus
1524 2161 1688 2200 nomine
1713 2160 1947 2207 Clementis,

224 2228 271 2257 ut
288 2220 394 2257 infra
413 2220 573 2258 dicetur
590 2234 662 2257 suo
681 2220 783 2257 loco.

279 2280 426 2317 Caesar
455 2279 756 2317 Nostradamus
784 2279 827 2316 in
852 2279 1037 2316 Historia
1064 2280 1314 2327 Provinciae,
1343 2296 1381 2330 p.
1411 2280 1500 2327 440,
1529 2280 1588 2318 ait
1614 2280 1730 2317 illum
1757 2279 1879 2317 fuisse
1907 2278 1948 2316 in

226 2338 429 2377 comitatu
475 2338 674 2376 Ludovici
718 2338 831 2376 ducis
876 2338 1200 2388 Andegavensis,
1246 2354 1374 2390 quum
1416 2340 1448 2377 is
1494 2339 1948 2389 Montempessulanum

225 2398 434 2447 profectus
469 2406 531 2436 est
565 2398 617 2435 ad
652 2397 913 2447 castigandos
949 2398 1056 2436 cives
1092 2398 1197 2437 illius
1232 2400 1358 2447 urbis,
1394 2399 1464 2449 qui
1499 2413 1663 2449 gravem
1703 2398 1949 2437 seditionem

226 2457 422 2495 adversus
462 2457 671 2495 ministros
711 2457 840 2506 regios
881 2457 1181 2496 excitaverant.
1224 2459 1376 2497 Verum
1413 2459 1554 2497 literae
1595 2458 1780 2508 ejusdem
1819 2457 1947 2504 ducis,

227 2530 332 2565 quae
363 2517 497 2554 editae
530 2525 626 2554 sunt
656 2516 763 2554 inter
788 2516 1049 2554 Probationes
1078 2518 1291 2555 annalium
1320 2518 1618 2565 Tolosanorum,
1651 2517 1807 2556 nullam
1838 2516 1950 2554 Petri

229 2576 481 2614 mentionem
515 2576 686 2623 faciunt,
722 2575 793 2614 sed
826 2584 996 2615 tantum
1030 2577 1189 2626 Anglici
1223 2577 1404 2628 episcopi
1437 2577 1695 2615 Albanensis.
1733 2577 1948 2614 Praeterea

232 2635 374 2672 Petrus
397 2643 485 2672 erat
507 2650 553 2672 eo
574 2643 760 2685 tempore
782 2635 824 2673 in
847 2635 1060 2685 Hispania.

284 2694 414 2731 Extat
449 2694 490 2731 in
527 2694 663 2732 codice
700 2694 892 2732 hebraico
928 2694 1032 2732 5452
1075 2695 1350 2735 bibliothecae
1395 2694 1685 2734 Colbertinae3
1721 2693 1952 2744 disputatio

280 2843 310 2875 1.
344 2843 409 2876 Ms.
436 2844 519 2883 cite,
546 2844 607 2877 sol.
634 2845 702 2878 107
727 2849 778 2878 νο.

282 2896 312 2927 2.
332 2896 395 2928 Ses
423 2897 600 2939 pouvoirs
627 2898 679 2929 lui
696 2898 826 2931 furcnt
843 2899 1012 2932 conferes
1031 2899 1062 2931 le
1081 2899 1126 2932 18
1143 2899 1341 2932 decembre
1360 2899 1454 2932 1378
1477 2898 1672 2942 (Archives
1701 2899 1751 2931 du
1769 2897 1946 2937 Vatican,

238 2948 323 2991 [leg.
348 2949 432 2982 Vnt.
457 2951 537 2989 291,
561 2951 623 2983 1¹01.
648 2952 663 2982 1
691 2952 795 2983 v0-15
818 2956 850 2983 r0
872 2958 910 2984 et
932 2952 1072 2991 Valois,
1097 2959 1123 2985 t.
1146 2965 1169 2992 1,
1194 2964 1228 2996 p.
1254 2953 1352 2995 202),
1376 2952 1470 2985 mais
1492 2952 1516 2984 il
1538 2964 1583 2984 ne
1605 2958 1676 2995 put
1696 2953 1873 2995 penetrer
1902 2962 1948 2983 en

234 3001 402 3041 (Lastille3
422 3003 453 3034 le
472 3003 525 3035 roi
544 3003 737 3047 d’Aragon
755 3005 918 3045 l’admst,
934 3017 981 3037 au
995 3005 1196 3046 contraire,
1213 3006 1306 3038 dans
1325 3017 1381 3039 ses
1399 3007 1500 3039 etats
1517 3005 1670 3048 (Valois‚
1691 3010 1729 3038 iit
1744 3016 1786 3045 s.,
1806 3016 1841 3049 p.
1862 3004 1949 3037 221-

235 3054 329 3095 225).

282 3110 314 3140 3.
335 3108 374 3140 13.
399 3108 454 3147 N,
476 3121 541 3141 ms.
564 3110 703 3142 hebron
723 3111 802 3150 831,
824 3110 885 3144 [ol.
910 3112 972 3143 121
994 3116 1037 3144 1¹⁰.
