2083 3458
295 237 380 278 306
946 249 1098 274 NOTAE
1132 249 1192 274 AD
1227 249 1355 274 V1TAs
1877 233 2002 290 [803]

295 329 480 379 Angliae,
502 337 542 366 ut
568 328 777 378 serebatur,
802 326 936 364 minus
965 326 1137 363 consulte
1164 333 1390 375 susceptum
1418 340 1487 375 per
1514 340 1609 364 suas
1638 326 1771 364 literas
1800 327 2003 375 revocavit,

294 397 328 426 et
357 388 499 438 spretis
529 387 751 437 foederibus
781 385 863 435 regi
894 385 1068 434 Angliae
1096 393 1338 422 sacramento
1367 385 1548 434 firmatis,
1581 385 1782 424 amicitias
1812 386 2005 424 contraoeit

296 462 380 485 cum
404 461 489 496 rege
511 445 782 484 Francorum1
815 445 859 495 [t.
883 459 909 491 1,
932 459 969 494 p.
995 443 1109 494 253]
1136 443 1238 482 Vide
1261 443 1388 482 etiam
1410 444 1626 483 Albertum
1648 445 2003 494 Argentinensem,

295 522 334 557 p.
360 506 444 544 156.

350 566 392 604 P.
427 565 515 612 199,
546 565 612 614 lig.
649 564 707 602 15.
746 564 792 601 IN
834 576 1041 600 PARTIBUS
1075 562 1246 600 GALLOE.
1285 562 1348 600 Ita
1389 562 1525 600 omnia
1557 571 1698 601 vetera
1738 563 2003 614 exemplaria,

294 625 420 662 etiam
455 624 653 662 Fuxense.
691 623 823 671 Quare
857 621 981 659 miror
1013 621 1102 659 heic
1135 621 1187 659 ab
1220 621 1495 660 illustrissimo
1527 622 1770 672 Bosqueto2
1803 622 2003 674 scriptum

294 684 415 721 fuisse
451 682 603 720 Italiae.
643 682 806 720 Italiam
838 681 947 719 enim
979 689 1197 731 exceptam
1230 680 1378 719 diserte
1410 681 1541 719 tradit
1575 682 1754 720 Joannes
1788 681 2002 730 Villanius,

292 743 360 781 lib.
387 742 462 789 XI,
487 756 573 792 cap.
600 756 776 788 Lxxxm,
803 739 1032 791 [Muratori,
1064 748 1094 779 t.
1119 754 1205 787 x111,
1229 740 1302 778 col.
1325 739 1418 790 817]
1445 756 1453 778 :
1484 740 1535 777 In
1556 740 1679 790 quello
1700 741 1946 790 parlamento
1967 741 2002 779 si

292 801 450 851 pizwico
469 815 539 838 con
557 800 740 851 privilegi
761 799 963 850 imperiali
983 799 1012 836 il
1029 813 1068 836 re
1086 798 1370 848 d’Inghilterra
1387 814 1508 837 essere
1527 799 1674 837 vicario
1693 800 1789 837 dello
1834 800 2000 850 impera·

293 861 380 898 dore
400 860 508 898 salvo
539 860 581 897 in
614 859 746 897 Italia.
770 858 980 897 Vicarium
1009 866 1151 897 autem
1179 858 1339 924 imperii
1362 859 1604 897 Eduardum
1634 859 1731 897 feeit
1753 859 1997 898 Ludovicus.

292 934 374 957 non
406 919 448 957 in
482 918 672 957 universa
708 918 875 968 quidem
909 918 1055 965 Gallia,
1082 917 1152 956 sed
1186 917 1228 956 in
1261 931 1307 956 ea
1343 925 1511 955 tantum
1547 926 1665 968 parte
1700 932 1804 968 quae
1838 919 1994 957 eratin

291 978 474 1028 imperio,
497 977 727 1027 cujusmodi
748 985 836 1016 erat
856 977 1001 1015 civitas
1024 977 1338 1016 Cameracensis.

344 1038 387 1076 P.
408 1037 494 1084 199,
511 1037 577 1086 lig.
598 1037 657 1075 17.
677 1037 1034 1075 CAMERACENSEM
1053 1050 1279 1075 CIVITATEM
1306 1050 1410 1086 quae
1426 1036 1662 1087 pertinebat
1693 1016 1745 1074 ad
1765 1037 1994 1087 Imperium,

228 1131 235 1136 .
291 1105 381 1134 tuni
408 1111 504 1134 vero
532 1111 572 1134 se
600 1104 782 1134 verterat
809 1096 862 1133 ad
888 1110 1024 1146 regem
1053 1096 1318 1144 Francorum,
1347 1104 1394 1133 ut
1421 1096 1480 1133 ait
1509 1096 1759 1134 Froissartus
1798 1096 1995 1146 [Kervxm

289 1164 318 1194 t.
335 1171 374 1203 11,
390 1171 428 1206 p.
446 1155 534 1203 473,
546 1155 651 1205 493],
666 1169 791 1205 quam
809 1170 905 1193 vero
920 1170 991 1193 rex
1008 1155 1259 1193 Francorum
1273 1155 1426 1193 muniri
1442 1155 1485 1193 in
1497 1155 1670 1204 favorem
1683 1170 1802 1193 suum
1815 1169 1994 1206 procura-

290 1223 393 1253 verat
418 1222 466 1252 ut
491 1215 639 1264 legitur
666 1215 777 1267 apud
806 1214 1085 1262 Hocsemium,
1112 1229 1151 1264 p.
1181 1214 1269 1254 452.
1300 1214 1359 1253 De
1386 1215 1462 1253 hac
1489 1229 1609 1265 porro
1638 1214 1879 1253 obsidione3
1904 1213 1993 1252 xide

289 1288 450 1312 rursum
467 1274 657 1312 eumdem
671 1273 946 1312 Froissartum
961 1274 1163 1324 [Kervym
1181 1281 1210 1312 t.
1227 1288 1334 1324 111,p.
1351 1274 1386 1321 7,
1406 1274 1467 1321 18,
1483 1272 1543 1322 78]
1564 1273 1750 1323 ejusdem
1764 1272 1993 1320 voluminis,

290 1334 494 1372 Joannem
514 1333 750 1380 Villanium,
771 1333 840 1371 lib.
866 1333 941 1381 XI,
964 1347 1051 1384 cap.
1075 1348 1144 1371 vm
1177 1333 1406 1383 muratori,
1427 1341 1457 1372 t.
1481 1347 1566 1380 x111,
1590 1333 1662 1372 001.
1684 1333 1786 1383 817]
1809 1341 1850 1372 et
1871 1333 1994 1383 Spon-

291 1392 458 1440 danum,
487 1406 551 1431 an.
583 1392 697 1440 1338,
732 1393 749 1441 §
778 1393 811 1431 7.

342 1452 384 1490 P.
413 1451 501 1499 199,
524 1452 591 1501 lig.
621 1451 679 1489 17.
708 1452 888 1489 CAMERA
917 1452 1083 1489 IMpl-:Rn
1117 1458 1218 1489 terra
1250 1451 1471 1502 d’imperio,
1497 1460 1544 1489 ut
1576 1452 1635 1489 ait
1669 1452 1848 1490 Joannes
1874 1450 1992 1488 Villa-

288 1510 392 1558 nius,
417 1511 486 1549 lib.
516 1511 591 1559 XI,
619 1525 705 1561 cap.
739 1525 903 1548 Lxxxlv
939 1511 1169 1561 [Muratori,
1204 1519 1233 1549 t.
1262 1525 1347 1558 xm,
1375 1510 1689 1561 001.818-819],
1717 1511 1765 1549 (10
1799 1511 1872 1551 hac
1904 1510 1992 1560 ipsa

287 1584 327 1608 re
352 1584 487 1619 agens,
513 1569 553 1607 id
578 1578 652 1618 est,
679 1570 824 1608 civitas
850 1584 954 1620 quae
978 1570 1159 1636 pertinet
1182 1570 1235 1608 ad
1260 1584 1464 1608 cameram
1488 1570 1761 1620 imperatoris,
1785 1569 1994 1621 proprium

286 1629 596 1679 patrimonium,
624 1629 788 1679 propria
815 1630 1015 1680 possessio
1043 1630 1144 1679 ejus,
1174 1644 1278 1680 quae
1305 1644 1437 1680 neque
1464 1629 1632 1668 alienari
1659 1644 1791 1679 neque
1817 1628 1994 1679 separari

288 1696 426 1738 potest
441 1703 463 1726 a
480 1688 661 1727 dominio
677 1689 776 1738 ejus.
791 1689 914 1739 Apud
927 1689 1284 1739 Walsinghamum
1298 1689 1340 1726 in
1354 1689 1452 1739 ipsis
1468 1689 1596 1727 initiis
1612 1688 1725 1738 regni
1743 1687 1936 1727 Richardi
1954 1688 1993 1725 ΙΙ

289 1747 468 1785 «loannes
500 1748 666 1798 Philpot
696 1748 730 1786 ei
761 1748 1053 1787 commendans
1085 1748 1300 1787 civitatem
1331 1748 1672 1795 Londoniensem,
1704 1748 1762 1785 ait
1792 1761 1880 1786 eam
1908 1761 1994 1785 esse

288 1820 491 1844 cameram
529 1807 656 1856 regis,
686 1822 880 1845 cameram
916 1807 1063 1845 scilicet
1101 1816 1277 1846 vestram.
1322 1808 1368 1845 In
1409 1807 1667 1845 Itinerari04=
1698 1806 1874 1856 Gregorii
1911 1806 1993 1852 XI,

288 1865 465 1903 Romam
496 1866 806 1916 proficiscentis,
842 1866 987 1905 civitas
1021 1867 1222 1917 Aquensis
1256 1875 1430 1905 vocatur
1465 1874 1588 1916 grata,
1622 1881 1784 1904 amoena
1840 1865 1993 1913 civitas,

286 1924 430 1973 regalis
446 1939 683 1975 cameraque.
707 1926 817 1963 Inter
833 1926 912 1963 Pro
920 1926 1093 1964 bationes
1108 1926 1295 1964 historiae
1311 1925 1594 1964 Cardinalium
1616 1925 1828 1973 Gallorum,
1845 1939 1884 1975 p.
1903 1924 1993 1972 304,

286 1983 460 2021 refertur
487 1992 728 2034 excerptum
756 1999 806 2023 ex
833 1985 963 2023 veteri
990 1985 1094 2023 libro
1122 1985 1275 2036 scripto
1304 1999 1412 2023 anno
1441 1985 1615 2023 MCCCV
1643 1985 1685 2022 in
1714 1998 1792 2034 quo
1821 1983 1994 2034 scriptor

283 2042 453 2092 loquens
485 2043 532 2081 de
561 2043 650 2081 1000
680 2044 831 2082 Montis
862 2044 1128 2092 Maurilionis,
1160 2044 1229 2094 qui
1258 2045 1381 2094 vulgo
1412 2044 1562 2082 dicitur
1590 2043 1904 2091 Montmorillon,
1935 2042 1993 2080 ait

283 2101 399 2138 illum
423 2102 545 2140 fuisse
572 2102 668 2140 olim
693 2103 830 2141 sedem
854 2104 1008 2153 regiam
1032 2111 1074 2142 et
1099 2118 1304 2142 cameram
1328 2104 1445 2153 regis,
1463 2103 1530 2154 qui
1554 2103 1665 2141 estoit
1681 2110 1876 2153 paravant
1889 2102 1993 2151 siege

284 2161 394 2209 νομαί
417 2169 450 2198 et
474 2161 658 2199 chambre
678 2163 730 2200 du
755 2177 834 2212 roy.
863 2163 1127 2211 Froissartus,
1154 2163 1234 2202 vol.
1260 2178 1286 2211 1,
1314 2177 1400 2213 cap.
1431 2177 1588 2210 ccxxx,
1615 2170 1648 2200 et
1671 2161 1910 2212 appelloient
1934 2175 1993 2199 ces

284 2219 569 2269 compaignons
594 2221 626 2258 le
653 2235 837 2271 royaume
863 2222 907 2259 de
932 2222 1086 2260 France
1111 2223 1194 2260 leur
1219 2222 1409 2260 chambre.
1443 2222 1569 2269 Idem,
1597 2229 1625 2260 t.
1652 2236 1710 2268 lx,
1736 2236 1775 2271 p.
1805 2220 1878 2258 187
1907 2235 1914 2258 :
1942 2220 1993 2257 Et

284 2278 468 2316 Courtrai
482 2279 572 2317 s’est
587 2287 712 2317 nostre
728 2281 892 2323 cambre.
907 2281 1028 2332 Apud
1045 2281 1275 2331 Aquitanos
1293 2295 1455 2331 quoque
1470 2288 1630 2319 nostros
1647 2294 1691 2319 ea
1708 2294 1790 2317 vox
1804 2279 1991 2324 eamdem

284 2337 627 2387 significationem
647 2339 743 2377 olim
762 2340 956 2379 habebat.
978 2341 1117 2379 Testes
1138 2340 1308 2390 hujusce
1328 2340 1384 2378 rei
1402 2339 1582 2378 laudabo
1600 2340 1737 2377 literas
1759 2338 1923 2377 Geraldi
1943 2338 1992 2377 de

285 2396 399 2444 Salis,
426 2397 547 2447 primi
572 2398 822 2437 institutoris
850 2399 1089 2438 monasterii
1117 2399 1357 2438 Dalonensis
1383 2399 1426 2436 in
1453 2398 1737 2437 Lemovicibus
1767 2414 1774 2436 ε
1803 2397 1873 2447 qui
1900 2411 1990 2435 011111

286 2455 558 2495 Dalonensem
578 2458 714 2495 locum
736 2458 843 2496 dono
865 2459 1089 2509 accepisset
1110 2472 1132 2496 a
1154 2458 1249 2497 viris
1271 2458 1533 2496 nobilissimis
1556 2457 1729 2496 Geraldo
1751 2465 1792 2495 et
1814 2456 1992 2495 Golferio

284 2514 331 2552 de
379 2515 587 2563 Turribus,
626 2517 873 2555 constituit5
911 2518 1012 2568 quod
1058 2525 1158 2555 totus
1201 2531 1387 2567 praesens
1429 2517 1548 2565 locus,
1593 2516 1771 2554 Ecclesia
1815 2515 1990 2553 videlicet

281 2573 533 2623 balonensis,
557 2575 607 2612 ab
636 2576 743 2613 omni
772 2577 1033 2614 ecclesiastica
1057 2577 1114 2614 vel
1137 2576 1306 2614 seculari
1330 2575 1570 2625 subjectione
1593 2576 1645 2613 sit
1668 2575 1793 2613 libera
1816 2583 1850 2613 et
1875 2574 1989 2625 quasi

280 2632 445 2681 propria
462 2632 610 2671 Christi
639 2648 791 2673 camera
828 2634 1060 2684 insignibus
1095 2634 1342 2673 sublimetur.
1376 2634 1477 2674 Vide
1504 2634 1750 2672 Glossarium
1790 2633 1987 2671 Ilatinum

285 2690 414 2729 Caroli
450 2692 655 2732 Dufresnii
688 2693 842 2744 Cangii,
875 2695 947 2732 ubi
979 2694 1152 2745 reperies
1198 2694 1315 2744 plura
1361 2694 1548 2744 exempla
1591 2693 1834 2732 istiusmodi.
1882 2692 1986 2730 I‘Iinc

335 2828 360 2859 1.
383 2827 429 2860 Lc
447 2836 556 2872 pacte
575 2841 664 2863 avec
681 2831 712 2864 le
730 2831 784 2864 roi
802 2833 844 2864 de
865 2831 1004 2864 Franee
1023 2830 1081 2864 fut
1098 2830 1199 2874 signe
1217 2842 1263 2863 en
1280 2831 1384 2863 1341.

332 2884 361 2912 2.
391 2881 558 2915 Historia
582 2884 799 2926 pontificum
824 2896 1069 2924 romanorum,
1098 2883 1213 2924 Paris,
1242 2884 1346 2923 1632,
1374 2895 1409 2927 p.
1440 2884 1494 2917 52.

331 2934 361 2965 3.
388 2933 483 2966 (sn-st
506 2935 526 2967 a
546 2936 665 2978 partir
687 2938 735 2970 du
758 2938 802 2970 20
823 2938 1035 2982 septembre
1057 2937 1150 2970 1339
1172 2948 1242 2980 que
1263 2936 1294 2970 le
1318 2936 1525 2970 Cambresis
1548 2936 1607 2970 fut
1628 2938 1792 2981 saccage.
1816 2937 1865 2970 Le
1887 2936 1983 2981 siege

284 2986 324 3017 dc:
349 2986 382 3018 la
408 2987 489 3019 ville
513 3000 729 3032 commenea
751 2991 782 3023 le
807 2992 850 3024 25
878 2991 1046 3035 (Deprez,
1070 2990 1138 3023 Les
1159 2987 1449 3030 Preliminaires,
1473 3002 1507 3034 p.
1534 2989 1719 3034 257—269).

331 3038 362 3070 si.
388 3039 594 3081 Duchefflie,
617 3042 779 3076 Histoire
799 3044 840 3076 de
859 3049 937 3077 tous
958 3044 1006 3077 les
1025 3043 1230 3077 carolinam:
1246 3043 1419 3086 srancois,
1443 3049 1468 3077 t.
1490 3056 1527 3084 11,
1549 3056 1584 3088 p.
1608 3044 1688 3078 437.

332 3092 361 3123 ὗ.
390 3093 508 3125 Gallia
526 3094 736 3136 christiana,
758 3102 782 3130 t.
801 3109 838 3137 11,
860 3097 1048 3137 Instrum.,
1069 3096 1134 3130 col.
1156 3096 1236 3129 201.
