2083 3458
290 216 372 258 246
939 227 1090 253 NOTAE
1125 227 1185 251 AD
1220 226 1348 251 VITAs
1872 209 1998 265 [746]

292 316 407 365 cujus
447 315 593 353 liberos
632 314 754 352 fuisse
795 311 1077 350 Raimundum
1119 309 1304 357 Arnaldi,
1346 309 1627 347 Raimundum
1663 309 1999 348 archidiaconum

295 374 498 426 Ripariae,
530 373 816 422 eumdemque,
846 379 894 409 ut
922 371 1078 421 opinor,
1108 369 1352 408 canonicum
1379 368 1693 417 cadurcensem,
1724 369 1928 408 Joan'nem
1958 377 2001 408 et

292 433 559 483 Margaritam
589 433 709 470 docet
740 431 885 469 Petrus
914 428 1131 468 cardinalis
1169 428 1210 465 in
1240 442 1313 466 suo
1344 435 1610 467 testamento.
1641 428 1920 467 Bertrandum
1951 429 2002 467 de>

294 492 439 539 pratis,
465 492 651 539 militem,
675 490 839 528 vinculo
859 488 987 539 jugali
1005 488 1199 538 junctum
1219 487 1341 526 fuisse
1364 501 1457 525 cum
1477 487 1644 538 Alpasia
1664 487 1713 526 de
1733 487 2004 526 Monteacuto

294 552 376 590 filia
411 560 452 590 et
485 550 631 589 herede
663 548 885 587 universali
921 547 1106 586 defuncti
1145 546 1356 596 quondam
1390 546 1611 586 Bertrandi
1649 547 1697 586 de
1732 547 2003 586 Monteacuto·

291 612 439 661 legitur
474 610 514 647 in
551 609 732 659 quodam
762 615 917 646 arresto
950 606 1060 657 quod
1090 620 1199 644 anno
1228 605 1515 644 MCCCXLIII
1545 606 1679 644 latum
1708 614 1770 644 est
1798 605 1838 644 in
1867 607 2003 658 parla-
2066 624 2069 625 ⁷

291 678 431 709 mento
483 668 711 706 Parisiensi.
753 667 864 705 Duas
902 680 1023 716 porro
1066 673 1158 703 tum
1199 665 1322 704 fuisse
1366 665 1628 704 Pratensium
1670 665 1846 704 familias
1890 665 2001 716 apud

294 730 699 778 Montempensatum
722 727 871 764 docent
895 733 988 764 acta
1009 725 1139 763 relata
1163 738 1185 762 a
1210 724 1426 763 Guillelmo
1463 723 1614 764 Cruceo
1644 724 1683 762 in
1719 724 1827 763 Serie
1854 725 2002 776 episco-

291 802 432 837 porum
462 786 790 833 Cadurcemiam,
819 800 858 835 p.
886 784 974 832 154,
1002 784 1073 823 ubi
1099 783 1289 822 sicardus
1311 785 1525 835 episcopus
1547 784 1586 822 in
1611 783 1739 823 literis
1763 784 1871 823 datis
1894 798 2002 822 anno

293 846 538 885 MCCXCIX
566 845 605 882 in
636 845 784 894 quibus
813 844 949 894 agitur
973 843 1021 882 de
1048 851 1183 882 castro
1204 843 1536 894 Montispensati,
1565 843 1755 882 nominat
1777 844 1939 882 Petrum
1959 858 2004 881 ac

291 905 566 943 Razmundam
587 905 630 942 de
650 904 786 941 Pratzs
806 903 1136 952 consanguineos,
1162 916 1338 952 quorum
1361 903 1472 953 prior
1493 904 1526 942 is
1551 903 1716 941 videtur
1736 903 1859 942 fuisse
1881 917 2001 953 quem

290 978 412 1014 supra
433 963 664 1002 monuimus
684 963 807 1001 fuisse
826 970 989 1013 patrem
1016 962 1247 1001 cardinalis

347 1024 392 1061 In
420 1023 586 1061 Stalatzs
612 1022 842 1060 academiae
866 1022 1085 1059 Tolosanae
1112 1021 1287 1060 conditis
1314 1036 1422 1059 anno
1448 1004 1705 1069 MCCCXIV,
1738 1021 1838 1059 dum
1867 1036 2005 1061 recen-

290 1091 432 1121 sentur
460 1083 646 1121 doctores
676 1081 745 1131 qui
772 1081 814 1119 in
843 1081 921 1119 illis
951 1074 1184 1119 statuendis
1213 1088 1254 1119 et
1280 1080 1517 1120 ordinandis
1548 1089 1784 1132 praesentes
1822 1081 2006 1128 fuerunt

293 1142 435 1180 Petrus
460 1141 507 1180 de
532 1141 664 1179 Pratis
688 1140 927 1180 nominatur
948 1140 1056 1179 inter
1078 1140 1265 1197 doctores
1287 1140 1436 1190 legum.
1462 1141 1526 1178 Ex
1548 1155 1629 1191 quo
1652 1140 1837 1191 colligere
1860 1140 1921 1179 fas
1944 1148 2005 1179 est

290 1201 405 1238 illum
427 1201 611 1239 docuisse
633 1200 803 1238 Tolosae
823 1200 930 1250 leges
953 1199 1090 1238 civiles
1112 1199 1136 1237 1.

344 1260 463 1297 Anno
499 1259 779 1306 MCCCXVII,
817 1273 910 1297 cum
944 1259 1177 1297 Bernardus
1215 1259 1263 1297 de
1299 1259 1458 1310 Artigia
1494 1267 1637 1297 cantor
1674 1259 1929 1298 pictavensis
1965 1266 2006 1298 et

290 1319 358 1357 alii
386 1319 556 1369 quidam
581 1318 620 1356 in
652 1319 856 1357 Joannem
884 1332 1037 1369 papam
1066 1318 1196 1356 XXII
1216 1318 1230 1340 ²
1257 1318 1573 1369 conspirassent,
1600 1318 1666 1357 ille
1694 1319 2009 1357 accusationum

290 1377 600 1428 inquisitionem
626 1378 844 1426 commisit,
871 1377 978 1416 inter
1004 1377 1117 1425 alios,
1144 1378 1238 1416 huic
1266 1378 1387 1416 Petro
1414 1377 1463 1417 de
1490 1378 1637 1427 Pratis,
1664 1385 1756 1415 tum
1782 1378 1940 1416 doctori
1964 1377 2014 1426 in

289 1438 378 1487 jure
402 1437 528 1483 civili3
553 1437 713 1476 Odoric.
740 1437 959 1487 Raynald.‚
983 1451 1048 1476 an.
1074 1437 1188 1485 1317,
1218 1437 1234 1486 ξ
1257 1437 1319 1485 51,
1342 1436 1403 1475 52.

345 1496 502 1535 Eodem
533 1510 641 1534 anno
673 1505 848 1535 exeunte
881 1496 1112 1534 Galhardus
1145 1496 1358 1547 episcopus
1389 1496 1571 1535 Reiensis
1603 1497 1829 1535 translatus
1862 1505 1924 1536 est
1955 1496 2007 1534 adi

295 1556 518 1594 Ecclesiam
539 1556 884 1606 Magalonensem.
909 1555 1072 1594 Reiensi
1093 1570 1189 1594 vero
1210 1556 1319 1594 haud
1341 1556 1401 1594 ita
1422 1556 1554 1594 multo
1574 1564 1682 1606 post,
1703 1564 1752 1593 ut
1773 1563 1938 1595 constat
1958 1570 2009 1594 ex

290 1615 393 1652 libro
416 1614 716 1664 Obligationum
737 1614 888 1653 archivi
913 1615 1113 1662 Vaticani,
1135 1615 1324 1665 pontifex
1346 1615 1544 1665 praefecit
1559 1615 1574 1638 3
1596 1615 1765 1654 Petrum
1787 1616 1836 1654 de
1858 1615 2010 1653 Pratis-

297 1674 385 1724 lpse
405 1674 446 1712 in
466 1682 719 1713 testamento
740 1689 813 1712 suo
833 1682 1014 1713 testatur
1035 1689 1074 1713 se
1095 1675 1189 1712 huic
1209 1674 1413 1713 Ecclesiae
1437 1675 1661 1725 praefuisse
1681 1691 1689 1713 :
1713 1674 1810 1712 Item
1830 1675 2012 1724 legamus

293 1733 462 1771 Ecclesie
486 1734 688 1783 Regiensi,
715 1733 785 1772 ubi
807 1733 962 1783 fuimus
994 1734 1218 1784 episcopus,
1244 1734 1436 1784 capellam
1456 1742 1629 1771 nostram
1650 1733 1847 1772 violatam.
1873 1734 2010 1783 Quare

293 1793 547 1831 accusandus
578 1793 776 1831 Oldoinus
805 1792 955 1832 nimiae
985 1792 1197 1831 facilitatis
1228 1793 1327 1830 dum
1355 1793 1449 1831 hinc
1479 1793 1641 1843 collegit
1669 1793 1792 1832 falsos
1822 1808 1906 1832 esse
1937 1793 2008 1843 qui

293 1859 446 1901 putant
467 1866 560 1890 eum
581 1852 704 1891 fuisse
726 1852 965 1902 episcopum
987 1852 1203 1891 Reiensem
1226 1852 1321 1901 quia
1341 1852 1560 1900 Bartellus,
1584 1853 1652 1902 qui
1675 1852 1825 1890 Seriem
1845 1867 2007 1903 praesu-

293 1911 374 1948 lum
392 1911 625 1949 Rciensium
644 1911 952 1961 diligentissime
972 1911 1250 1959 concinnavit,
1270 1925 1475 1961 nusquam
1493 1912 1664 1962 hujusce
1684 1912 1794 1950 Petri
1814 1912 1862 1951 de
1882 1912 2011 1950 Prato

294 1969 494 2009 meminit.

346 2029 464 2067 Anno
487 2030 717 2077 MCCXIX,
740 2030 874 2068 factus
893 2038 955 2068 est
974 2029 1304 2080 archiepiscopus
1323 2029 1525 2080 Aquensis
1541 2030 1567 2069 4.
1588 2030 1690 2069 Vide
1712 2029 2008 2081 WVaddingum,

293 2101 358 2126 an.
390 2088 503 2136 1319,
539 2088 555 2137 ξ
584 2089 632 2127 13
671 2089 715 2139 [t.
747 2103 800 2137 VI,
828 2104 867 2139 p.
897 2088 1013 2139 339].

350 2148 394 2185 ln
428 2147 564 2186 codice
594 2147 699 2186 1562
729 2148 1003 2187 bibliothecae
1035 2148 1294 2187 Colbertinae
1313 2147 1340 2196 5,
1373 2148 1441 2187 fol.
1475 2147 1551 2186 296
1581 2150 1630 2197 r⁰,
1661 2149 1742 2187 ista
1772 2149 1965 2199 leguntur
2000 2165 2009 2187 ς

295 2206 413 2243 Festa
443 2206 485 2243 in
512 2207 695 2245 Romana
722 2207 835 2245 caria
862 2208 1023 2245 colenda
1050 2207 1094 2245 de
1115 2208 1300 2245 mandato
1322 2207 1569 2246 sanctissimi
1587 2208 1635 2245 D.
1665 2207 1715 2246 Ν.
1738 2208 1787 2247 D.
1817 2208 1877 2246 JO.
1903 2223 2009 2259 pape

293 2265 433 2302 XXII
454 2266 637 2304 ordinata
658 2281 728 2317 per
749 2267 1000 2304 reverendum
1017 2275 1168 2317 patrem
1190 2266 1396 2304 dominum
1417 2267 1593 2315 Petrum,
1614 2266 1846 2318 episcopum
1863 2267 2008 2305 Penes-

294 2324 518 2372 trinensem,
541 2333 633 2362 lianc
653 2326 1017 2364 vicecancellarium
1037 2334 1169 2364 sancte
1193 2326 1371 2363 Romane
1391 2326 1576 2375 Ecclesie,
1599 2326 1661 2364 die
1685 2326 1835 2364 veneris
1858 2326 2010 2365 decima

347 2511 373 2544 1.
397 2511 444 2544 M.
468 2511 658 2552 Foumier,
682 2512 830 2553 Stantis,
852 2519 878 2545 t.
898 2525 922 2553 1,
944 2524 978 2556 p.
1001 2513 1082 2547 495.

346 2565 374 2597 2.
400 2564 552 2605 Coulon‚
575 2577 609 2599 n.
633 2566 712 2599 224.
734 2584 783 2589 —
803 2565 925 2599 Pierre
947 2566 1010 2599 des
1028 2566 1118 2599 Prez
1138 2566 1198 2599 fut
1211 2567 1360 2610 adjoint
1374 2567 1394 2600 3
1409 2567 1575 2601 Galhard
1592 2567 1781 2602 Saumade
1798 2569 1891 2603 dans
1907 2570 2013 2604 l'ins-

299 2618 463 2650 {ruction
477 2625 632 2651 ouverte
648 2625 776 2652 contre
790 2619 841 2652 les
857 2619 1056 2663 complices
1073 2619 1269 2663 d’Hugues
1285 2619 1447 2661 Geraud,
1463 2622 1606 2665 eveque
1622 2622 1666 2655 de
1682 2621 1820 2656 Cahors
1839 2622 2007 2667 (Coulon‚

298 2682 329 2702 n.
353 2671 420 2702 222
441 2677 478 2703 ct
497 2672 602 2712 Albe,
622 2672 768 2705 Αιιίοιιν
787 2673 828 2705 de
846 2672 944 2705 Jean
961 2672 1100 2712 XXII,
1121 2672 1277 2716 Hagnas
1302 2673 1457 2714 Θένααιί,
1477 2675 1604 2717 aveque
1622 2675 1663 2708 de
1682 2674 1830 2716 Cafwrs,
1852 2687 1887 2720 p.
1908 2676 2009 2721 198).

299 2723 355 2755 En
377 2724 482 2763 1318,
506 2724 530 2757 il
554 2730 697 2758 connut
720 2726 769 2757 du
793 2728 922 2769 proces
944 2725 1091 2759 intente
1115 2726 1135 2758 a
1159 2726 1304 2759 Robert
1325 2727 1369 2760 de
1388 2726 1614 2768 Mauvoisin,
1637 2728 1872 2773 archeveque
1896 2729 2007 2763 d'Aix

300 2775 466 2816 <Coulon‚
484 2789 518 2810 n.
536 2778 633 2821 468),
652 2784 690 2810 et
710 2778 770 2811 sut
786 2779 879 2812 mele
896 2779 917 2811 a
940 2779 1130 2823 l’enquete
1146 2781 1275 2812 menee
1299 2786 1428 2813 contre
1445 2780 1507 2813 des
1525 2781 1636 2814 clercs
1665 2786 1703 2814 et
1722 2793 1775 2814 un
1790 2782 1941 2816 barbier
1964 2783 2008 2816 de

299 2829 557 2873 l'archcveque
583 2831 627 2863 de
651 2831 759 2874 Lyon
783 2831 847 2875 qui
863 2831 1017 2865 avaient
1039 2831 1215 2876 pratique
1231 2833 1267 2865 la
1290 2833 1411 2876 magie
1432 2839 1469 2866 et
1492 2834 1528 2866 la
1551 2835 1811 2868 necromancie
1840 2835 2007 2879 (Coulon‚

300 2893 331 2914 n.
358 2882 453 2924 484).

372 2935 425 2967 I
431 2949 447 2967 c
465 2937 505 2969 31
526 2948 624 2969 mars
642 2938 734 2971 1318
756 2937 949 2980 (Albanes-
936 2938 1158 2978 C-hevalier‚
1180 2938 1302 2972 Gallia
1317 2938 1531 2973 Christiana
1547 2941 1758 2981 novissima,
1776 2941 1862 2982 Aiae,
1883 2942 2016 2984 Iri-stru,

303 2953 367 3019 col.
390 2990 485 3032 339).

375 3040 455 3073 .Le
481 3043 520 3073 11
547 3044 759 3085 septembre
787 3045 876 3077 1318
904 3044 968 3087 (Ut
989 3055 1114 3088 supra,
1140 3044 1263 3084 Insita,
1290 3045 1356 3078 col.
1383 3045 1454 3089 55).

408 3094 448 3126 N.
472 3096 729 3133 11,5,]η’1ηἱη
748 3096 852 3130 4172
