2083 3458
245 216 326 258 630
894 227 1045 253 NOTAE
1080 227 1140 251 AD
1176 226 1302 251 VlTAS
1786 208 1940 265 [1107}

244 312 480 352 commovit.
509 311 646 361 thue
671 318 760 349 erat
781 309 1001 360 impatiens
1026 309 1122 356 irae,
1146 317 1239 347 tum
1262 316 1412 346 natura
1436 309 1670 357 vehemens,
1695 309 1796 347 nihil
1818 308 1950 347 inten-

244 381 381 411 tatum
411 371 576 420 reliquit
606 378 653 407 ut
683 384 818 409 arcem
846 369 960 408 illam
991 368 1208 407 obtineret.
1240 368 1423 418 Cumque
1454 382 1545 407 eam
1574 369 1615 407 vi
1645 368 1721 407 sibi
1751 367 1951 418 subjicere

246 446 327 470 non
363 438 514 481 posset,
553 443 793 480 quanquam
829 429 1008 468 multum
1046 428 1182 475 vellet,
1219 428 1437 478 pecuniam
1474 427 1587 466 dedit
1623 428 1717 466 huic
1755 426 1952 466 cardinali

246 491 385 530 Sancti
414 489 641 537 Eustachii,
670 485 831 527 si‘fides
860 487 1094 526 adhibenda
1123 495 1184 525 est
1212 487 1323 526 facto
1351 487 1536 537 ejusdem
1564 487 1720 526 Urbani
1748 487 1871 526 misso
1899 486 1951 523 ad

246 564 380 601 regem
406 550 624 595 Castellae3
650 548 693 586 in
718 562 798 598 quo
824 548 1024 598 scriptum
1049 555 1111 585 est
1137 546 1247 596 quod
1271 546 1348 585 iste
1375 547 1590 585 cardinalis
1616 555 1736 585 certas
1760 545 1952 596 pecunias

248 617 439 660 receperat
470 609 521 647 ad
552 608 731 658 effectum
763 608 865 658 quod
896 614 1068 645 castrum
1100 605 1237 645 Sancti
1270 606 1418 655 Angeli
1451 614 1600 656 prefato
1633 605 1790 644 domino
1824 613 1953 643 nostro

246 669 397 708 restitui
423 669 582 718 jaceret3
611 668 712 718 quod
737 666 901 705 minime
926 666 1028 716 fecit.
1057 666 1109 704 Et
1134 666 1269 704 videns
1295 666 1471 716 prefatus
1498 666 1682 704 dominus
1709 673 1835 703 noster
1867 678 1952 715 pre-

246 729 361 776 dicta,
391 728 526 778 ipsum
552 727 686 777 arguit
713 726 845 764 dicens
872 726 973 777 quod
999 725 1097 764 talia
1122 725 1315 763 sustinere
1342 740 1421 763 non
1449 725 1682 764 intendebat.
1715 725 1778 763 Ita
1805 724 1954 774 legitur

246 788 357 840 apud
382 787 604 826 Odoricum
630 786 908 836 Raynaldum,
933 799 999 824 an.
1026 785 1140 832 1378,
1172 785 1189 833 ἓ
1215 784 1302 833 101,
1327 793 1368 823 et
1390 785 1433 823 in
1457 785 1592 824 codice
1619 785 1851 823 Harlaeano
1869 783 1897 822 1.

300 848 354 886 Et
378 848 477 886 haec
503 846 668 897 quidem
695 846 852 885 fiebant
875 845 1060 884 nondum
1085 845 1279 895 evulgato
1303 845 1573 884 cardinalium
1597 858 1746 883 arcano
1771 843 1952 894 cogitan-

246 908 353 946 tium
389 907 437 945 de
474 906 671 945 electione
709 905 904 944 canonica
950 904 1110 943 romani
1147 904 1373 943 Pontificis.
1412 904 1688 943 prudentibus
1735 911 1877 943 tamen
1912 910 1954 940 et

247 981 379 1006 rerum
406 967 682 1005 humanarum
705 965 861 1016 peritis,
886 964 1103 1015 praecipue
1128 978 1224 1002 vero
1250 963 1523 1002 cardinalibus
1553 964 1679 1011 Italis,
1704 963 1802 1001 satis
1828 975 1953 1012 appa-

246 1027 363 1066 rebat
397 1026 532 1064 omnia
565 1025 732 1063 tendere
765 1024 817 1062 ad
850 1024 1033 1070 schisma
1059 1037 1105 1062 ac
1138 1023 1393 1063 divisionem.
1432 1024 1578 1073 Itaque
1609 1023 1667 1061 illi
1698 1023 1741 1060 in
1771 1021 1951 1061 medium

247 1086 453 1124 adduxere
476 1085 587 1123 viam
610 1084 769 1123 concilii
792 1080 1001 1134 generalis,
1023 1083 1065 1121 in
1088 1097 1168 1133 quo
1191 1097 1236 1121 ea
1259 1083 1536 1122 controversia
1559 1082 1819 1127 definiretur;
1843 1080 1953 1131 quod

248 1146 373 1185 etiam
396 1145 655 1196 propositum
679 1144 813 1182 fuerat
836 1143 879 1181 in
902 1143 1071 1181 concilio
1097 1142 1300 1181 Ecclesiae
1325 1143 1571 1181 Gallicanae.
1599 1142 1676 1180 Sed
1700 1142 1804 1180 circa
1827 1140 1953 1178 indic-

248 1206 403 1244 tionem
428 1204 587 1242 concilii
611 1204 752 1253 ingens
777 1202 1021 1241 versabatur
1046 1201 1277 1240 difficultas.
1304 1202 1441 1252 Aliqui
1466 1202 1574 1241 enim
1599 1201 1766 1240 aiebant
1788 1214 1954 1250 congre-

249 1265 429 1315 gandum
455 1278 538 1302 esse
565 1263 617 1301 ab
644 1263 826 1310 Urbano,
854 1262 923 1312 qui
949 1270 1037 1300 erat
1061 1262 1103 1299 in
1128 1262 1380 1312 possessione
1405 1269 1597 1312 papatus,
1625 1261 1696 1299 alii
1721 1275 1744 1298 a
1770 1260 1953 1299 cardina-

248 1325 368 1371 libus,
396 1338 518 1374 penes
548 1337 648 1372 quos
676 1322 827 1360 residet
855 1321 986 1360 omnis
1014 1321 1239 1359 auctoritas
1257 1321 1358 1360 Sede
1385 1329 1580 1368 vacante,
1604 1321 1671 1358 alii
1699 1320 1874 1370 denique
1902 1318 1954 1356 ab
1999 1320 2003 1322 ’

247 1385 494 1434 imperatore
520 1390 561 1420 et
588 1382 729 1420 ceteris
756 1381 1021 1431 principibus.
1052 1381 1178 1419 Fuere
1205 1381 1332 1419 etiam
1358 1381 1427 1430 qui
1454 1380 1635 1419 dicerent
1661 1395 1778 1430 posse
1805 1393 1954 1417 convo-

249 1443 331 1482 cari
357 1458 427 1493 per
453 1442 706 1492 patriarchas
734 1449 774 1479 et
800 1441 1138 1491 archiepiscopos,

304 1503 482 1540 Rursum
514 1515 662 1551 magna
695 1500 972 1538 controversia
1004 1500 1083 1538 fuit
1115 1500 1163 1537 de
1196 1500 1284 1537 loco
1316 1499 1386 1537 ubi
1418 1499 1691 1538 celebraretur
1723 1498 1952 1537 concilium.

251 1562 314 1600 Sic
344 1561 452 1599 enim
482 1568 661 1598 testatur
700 1558 915 1598 cardinalis
949 1559 1087 1597 Sancti
1120 1559 1332 1597 Eustachii
1361 1559 1403 1597 in
1441 1572 1513 1597 sua
1545 1558 1799 1609 depositione
1819 1556 1834 1580 ²
1865 1573 1873 1596 z
1905 1557 1956 1595 Et

250 1621 404 1671 primus
424 1628 608 1658 tractatus
625 1619 704 1668 fuit
722 1620 766 1657 de
785 1618 962 1666 concilio,
978 1618 1126 1668 inquit,
1143 1619 1244 1669 quod
1262 1626 1588 1668 congregarentur
1606 1617 1747 1669 prelati
1766 1617 1811 1655 de
1829 1616 1955 1655 omni·
1987 1608 1988 1612 Ἰ

254 1681 323 1718 bus
341 1679 570 1730 provinciis,
590 1678 656 1729 qui
674 1686 799 1716 essent
815 1678 890 1716 viri
908 1678 1051 1716 literati
1069 1686 1103 1715 et
1123 1678 1216 1715 bone
1233 1677 1479 1726 conscientie,
1498 1677 1611 1716 tertia
1626 1691 1721 1728 pars
1739 1677 1783 1715 de
1805 1675 1954 1723 Ytalia,

251 1739 333 1777 alia
353 1739 465 1777 tertia
486 1752 579 1788 pars
602 1738 646 1776 de
667 1752 784 1787 regno
806 1746 839 1775 et
861 1737 1041 1775 districtu
1062 1737 1244 1785 Francie,
1267 1737 1350 1775 alia
1371 1737 1483 1775 tertia
1503 1751 1598 1787 pars
1619 1738 1664 1775 de
1683 1735 1903 1787 Hyspania
1922 1743 1956 1773 et

252 1799 295 1837 de
321 1797 571 1836 Alamannia
596 1805 630 1835 et
656 1798 700 1834 de
733 1796 915 1846 Ungaria
941 1805 974 1834 et
1000 1797 1044 1834 de
1071 1796 1235 1846 Anglia,
1264 1797 1359 1846 quia
1386 1811 1464 1834 non
1490 1796 1632 1834 habent
1658 1804 1709 1834 tot
1735 1811 1803 1833 nec
1829 1803 1956 1833 tantos

253 1858 422 1896 literatos
446 1857 515 1895 iste
537 1856 748 1907 provincie.
773 1856 825 1894 Et
845 1856 1065 1894 cardinales
1093 1856 1239 1894 Ytalici
1262 1856 1439 1894 volebant
1460 1856 1561 1906 quod
1584 1856 1689 1905 fieret
1710 1854 1956 1905 congregatio

254 1917 363 1955 illius
384 1916 540 1954 concilii
565 1916 607 1953 in
634 1915 808 1963 Venetia,
831 1916 887 1953 vel
907 1915 1031 1963 Pisis,
1055 1915 1111 1953 vel
1132 1915 1316 1965 Neapoli.
1341 1915 1418 1953 Sed
1437 1915 1510 1953 alii
1532 1915 1752 1953 cardinales
1774 1915 1957 1953 dixerunt

252 1977 352 2027 quod
375 1991 453 2013 non
474 1990 514 2013 se
536 1983 723 2026 ponerent
746 1975 887 2013 iterum
910 1975 952 2012 in
975 1975 1053 2012 loco
1076 1983 1266 2024 suspecto,
1292 1973 1361 2012 ubi
1384 1975 1522 2013 civitas
1545 1975 1602 2013 vel
1624 1975 1730 2013 locus
1753 1974 1956 2024 regebatur

252 2050 320 2086 per
343 2036 549 2086 populum,
576 2042 611 2073 et
634 2034 721 2072 licet
745 2033 937 2084 Neapolis
963 2034 1115 2071 liaberet
1139 2034 1330 2083 reginam,
1357 2042 1527 2072 attamen
1554 2034 1637 2085 ipse
1662 2033 1853 2071 Barensis
1876 2041 1958 2070 erat

252 2095 445 2133 oriundus
477 2095 520 2132 de
554 2094 622 2131 illa
654 2093 819 2142 civitate,
852 2101 886 2131 et
915 2094 1127 2144 populares
1157 2093 1330 2143 faverent
1358 2093 1451 2133 sibi.
1486 2094 1615 2144 Quare
1646 2094 1850 2132 deventum
1878 2092 1957 2142 fuit

254 2162 294 2193 ut
321 2154 425 2204 fieret
451 2154 561 2204 apud
588 2153 807 2191 districtum
833 2153 986 2191 comitis
1013 2152 1214 2191 Sabaudie
1242 2153 1285 2190 in
1311 2153 1391 2190 loco
1418 2153 1677 2201 Pedimontis,
1705 2160 1739 2191 et
1765 2152 1867 2203 quod
1893 2152 1957 2189 ille

253 2228 375 2252 comes
403 2212 604 2251 Sabaudie
630 2212 866 2262 promitteret
892 2220 1015 2250 tenere
1040 2226 1194 2249 securos
1220 2220 1254 2250 et
1280 2213 1371 2250 dare
1397 2212 1562 2251 obsides.

305 2273 405 2312 Cum
425 2286 517 2322 ergo
537 2272 761 2310 cardinales
785 2271 877 2309 Itali
897 2286 989 2310 cum
1019 2272 1268 2310 conscientia
1288 2272 1445 2310 Urbani
1466 2271 1713 2310 obtulissent
1739 2270 1956 2310 concilium

253 2332 526 2371 cardinalibus
556 2331 827 2378 Gebennensi,
857 2330 1105 2370 Pictaviensi
1136 2338 1177 2369 et
1206 2330 1345 2369 Sancti
1375 2331 1601 2378 Eustachii,
1628 2331 1697 2369 isti
1732 2330 1957 2381 prudenter

252 2392 551 2442 responderunt
578 2405 663 2430 rem
690 2390 777 2440 ejus
805 2390 1005 2430 momenti
1032 2405 1116 2429 esse
1144 2398 1191 2428 ut
1217 2390 1293 2440 ipsi
1321 2404 1403 2428 non
1430 2398 1598 2440 possent
1626 2390 1848 2440 quicquam
1874 2397 1956 2427 sta-

252 2460 365 2489 tuere
397 2450 637 2488 inconsultis
670 2450 830 2499 collegis
863 2449 1073 2499 Anagniae
1106 2449 1443 2496 consistentibus,
1476 2457 1523 2487 ut
1554 2457 1672 2500 patet
1703 2464 1754 2488 ex
1784 2449 1956 2500 epistola

254 2510 488 2549 eorumdem
522 2510 719 2547 Italorum
748 2509 899 2559 scripta
929 2509 992 2547 die
1021 2516 1137 2547 sexta
1175 2508 1352 2558 augusti,
1383 2523 1508 2558 quam
1545 2523 1653 2547 anno
1696 2508 1862 2557 1378,>§
1893 2507 1956 2555 42,

254 2570 382 2608 edidit
406 2569 601 2607 Odoricus
629 2568 883 2617 Raynaldus.
907 2568 1007 2606 Cum
1031 2582 1127 2606 vero
1151 2568 1375 2606 cardinales
1400 2568 1505 2606 Galli
1527 2568 1742 2607 rediissent
1764 2567 1817 2605 ad
1840 2567 1955 2606 colle-

256 2643 337 2678 gas,
374 2629 425 2665 ad
462 2643 527 2666 eos
565 2629 794 2666 retulerunt
829 2627 1151 2677 propositionem
1191 2627 1389 2665 Italorum
1425 2627 1473 2666 de
1509 2627 1752 2666 celebrando
1789 2626 1957 2665 concilio

256 2688 428 2737 generali
451 2704 457 2725 :
481 2702 550 2737 que
570 2701 658 2724 cum
677 2695 772 2724 esset
791 2701 859 2736 per
880 2687 972 2724 istos
992 2694 1065 2724 tres
1085 2686 1263 2724 dominos
1284 2686 1423 2724 missos
1443 2687 1537 2724 aliis
1557 2686 1730 2724 dominis
1749 2693 1955 2736 reportata,

256 2755 300 2784 ut
327 2747 385 2784 ait
411 2747 451 2783 in
478 2761 550 2784 suo
577 2754 761 2784 tractatu
789 2746 1006 2784 cardinalis
1035 2746 1173 2784 Sancti
1203 2746 1429 2793 Eustachii,
1447 2746 1526 2795 fuit
1552 2745 1751 2783 communi
1778 2744 1958 2783 omnium

255 2806 417 2843 consilio
453 2814 640 2855 tanquam
675 2806 895 2855 dampnosa
929 2813 962 2843 et
996 2804 1277 2855 prejudicialis
1313 2805 1483 2855 repulsa.
1523 2805 1615 2843 Non
1649 2805 1781 2844 solum
1817 2811 1959 2842 autem

258 2865 478 2902 cardinales
509 2865 807 2903 ultramontani
838 2865 942 2902 hanc
972 2864 1084 2904 viam
1113 2864 1282 2903 sedandi
1312 2864 1543 2903 schismatis
1573 2864 1856 2914 repudiarunt,
1887 2863 1957 2901 sed

257 2924 379 2961 ctiam
421 2924 526 2970 Itali,
563 2938 583 2961 a
623 2924 769 2973 quibus
807 2924 1127 2974 proponebatur.
1170 2923 1232 2961 Ita
1269 2924 1377 2962 enim
1414 2924 1465 2961 ad
1503 2923 1627 2961 dubia
1664 2922 1958 2973 archiepiscopi

309 3054 334 3084 1.
369 3052 453 3083 Voir
478 3053 585 3091 inl'ra,
614 3064 647 3095 p.
675 3054 768 3085 1285
794 3059 832 3085 ct
857 3054 962 3086 1288.

307 3107 335 3136 2,
369 3105 432 3136 Ms.
464 3105 545 3143 vite,
579 3105 636 3137 fol.
669 3106 712 3137 [10
742 3111 783 3139 r0.
