2083 3458
82 245 200 302 [895]
612 262 829 289 PAPARUM
863 264 1247 290 AVENIONENSIUM
1688 251 1769 293 407

69 346 158 384 aliis
181 346 450 384 observatum
472 360 556 383 esse
579 345 731 383 frustra
748 346 980 386 Frizonium
1002 347 1110 385 hunc
1133 347 1380 387 cardinalem
1395 348 1578 388 divisisse
1597 350 1638 388 in
1653 350 1767 389 duos.

122 405 241 442 Anno
260 404 510 451 MCCCLIX‚
527 404 750 442 indictione
769 405 868 453 XII,
887 406 949 444 die
968 420 1041 443 xx1
1056 406 1174 455 junii,
1195 406 1466 456 Raymundus
1485 408 1533 446 de
1551 409 1769 448 Canilhaco

69 463 330 502 miseratione
348 462 487 500 divina
506 462 618 500 tituli
637 462 810 502 Sanctae
830 464 965 502 Crucis
983 464 1025 502 in
1046 465 1300 503 Hierusalem
1318 467 1533 515 presbyter
1551 467 1768 506 cardinalis

69 531 110 560 et
133 522 382 572 gubernator
403 521 719 570 marquesiatus‚
742 530 957 570 terrarum,
981 531 1022 561 et
1044 523 1307 561 baroniarum
1331 526 1540 574 quondam
1563 526 1770 576 magnifici

70 581 224 620 domini
242 580 461 630 Marquesii
478 580 633 619 domini
650 580 698 618 de
717 580 948 629 Canilhaco,
968 583 1149 631 germani
1166 583 1240 630 sui,
1259 584 1460 632 quasdam
1478 585 1768 623 conventiones

69 639 166 678 fecit
188 654 281 677 cum
305 639 535 686 Guillelmo,
559 639 708 677 comite
729 639 949 678 Bellifortis
974 649 1014 678 et
1037 641 1276 681 vicecomite
1301 642 1451 690 Motae,
1474 651 1591 692 patre
1614 652 1655 682 et
1677 644 1770 694 legi-

68 698 171 736 timo
196 698 530 736 administratore
556 697 776 747 Marquesii
803 698 873 735 filii
898 700 957 736 sui
983 700 1225 749 nepotisque
1251 700 1349 738 dicti
1375 701 1529 739 domini
1555 703 1770 741 cardinalis

68 757 308 806 heredisque
324 756 564 795 universalis
582 756 680 794 dicti
698 757 907 806 quondam
925 758 1078 795 domini
1097 759 1144 796 de
1164 759 1397 807 Canilhaco,
1416 761 1481 798 avi
1500 761 1560 798 sui
1578 762 1767 800 materni.

73 816 118 853 In
144 816 289 854 iisdem
316 815 417 853 actis
446 815 685 853 nominatur
714 816 847 853 Guido
875 816 1064 855 dominus
1095 818 1142 855 de
1172 818 1396 866 Severiaco,
1425 834 1550 869 nepos
1587 820 1770 869 ejusdem

70 875 298 913 cardinalis.
336 875 449 912 Idem
481 874 628 921 Guido,
661 883 708 912 ut
739 875 815 912 hoc
847 889 1009 924 quoque
1043 876 1174 914 obiter
1205 877 1402 925 dicamus,
1435 878 1606 916 vivebat
1636 879 1770 917 adhuc

69 948 176 971 anno
210 933 469 972 MCCCLXX
501 941 548 970 ut
591 933 822 971 videbimus
856 947 984 983 quum
1024 949 1190 983 agemus
1232 936 1280 974 de
1313 936 1521 986 Stephano
1565 938 1769 976 cardinale

69 992 297 1031 Parisiensi.

122 1052 278 1090 Eodem
302 1065 410 1088 anno
435 1051 673 1089 MCCCLIX
702 1051 963 1089 Innocentius
988 1066 1095 1102 papa
1120 1053 1177 1089 VI
1204 1052 1453 1102 Raymundo
1478 1054 1526 1093 de
1551 1055 1769 1093 Canilhaco

68 1118 109 1149 et
126 1110 386 1160 Talayrando
405 1110 594 1160 episcopo
613 1110 835 1147 Albanensi
853 1124 899 1148 ac
918 1110 1122 1160 Audoyno
1140 1111 1298 1149 Alberti
1316 1113 1556 1162 presbytero
1574 1114 1769 1151 cardinali

67 1169 178 1207 tituli
199 1170 444 1207 Sanctorum
466 1168 636 1206 Joannis
658 1176 698 1206 et
719 1169 835 1206 Pauli
856 1169 1060 1207 commisit
1080 1184 1252 1208 examen
1273 1172 1645 1211 controversiarum
1666 1187 1770 1222 quae

67 1236 184 1266 erant
205 1229 312 1266 inter
334 1227 579 1278 magistrum
602 1227 752 1265 ordinis
777 1228 916 1266 Sancti
940 1228 1110 1266 Joannis
1137 1229 1501 1278 Hierosolymitani
1523 1238 1564 1268 et
1586 1232 1769 1269 castella-

66 1301 167 1326 num
188 1288 431 1337 Empostae3
451 1286 612 1334 Romus,
633 1295 739 1336 part.
767 1287 804 1324 ΙΙ
825 1287 931 1325 Hist.
955 1287 1065 1324 illias
1085 1288 1250 1334 ordinis,
1270 1288 1339 1326 lib.
1365 1289 1440 1327 III.

114 1346 234 1384 Anno
272 1345 488 1384 MCCCLX
525 1345 735 1395 delegatus
774 1354 835 1383 est
873 1346 924 1383 ab
962 1346 1106 1385 eodem
1147 1347 1386 1385 Innocentio
1424 1348 1475 1384 ad
1495 1348 1771 1398 recipiendum

67 1405 253 1443 denarios
291 1405 490 1443 biennalis
529 1404 710 1443 decimae
750 1405 900 1442 Joanni
936 1405 1019 1454 regi
1050 1405 1300 1444 Francorum
1337 1420 1550 1444 concessae
1586 1407 1628 1444 in
1655 1407 1770 1457 adju·

67 1464 219 1503 torium
250 1463 338 1513 ejus
368 1463 635 1502 liberationis.
671 1463 733 1501 Sic
765 1463 873 1517 enim
904 1464 1053 1513 legitur
1083 1463 1124 1501 in
1156 1465 1446 1503 vetustissimis
1478 1466 1634 1503 schedis
1668 1480 1771 1515 quae

67 1538 189 1573 penes
215 1537 287 1561 nos
314 1530 436 1560 sunt:
465 1521 679 1572 Compotas
704 1522 813 1559 Petri
840 1522 1016 1570 Statisse,
1041 1522 1279 1560 thesaurarii
1301 1523 1484 1571 Francic,
1506 1525 1681 1574 deputati
1705 1539 1774 1575 per

66 1582 365 1620 sanctissimam
390 1589 540 1631 patrem
565 1589 599 1619 et
624 1581 829 1619 (lominum
856 1590 1031 1619 nostram
1057 1582 1262 1619 dominum
1291 1582 1568 1620 Innocentium
1593 1584 1775 1621 memorie

68 1641 263 1678 recolende
293 1641 344 1678 ad
374 1640 644 1690 recipiendam
676 1640 858 1678 denarios
892 1640 1088 1678 biennalis
1119 1641 1263 1678 decime
1295 1641 1565 1679 illustrissimo
1595 1642 1773 1692 principi

69 1700 227 1737 domino
265 1699 444 1737 Johanni
480 1700 676 1749 quondam
712 1699 882 1736 Francie
917 1699 1012 1748 regi,
1051 1699 1094 1736 in
1128 1700 1373 1749 adjutoriam
1408 1701 1494 1750 ejas
1528 1701 1774 1739 liberationis

70 1773 257 1806 concesse,
281 1759 456 1796 videlicet
476 1773 500 1796 a
522 1759 725 1795 reverendo
749 1758 791 1796 in
814 1757 970 1795 Christo
991 1766 1101 1808 patre
1123 1767 1157 1796 et
1178 1759 1336 1796 domino
1359 1759 1517 1797 domino
1539 1760 1774 1809 Raymando

71 1818 176 1856 titali
201 1818 341 1855 Sancte
364 1817 505 1855 Cracis
531 1817 573 1854 in
593 1817 846 1855 Hierusalem
870 1817 1090 1867 presbytero
1114 1818 1324 1866 cardinali,
1347 1818 1450 1856 alias
1474 1819 1518 1855 de
1540 1818 1770 1865 Canilhaco,

71 1877 263 1914 collectore
289 1891 313 1914 a
340 1876 443 1914 dicta
471 1876 567 1914 Sede
593 1876 808 1926 apostolica
836 1877 1006 1925 delegato
1032 1891 1100 1914 sea
1128 1877 1310 1926 deputato
1336 1878 1388 1914 ad
1414 1877 1557 1914 dictam
1585 1878 1774 1928 decimam

72 1936 291 1983 levandam,
318 1943 394 1974 etc.
424 1936 478 1973 Et
502 1935 626 1985 paulo
651 1943 745 1985 post
772 1951 779 1972 :
804 1935 881 1972 Die
911 1935 998 1972 VII
1021 1936 1183 1984 augusti
1210 1935 1455 1983 MCCCLX,
1483 1937 1625 1986 recepit
1650 1937 1775 1974 dictas

72 1995 120 2033 P.
139 1994 302 2032 Statisse
319 2009 343 2032 a
360 1995 562 2031 reverendo
582 1994 625 2031 in
638 1993 792 2031 Christo
810 2002 919 2044 patre
933 1994 1091 2032 domino
1106 1995 1342 2043 Raymando
1361 1995 1465 2032 titali
1480 1994 1620 2032 Sancte
1634 1995 1775 2033 Crucis

75 2053 118 2090 in
148 2053 401 2091 Hierusalem
433 2053 654 2103 presbytero
686 2053 898 2100 cardinale,
931 2053 1035 2091 alias
1067 2054 1110 2090 de
1142 2053 1371 2100 Canillzac0‚
1405 2054 1449 2091 de
1482 2055 1666 2091 mandato
1696 2054 1775 2091 sibi

72 2112 174 2162 facto
202 2126 271 2162 per
297 2112 595 2149 sanctissimam
623 2120 773 2161 patrem
802 2112 1007 2149 dominam
1038 2112 1314 2150 Innocentiam
1342 2127 1505 2162 papam,
1536 2121 1577 2150 ut
1604 2113 1649 2150 de
1676 2113 1775 2150 dicto

75 2172 259 2209 mandato
285 2179 432 2209 constat
456 2185 525 2220 per
550 2171 697 2208 litteras
724 2171 767 2208 in
794 2170 874 2220 silis
900 2171 1067 2221 canapis
1092 2179 1126 2208 et
1154 2171 1259 2208 balla
1284 2171 1469 2221 plumbea
1495 2171 1677 2220 consectis
1701 2171 1774 2208 sub

75 2244 181 2268 anno
203 2230 289 2280 ejas
319 2230 575 2280 pontificatus
598 2237 727 2267 octavo
753 2229 818 2267 IX
841 2229 1100 2267 kalendarum
1120 2229 1216 2279 julii
1241 2230 1307 2280 [23
1329 2230 1418 2279 juin
1444 2230 1584 2279 1361],
1609 2244 1775 2280 quarum

76 2289 192 2339 copia
210 2304 235 2327 a
254 2297 370 2338 terga,
392 2288 798 2327 MDCCCXXXIII
816 2289 963 2338 regales
984 2303 1112 2327 novos.

129 2348 249 2386 Anno
273 2347 511 2386 MCCCLXI
534 2347 668 2385 factus
692 2355 754 2386 est
770 2347 784 2370 1
808 2347 1022 2398 episcopus
1046 2347 1347 2386 Praenestinus.

130 2407 250 2445 Anno
282 2406 544 2445 MCCCLXII
576 2421 713 2445 mense
745 2406 983 2457 septembri,
1016 2420 1108 2445 cum
1133 2414 1227 2456 post
1258 2414 1433 2445 mortem
1467 2406 1692 2443 Innocentii
1720 2406 1774 2442 VI

78 2465 302 2504 cardinales
330 2465 604 2504 deliberarent
631 2466 679 2504 de
706 2480 815 2503 novo
841 2465 1038 2515 pontifice
1066 2465 1264 2514 eligendo,
1291 2464 1481 2502 undecim
1508 2479 1558 2502 ex
1584 2465 1639 2502 eis
1677 2472 1775 2502 vota

79 2539 151 2562 sua
173 2525 437 2562 contulerunt
457 2524 498 2561 in
521 2524 770 2563 cardinalem
792 2524 1054 2569 Tolosanum,
1076 2532 1123 2561 ut
1145 2523 1381 2560 Matthaeus
1403 2522 1600 2560 Villanius
1622 2522 1776 2569 scribit,

78 2583 148 2622 lib.
181 2582 257 2630 XI,
289 2597 376 2633 cap.
409 2597 512 2621 xxvl
544 2582 774 2632 [Muratori‚
804 2591 834 2621 t.
866 2597 952 2630 xlv,
984 2583 1057 2621 col.
1087 2581 1200 2631 709].
1227 2581 1353 2619 Recte
1381 2581 1488 2620 enim
1518 2581 1786 2631 Spondanus,.

81 2656 144 2680 an.
181 2642 295 2690 1362,
334 2642 350 2690 ξ
382 2641 417 2689 6,
452 2642 652 2680 Matthaei
681 2642 804 2680 verba
836 2641 1034 2679 transfert
1058 2641 1111 2678 ad
1137 2639 1434 2690 Raymundum
1465 2640 1513 2678 de
1544 2640 1775 2687 Canilhaco,

81 2701 319 2752 episcopum
349 2701 674 2740 Praenestinum.

134 2760 254 2798 Anno
286 2759 577 2806 MCCCLXVI‚
610 2759 673 2797 die
706 2773 780 2797 xx1
811 2758 914 2808 julii,
945 2757 1135 2796 interfuit
1165 2765 1207 2795 et
1239 2757 1443 2795 consensit
1474 2757 1777 2795 conditionibus

82 2818 421 2869 emancipationis
446 2818 665 2867 Marquesii
687 2818 736 2856 de
757 2817 984 2864 Belloforti,
1008 2816 1162 2854 domini
1185 2816 1233 2854 de
1257 2815 1490 2862 Canilhaco,
1513 2815 1673 2865 nepotis
1696 2816 1777 2862 suit,

83 2877 177 2916 vide
193 2877 452 2914 probationes
467 2876 672 2914 Historiae
690 2875 973 2922 Turenmnsis,
989 2889 1028 2925 p.
1049 2873 1135 2912 151.

138 2936 252 2974 Obiit
282 2935 484 2974 Avenioni
515 2949 624 2973 anno
656 2934 1000 2981 MCCCLXXIII,
1033 2933 1096 2971 die
1128 2947 1188 2970 xx
1217 2932 1335 2982 junii,
1365 2940 1413 2970 ut
1435 2932 1565 2970 tradit
1592 2933 1778 2971 Contelo·

84 2994 166 3032 rius
199 2993 254 3045 [p.
280 2994 366 3044 77].
392 2994 546 3044 Corpus
569 2993 655 3043 ejus
685 3001 829 3044 postea
853 2992 916 3031 die
939 2999 1087 3041 quarta
1108 2991 1198 3040 julii
1221 2991 1480 3041 Magalonam
1510 2999 1704 3041 paratum
1727 2992 1778 3029 ad

133 3127 165 3151 1.
189 3118 238 3151 Le
258 3119 280 3151 4
301 3118 503 3151 novembre
528 3117 644 3160 (ibid,
666 3130 700 3161 p.
724 3116 796 3160 19).
