2083 3458
141 238 291 293 [1441]
658 253 873 278 PAPARUM
910 254 1291 279 AVENIONENsmM
1727 234 1817 280 ,575

129 334 284 373 Romae
322 335 377 373 sic
415 335 466 372 ad
506 335 772 373 Petrarcham
809 335 1016 374 scribebat
1053 350 1098 374 ea
1146 343 1395 385 tempestate
1436 334 1558 371 Linus
1599 332 1781 371 Colutius
1805 331 1817 352 ¹

127 393 339 432 Salutatus
362 407 374 431 .·
404 392 564 431 Videres
586 394 716 441 etiam,
742 395 843 444 quod
864 403 905 433 tu
930 395 1013 444 ipse
1032 394 1192 443 jamdiu
1215 392 1439 444 deplorasti,
1464 392 1609 442 templa
1631 392 1818 440 collapsa,

126 466 290 502 quorum
322 452 488 502 opificia
519 461 553 490 et
585 453 782 490 devotione
813 462 848 492 et
877 453 1120 491 sanctuariis
1152 453 1373 490 veneranda
1414 452 1505 502 ipsa
1537 451 1693 501 quidem
1725 449 1823 486 mole

124 510 385 548 admirabilia
402 519 507 559 sunt,
523 511 687 560 ferventi
708 525 820 561 opere
840 512 960 561 refici.
980 512 1249 559 Deae-tarmis,
1266 511 1346 549 scio
1360 510 1475 560 (novi
1493 508 1599 547 enim
1618 509 1748 546 animi
1761 507 1819 545 tui

123 570 321 619 pietatem)
353 584 441 607 cum
471 570 618 608 videres
643 569 946 608 Lateranensem
978 571 1183 609 basilicam
1214 571 1395 608 incendio
1423 583 1521 619 pene
1548 576 1821 617 consumptam

125 629 298 678 undique
322 628 518 676 resarciri,
545 628 669 666 Pauli
693 630 1004 667 sacratissimam
1032 630 1151 677 edem,
1178 629 1293 678 cujus
1318 637 1477 666 rectores
1502 628 1711 677 deformem
1734 626 1821 675 ejus

124 686 286 725 ruinam
306 686 466 737 jamdiu
482 688 692 737 neglexere,
712 702 817 725 nunc
838 703 916 725 non
932 687 1076 725 minori
1092 688 1221 725 studio
1238 688 1453 725 restaurari
1471 701 1588 737 quam
1604 692 1820 724 constructa

118 746 251 794 fuerit,
278 746 321 784 in
343 745 443 796 quod
462 759 565 796 opus
589 747 734 784 nedum
756 746 942 797 quicquid
962 761 1008 784 ea*
1028 746 1206 797 defuncto
1228 746 1367 784 abbate
1393 754 1588 796 repertum
1608 752 1674 792 est,
1692 743 1757 781 sed
1778 742 1822 780 de

122 803 393 854 publicofisco
412 804 476 843 ille
494 805 675 842 omnium
691 805 945 844 ecclesiarum
962 805 1149 855 princeps
1169 807 1308 854 ingens
1328 820 1471 842 aurum
1490 805 1609 842 libere
1626 803 1820 841 condona-

85 855 97 866 *
122 863 187 912 vit,
205 873 240 902 et
256 879 362 902 nunc
377 864 481 903 circa
497 864 606 903 Petri
623 864 843 911 delubrum,
862 865 977 914 cujus
994 865 1038 902 de
1055 865 1255 914 majestate
1271 874 1392 902 tacere
1408 864 1541 913 potius
1558 877 1674 912 quam
1690 875 1820 912 pauca

120 923 305 973 prosequi
318 924 532 961 consilium
545 931 612 970 est,
630 938 676 960 ne
690 924 784 961 olim
798 924 1065 972 coz-rumpenti
1079 932 1262 961 vetustate
1276 931 1526 970 marcescant,
1542 935 1695 958 summo
1709 934 1822 970 opere

121 982 330 1031 provideri.
363 982 427 1020 Ex
456 996 537 1032 quo
565 983 731 1021 interim
759 984 848 1020 loco
878 983 1010 1032 colligi
1039 997 1156 1032 posse
1186 983 1351 1020 videtur
1380 989 1542 1019 vamtas
1572 979 1818 1018 narrationis

121 1055 225 1091 quae
247 1042 371 1091 paulo
393 1050 487 1091 post
511 1042 698 1091 sequitur
721 1041 769 1080 de
792 1042 938 1091 punita
963 1041 1189 1088 ambitione
1212 1041 1375 1078 abbatis
1400 1040 1539 1083 Sancti
1564 1040 1692 1078 Pauli.

173 1100 216 1139 Ρ.
240 1100 329 1147 405,
351 1102 417 1149 lig.
443 1100 502 1138 12.
529 1100 695 1139 MUROS.
720 1100 817 1138 Voir
838 1100 1091 1147 LecacheuX‚
1115 1114 1152 1138 n.
1176 1099 1362 1141 800-813,
1387 1099 1499 1137 1387.

173 1158 216 1198 P.
237 1159 326 1206 408,
346 1160 411 1208 h'g.
433 1159 494 1197 20.
513 1159 655 1197 Gmno
676 1160 903 1207 Lmrnnm,
925 1172 1048 1209 quem
1069 1159 1367 1197 Nostradamus
1382 1159 1422 1196 in
1442 1157 1625 1196 Historia
1638 1155 1817 1202 Provin„

118 1232 157 1267 p.
187 1217 276 1266 440,
307 1220 412 1256 male
442 1227 565 1256 vocat
595 1219 826 1256 Guidonem
864 1219 913 1256 de
943 1218 1107 1267 Schery.
1140 1218 1279 1256 Fuisse
1308 1231 1399 1255 eum
1429 1229 1558 1255 unum
1586 1230 1635 1253 ex
1662 1215 1818 1253 intimis

119 1277 357 1315 consiliariis
382 1278 579 1315 Ludovici
603 1278 715 1315 ducis
738 1277 1047 1327 Andegavensis
1068 1277 1199 1326 liquet
1221 1291 1270 1314 ex
1292 1277 1464 1326 epistola
1494 1275 1646 1325 scripta
1676 1288 1698 1312 a
1721 1274 1816 1312 Gre-

119 1336 229 1385 gorio
259 1336 334 1383 XI,
362 1350 470 1374 anno
499 1336 881 1384 MCCCLXXVIII,
911 1336 974 1374 die
1000 1336 1131 1386 prima
1158 1336 1310 1382 martii,
1339 1335 1389 1373 ad
1418 1335 1654 1384 episcopum
1681 1332 1816 1382 Maga-

117 1396 287 1443 lonens,
314 1395 618 1434 thesaurarium
644 1409 776 1433 suum.
808 1395 1009 1433 Eumdem
1038 1395 1159 1433 fuisse
1186 1395 1482 1432 seneschallum
1511 1393 1818 1430 Ruthenensem

118 1461 158 1492 et
187 1455 365 1492 occisum
390 1455 433 1492 in
461 1456 645 1492 tumultu
674 1454 1035 1504 Montispessulani
1063 1468 1171 1492 anno
1200 1453 1413 1491 millesimo
1437 1450 1732 1498 CCCLXXIX,
1755 1449 1818 1487 die

119 1527 208 1550 xxv
231 1513 423 1561 octobris,
447 1514 596 1551 docent
617 1514 759 1552 literae
782 1514 967 1563 ejusdem
990 1513 1103 1550 ducis
1126 1527 1255 1562 nuper
1277 1512 1411 1550 editae
1432 1511 1539 1549 inter
1560 1509 1817 1547 Probationes

116 1569 329 1609 annalium
354 1572 652 1620 Tolosanorum,
675 1587 714 1623 p.
740 1572 826 1611 102.

171 1631 213 1669 P.
238 1631 327 1679 408,
349 1632 416 1681 lig.
442 1631 502 1670 28.
531 1632 579 1668 ΙΝ
604 1645 852 1670 FACULTATE
876 1645 1132 1669 THEOLOGIE.
1161 1631 1273 1669 Inter
1294 1630 1427 1668 varias
1442 1629 1620 1667 rationes
1644 1627 1694 1665 ob
1718 1640 1818 1676 quas

117 1689 309 1728 Urbanus
334 1690 366 1728 V
390 1705 535 1740 corpus
559 1691 691 1728 sancti
714 1690 896 1729 Thomae
920 1690 1140 1740 Aquinatis
1164 1690 1297 1727 voluit
1319 1688 1465 1728 deferri
1489 1687 1691 1734 Tolosam,
1717 1699 1816 1735 quas

114 1749 156 1786 in
176 1757 290 1787 tomo
311 1750 444 1799 primo
465 1750 603 1788 martii
623 1750 898 1797 Bollandiani,
920 1764 959 1799 p.
985 1749 1072 1796 730,
1095 1749 1284 1798 reperies,
1305 1749 1385 1786 ista
1408 1760 1571 1797 quoque
1592 1747 1784 1795 leguntur
1809 1759 1817 1781 :

118 1807 248 1846 Tertio
267 1808 385 1846 etiam
406 1809 498 1858 quia
522 1808 578 1845 ibi
599 1818 654 1846 est
674 1809 914 1846 universitas
935 1821 1034 1846 nova
1056 1808 1099 1845 in
1119 1807 1325 1856 theologia,
1348 1820 1465 1856 qzeam
1485 1806 1567 1843 Volo
1586 1804 1752 1854 fundari
1775 1803 1817 1839 in

115 1867 293 1905 doctrina
319 1868 448 1905 solida
474 1876 509 1905 et
537 1867 654 1916 firma
683 1868 794 1905 illius
821 1868 962 1906 sancti.
994 1867 1182 1905 Meminit
1211 1866 1333 1915 hujus
1362 1866 1418 1903 rei
1447 1865 1594 1903 Caesar
1624 1863 1815 1912 Egassius

114 1925 290 1964 Bulaeus
312 1927 354 1964 in
377 1934 490 1964 tomo
514 1935 663 1976 quarto
686 1927 890 1964 Historiae
918 1926 1200 1964 Universitatis
1223 1926 1370 1972 Paris,
1395 1939 1433 1974 p.
1458 1923 1546 1970 364,
1571 1937 1620 1960 ex
1642 1921 1815 1971 antiquo

114 1984 218 2023 libro
248 1985 430 2033 rectoris,
460 1986 502 2023 in
540 2000 620 2035 quo
649 1987 708 2024 ita
747 1986 897 2035 legitur
928 2001 936 2023 :
967 1986 1088 2022 Anno
1123 1984 1291 2021 Domini
1320 1982 1593 2029 MCCCLXI,
1624 1981 1686 2019 die
1711 1978 1815 2029 jovis

115 2052 202 2093 post
225 2044 369 2093 festum
399 2044 431 2083 b.
461 2044 610 2082 Luciae
636 2044 820 2094 virginis,
848 2044 1037 2082 Gobertus
1064 2044 1108 2081 de
1134 2043 1272 2081 fidente
1299 2042 1476 2079 Ber-audi
1502 2041 1641 2078 electus
1665 2039 1745 2088 fuit
1771 2038 1815 2075 in
1868 2042 1874 2047 ’

115 2110 296 2143 rectorem
323 2103 615 2142 Universitatis.
635 2104 686 2141 Et
706 2103 847 2142 habuit
867 2104 990 2141 multa
1009 2116 1122 2151 agere
1144 2117 1213 2151 pro
1235 2100 1561 2151 impositionibus
1582 2107 1616 2136 et
1635 2112 1754 2146 super
1773 2110 1814 2133 eo

115 2162 217 2211 quod
237 2162 279 2199 in
299 2177 374 2199 sua
393 2163 557 2200 rectoria
577 2177 686 2212 papa
706 2163 893 2200 concessit
913 2163 1029 2199 willae
1053 2162 1270 2198 Tolosanae
1292 2174 1413 2197 zenam
1432 2159 1656 2207 facultatem
1677 2156 1813 2194 theolo-

117 2221 204 2269 giae
227 2235 314 2258 cum
337 2230 390 2259 tot
410 2230 445 2259 et
465 2221 745 2259 consimilibus
761 2221 987 2271 privilegiis
1007 2221 1108 2270 quod
1129 2229 1163 2258 et
1182 2234 1279 2269 quae
1301 2219 1414 2256 habet
1437 2217 1684 2255 Universitas
1698 2213 1813 2251 Pari-

115 2280 272 2327 siensis,
293 2281 394 2329 quod
411 2294 478 2317 nec
498 2280 660 2318 Tolosae
678 2295 746 2318 nec
762 2280 863 2317 alibi
882 2280 963 2317 nisi
980 2279 1169 2316 Parisius
1186 2278 1334 2328 aliquis
1350 2291 1458 2326 papa
1478 2276 1598 2313 voluit
1614 2274 1814 2312 concedere

115 2352 186 2387 pro
202 2353 440 2389 quocumque
458 2340 610 2378 mundi.
629 2340 683 2376 Et
699 2347 841 2378 tamen
858 2353 903 2377 ea
921 2343 1170 2388 tempestate
1188 2337 1393 2385 theologia
1410 2335 1572 2385 publice
1589 2332 1814 2371 docebatur

113 2397 156 2434 in
171 2398 383 2436 academia
402 2398 704 2448 Monspeliensi,
723 2407 769 2437 ut
787 2398 937 2436 docent
952 2398 1095 2435 literae
1114 2397 1285 2434 Joannis
1303 2395 1405 2444 regis
1422 2394 1672 2431 Francorum
1690 2391 1812 2429 datae

113 2456 224 2506 apud
252 2456 704 2506 Montempessulanum
729 2471 838 2494 anno
865 2456 1049 2503 MCCCL,
1078 2456 1224 2493 diexv
1249 2453 1441 2503 januarii,
1469 2466 1573 2501 quae
1599 2457 1746 2488 extant
1770 2449 1812 2486 in

93 2514 275 2564 .Regesto
289 2515 558 2566 LXXX[JJ.
574 2514 638 2565 80]
657 2516 813 2554 archivi
838 2516 937 2565 regii
963 2515 1105 2562 Paris„
1122 2528 1210 2563 cap.
1237 2525 1388 2550 Dccmx
1402 2510 1427 2550 2.
1456 2510 1622 2548 Publice
1649 2521 1811 2558 quoque

112 2574 339 2613 docebatur
359 2574 569 2613 Bononiae
593 2589 643 2613 ex
663 2576 859 2613 instituto
887 2573 1116 2612 Innocentii
1140 2573 1210 2619 VI,
1236 2580 1281 2609 ut
1305 2572 1425 2609 docet
1455 2569 1542 2618 ejus
1566 2568 1677 2605 bulla
1700 2566 1811 2616 apud

112 2632 336 2683 Sigonium,
374 2633 443 2671 lib.
478 2633 541 2671 III
566 2633 625 2670 De
660 2633 860 2683 episcopis
895 2631 1232 2669 Bononiensibus.
1266 2630 1324 2668 De
1362 2629 1563 2667 Tolosana
1599 2625 1811 2664 academia

110 2692 260 2730 mirum
282 2701 343 2730 est
366 2705 456 2731 eam
479 2700 569 2730 tum
593 2693 768 2730 caruisse
792 2692 991 2730 facultate
1014 2690 1234 2740 thologiae,
1259 2702 1351 2727 cum
1374 2694 1532 2726 certum
1558 2686 1610 2724 sit
1634 2692 1812 2734 quatuor

109 2750 190 2789 illic
224 2751 454 2800 theologiae
488 2751 706 2800 magistros
742 2750 865 2788 fuisse
901 2750 1150 2788 constitutos
1186 2762 1207 2785 a
1247 2746 1495 2795 Rayinundo
1532 2744 1625 2791 VII,
1661 2742 1811 2781 comite

111 2808 327 2857 Tolosano,
343 2823 452 2847 anno
476 2809 791 2857 MCCXXVIII,
809 2824 859 2847 ex
873 2809 1005 2858 pactis
1028 2807 1140 2845 initis
1161 2820 1254 2845 cum
1278 2806 1464 2843 Romano
1489 2804 1661 2841 diacono
1682 2801 1810 2839 cardi-

111 2869 201 2907 nale
222 2868 362 2907 Sancti
383 2867 540 2917 Angeli‚
561 2869 603 2906 in
624 2869 773 2918 quibus
793 2868 852 2905 ita
874 2867 1110 2906 continetur
1128 2865 1144 2888 3
1166 2880 1173 2902 t
1198 2865 1296 2902 Item
1316 2872 1482 2914 quatuor
1501 2863 1616 2899 milia
1635 2859 1810 2897 marcha—

161 3006 193 3040 1.
225 3005 292 3038 Ed.
326 3005 477 3044 Novati,
508 3011 534 3037 t..
564 3016 587 3044 1,
617 3016 652 3048 p.
684 3005 739 3038 81.

162 3059 193 3092 2.
223 3058 371 3098 Baluze,
400 3065 426 3091 t.
452 3069 502 3097 xv,
532 3069 565 3100 p.
595 3058 675 3091 112.

161 3113 193 3144 3.
222 3111 270 3144 Μ.
301 3111 490 3146 Fournier.
521 3111 666 3150 statuis,
696 3116 721 3142 t.
749 3123 772 3150 ι,
801 3122 836 3143 n.
866 3110 945 3142 505.
972 3126 1021 3131 —
1046 3107 1099 3139 La
1125 3107 1264 3139 facult&
1292 3118 1335 3139 ne
1364 3104 1584 3139 fonctionna
1609 3115 1688 3147 pas,
1715 3103 1808 3136 mais
