2083 3458
259 217 340 257 798
906 224 1058 250 NOTAE
1093 223 1153 247 AD
1189 222 1316 247 VITAs
1811 204 1963 260 [1278]

257 315 356 351 haec
384 321 480 351 sunt
506 312 631 350 verba
659 325 709 348 ex
734 308 861 347 literis
893 306 1024 346 missis
1052 306 1104 343 ad
1133 304 1359 344 cardinales
1388 303 1674 342 Florentinum
1702 312 1744 342 et
1771 303 1965 342 Mediola-

259 386 426 410 nensem
452 371 587 421 quoad
614 369 831 409 concilium
854 384 860 405 :
887 368 986 405 Item
1009 374 1066 403 est
1097 365 1207 403 tertio
1232 364 1565 402 considerandum
1589 364 1690 414 quod
1714 363 1966 401 adversarius

259 433 367 470 nullo
383 432 494 469 modo
516 431 597 468 vult
619 429 844 467 concilium.
872 427 958 464 ,11ηο
981 426 1126 463 nedum
1148 424 1353 473 denegavit
1371 423 1546 461 dominis
1563 423 1673 471 meis,
1694 437 1784 473 ymo
1806 422 1966 472 regibus

261 492 459 542 pluribus,
500 490 646 528 scilicet
685 488 865 534 Castelle,
906 485 1125 535 Aragonie,
1165 493 1199 522 et
1237 483 1409 522 Boemie.
1452 484 1687 522 Leonardus
1729 497 1892 533 quoque
1918 482 1966 521 de

262 551 424 589 Giss'ono
441 549 656 589 cardinalis
671 548 780 586 istud
801 561 963 597 quoque
978 553 1159 584 testatur
1170 544 1211 582 in
1222 552 1409 582 tractatu
1425 557 1547 593 quem
1563 543 1724 593 scripsit
1737 543 1860 593 paulo
1872 550 1967 593 post

261 610 501 649 electionem
524 608 738 647 Benedicti
764 607 888 653 XIII,
915 606 956 643 in
982 619 1062 654 quo
1087 604 1257 654 loquens
1285 603 1332 641 de
1360 603 1529 641 Urbano
1553 603 1611 640 ita
1637 602 1801 641 scribit:
1828 602 1966 640 Primo

262 684 429 719 namque
459 668 695 706 intrusionis
723 666 930 718 principie.
957 665 1135 702 intrusus
1161 663 1241 713 fuit
1279 662 1452 700 monitus
1480 671 1514 700 et
1541 662 1745 700 aclvisatus
1773 676 1843 712 per
1869 661 1967 699 duos

262 729 495 775 cardinales,
522 743 647 765 unum
676 726 889 773 Ytalicum,
914 733 948 762 et
971 724 1098 762 alium
1129 723 1339 769 Gallicum,
1365 722 1530 772 qualiter
1555 722 1639 772 ipse
1663 736 1742 759 non
1755 730 1845 760 erat‘
1857 736 1967 772 papa

262 790 400 826 electus
420 788 618 835 canonice,
640 795 673 825 et
692 787 794 837 quod
811 784 1028 835 provideret
1045 798 1117 821 suo
1136 782 1257 820 statui
1276 782 1472 832 salutique
1483 782 1628 819 anime.
1648 781 1726 832 Qui
1746 781 1885 819 audire
1903 795 1965 819 eos

263 848 401 886 noluit.
438 847 680 885 Secundario
713 854 822 884 testes
854 845 906 882 acl
937 844 1005 881 hoc
1036 851 1129 880 sunt
1161 841 1345 888 adhibiti,
1380 842 1475 879 ctum
1506 849 1632 878 essent
1653 841 1867 890 Anagnia3
1902 840 1966 878 cui

263 908 466 957 offerentes
490 922 559 944 seu
583 913 843 957 proponentes
868 904 974 942 viam
998 902 1170 949 concilii,
1196 901 1422 952 repudiavit
1445 915 1531 939 eam
1554 901 1714 951 penitus
1727 901 1904 950 allegans
1927 914 1966 938 se

265 968 364 1004 nolle
385 967 452 1016 jus
475 981 594 1004 suum
618 965 880 1003 certissimum
905 963 948 1001 in
971 962 1139 1001 dubium
1164 969 1313 999 vertere.
1341 959 1395 998 At
1421 959 1453 999 si
1490 959 1618 999 facilis
1643 968 1684 999 et
1710 959 1753 998 in
1767 968 1962 1010 promptu

264 1026 407 1065 fuisset
429 1025 689 1075 congregatio
712 1023 884 1071 concilii,
907 1022 940 1061 si
967 1022 1035 1060 illa
1065 1021 1125 1059 his
1149 1019 1463 1059 difficultatibus
1494 1019 1694 1070 impedita
1717 1034 1799 1058 non
1821 1019 1964 1058 fuisset

263 1100 368 1135 quae
386 1093 650 1124 recensentur
666 1084 708 1122 in
726 1082 887 1133 scriptis
906 1090 1007 1120 tunc
1025 1080 1159 1128 editis,
1180 1080 1353 1118 dubium
1379 1094 1461 1118 non
1478 1087 1541 1118 est
1560 1079 1659 1129 quin
1677 1093 1768 1118 eam
1789 1079 1964 1118 Karolus

264 1146 476 1195 amplexus
495 1153 614 1192 esset,
635 1144 704 1194 qui
722 1151 939 1194 propterea
958 1141 999 1179 in
1018 1140 1144 1179 initiis
1162 1139 1279 1178 istius
1301 1139 1604 1178 controversiae
1623 1138 1755 1188 coegit
1775 1137 1964 1177 Lutetiae

264 1213 516 1244 conventum
551 1204 834 1255 episcoporum
855 1210 897 1240 et
916 1201 1099 1239 virorum
1120 1199 1453 1238 doctissimorum
1473 1207 1521 1237 ut
1541 1199 1775 1249 exquireret
1795 1198 1965 1238 modum

264 1279 346 1314 quo
376 1264 466 1302 finis
493 1263 650 1314 imponi
675 1271 814 1314 posset
842 1260 1066 1300 schismati.
1100 1261 1146 1297 In
1173 1274 1219 1298 eo
1249 1259 1400 1309 quippe
1429 1267 1650 1306 conventu,
1679 1257 1744 1297 cui
1774 1257 1967 1296 interfuit

264 1324 391 1362 etiam
417 1324 677 1363 Wenceslaus
703 1323 789 1360 dux
812 1320 1078 1368 Brabantiae,
1105 1319 1343 1358 conclusum
1370 1318 1449 1356 fuit
1476 1315 1586 1368 quod
1612 1318 1679 1357 1113
1705 1317 1773 1356 via
1808 1317 1967 1357 concilii

265 1383 461 1433 generalis
496 1398 578 1421 non
610 1391 698 1422 erat
729 1380 932 1432 possibilis
966 1395 1040 1418 nec
1071 1379 1294 1429 sequenda.
1333 1379 1396 1416 Ita
1427 1386 1610 1416 testatur
1642 1379 1787 1417 Petrus
1821 1376 1970 1416 Amelii

268 1443 483 1482 cardinalis
517 1441 819 1481 Ebredunensis
851 1440 893 1478 in
923 1447 1110 1478 tractatu
1141 1447 1233 1476 tum
1266 1438 1390 1476 edito.
1433 1438 1485 1476 Et
1523 1438 1641 1485 alias,
1680 1437 1818 1487 inquit
1845 1436 1876 1484 1,
1914 1437 1970 1474 ita

265 1503 345 1552 fuit
376 1504 602 1541 conclusum
634 1502 789 1552 quando
824 1500 880 1539 bo.
916 1514 986 1538 me.
1021 1498 1206 1537 dominus
1238 1498 1318 1536 [lucc
1349 1497 1562 1535 Brebantie
1598 1498 1750 1547 petebat
1781 1496 1969 1534 Parisius

270 1562 380 1600 illam
404 1563 521 1601 viam.
550 1563 603 1600 Et
626 1561 750 1612 paulo
774 1568 869 1611 post
893 1558 1011 1597 addit
1036 1558 1202 1608 qualiter
1226 1558 1306 1595 clusi:
1330 1557 1542 1595 Brebantie
1566 1557 1670 1595 alias
1694 1557 1762 1594 hoc
1792 1556 1969 1607 petierat,

267 1630 301 1659 et
326 1637 445 1672 super
471 1622 539 1659 hoc
564 1622 693 1671 suerat
720 1621 831 1670 plene
859 1619 1129 1665 deliberatum·⁷
1158 1626 1192 1655 et
1220 1617 1394 1667 finaliter
1421 1617 1649 1654 conclusum
1676 1617 1778 1667 quod
1806 1616 1875 1654 illa
1907 1615 1971 1654 wia

270 1696 348 1719 non
373 1690 499 1732 posset
523 1681 655 1719 teneri.
687 1679 870 1729 Denique
899 1678 1051 1715 Karolo
1076 1677 1221 1715 eadem
1244 1677 1286 1714 in
1310 1677 1385 1715 1106
1411 1676 1575 1726 negotio
1602 1690 1723 1714 mens
1742 1675 1821 1714 fuit
1845 1689 1969 1726 quam

269 1740 347 1779 sibi
363 1741 484 1779 fuisse
500 1749 681 1779 testatur
695 1753 818 1790 supra
855 1738 900 1788 [t.
913 1738 945 1788 1]
969 1752 1009 1788 p.
1026 1737 1101 1775 525
1119 1735 1351 1774 LudoVicus
1370 1750 1502 1774 comes
1527 1735 1757 1783 Flandriae,
1778 1735 1972 1773 nimirum

269 1810 465 1850 paratum
496 1800 611 1838 illum
644 1799 765 1837 fuisse
798 1807 906 1836 stare
942 1796 1209 1835 declarationi
1241 1795 1401 1834 concilii
1433 1795 1644 1845 generalis,
1672 1803 1719 1833 ut
1752 1795 1873 1833 docet
1904 1793 1970 1831 illa

270 1860 357 1910 ipsa
386 1859 608 1899 declaratio
636 1873 761 1909 quam
790 1857 1030 1907 Raynaldus
1058 1855 1193 1894 emisit
1219 1855 1260 1893 in
1283 1855 1496 1906 publicum
1523 1870 1573 1893 ex
1599 1855 1736 1893 codice
1767 1854 1970 1893 VaticanO.

274 1920 405 1967 Quare
428 1928 537 1958 recte
561 1918 814 1957 orthodoxus
838 1916 948 1967 apud
972 1924 1182 1954 auctorem
1205 1915 1404 1953 librorum
1418 1915 1478 1952 De
1499 1914 1722 1952 hierarchia
1743 1912 1974 1952 subcaelesti

273 1979 328 2017 sic
346 1979 567 2029 respondet
585 1978 599 2000 2
618 1976 842 2027 objectioni
869 1974 1155 2015 catechumeni
1181 1988 1306 2024 quam
1324 1989 1396 2012 nos
1416 1988 1538 2024 supra
1557 1988 1596 2024 p.
1620 1974 1720 2011 1276
1737 1973 1950 2012 retulimus
1966 1989 1973 2010 :

273 2038 457 2086 Omissis,
478 2037 627 2087 inquit,
649 2036 833 2087 pluribus
854 2034 1146 2073 occurrentibus
1167 2035 1211 2071 616
1232 2034 1427 2071 divisione
1447 2034 1519 2071 hac
1539 2033 1756 2071 volentibus
1776 2034 1973 2080 altercare,

274 2112 344 2147 que
369 2098 460 2135 hinc
486 2098 575 2135 inde
600 2096 716 2143 dicta,
741 2096 903 2146 scripta,
926 2095 1106 2144 factaque
1128 2094 1249 2143 suere,
1273 2094 1316 2131 de
1338 2093 1481 2143 quibus
1507 2107 1584 2130 non
1608 2101 1755 2143 spectat
1775 2107 1846 2143 pro
1862 2106 1976 2130 nunc

274 2157 476 2204 discutere,
498 2156 591 2206 quia
609 2164 643 2193 et
663 2156 850 2206 opusculo
869 2155 949 2192 alio
969 2154 1051 2191 nisi
1069 2168 1208 2191 sumus
1229 2153 1415 2190 disserere
1435 2153 1516 2190 noli
1536 2161 1590 2200 tu,
1612 2152 1686 2202 fili,
1709 2153 1856 2190 credere
1876 2151 1977 2201 quod

275 2217 452 2266 prefatus
472 2231 536 2254 rex
555 2225 635 2254 tam
655 2215 784 2265 fidelis
803 2223 837 2253 et
855 2214 1042 2265 prudens,
1065 2228 1177 2263 quem
1197 2213 1397 2250 constituit
1416 2212 1601 2250 dominus
1621 2226 1740 2262 super
1759 2211 1976 2249 Franciam
2027 2245 2028 2248 ,

276 2291 393 2326 super
419 2276 554 2313 omnia
579 2289 700 2324 regna
727 2274 866 2312 muncli
892 2273 1042 2311 divinis
1068 2272 1239 2310 cultibus
1264 2281 1298 2310 et
1323 2271 1595 2310 ecclesiasticis
1622 2271 1798 2309 moribus
1824 2270 1975 2308 dedica-

276 2344 368 2383 tam,
392 2336 441 2373 ab
464 2335 686 2372 obedientia
708 2342 838 2372 sancte
860 2334 1037 2371 Romane
1054 2332 1226 2370 Ecclesie
1248 2340 1281 2369 et
1304 2332 1424 2369 multo
1448 2331 1583 2369 minus
1598 2331 1772 2369 Ecclesie
1794 2330 1977 2368 catholice

276 2409 315 2432 86
335 2395 517 2432 voluisset
536 2395 592 2432 vel
610 2395 662 2431 ad
680 2401 919 2430 momentum
937 2392 1122 2439 dividere,
1143 2391 1373 2441 quinymmo
1392 2399 1473 2428 tam
1492 2391 1535 2428 in
1554 2391 1634 2428 vita
1653 2404 1772 2440 quam
1792 2389 1834 2427 in
1861 2396 1978 2427 morte

280 2454 321 2491 in
346 2469 391 2491 ea
416 2453 567 2491 studuit
601 2468 638 2490 se
667 2453 792 2490 unire.
823 2453 876 2490 Et
902 2451 1007 2489 infra
1037 2467 1044 2489 :
1074 2451 1119 2489 Si
1148 2451 1270 2500 igitur
1295 2451 1436 2488 zelator
1461 2450 1553 2488 talis
1578 2465 1623 2488 ac
1648 2458 1781 2487 tantus
1807 2448 1979 2486 Ecclesie

279 2513 477 2561 ingenuus
498 2527 563 2550 rea:
584 2512 754 2556 Francie
775 2511 1103 2561 religiosissimus
1123 2519 1157 2548 et
1178 2510 1542 2559 ingeniosissimus,
1565 2509 1673 2546 visus
1687 2517 1742 2546 est
1758 2509 1810 2546 acl
1826 2516 1979 2558 tempus

278 2588 445 2622 parvum
467 2587 506 2609 86
529 2572 699 2609 (lividere
721 2572 771 2609 ab
796 2571 877 2608 illis
900 2584 993 2620 quos
1014 2571 1152 2619 forsan
1174 2569 1349 2607 credebat
1371 2570 1519 2606 emulos
1541 2570 1598 2606 vel
1621 2568 1805 2606 inimicos
1828 2581 1980 2605 morum

280 2632 450 2668 Ecclesia
474 2631 715 2678 catholice...,
741 2631 809 2668 1106
833 2645 913 2668 11011
937 2630 1031 2667 vitio
1055 2630 1122 2667 secl
1147 2629 1318 2667 maxime
1344 2628 1468 2675 laudi,
1496 2642 1575 2665 non
1599 2626 1892 2678 presumptioni
1914 2626 1982 2663 sed

281 2691 412 2727 (livine
447 2690 678 2728 emulationi
714 2690 847 2739 potius
881 2690 988 2728 debet
1021 2688 1182 2727 ascribi.
1221 2689 1332 2738 Opus
1368 2688 1469 2725 illud
1504 2695 1622 2725 extat
1657 2686 1699 2724 in
1734 2686 1871 2725 codice
1905 2684 1984 2724 846

282 2749 564 2788 celeberrimae
588 2749 779 2787 ecclesiae
803 2748 942 2787 Sancti
962 2747 1137 2787 Victoris
1165 2747 1400 2786 Parisiensis
1425 2755 1466 2785 et
1488 2746 1530 2784 in
1554 2745 1689 2784 codice
1714 2744 1818 2784 3288
1838 2744 1981 2782 biblio-

282 2817 395 2845 16636
421 2808 690 2847 (jolbertinae.
715 2809 760 2845 In
784 2809 890 2846 calce
914 2822 1010 2846 vero
1033 2807 1219 2857 ejusdem
1243 2806 1373 2857 operis
1395 2806 1454 2844 ita
1476 2806 1676 2856 scriptum
1698 2813 1760 2843 est
1781 2804 1823 2842 in
1844 2803 1982 2842 codice

284 2867 493 2904 Victorino
536 2884 543 2905 2
588 2868 764 2917 Explicit
790 2867 806 2889 3
850 2876 1011 2917 quartus
1065 2867 1163 2904 liber
1216 2865 1414 2915 yerarchie
1465 2865 1704 2911 subcelestis,
1738 2863 1981 2902 <recollectus

335 3003 365 3033 ’1.
397 3003 545 3042 11311116,
577 3010 602 3036 t.
631 3017 682 3043 iv,
713 3017 747 3048 p.
780 3006 860 3037 202.

339 3060 365 3086 2¹.
403 3056 436 3087 Η.
468 3056 522 3091 N..
549 3069 613 3089 ms.
640 3058 734 3089 latin
758 3058 864 3098 3184,
889 3058 952 3091 fol.
980 3059 1023 3091 28
1047 3063 1098 3091 VO.

338 3113 366 3138 Ἰ,
402 3108 464 3139 Μ.»
488 3110 570 3148 vite,
594 3110 653 3142 101.
675 3112 719 3143 32
742 3116 790 3144 ΥΟ.
811 3130 859 3133 ——
879 3111 922 3144 N.
944 3111 1071 3144 Valois
1092 3123 1112 3143 a
1132 3111 1300 3161 attribue
1320 3111 1513 3153 l'ouvrage
1533 3110 1554 3141 a
1572 3120 1623 3141 un
1645 3108 1831 3140 Precheur
1849 3106 1984 3139 Michel
