2083 3458
119 267 270 324 [1396]
535 259 540 265 ⁸
644 287 861 313 PAPARUM
895 288 1278 315 AVENJONENsmM
1724 275 1804 315 907

110 375 252 417 optare
285 382 325 405 se
357 377 405 406 ut
437 368 467 407 is
501 377 623 407 antea
656 369 777 407 sciret
809 383 950 408 causas
985 370 1223 410 discordiae.
1260 372 1404 410 Nescio
1436 387 1488 410 an
1522 372 1800 422 redintegrata

109 426 232 465 fuerit
248 427 464 465 concordia
480 427 586 466 inter
601 441 693 466 eam
708 436 749 466 et
764 428 959 478 reginam.
977 430 1054 468 Sed
1070 430 1280 480 probabile
1297 439 1359 469 est
1374 445 1458 469 rem
1474 431 1531 469 ita
1547 431 1800 470 successisse.

113 486 281 524 Etenim
302 485 364 524 die
385 486 531 524 ultima
551 487 736 536 ejusdem
757 488 904 526 mensis
926 489 1103 527 octobris
1124 490 1261 538 regina
1281 490 1334 546 agl
1353 504 1444 528 eam
1461 489 1663 540 Merargas
1691 490 1801 528 misit

111 543 326 582 dominum
357 545 405 583 de
437 545 566 593 Saltu,
599 546 669 596 qui
698 546 842 585 eadem
867 546 929 585 die
960 562 1143 586 reversus
1170 557 1231 586 est
1266 548 1468 598 [Journal‚
1508 564 1546 600 p.
1580 550 1668 597 214,
1711 549 1800 596 399,

111 604 203 651 440,
226 603 335 653 453].

167 664 209 701 P.
238 663 326 710 514,
353 663 419 713 lig.
449 663 509 702 13.
538 664 741 702 CASTRUM
770 678 825 701 DE
850 665 1028 710 BAUmo,
1054 665 1180 715 'vulgo
1206 666 1249 703 de
1274 666 1403 705 Bauae.
1433 667 1672 705 pertinebat
1701 666 1801 704 illud

111 721 164 759 ad
189 730 357 772 neptem
383 722 623 772 Raymundi
648 723 863 761 Heliadem
886 723 934 762 de
957 724 1124 772 Baucio,
1151 724 1277 762 filiam
1303 725 1540 776 Raymundi
1563 726 1611 764 de
1634 725 1802 773 Baucio‚

112 781 273 819 comitis
296 781 470 828 Avelini,
493 790 533 819 et
555 782 740 820 Joannae
763 782 811 821 de
831 783 1058 821 Belloforti.
1081 783 1184 822 Sane
1215 792 1372 822 certum
1392 793 1481 823 erat
1501 784 1600 823 illud
1622 784 1664 822 vi
1685 799 1800 823 occu-

110 848 257 890 patum
289 855 372 879 esse
405 854 427 877 a
463 841 725 890 Raymundo,
757 850 1045 892 recuperatum
1076 842 1268 880 nimirum
1299 858 1372 893 pro
1407 843 1575 882 Heliade
1607 843 1802 882 adversus

113 899 341 937 Antonium
365 907 406 937 et
431 899 693 938 Franciscum
716 900 764 937 de
787 900 940 938 Baucio
964 909 1132 951 patruos
1157 901 1257 951 ejus,
1283 902 1353 952 qui
1376 902 1534 941 dictum
1557 911 1739 941 castrum
1762 910 1804 940 et

113 958 246 1009 plures
269 958 367 996 alias
391 967 519 996 terras
542 959 594 996 ad
617 958 772 997 dictam
796 959 922 997 filiam
952 960 1203 1009 pertinentes
1234 969 1275 999 et
1305 970 1538 1011 spectantes
1562 961 1804 1000 detinebant

113 1017 245 1056 eidem
268 1017 386 1064 filiae,
408 1025 455 1055 ut
473 1017 621 1067 legitur
640 1017 681 1055 in
700 1018 809 1056 bulla
825 1018 1037 1056 Benedicti
1055 1019 1161 1057 XIII
1177 1034 1299 1069 supra
1319 1020 1502 1059 laudata.
1525 1020 1616 1058 Non
1634 1020 1804 1059 tenebat

114 1091 208 1127 ergo
232 1076 332 1114 illud
355 1076 584 1126 tyrannice,
609 1077 679 1115 sed
702 1077 791 1126 jure
816 1078 986 1127 optimo.

171 1137 213 1174 P.
241 1136 330 1182 514,
364 1135 430 1185 lig.
466 1135 527 1174 22.
561 1136 713 1174 GRADU
750 1151 948 1174 SECUNDO
987 1151 1260 1175 AFFINITATIS.
1303 1138 1393 1175 Non
1432 1138 1537 1176 dixit
1570 1137 1805 1187 consangui-

119 1195 269 1233 nitatis.
295 1195 401 1232 Nam
425 1194 696 1244 Raymundus
718 1210 800 1233 non
820 1203 907 1233 erat
928 1209 973 1234 ea
1002 1196 1299 1234 necessitudine
1321 1197 1564 1246 conjunctus
1587 1211 1680 1235 cum
1699 1210 1806 1247 papa

118 1255 338 1292 Clemente.
361 1255 416 1291 At
442 1268 537 1292 vero
556 1254 687 1292 affinis
705 1254 792 1303 ejus
811 1262 912 1301 erat,
932 1254 1027 1304 quia
1048 1254 1223 1293 duxerat
1243 1255 1284 1292 in
1310 1255 1620 1294 matrimonium
1638 1255 1809 1293 Mariam

118 1313 168 1351 de
196 1313 367 1351 Bolonia
400 1313 745 1363 consanguineam
773 1313 860 1362 ejus
891 1327 1139 1363 germanam.
1183 1314 1365 1352 Clemens
1397 1314 1546 1365 quippe
1579 1314 1683 1353 filius
1722 1322 1810 1352 erat

122 1372 331 1410 Mathildis
371 1372 418 1410 de
458 1372 643 1419 Bolonia,
688 1386 792 1421 quae
830 1387 941 1410 soror
981 1381 1069 1411 erat
1106 1372 1275 1411 Joannis
1316 1374 1443 1423 patris
1480 1374 1631 1412 Mariae
1673 1373 1809 1411 uxoris

125 1431 375 1481 Raymundi.
408 1431 578 1469 Joannis
609 1445 729 1481 porro
760 1439 801 1469 et
833 1431 1041 1469 Mathildis
1081 1440 1253 1482 patruus
1286 1440 1374 1470 erat
1400 1432 1532 1470 Guido
1563 1433 1610 1470 de
1640 1432 1811 1470 Bolonia

120 1490 352 1536 cardinalis,
374 1505 496 1540 quem
515 1498 679 1529 constat
701 1490 823 1529 fuisse
850 1490 1067 1529 Clementis
1094 1491 1358 1529 avunculum.

177 1551 220 1588 P.
243 1549 332 1597 516,
353 1549 418 1599 lig.
441 1549 502 1587 29.
529 1550 858 1588 UN1vER51TATls
878 1564 1014 1587 sTUDu
1037 1550 1315 1588 PAmerNsls.
1343 1550 1500 1589 Literae
1531 1564 1705 1600 quarum
1726 1549 1813 1587 heic

125 1609 279 1647 mentio
300 1608 435 1647 editae
455 1617 552 1647 sunt
572 1609 613 1646 in
633 1616 747 1646 tomo
767 1617 883 1647 sexto
906 1608 1116 1658 Spicilegii
1140 1609 1396 1656 Dacheriani,
1417 1624 1456 1659 p.
1480 1609 1554 1647 109
1574 1618 1616 1647 et
1635 1609 1676 1646 in
1700 1617 1813 1646 tomo

123 1677 272 1718 quarto
309 1668 512 1706 Historiae
554 1667 833 1706 Universitatis
868 1668 1016 1715 Paris„
1053 1682 1144 1718 pag.
1182 1667 1271 1715 699,
1307 1683 1357 1706 ex
1392 1668 1528 1706 codice
1561 1666 1638 1706 842
1675 1667 1815 1706 Sancti

125 1727 298 1766 Victoris
326 1726 561 1766 parisiensis
580 1727 608 1765 ¹.
638 1727 856 1765 Habentur
880 1727 1005 1764 etiam
1030 1727 1071 1764 in
1096 1727 1232 1765 codice
1255 1725 1333 1764 822
1358 1727 1628 1765 bibliothecae
1655 1726 1815 1764 Colber-

123 1787 234 1825 tinae
253 1786 280 1824 2.

179 1847 222 1884 P.
252 1845 341 1892 517,
359 1846 543 1883 variante
572 1845 649 1883 13e.
688 1845 735 1882 ΙΝ
774 1859 924 1882 MAGNA
962 1859 1270 1882 MEDITATIONE.
1312 1845 1357 1882 In
1394 1845 1530 1883 codice
1565 1842 1641 1882 842
1678 1843 1818 1882 Sancti

127 1904 302 1947 Victoris
325 1904 449 1942 Paris.
466 1912 561 1954 post
577 1904 826 1954 descriptam
846 1903 1063 1954 epistolam
1083 1903 1371 1942 Universitatis
1390 1903 1514 1942 Paris.
1530 1902 1558 1950 3,
1582 1917 1684 1952 quae
1706 1901 1816 1941 edita

124 1972 187 2002 est
207 1963 249 2001 in
270 1972 384 2001 tomo
402 1972 550 2013 quarto
566 1963 769 2000 Historiae
783 1962 968 2012 ejusdem
992 1963 1283 2010 Universitatis,
1299 1977 1338 2012 p.
1355 1962 1444 2010 699,
1460 1963 1538 2000 ista
1554 1961 1705 2011 scripta
1721 1969 1818 1999 sunt

126 2022 357 2072 antiquitus
385 2039 392 2060 :
418 2023 484 2060 Ad
508 2022 604 2060 istas
627 2022 759 2060 literas
783 2036 862 2059 non
885 2022 988 2059 dedit
1011 2037 1120 2072 papa
1143 2022 1437 2071 responsionem
1460 2021 1728 2067 literatoriam,
1752 2019 1819 2056 sed

126 2082 319 2119 verbalem
336 2090 502 2128 tantam,
522 2095 593 2131 que
609 2081 688 2130 fait
706 2081 810 2128 talis,
829 2081 975 2118 scilicet
993 2081 1094 2130 qaod
1111 2080 1216 2118 litere
1236 2080 1305 2118 iste
1325 2081 1423 2118 male
1440 2088 1550 2118 erant
1567 2088 1601 2118 et
1619 2092 1817 2125 venenose,

126 2149 210 2188 etc.,
231 2149 264 2178 et
283 2142 327 2178 de
347 2149 432 2190 post
453 2155 532 2178 non
552 2141 719 2178 maltam
740 2140 934 2189 gaudiam
952 2140 1103 2185 habuit,
1124 2148 1157 2177 et
1185 2139 1283 2176 satis
1297 2139 1370 2176 cito
1391 2147 1566 2176 mortuus
1585 2147 1652 2185 est,
1672 2138 1819 2175 scilicet

127 2200 189 2238 die
210 2199 392 2237 mercurii
412 2199 462 2237 16
480 2199 711 2249 septembris
729 2213 834 2236 anno
850 2198 1017 2236 Domini
1036 2197 1139 2236 1394
1157 2207 1191 2235 et
1207 2199 1386 2247 sepultas
1403 2205 1459 2235 est
1477 2198 1587 2247 apud
1601 2197 1819 2234 Dominam

129 2258 316 2296 Nostram
342 2259 386 2296 de
408 2258 550 2296 Donis.
578 2257 850 2296 Continuator
874 2257 1021 2307 Nangii
1040 2257 1056 2279 4
1081 2273 1088 2294 ε
1117 2257 1263 2306 Apices
1286 2257 1469 2294 dominas
1495 2271 1604 2306 papa
1626 2255 1818 2305 recipiens

129 2318 172 2355 in
203 2317 400 2367 presentia
431 2317 702 2355 assistentiam
733 2316 914 2366 perlegit,
945 2317 1012 2353 sed
1042 2317 1135 2353 dum
1167 2315 1362 2353 modicam
1391 2315 1583 2364 scripture
1613 2314 1818 2363 attigisset,

128 2391 339 2426 assurgens
359 2391 448 2414 cam
468 2376 678 2413 iracundia
697 2390 843 2423 magna
862 2375 1011 2413 cunctis
1030 2375 1285 2412 audientibus
1306 2374 1434 2424 inquit
1451 2388 1462 2411 .·
1494 2374 1570 2411 Iste
1589 2373 1710 2410 littere
1728 2379 1820 2409 sant

127 2444 259 2474 sancte
288 2436 401 2473 Sedis
430 2435 639 2485 apostolice
669 2434 961 2483 diffamatriceS,
991 2447 1134 2471 veneno
1172 2433 1419 2471 detractionis
1460 2433 1586 2482 plene,
1616 2446 1683 2469 nec
1721 2432 1818 2468 lecta

130 2509 198 2532 nec
218 2495 380 2532 recitata
401 2494 518 2543 digne
538 2502 642 2531 sant.
662 2494 715 2531 Et
728 2493 851 2543 paulo
872 2492 977 2530 infra
993 2492 1008 2515 5
1029 2508 1035 2530 :
1062 2492 1158 2530 Inde
1179 2493 1305 2529 dolore
1325 2499 1448 2529 tactus
1471 2490 1705 2528 intrinsecas
1720 2488 1820 2539 cepit

129 2554 350 2604 plurimam
380 2553 553 2599 anxiari,
586 2567 653 2589 nec
682 2552 752 2589 diu
782 2559 914 2601 postea
944 2551 1052 2588 vixit.
1085 2551 1200 2588 Levis
1228 2550 1335 2588 enim
1365 2549 1580 2599 infirmitas
1605 2549 1820 2586 secundum

242 2718 282 2751 B.
315 2718 373 2757 N.‚
402 2729 469 2750 ms.
498 2716 594 2749 latin
622 2716 750 2755 14643,
779 2716 841 2748 fol.
873 2716 916 2749 23
945 2720 995 2748 νο.

240 2771 280 2804 Β.
311 2770 368 2810 Ν.,
397 2782 463 2803 ms.
491 2769 587 2802 latin
612 2769 716 2809 1463,
743 2768 805 2802 fol.
833 2769 902 2801 ‘lOO
929 2773 972 2801 r0.

236 2824 276 2857 B.
302 2824 359 2863 N.‚
381 2835 448 2857 ms.
471 2822 566 2855 latin
586 2822 714 2861 14643,
736 2822 798 2854 fol.
822 2822 866 2854 23
889 2826 939 2854 v0.
956 2840 1004 2844 —
1020 2821 1109 2853 Voir
1126 2819 1490 2853 Denifle-Chatelain
1516 2818 1817 2862 (Chartularium,

181 2719 212 2751 1.

182 2772 212 2804 2.

181 2825 214 2857 3.

187 2889 238 2916 111,
267 2888 302 2910 n.
332 2877 443 2916 169Ο;
471 2876 600 2908 lettres
629 2875 679 2907 du
706 2875 749 2907 17
777 2874 900 2918 juillet
927 2874 1047 2917 1394).

182 2931 214 2963 4.
243 2930 450 2972 Bellaguet,
478 2935 504 2962 t.
531 2940 568 2968 11,
597 2940 631 2972 p.
659 2928 740 2961 184.

183 2984 214 3016 5.
239 2983 464 3025 Clzroniques
485 2983 534 3014 da
554 2981 742 3023 religieux,
766 2986 791 3013 t.
814 2992 851 3019 11,
874 2991 909 3023 p.
933 2980 1014 3012 186.
1036 2998 1084 3002 -—
1104 2978 1175 3011 Sur
1194 2979 1230 3011 la
1251 2984 1352 3011 mort
1373 2978 1417 3010 de
1439 2978 1609 3011 Clement
1630 2977 1717 3016 VII,
1741 2975 1822 3008 voir

135 3035 178 3069 N.
205 3036 331 3068 Valois
359 3036 398 3078 (t.
422 3047 459 3074 11,
485 3046 519 3078 p.
545 3033 732 3076 427-428).
758 3033 827 3065 Les
851 3032 1024 3075 registres
1048 3033 1092 3065 43
1120 3031 1195 3075 (fol.
1221 3032 1290 3064 154
1313 3031 1357 3075 r0)
1385 3037 1423 3064 et
1445 3031 1490 3063 49
1518 3030 1592 3073 (fol.
1619 3030 1663 3062 53
1685 3029 1730 3072 ΓΟ)
1759 3029 1822 3062 des

131 3088 382 3132 obligationes
407 3087 653 3120 contiennent
676 3091 775 3119 cette
799 3085 970 3118 mention
994 3097 1001 3117 :
1027 3084 1136 3118 Circa
1151 3085 1278 3117 horam
1294 3085 1366 3117 diei
1385 3084 1572 3122 decimam,
1596 3082 1760 3126 sepultus
1785 3082 1821 3115 in

130 3142 280 3175 ecclesia
300 3140 548 3174 Avinionensi
570 3140 627 3173 dte
648 3139 786 3172 veneris
809 3138 854 3171 18
875 3138 961 3171 dicti
983 3138 1128 3170 mensis

133 2883 160 2910 t.
