2083 3458
93 292 216 347 [919]
619 307 835 332 PAPARUM
870 306 1255 333 AVENIONENSIUM
1691 293 1771 334 435

80 391 270 441 degelati,
288 391 517 429 Guidonem
536 390 750 429 dominum
774 391 822 429 de
847 391 980 428 Thoro
1004 399 1045 429 et
1069 391 1117 429 de
1138 392 1323 430 Bulbone
1351 392 1391 429 in
1408 393 1581 431 dioecesi
1597 394 1771 432 Avenio-

80 450 208 498 nensi,
234 450 491 500 Stephanum
514 449 777 496 cardinalem,
805 450 1022 498 Hugonem
1045 450 1283 500 episcopum
1307 451 1554 499 Albiensem,
1579 461 1620 490 et
1640 453 1773 490 Galia-

79 523 188 547 nam.
213 509 404 558 Suspicor
424 516 564 545 autem
586 507 693 545 hunc
716 508 943 555 Galterum,
966 523 1059 546 cum
1082 523 1250 547 uxorem
1271 510 1487 557 amisisset,
1513 511 1668 549 factum
1690 527 1774 550 esse

79 567 282 606 clericum.
314 567 479 605 Etenim
506 566 617 616 apud
647 566 899 604 Richardum
927 568 1259 617 Vasseburgium‚
1288 569 1355 607 fol.
1385 569 1474 616 411,
1502 571 1657 620 reperio
1683 571 1775 609 Gal-

80 635 215 664 terum
234 625 392 664 Alberti
412 626 533 663 fuisse
553 639 660 662 anno
682 625 920 663 MCCCXLI
937 626 1179 664 canonicum
1198 635 1238 665 et
1266 629 1553 666 cancellarium
1574 630 1774 668 Ecclesiae

81 685 272 723 Metensis
301 693 342 723 et
371 684 647 723 consiliarium
674 684 830 733 regium
882 684 923 721 in
952 686 1209 734 parlamento
1240 686 1468 725 Parisiensi.
1500 688 1685 726 Mortuus
1714 696 1776 727 est.

79 752 220 782 autem
238 759 262 781 v
279 758 372 781 non.
403 743 465 793 [3]
484 743 639 781 octobr.
658 751 753 780 ante
770 757 925 780 annum
943 744 1174 791 MCCCLII,
1193 759 1273 794 quo
1291 745 1434 783 fratres
1455 746 1541 795 ejus
1563 747 1775 785 Audoinus

80 811 119 841 et
150 803 351 840 Arnaldus
380 810 567 840 emerunt
593 801 645 839 ad
673 816 773 851 opus
804 801 979 839 filiorum
1007 803 1092 851 ejus
1121 817 1142 840 a
1173 804 1392 854 Ranulpho
1423 805 1576 851 Heliae,
1610 806 1776 844 domino

83 861 417 912 Pompadorensi,
442 875 560 899 omne
584 857 844 909 homagium,¹
860 862 1150 910 vassallagium
1174 870 1214 899 et
1239 863 1433 912 quicquid
1457 864 1568 901 aliud
1592 865 1625 902 ei
1657 865 1777 903 debe-

82 921 205 958 batur
226 920 276 958 ab
297 920 442 958 iisdem
462 919 596 957 liberis
619 919 828 958 occasione
850 921 1151 969 possessionum
1174 935 1273 970 quas
1296 922 1507 959 habebant
1528 924 1636 973 apud
1660 924 1775 961 Pom—

82 979 311 1029 padorium,
342 979 538 1025 Montem,
565 978 829 1027 Beyssacum,
858 986 899 1016 et
928 978 1125 1016 Sanctum
1154 980 1434 1019 Saturninum.

136 1038 374 1076 Guillelmus
401 1037 622 1087 acquisivit
647 1051 755 1075 anno
784 1037 1038 1084 MCCCLIH,
1060 1038 1122 1075 die
1143 1039 1264 1076 tertia
1284 1039 1398 1086 maii,
1417 1049 1598 1078 castrum
1624 1049 1664 1079 et
1693 1055 1776 1079 cas-

85 1098 294 1136 tellaniam
312 1097 359 1135 de
376 1097 522 1144 Breno,
540 1097 663 1145 vulgo
684 1097 773 1143 Bre',
791 1096 832 1134 in
849 1096 1022 1134 dioecesi
1042 1097 1335 1145 Lemovicensi,
1354 1099 1469 1148 cujus
1489 1099 1641 1137 domini
1660 1108 1778 1138 erant

83 1157 179 1194 olim
199 1155 475 1206 potentissimi
492 1155 534 1192 in
551 1169 596 1193 ea
614 1155 788 1204 regione.
810 1155 1042 1204 Acquisivit
1059 1156 1185 1193 etiam
1207 1171 1314 1194 anno
1338 1157 1592 1196 MCCCLVH
1618 1159 1777 1209 Rupem

83 1215 196 1265 Apis,
218 1215 339 1264 vulgo
361 1214 703 1261 Roclze-Z'Abeille,
724 1215 765 1251 in
786 1214 929 1252 eadem
950 1214 1122 1252 dioecesi
1146 1216 1438 1255 Lemovicensi.
1462 1217 1641 1255 Uxorem
1658 1218 1778 1256 duxit

87 1274 303 1311 Isabellam
330 1274 378 1312 de
408 1273 709 1323 Rupecavardi,
739 1287 842 1322 quae
869 1281 1012 1323 postea
1049 1274 1189 1323 nupsit
1218 1275 1368 1312 Joanni
1395 1275 1628 1315 vicecomiti
1656 1277 1778 1314 Villa-

83 1333 275 1371 murensi.
301 1332 503 1371 Guillelmi
525 1340 566 1370 et
592 1332 786 1370 Isabellae
807 1332 923 1370 liberi
945 1332 1055 1371 fuere
1079 1333 1332 1380 Guillelmus,
1357 1334 1577 1382 Gilbertus,
1607 1336 1778 1385 Stepha-

83 1407 158 1430 nus
190 1400 231 1430 et
266 1391 549 1441 Raymundus.

138 1451 342 1488 Guillelmi
371 1458 412 1488 et
445 1450 639 1488 Isabellae
672 1450 743 1487 lilii
766 1450 987 1497 Gilbertus,
1012 1465 1133 1500 quem
1156 1465 1263 1489 anno
1287 1451 1491 1490 MCCCCV
1515 1453 1778 1503 superstitem

86 1510 207 1548 fuisse
233 1510 402 1560 reperio,
430 1509 669 1547 Guillelmus
695 1517 736 1546 et
764 1509 1035 1558 Raymundus
1063 1509 1255 1547 videntur
1283 1510 1428 1549 obiisse
1454 1511 1608 1561 absque
1629 1512 1776 1550 liberis.

87 1569 319 1619 Stephanus
338 1582 478 1606 eorum
497 1569 622 1606 frater
634 1568 823 1605 dominus
839 1568 1013 1606 Montilii
1028 1568 1217 1618 delegati,
1235 1569 1398 1617 Murati,
1419 1570 1466 1607 de
1484 1571 1629 1617 Breno,
1652 1571 1779 1621 Rupis

88 1627 293 1677 Dagulphi
315 1636 355 1666 et
379 1627 589 1665 Poenciaci
611 1627 686 1665 sibi
706 1627 846 1676 junxit
867 1635 962 1665 ante
984 1642 1139 1664 annum
1157 1628 1408 1666 MCCCCVII
1430 1630 1600 1668 Mariam
1617 1630 1664 1668 de
1687 1631 1779 1668 Cas·

86 1687 262 1732 trolucii,
279 1687 401 1724 filiam
419 1686 589 1724 Roberti
605 1686 760 1724 domini
773 1686 1047 1735 d’Antragues
1063 1695 1103 1724 et
1124 1687 1351 1737 Dalphinae
1369 1688 1576 1738 Dalphini‚
1591 1703 1640 1727 ex
1653 1703 1780 1738 eaque
1836 1704 1842 1711 ²

86 1745 254 1784 sustulit
277 1746 551 1783 Gilbertinum
573 1753 614 1783 et
637 1745 881 1792 Gilbertum,
905 1754 952 1782 ut
973 1754 1090 1795 patet
1121 1761 1171 1783 ex
1196 1754 1351 1784 arresto
1379 1747 1630 1785 Parlamenti
1655 1748 1779 1786 Paris.

87 1805 198 1842 edito
220 1804 326 1842 inter
348 1805 607 1842 probationes
632 1804 922 1842 Turrianorum
944 1805 1224 1852 Arvernorum,
1247 1820 1285 1855 p.
1305 1806 1392 1853 160,
1415 1821 1465 1844 ex
1487 1807 1634 1855 quibus
1657 1808 1781 1845 etiam

89 1871 253 1902 constat
270 1863 377 1902 hunc
398 1863 674 1902 Gilbertinum
691 1863 846 1912 absque
869 1864 980 1913 prole
1003 1872 1212 1901 mortuum
1236 1865 1426 1903 habuisse
1450 1866 1639 1904 heredem
1664 1867 1782 1904 Jaco-

88 1923 200 1970 buin,
230 1922 358 1959 filium
383 1923 518 1960 fratris
545 1923 605 1960 sui
631 1922 804 1960 Gilberti
829 1930 869 1960 et
889 1923 1130 1961 Catherinac
1152 1924 1433 1962 Chaseroniae.
1455 1925 1662 1962 Gilbertus
1689 1940 1782 1974 crgo

87 1995 257 2019 uxorem
277 1981 424 2019 habuit
445 1982 707 2019 Catherinam
730 1982 1019 2019 Chaseroni'am
1047 1982 1183 2029 filiam,
1206 1991 1251 2019 ut
1273 1983 1395 2031 vulgo
1417 1983 1608 2030 traditur,
1628 1983 1783 2021 Odardi

89 2041 137 2078 de
161 2040 365 2078 Chaseron
388 2048 428 2078 et
452 2040 696 2089 Margaritae
721 2040 768 2078 de
790 2040 1028 2090 Bellafagia‚
1057 2041 1160 2078 filiae
1186 2041 1295 2079 Petri
1331 2042 1378 2079 de
1400 2042 1523 2079 Bessa
1552 2043 1706 2080 domini
1735 2043 1783 2080 de

89 2099 324 2148 Bellafagia.
345 2100 407 2136 Ex
423 2099 605 2137 Gilberto
624 2099 780 2137 Alberti
803 2107 843 2137 et
865 2100 1083 2137 Catherina
1103 2100 1347 2138 (lhaseronia
1379 2109 1490 2138 ortus
1516 2110 1577 2139 est
1604 2102 1783 2139 Jacobus

90 2158 262 2205 Alberti,
282 2158 470 2196 dominus
491 2158 666 2196 Montilii
685 2158 875 2207 degelati,
897 2158 1024 2208 Rupis
1047 2159 1265 2208 Dagnlphi,
1285 2167 1326 2197 et
1346 2160 1569 2205 Poeuciaci‚
1589 2161 1656 2209 qui
1676 2174 1783 2197 anno

92 2217 390 2255 MCCCCXXX
411 2217 570 2267 accepit
589 2231 758 2255 uxorem
780 2217 1004 2255 Antoniam
1025 2217 1073 2255 de
1095 2218 1219 2255 Turre
1243 2218 1569 2267 liliam‘Agnonis
1591 2219 1638 2257 de
1660 2220 1784 2257 Turre

91 2276 245 2314 domini
273 2276 421 2325 Olergii
447 2284 488 2314 et
514 2276 671 2326 Alipdis
699 2276 746 2314 de
774 2276 949 2314 Vendat.
980 2276 1164 2314 Mortuus
1191 2285 1252 2314 est
1278 2277 1432 2326 absque
1459 2278 1607 2315 liberis.
1642 2279 1784 2327 Itaque

91 2335 123 2372 ei
142 2335 184 2372 in
203 2334 318 2372 bonis
338 2335 519 2385 paternis
539 2343 580 2373 et
599 2335 794 2373 maternis
824 2335 1018 2373 successit
1038 2336 1271 2382 (jatherina,
1301 2336 1387 2384 ejus
1416 2351 1540 2382 soror,
1570 2350 1673 2384 quae
1698 2337 1784 2385 jam

91 2401 187 2431 ante
205 2407 313 2431 anno
332 2394 590 2431 MCCCCXX»
605 2402 802 2444 nupserat
822 2394 1026 2440 Randoni,
1046 2394 1211 2431 domino
1230 2395 1277 2432 de
1297 2395 1464 2443 Joyosa‚
1487 2396 1567 2432 lilio
1587 2395 1783 2432 Ludovici

91 2460 131 2490 et
161 2452 361 2502 Tiburgae
391 2453 439 2491 de
469 2453 619 2491 Sancto
651 2453 872 2491 Desiderio.

146 2511 279 2549 Guido
303 2512 405 2549 lilius
426 2512 594 2559 Galteri,
615 2512 803 2549 dominus
824 2511 872 2549 de
892 2512 1026 2549 Thoro
1045 2520 1086 2549 et
1105 2511 1153 2549 de
1171 2512 1370 2559 Bulbone,
1391 2520 1559 2561 propter
1581 2513 1784 2550 Enemun-

93 2569 189 2607 dam
205 2570 253 2607 de
268 2570 452 2608 Bulbone
469 2571 697 2620 conjugem,
718 2571 881 2609 videtur
896 2571 1027 2620 primo
1045 2585 1085 2607 se
1104 2570 1308 2608 addixisse
1321 2571 1514 2608 instituto
1534 2571 1783 2609 clericorum.

95 2629 259 2667 Etenim
282 2629 323 2666 in
348 2629 518 2666 Arclzivo
543 2630 697 2679 collegii
723 2630 862 2675 Sancti
889 2629 1085 2666 Martialis
1112 2629 1280 2667 Tolosae
1305 2637 1422 2666 erant
1451 2630 1591 2667 literae
1617 2630 1786 2667 Arnaldi

77 2687 385 2737 'archiepiscopi
415 2688 626 2726 Auscitani
652 2696 693 2726 et
719 2688 872 2727 domini
898 2702 1028 2737 papae
1056 2687 1274 2725 Camerarii
1301 2687 1421 2725 datae
1449 2689 1657 2726 Avenione
1686 2703 1785 2726 xvm

95 2746 319 2784 decembris
342 2760 450 2784 anno
473 2746 725 2794 MCCCLXI,
747 2747 787 2784 in
811 2746 958 2796 quibus
982 2754 1160 2783 testatur
1182 2746 1456 2783 venerabilem
1479 2747 1612 2785 virum
1636 2747 1786 2784 Guido—

96 2819 189 2843 nem
230 2805 387 2843 Alberti
429 2805 550 2843 fuisse
591 2814 802 2855 receptum
844 2806 1100 2855 capellanum
1150 2806 1465 2842 commensalem
1505 2819 1637 2855 papae
1680 2820 1787 2843 anno

97 2863 390 2909 MCCCLVIII,
411 2864 474 2901 die
495 2878 626 2901 xxvm
647 2864 798 2911 martii,
817 2878 888 2913 per
908 2864 1164 2912 Stephanum
1183 2871 1281 2900 tunc
1301 2864 1652 2913 archiepiscopum
1671 2864 1787 2902 Tolo-

97 2936 243 2960 sanum
261 2931 301 2960 et
317 2923 492 2972 praelati
511 2922 664 2960 domini
682 2922 1119 2972 papaefflCamerarium.
1145 2922 1287 2959 Postea
1304 2921 1444 2970 itaque
1463 2922 1595 2969 duxit,
1613 2931 1660 2959 ut
1678 2923 1787 2961 vide-

98 2989 178 3028 tur,
199 2995 380 3019 uxorem.
402 2981 713 3019 Testamentum
736 2981 920 3019 condidit
940 2994 1047 3017 anno
1069 2980 1340 3027 MCCCLXX,
1362 2980 1424 3018 die
1446 2989 1592 3018 octava
1613 2990 1787 3031 septem-

99 3039 192 3078 bris.
211 3040 265 3076 Et
278 3048 415 3077 tamen
434 3054 514 3077 non
527 3039 684 3077 interiit
698 3054 743 3078 ea
758 3047 1018 3089 tempestate.
1037 3039 1194 3087 Quippe
1210 3046 1374 3076 constat
1388 3039 1535 3077 vixisse
1550 3054 1642 3077 eum
1655 3040 1789 3078 adhuc

100 3112 208 3135 anno
228 3098 453 3145 MCCCXC,
475 3098 538 3136 die
559 3112 644 3135 xvn
665 3098 774 3145 maii,
795 3112 875 3147 qua
898 3097 1183 3146 Raymundus,
1207 3097 1310 3134 lilius
1331 3097 1431 3146 ejus,
1453 3098 1487 3135 ei
1506 3099 1660 3147 legavit
1682 3099 1790 3137 mille

104 3157 288 3195 florenos.
311 3157 462 3194 Genuit
480 3157 621 3211 itaque
641 3157 748 3194 hunc
771 3156 1080 3205 Raymundum,
1102 3156 1321 3192 Elziarium
1341 3164 1381 3193 et
1402 3157 1617 3195 Joaiinem.
