2083 3458
278 209 358 250 616
925 223 1075 248 NOTAE
1110 225 1170 248 AD
1205 225 1332 250 VITAs
1824 210 1978 266 [1094'}

279 308 370 345 hinc
394 315 504 345 certo
526 307 657 356 liquet
680 306 791 356 quod
812 307 913 344 illud
934 307 970 345 ei
991 320 1205 356 nunquam
1229 307 1438 356 objectum
1461 316 1523 346 est
1544 309 1595 346 ab
1618 308 1705 358 ejus
1726 307 1916 355 inimicis,
1939 314 1980 345 et

278 366 387 415 quod
417 366 502 416 ipse
532 373 712 404 testatus
744 374 806 404 est
834 366 998 416 publice
1029 381 1069 404 se
1099 366 1201 404 nulli
1230 381 1372 405 vocem
1405 381 1522 405 suam
1551 368 1749 407 daturum
1780 366 1980 417 quamdiu

279 425 473 463 violentia
500 425 681 471 duraret,
708 433 798 464 tum
824 425 1092 464 excanduisse
1118 426 1315 464 adversus
1342 426 1429 464 illos
1457 427 1527 476 qui
1551 427 1720 465 aiebant
1737 426 1980 465 violentiam

277 499 358 522 non
377 484 514 531 fuisse,
535 484 596 521 uti
616 493 760 534 postea
782 485 1026 524 videbimus,

331 544 384 581 Et
411 558 460 582 ne
490 544 588 593 quid
618 544 776 582 deesset
800 544 851 582 ad
875 545 1115 583 violandam
1134 545 1221 595 ejus
1244 545 1610 593 existimationem,
1643 546 1684 583 in
1712 545 1809 596 ipsis
1835 545 1979 583 statim

277 603 490 642 miserrimi
520 603 637 641 istius
669 603 902 642 schismatis
932 604 1059 642 initiis
1091 604 1299 642 constanti
1330 605 1440 644 fama
1471 613 1596 655 atque
1628 605 1812 645 omnium
1853 604 1980 642 ferme

276 676 460 701 sermone
480 663 733 701 celebratum
750 671 812 701 est
829 663 959 711 illum,
973 672 1021 701 ut
1036 663 1257 714 impediret
1271 664 1514 704 electionem
1532 665 1702 712 Urbani,
1719 663 1979 715 proposuisse

278 722 419 760 ceteris
461 722 736 760 cardinalibus
776 722 977 773 insignem
1017 723 1306 773 imposturam,
1347 724 1541 763 nimirum
1580 732 1628 762 ut
1668 724 1814 774 aliquis
1853 723 1980 761 frater

277 781 427 819 ordinis
446 781 651 821 Minorum
667 782 719 819 ab
734 782 782 820 iis
798 791 1019 821 vocaretur
1034 791 1075 820 et
1089 796 1198 833 papa
1218 783 1334 821 fieret
1350 784 1626 831 simulatione,
1642 784 1712 822 sed
1728 783 1979 826 cardinalem

276 841 590 880 Praenestinum
626 850 666 879 et
703 850 857 880 ceteros
895 842 964 892 qui
1000 842 1035 880 ei
1070 842 1354 880 adhaerebant
1388 843 1574 893 rejecisse
1609 844 1716 881 hanc
1753 842 1978 888 fictionem,

275 900 456 938 dicentes
476 915 517 939 se
538 901 644 939 nolle
665 902 866 951 populum
886 916 1110 952 provocare
1131 902 1184 939 ad
1203 902 1495 941 idololatriam.
1515 903 1592 941 Sed
1612 902 1821 941 verissime
1843 901 1977 939 obser-

274 967 420 997 vatum
452 968 515 998 est
545 974 568 998 a
602 961 751 998 Plauto
783 962 873 1011 plus
906 962 1042 1000 valere
1073 975 1204 1000 unum
1234 970 1386 1000 testem
1419 963 1630 1001 oculatum
1663 976 1788 1012 quam
1820 960 1976 999 auritos

275 1019 434 1067 decem3
452 1020 547 1069 quia
563 1020 630 1070 qui
645 1020 831 1068 audiunt,
846 1021 987 1059 audita
999 1021 1150 1068 sciunt3
1166 1021 1233 1071 qui
1249 1022 1392 1069 vident,
1408 1022 1526 1072 plane
1539 1022 1683 1060 sciunt.
1698 1022 1753 1059 Et
1767 1021 1795 1058 ii
1810 1020 1976 1071 quidem

276 1078 343 1127 qui
367 1079 473 1117 hanc
498 1080 779 1119 narrationem
802 1080 1000 1128 referunt,
1025 1094 1116 1120 eam
1141 1089 1389 1131 acceperunt
1413 1096 1464 1119 ex
1487 1081 1743 1121 sermonibus
1768 1080 1894 1134 vulgi.
1921 1079 1976 1117 At

275 1138 419 1176 Petrus
443 1138 654 1177 Flandrini
674 1139 907 1187 cardinalis,
929 1140 999 1190 qui
1018 1148 1107 1178 erat
1125 1140 1169 1178 in
1188 1140 1374 1179 conclavi
1394 1154 1488 1180 cum
1508 1141 1713 1179 cardinale
1734 1140 1782 1178 de
1802 1138 1975 1185 Ursinis,

272 1205 313 1235 et
333 1197 367 1235 ei
386 1198 598 1247 proximus
619 1199 842 1246 assidebat,
863 1207 988 1249 negat
1006 1199 1118 1238 illam
1139 1215 1223 1238 esse
1244 1214 1400 1247 veram,
1414 1200 1477 1238 uti
1496 1214 1620 1251 supra
1637 1215 1676 1251 p.
1697 1199 1798 1238 1002
1816 1199 1974 1237 dictum

271 1264 345 1294 est.
372 1257 517 1307 Itaque
538 1258 572 1296 ei
592 1258 691 1298 testi
712 1259 876 1297 oculato
896 1260 986 1309 plus
1009 1259 1257 1298 credendum
1279 1267 1342 1298 est
1361 1273 1486 1310 quam
1507 1260 1648 1298 decem
1667 1259 1826 1298 auritis.

326 1316 587 1367 Displicuisse
622 1332 719 1356 sane
754 1318 848 1356 huic
884 1318 1082 1357 cardinali
1117 1318 1266 1357 Ursino
1301 1319 1472 1359 modum
1506 1319 1654 1369 agendi
1690 1320 1974 1358 Romanorum
2027 1348 2029 1353 Α

270 1376 403 1426 colligi
426 1384 565 1426 potest
590 1392 641 1415 ex
664 1378 962 1417 contumeliosa
986 1379 1234 1417 allocutione
1259 1379 1346 1429 ejus
1371 1379 1423 1416 ad
1450 1379 1673 1427 Romanos,
1700 1392 1824 1428 quam
1849 1377 1972 1416 refert

270 1435 509 1474 Guillelmus
540 1436 754 1487 episcopus
785 1437 1029 1476 Valentinus
1058 1438 1101 1476 in
1125 1437 1418 1477 informatione
1449 1453 1574 1489 quam
1602 1438 1717 1476 dedit
1745 1436 1972 1476 ambascia-

268 1494 426 1533 toribus
452 1495 555 1546 regis
583 1496 783 1535 Castellae
811 1497 859 1535 de
885 1496 932 1535 iis
960 1511 1064 1547 quae
1090 1498 1197 1535 vidit
1223 1506 1264 1536 et
1290 1498 1453 1536 audivit
1477 1498 1520 1536 in
1547 1498 1656 1536 Urbe
1686 1505 1781 1548 post
1810 1497 1971 1535 obitum

269 1554 451 1604 Gregorii
468 1555 530 1592 XI
544 1569 691 1606 papae.
709 1556 816 1595 Nam
832 1571 925 1594 cum
939 1557 1148 1596 retulisset
1162 1557 1249 1595 illos
1266 1566 1506 1607 arroganter
1521 1565 1562 1596 et
1575 1557 1791 1608 imperiose
1806 1555 1971 1607 petiisse

267 1627 420 1664 papam
442 1614 692 1662 Romanum,
712 1615 830 1653 addit
848 1615 863 1638 1
884 1632 891 1653 ε
912 1616 1036 1654 Credo
1055 1624 1184 1654 tamen
1203 1618 1305 1666 quod
1321 1625 1410 1655 unte
1429 1617 1658 1667 hujusmodi
1677 1616 1974 1667 requisitionem

265 1673 350 1721 jam
371 1673 418 1712 Β.
444 1674 673 1712 nominatus
693 1675 825 1725 fuerat
844 1684 878 1712 et
898 1677 1052 1724 electus,
1074 1676 1110 1713 si
1124 1677 1255 1714 electio
1278 1677 1356 1714 dici
1377 1685 1580 1715 mereatur.
1599 1676 1800 1714 Dominus
1822 1689 1908 1712 vero
1930 1675 1974 1712 de

274 1732 436 1771 Ursinis
453 1733 689 1784 incrependo
706 1734 827 1772 dictos
842 1735 1045 1773 Romanos
1062 1736 1164 1773 discit
1181 1751 1188 1773 :
1212 1736 1392 1784 Vadatis,
1409 1737 1583 1774 Romani
1600 1736 1722 1786 porci.
1744 1736 1974 1785 Importune

267 1792 412 1841 petitis.
442 1793 624 1831 Faciatis
651 1795 821 1832 recedere
848 1795 1056 1845 populum.
1087 1795 1295 1845 Alioquin,
1325 1796 1361 1833 si
1389 1796 1568 1845 egrediar
1596 1810 1685 1833 cum
1713 1809 1792 1832 uno
1824 1794 1973 1840 baculo,

267 1865 426 1900 ericzm
444 1867 508 1890 vos
525 1861 645 1891 extra.
1961 1896 1964 1901 .

322 1911 428 1949 Huic
452 1912 584 1952 eidem
607 1912 802 1951 historiae
828 1913 952 1952 fidem
974 1914 1102 1952 etiam
1124 1914 1305 1952 adstruit
1327 1914 1612 1954 testimonium
1634 1912 1839 1953 Fernandi
1862 1911 1975 1951 Petri

268 1970 411 2009 decani
427 1971 722 2019 Tirasonensis,
739 1972 850 2022 quod
866 1987 989 2023 supra
1005 1988 1044 2023 p.
1070 1973 1172 2012 1439
1186 1975 1364 2013 relatum
1379 1982 1453 2012 est.
1474 1974 1579 2012 Bido
1598 1974 1709 2024 prior
1727 1973 1974 2012 Sanctorum

266 2029 307 2066 in
333 2044 405 2068 sua
441 2031 697 2081 depositione
717 2031 732 2054 2
758 2032 863 2070 dixit
889 2033 999 2082 quod
1023 2047 1116 2072 cum
1144 2034 1321 2083 populus
1347 2034 1557 2073 Romanus
1580 2034 1909 2073 tumultuaretur
1933 2038 1974 2069 et

266 2088 483 2139 imperiosa
509 2104 608 2129 voce
632 2099 794 2141 peteret
817 2105 971 2142 papam
998 2092 1234 2131 Romanum
1258 2094 1324 2131 vel
1352 2093 1518 2141 Italum,
1548 2101 1640 2131 tunc
1663 2092 1765 2131 dixit
1788 2090 1974 2130 dominus

271 2149 444 2186 „Iacobus
460 2151 504 2187 de
526 2150 688 2188 Ursinis
707 2167 714 2188 z
728 2151 805 2199 Do,
823 2151 883 2200 sili
900 2152 989 2199 mei,
1007 2166 1125 2202 quare
1141 2152 1260 2190 wiltis
1273 2153 1400 2202 jacere
1414 2153 1561 2190 scisma
1575 2153 1678 2190 sicut
1692 2151 1796 2189 alias
1809 2150 1971 2200 fecistis,

267 2208 427 2257 Legatis
451 2209 655 2247 chronicas
679 2218 836 2258 vestrm,
862 2219 896 2248 et
918 2211 1103 2249 videbitis
1126 2211 1222 2261 quid
1242 2212 1404 2261 fecistis.
1432 2211 1516 2249 Nos
1537 2226 1678 2249 sumus
1701 2225 1772 2261 pro
1795 2210 1972 2259 eligendo

268 2281 469 2306 summum
488 2269 736 2318 pontificem3
758 2278 793 2307 et
812 2270 964 2308 videtur
984 2271 1093 2307 vobis
1114 2272 1216 2321 quod
1236 2286 1306 2308 nos
1326 2271 1515 2309 habemus
1535 2271 1675 2320 eligere
1697 2270 1903 2308 dominum
1922 2269 1974 2306 ad

269 2326 451 2365 tabernas
471 2328 574 2366 sicut
594 2343 658 2366 vos
677 2329 824 2378 jacitis.

322 2386 423 2426 Cum
447 2401 540 2437 ergo
568 2388 804 2426 necessitati
839 2389 1069 2438 parendum
1108 2404 1192 2428 esse
1226 2403 1365 2429 omnes
1395 2389 1630 2439 judicarent
1655 2389 1707 2427 ad
1732 2389 1844 2427 vitae
1868 2386 1972 2438 peri-

269 2446 406 2485 eulum
431 2454 473 2484 et
503 2446 650 2497 capitis
681 2447 850 2486 insidias
886 2448 1093 2496 vitandas,
1122 2449 1281 2499 placuit
1306 2448 1355 2487 iri
1382 2448 1425 2486 in
1452 2449 1660 2499 suffragia.
1681 2449 1866 2498 Cumque
1887 2460 1971 2485 car-

270 2503 414 2542 dinalis
454 2506 714 2544 Florentinus
754 2501 941 2557 elegisset
980 2508 1230 2548 cardinalem
1261 2507 1402 2547 Sancti
1433 2508 1557 2556 Petri,
1601 2507 1724 2547 ceteri
1755 2506 1970 2545 Bartholo-

270 2576 432 2603 maeum
476 2565 830 2617 archiepiscopum
874 2566 1110 2614 Barensem,
1164 2567 1349 2614 Ursinus,
1396 2581 1476 2617 qua
1519 2576 1608 2606 erat
1646 2566 1881 2606 constantia
1926 2578 1971 2602 ac

272 2622 524 2663 firmitudine
550 2624 690 2673 animi,
717 2633 974 2664 contestatus
1000 2626 1226 2665 decrevisse
1250 2641 1291 2665 se
1314 2627 1520 2666 abstinere
1544 2641 1565 2665 a
1589 2626 1756 2665 ferendo
1777 2624 1972 2674 suffragio

270 2683 468 2730 quamdiu
495 2684 692 2722 violentia
720 2684 901 2733 duraret,
929 2699 1169 2737 semperque
1196 2686 1238 2724 in
1263 2686 1476 2736 proposito
1503 2694 1777 2737 susceptoque
1804 2683 1972 2723 consilio

269 2742 511 2790 permansit.
529 2743 699 2793 Legitur
713 2743 826 2782 istud
840 2744 882 2782 in
894 2744 1150 2795 depositione
1163 2745 1301 2783 fratris
1315 2745 1475 2795 Angeli,
1489 2745 1669 2796 episcopi
1681 2743 1933 2782 Pisaurensis
1943 2741 1972 2781 3:

274 2799 371 2837 Item
390 2801 492 2839 dixit
510 2804 613 2851 quod
631 2803 817 2841 dominus
840 2804 1014 2842 Jacobus
1034 2805 1079 2842 de
1104 2804 1266 2842 Ursinis
1287 2804 1389 2842 dixit
1405 2805 1486 2843 sibi
1506 2805 1608 2855 quod
1626 2818 1832 2855 nunquam
1851 2803 1974 2841 voluit

270 2858 408 2907 eligere
430 2860 473 2897 in
495 2861 561 2898 illo
582 2863 754 2901 tumultu
773 2871 899 2901 stante
920 2863 1192 2913 impressione,
1215 2878 1283 2901 nec
1303 2878 1429 2902 vocem
1449 2879 1565 2902 suam
1584 2864 1708 2902 alicui
1728 2861 1852 2901 voluit
1867 2862 1972 2908 dare,

318 2996 348 3028 1.
380 2996 446 3030 Ms.
478 2998 561 3038 cite,
594 2999 655 3033 fol.
688 3001 733 3034 48
762 3006 805 3034 r0.

319 3048 349 3081 2.
380 3049 445 3084 Ms.
473 3051 556 3091 cite,
584 3052 646 3086 fol.
675 3054 719 3087 56
744 3058 787 3087 r0.

318 3102 348 3134 3.
380 3102 445 3135 Ms.
478 3103 561 3144 cite,
592 3104 653 3139 fol.
687 3107 755 3139 252
785 3112 828 3142 ΥΟ,
