2083 3458
109 174 238 231 [658]
644 192 861 218 PAPARUM
896 194 1281 221 AVENJONENSIUM
1729 183 1807 223 143

104 288 207 323 quae
229 273 563 323 impingebantur
585 274 833 322 quibusdam
855 275 1114 325 Templariis3
1138 254 1299 317 OdoriC.
1321 278 1538 327 Raynaldss,
1558 293 1665 317 anno
1689 279 1803 327 1313,

155 392 273 429 Anno
295 391 559 429 MCCCXVII
582 405 620 428 111
643 405 736 430 non.
765 391 817 441 [3]
849 392 1026 441 januarii
1047 394 1256 444 delegatus
1272 403 1333 433 est
1353 396 1364 418 ¹
1386 410 1409 434 a
1426 396 1584 434 Joanne
1608 397 1735 435 XXII
1759 406 1804 435 ut

102 450 357 488 examinaret
394 449 604 499 negotium
644 450 846 488 Francisci
884 452 1001 490 electi
1039 453 1315 502 patracensis3
1347 453 1613 505 Waddfflgus,
1663 456 1708 506 [t.
1751 472 1802 504 νι,

98 524 136 559 p.
163 509 278 559 481).

154 568 268 606 Obiit
293 581 400 606 anno
426 567 569 605 eodem
595 567 872 616 MCCCXVII,
900 569 962 607 die
990 584 1045 607 ΧΠ
1072 571 1327 620 septembris,
1354 580 1401 609 ut
1427 587 1476 610 ex
1500 572 1620 610 Libro
1644 574 1803 611 solutio-

101 641 196 665 num
223 628 342 665 docet
369 626 634 664 Contelorius.
665 626 823 674 Saxius,
853 642 974 677 quem
1000 628 1067 666 alii
1094 638 1236 679 postea
1263 631 1391 668 secuti
1419 639 1527 677 sunt,
1556 632 1685 670 tradit
1711 647 1802 671 eum

101 686 246 724 obiisse
274 685 489 733 Avenioni,
517 685 586 723 sed
613 685 756 723 eadem
786 685 864 724 fide
891 701 971 736 qua
997 687 1112 725 illum
1138 703 1188 726 ex
1218 689 1359 727 Italica
1385 690 1587 739 legatione
1614 692 1803 729 reducem

101 745 241 783 scribit
264 744 495 782 extinctum
518 758 601 782 esse
626 758 733 782 anno
758 744 1006 783 MCCCXIII
1042 746 1095 796 [p.
1121 747 1235 797 304).

157 804 202 841 In
231 811 482 842 testamento
514 803 647 842 Lucae
678 804 892 841 cardinalis
924 805 971 842 de
1014 805 1156 853 Flisco,
1178 808 1191 829 2
1220 821 1327 844 anno
1358 807 1699 856 MCCCXXXVI,
1740 809 1803 847 die

100 863 245 900 ultima
265 861 456 912 januarii,
477 862 536 900 ita
558 861 756 911 scriptum
778 871 862 900 est:
883 863 979 900 Item
1001 865 1121 902 voluit
1141 866 1293 903 restitui
1309 867 1352 903 de
1370 866 1481 903 honis
1497 867 1584 904 suis
1599 867 1804 905 heredibus

103 922 196 959 bone
225 921 406 959 memorie
435 921 587 958 domini
616 921 801 968 Arnaldi,
826 922 1001 972 episcopi
1027 923 1275 971 Sabinensis,
1307 925 1488 962 ducentos
1518 927 1684 976 florenos
1713 927 1803 964 αιινί

100 995 192 1030 quo-s·
208 981 258 1018 ab
275 981 361 1030 ipso
377 980 535 1017 domino
551 980 729 1017 Arnaldo
745 981 941 1018 cardinali
957 982 1058 1019 dixit
1071 997 1110 1019 se
1126 991 1260 1020 mutuo
1276 984 1475 1033 recepisse.

153 1040 195 1078 P.
224 1039 286 1087 69,
313 1039 379 1089 lig.
407 1039 468 1077 27.
505 1039 801 1076 BERTRANDUS
839 1054 893 1076 DE
921 1042 1093 1079 Bonms.
1132 1042 1195 1079 Ex
1228 1042 1354 1080 literis
1392 1043 1568 1093 Philippi
1610 1044 1664 1081 IV
1700 1044 1802 1093 regis

101 1099 351 1137 Francorum
376 1098 483 1136 datis
509 1098 620 1148 apud
646 1098 993 1137 Mediam-Villam
1018 1114 1126 1138 anno
1152 1101 1367 1148 MCCCXI,
1394 1116 1530 1140 mense
1552 1103 1672 1152 junii,
1699 1117 1803 1153 quae

99 1166 247 1196 extant
264 1158 307 1195 in
324 1165 482 1207 regesto
502 1171 599 1194 XLVI
622 1158 699 1208 [JJ
717 1156 780 1207 46]
804 1158 959 1196 archivi
985 1158 1083 1208 regii
1102 1159 1351 1208 parisiensis,
1378 1161 1509 1210 colligi
1527 1169 1665 1211 potest
1690 1162 1804 1199 illum

100 1217 351 1266 fratremque
373 1217 460 1266 ejus
484 1217 652 1254 Petrum
674 1230 756 1253 non
778 1217 899 1255 fuisse
920 1225 1028 1255 ortos
1049 1233 1067 1255 e
1084 1219 1210 1256 nobili
1231 1234 1386 1268 genere.
1409 1220 1454 1257 In
1472 1220 1532 1257 his
1549 1221 1657 1258 enim
1677 1221 1803 1259 literis

100 1275 335 1314 continetur
364 1290 499 1325 regem
529 1275 661 1313 eidem
693 1276 813 1313 Petro
841 1280 859 1319 ‘,
891 1276 977 1313 licet
1005 1291 1050 1314 ei:
1081 1285 1238 1327 utroque
1267 1287 1426 1327 parente
1461 1279 1608 1316 nobilis
1634 1280 1804 1330 forsitan

100 1349 178 1372 non
204 1335 355 1382 existat,
376 1334 630 1372 concessisse.
651 1334 756 1371 Tum
782 1335 869 1372 aliis
887 1335 1013 1373 literis
1034 1336 1216 1374 ⁴ibidem
1234 1337 1377 1375 eadem
1404 1337 1467 1376 die
1495 1346 1535 1376 et
1562 1352 1668 1376 anno
1696 1339 1803 1376 datis

101 1395 235 1441 Petro,
259 1393 327 1443 qui
348 1393 533 1431 dominiis
554 1401 641 1431 erat
675 1393 746 1432 loci
776 1408 844 1431 seii
874 1394 962 1431 ville
996 1395 1040 1431 (le
1061 1395 1247 1432 Launaco
1278 1396 1442 1433 diocesis
1474 1396 1664 1434 Tolosane
1683 1412 1804 1447 prope

102 1453 297 1500 Tolosam,
315 1452 477 1502 suisque
498 1452 714 1490 heredibus
736 1460 776 1490 et
799 1453 1096 1491 successoribus
1118 1454 1305 1492 concedit
1325 1455 1366 1492 in
1387 1464 1632 1505 perpetuum
1655 1471 1803 1494 merum

98 1520 132 1550 et
155 1512 322 1550 mixtam
346 1511 571 1562 imperium.

153 1571 312 1609 Habuit
340 1585 433 1621 ergo
461 1570 714 1608 Bertrandus
744 1571 913 1608 fratrem
932 1571 946 1593 5
976 1572 1143 1609 Petrum
1173 1572 1385 1610 dominum
1414 1573 1463 1611 de
1486 1573 1690 1621 Launaco,
1713 1582 1803 1611 tum

98 1630 224 1669 etiam
273 1630 535 1668 Guillelmum
584 1629 741 1667 factum
799 1630 1035 1680 episcopum
1093 1631 1377 1669 Lectorensem
1435 1646 1542 1670 anno
1601 1632 1804 1671 MCCCXI

98 1689 264 1727 ineunte
291 1703 337 1727 ac
364 1688 547 1726 fortassis
572 1688 828 1726 Bernardum
855 1688 1012 1726 dictum
1039 1689 1086 1727 de
1112 1689 1247 1727 Borda
1273 1690 1314 1727 in
1339 1690 1442 1728 libro
1468 1690 1637 1729 Arnaldi
1664 1692 1802 1729 Came-

100 1845 268 1889 imputes
285 1856 360 1877 aux
377 1844 595 1887 dignitaires
613 1844 656 1877 de
673 1844 807 1877 l'ordre
824 1844 967 1877 etaient
985 1844 1131 1877 Nicolas
1150 1845 1193 1877 de
1212 1845 1432 1885 Freauville,
1450 1846 1606 1878 Arnaud
1624 1846 1748 1878 d’Aux
1765 1853 1802 1879 et

100 1898 257 1931 Arnaud
283 1897 428 1930 Nouvel
456 1897 629 1940 (Clement
656 1897 697 1936 V,
724 1909 758 1930 n.
784 1898 929 1941 10337).

148 1952 180 1985 1.
201 1952 334 1991 Eubel,
355 1949 398 1984 Β.
422 1951 478 1990 F„
500 1957 526 1984 t.
549 1963 596 1990 vx,
619 1962 653 1983 n.
677 1951 756 1990 234,
779 1962 812 1994 p.
835 1951 915 1984 101.

148 2005 179 2038 2.
209 2004 330 2044 Vidal,
360 2010 387 2037 t.
415 2016 439 2043 1,
469 2015 503 2037 n.
533 2004 638 2037 4043.
667 2023 716 2026 -—
741 2004 898 2036 Arnaud
927 2004 970 2036 de
1000 2003 1210 2047 Falguieres
1239 2004 1343 2037 avait
1379 2016 1430 2037 un
1467 2005 1570 2044 frere,
1615 2005 1802 2038 Raimond

96 2057 284 2097 Guilhem,
306 2057 369 2101 qui
390 2057 516 2090 ohtint
535 2057 566 2090 le
587 2057 733 2100 prieure
754 2055 972 2090 benedictin
993 2057 1036 2089 (16
1056 2056 1270 2100 Tremblay,
1290 2068 1337 2088 au
1360 2056 1503 2091 diocese
1525 2059 1568 2091 de
1591 2058 1749 2098 Rennes,
1771 2059 1801 2092 le

99 2111 142 2144 29
167 2111 316 2154 janvier
345 2111 435 2144 1311
469 2110 643 2154 (Clement
688 2109 729 2147 V,
768 2121 802 2142 n.
840 2110 961 2143 6532).
993 2129 1047 2134 —
1080 2109 1242 2142 (Ειιννεε.
1279 2112 1337 2141 ()n
1372 2112 1527 2154 possede
1570 2112 1631 2144 des
1671 2112 1800 2144 lettres

99 2164 296 2197 d'Arnaud
312 2164 355 2197 de
378 2164 588 2207 Falguieres
605 2164 736 2197 ecrites
753 2163 1052 2207 conjointement
1068 2175 1158 2196 avec
1173 2164 1222 2196 les
1236 2164 1443 2196 cardinaux
1464 2164 1610 2196 Nicolas
1630 2165 1673 2197 de
1688 2164 1801 2197 Prato

98 2218 137 2251 ct
165 2218 267 2250 Luca
296 2217 439 2250 Fieschi
471 2217 680 2260 (Schwalm,
718 2228 774 2260 op.
805 2218 875 2257 cit„
914 2223 940 2250 t.
969 2228 1019 2256 1v,
1052 2228 1085 2249 n.
1116 2218 1196 2255 780,
1229 2218 1309 2256 809,
1345 2217 1440 2260 841).
1482 2217 1656 2260 Ruggieri
1697 2218 1800 2260 (Acta

102 2270 282 2304 Ecclesiae
299 2269 527 2310 Sabinensis,
549 2270 679 2310 Rome,
694 2271 799 2310 1737,
814 2282 848 2313 p.
864 2270 1034 2313 302-310)
1055 2280 1074 2300 a
1090 2270 1261 2313 imprime
1279 2282 1329 2302 un
1342 2270 1475 2302 recueil
1492 2270 1535 2302 de
1552 2276 1693 2302 statuts
1711 2270 1801 2313 qu'il

100 2325 226 2357 donna
260 2324 281 2356 a
307 2335 375 2356 son
406 2323 515 2366 eglise
547 2324 590 2356 de
621 2323 770 2356 Sabine.
804 2323 885 2356 Une
917 2323 1144 2366 description
1166 2323 1209 2355 (16
1239 2334 1307 2355 son
1336 2334 1446 2356 sceau
1475 2335 1512 2355 se
1543 2329 1675 2355 trouve
1708 2324 1799 2356 dans

95 2377 294 2417 Schwalm,
317 2376 610 2417 Constitutiones,
630 2382 657 2410 t.
676 2375 742 2416 1v¹‚
764 2388 798 2420 p.
819 2377 899 2409 776.
1134 2418 1135 2421 Ἴ

147 2430 179 2464 3.
209 2431 358 2470 Baluze,
378 2436 404 2463 t.
424 2442 475 2469 111,
496 2441 530 2473 p.
553 2431 633 2463 226.
652 2449 700 2452 —
719 2430 766 2463 M.
787 2430 830 2463 A.
851 2429 1021 2462 Molinier
1043 2429 1217 2472 (Histoire.
1235 2430 1275 2462 de
1292 2429 1519 2471 Languedoc,
1540 2435 1566 2462 t.
1586 2441 1640 2468 ix,
1661 2441 1695 2472 p.
1716 2430 1798 2469 308,

99 2489 188 2517 note
207 2484 240 2527 1)
263 2483 422 2527 pretend
440 2483 460 2515 ὲ
479 2488 556 2515 tort
575 2495 646 2526 que
667 2483 787 2516 Pierre
807 2483 851 2515 de
870 2482 1008 2515 Bordes
1027 2488 1083 2515 est
1102 2482 1157 2514 dit
1176 2482 1284 2514 noble
1304 2482 1347 2514 de
1368 2484 1451 2525 pere
1470 2488 1507 2514 et
1527 2482 1569 2514 de
1590 2484 1687 2514 mere
1707 2483 1799 2515 dans

99 2548 151 2569 un
170 2543 252 2570 acte
274 2537 317 2569 de
337 2536 419 2580 juin
438 2536 532 2569 1310
556 2536 748 2579 (Archives
769 2535 989 2575 nationales,
1009 2535 1065 2567 JJ
1084 2534 1140 2574 45,
1159 2546 1240 2578 cap.
1260 2535 1356 2578 144).
1379 2534 1445 2567 Cet
1465 2540 1546 2567 acte
1569 2535 1624 2567 dit
1644 2535 1800 2578 precise-

98 2595 204 2623 ment
220 2590 252 2623 16
270 2589 467 2623 contraire.

147 2643 179 2676 4.
196 2643 345 2682 Baluze,
361 2648 388 2675 t.
401 2654 452 2682 111,
469 2654 503 2686 p.
521 2643 600 2675 227.

148 2697 179 2729 5.
201 2696 387 2729 Bertrand
415 2696 459 2728 de
479 2696 618 2728 Bordes
639 2695 733 2728 etait
754 2695 948 2738 originaire
971 2695 1013 2727 cle
1034 2694 1260 2737 l’Agcnnais.
1292 2694 1358 2726 Les
1379 2693 1550 2736 registres
1572 2694 1621 2725 du
1637 2693 1798 2726 Vatican

97 2749 149 2781 lui
172 2749 385 2782 attribuent
409 2749 508 2781 deux
530 2748 642 2781 freres
669 2761 674 2780 :
703 2748 835 2787 Pierre,
862 2748 958 2779 natis
982 2747 1207 2779 d’Astass'ort
1234 2746 1406 2789 (Clement
1433 2747 1474 2785 V,
1500 2758 1533 2779 n.
1561 2747 1665 2786 5298,
1691 2747 1795 2786 6908,

98 2803 203 2842 7182,
230 2801 335 2845 7283)
364 2808 402 2834 et
427 2801 650 2840 Guillaume,
678 2801 874 2844 chapclain
899 2800 1106 2844 pontifical,
1134 2800 1196 2843 qui
1223 2799 1353 2832 devint
1378 2801 1519 2842 evequc
1546 2800 1589 2832 de
1615 2799 1796 2832 Lectoure

96 2855 128 2888 le
149 2855 194 2887 12
213 2854 360 2898 janvier
379 2855 468 2888 1311
497 2854 669 2897 (Clemenl
688 2854 728 2893 V,
748 2866 782 2886 n.
805 2854 1023 2891 4960-4966‚
1046 2853 1150 2891 4974,
1172 2853 1277 2891 4975,
1300 2853 1404 2891 6492,
1427 2851 1533 2888 6496,
1556 2852 1660 2895 6912)
1684 2858 1722 2883 et
1738 2852 1797 2885 fut

96 2919 164 2941 son
191 2907 341 2941 heritier
361 2907 534 2950 (Clement
554 2907 595 2947 V,
620 2919 654 2940 n.
678 2908 804 2949 7353);
827 2913 864 2939 et
887 2907 985 2939 deux
1003 2917 1160 2945 neveux,
1179 2905 1376 2944 Bertrand,
1402 2905 1583 2937 chanoine
1612 2905 1655 2938 de
1673 2904 1797 2938 Saint-

99 2960 238 2993 Hilaire
269 2961 312 2993 de
344 2960 500 2993 Poitiers
535 2960 706 3003 (Cle'rnent
739 2960 780 2999 V,
812 2971 845 2992 n.
878 2960 983 2996 4968,
1009 2959 1113 2997 497³,
1144 2958 1249 2997 4976,
1281 2958 1401 3001 6930),
1422 2958 1582 2997 Geraud,
1614 2957 1795 2991 chanoine

96 3013 233 3054 d’Albi,
262 3013 488 3046 archidiacre
516 3014 559 3045 de
583 3013 835 3055 Fezensaguet
861 3024 907 3045 en
932 3004 1080 3055 l'Eglisc
1106 3011 1149 3043 de
1167 3011 1348 3043 Lectoure
1379 3010 1551 3054 (Clement
1571 3011 1612 3051 V,
1631 3022 1666 3044 n.
1687 3011 1794 3051 4967,

93 3067 201 3106 4973,
223 3067 328 3107 4974,
347 3067 440 3100 5554
457 3072 494 3099 et
511 3066 631 3109 6929).
