2083 3458
291 203 371 245 796
765 258 768 262 ἱ
941 216 1093 241 NOTAE
1129 217 1193 245 AD
1223 217 1350 242 V1TAs
1846 203 2000 259 [1276]

291 303 461 341 cuidans
486 301 684 351 tousjours
708 316 778 351 que
802 301 834 338 le
858 315 925 351 roy
949 301 1060 338 deust
1083 300 1184 338 tenir
1206 301 1296 338 celle
1319 301 1481 339 election
1503 309 1538 339 et
1560 301 1720 339 rescrire
1742 317 1796 339 au
1819 301 1877 340 dit
1897 303 2002 340 esleu
2027 312 2030 324 ³

292 377 340 400 ou
362 364 516 399 nomme'
536 375 682 398 comme
704 365 728 399 d
748 361 873 411 Pape,
896 360 1083 410 respondi
1105 375 1161 398 un
1180 360 1271 409 jour
1291 376 1344 398 au
1365 361 1406 398 di
1428 360 1620 399 chevalier
1640 369 1675 399 et
1693 361 1857 409 escuier‚
1880 361 1948 412 qui
1969 362 2003 399 le

292 420 603 472 poursugsvoient
631 420 782 458 d'avoir
810 434 1008 470 response,
1040 434 1110 469 que
1141 419 1170 457 il
1198 420 1347 457 n’avoit
1375 435 1510 458 encore
1538 435 1586 458 eu
1610 435 1785 458 aucunes
1811 421 2004 459 certaines

293 481 488 519 nouvelles
511 481 555 518 de
580 488 670 518 cette
692 480 868 527 election,
893 488 927 517 et
942 479 983 517 'si
1007 479 1112 517 avoit
1134 488 1220 517 tant
1241 480 1285 517 de
1312 480 1407 517 bons
1430 480 1535 518 amis
1554 480 1807 528 cardinauloe,
1833 481 1926 518 dont
1949 482 2005 519 les

292 541 475 591 pluseurs
503 539 658 577 avoient
688 542 766 577 este
793 539 1004 577 serviteurs
1033 540 1077 576 de
1106 553 1166 576 ses
1197 540 1489 589 predecesseurs
1519 554 1608 590 roys
1637 540 1682 578 de
1711 540 1866 578 France
1892 548 1928 578 et
1960 541 2006 578 de

293 600 365 648 lui,
391 608 424 638 et
447 614 581 637 encore
605 614 653 636 en
675 614 700 649 y
725 599 831 637 auoit
855 600 1040 649 pluseurs
1065 598 1132 648 qui
1157 599 1321 637 estoient
1344 603 1368 637 a
1392 599 1450 637 lui
1475 607 1510 637 et
1532 600 1576 637 de
1598 614 1645 638 sa
1668 599 1852 650 pension,
1878 614 1950 650 que
1975 599 2008 637 il

294 659 414 698 tenoit
439 659 669 709 fermement
695 673 779 709 que,
808 673 847 696 se
874 673 1030 696 aucune
1057 658 1235 696 ellection
1264 659 1307 696 de
1329 673 1440 713 'pape
1467 667 1551 697 eust
1577 661 1632 697 e'te'
1657 659 1768 709 faite,
1799 659 1848 697 ilz
1875 660 1914 697 la
1945 659 2003 697 lui

294 727 448 757 eussent
468 719 666 768 signifiee,
690 727 724 756 et
744 733 847 769 pour
868 733 906 756 ce
928 718 1040 756 estoit
1059 732 1132 755 son
1150 718 1357 756 entencion
1379 719 1423 756 de
1440 733 1574 756 encore
1596 719 1770 757 attendre
1789 719 1953 769 jusques
1976 719 2008 756 il

294 787 378 817 eust
395 787 505 817 autre
524 778 790 828 certificacion
808 786 929 815 avant
947 792 1017 828 que
1036 779 1128 828 plus
1146 786 1268 816 avant
1287 778 1317 816 il
1334 779 1537 828 procedast
1554 793 1601 816 en
1620 793 1658 816 ce
1674 778 1764 828 fait.
1786 779 2003 817 Praeterea

297 839 441 877 Petrus
470 837 617 876 Amelii
643 837 862 876 cardinalis
890 837 931 875 in
956 846 1144 876 tractatu
1170 846 1262 875 tum
1288 837 1400 876 edito
1427 837 1441 860 1
1476 846 1658 876 testatur
1682 852 1793 888 reges
1822 837 1893 888 qui
1918 838 2001 876 Cle-

296 898 444 937 mentis
471 906 608 949 partes
636 898 918 948 sequebantur
943 897 1075 947 primo
1102 897 1278 935 voluisse
1306 897 1518 947 informari
1542 912 1614 948 pro
1640 906 1802 948 utraque
1826 905 1937 948 parte
1962 898 2009 935 de

296 958 452 996 veritate
483 972 618 995 eorum
649 972 720 1008 que
752 958 1076 1008 proponebantur
1107 965 1188 995 tam
1221 957 1264 995 in
1293 957 1396 1006 facto
1428 972 1547 1007 quam
1580 957 1622 995 in
1651 957 1752 1006 jure,
1786 965 1827 995 et
1858 965 2004 1008 postea

296 1033 337 1056 se
362 1018 587 1056 declarasse
613 1032 686 1067 pro
711 1017 920 1061 Clemente
945 1032 1034 1055 cum
1058 1031 1205 1065 magna
1228 1017 1522 1054 examinatione
1547 1017 1694 1066 negotii
1718 1025 1752 1054 et
1774 1016 2009 1067 probatione

297 1077 430 1116 lucida
453 1076 641 1115 veritatis.
666 1077 744 1115 Sed
770 1073 972 1126 fingamus
996 1091 1141 1114 verum
1163 1076 1203 1114 id
1227 1091 1311 1114 esse
1335 1076 1446 1126 quod
1469 1076 1527 1114 ait
1553 1076 1810 1126 Raynaldus.
1835 1076 1942 1124 Quid
1965 1076 2009 1113 in

295 1138 371 1175 hoc
400 1136 538 1186 magni
567 1136 665 1175 mali
691 1137 822 1175 esset?
852 1137 1017 1186 Loquor
1044 1136 1153 1176 enim
1179 1151 1230 1174 ex
1256 1136 1462 1174 sententia
1490 1150 1631 1176 eorum
1660 1136 1730 1186 qui
1755 1136 1807 1174 ab
1837 1136 2009 1174 Urbano

294 1197 466 1235 stabant
502 1196 700 1235 adversus
738 1197 1006 1234 Clementem.
1047 1196 1154 1233 Nam
1192 1210 1286 1235 cum
1321 1195 1431 1234 idem
1469 1196 1653 1234 Clemens
1692 1195 1918 1234 cardinales
1957 1195 2008 1233 de

296 1255 492 1306 Agrifolio
517 1264 559 1294 et
580 1255 886 1294 pictaviensem
909 1255 1088 1295 misisset
1111 1255 1153 1293 in
1171 1270 1343 1305 regnum
1361 1255 1654 1294 Germanicum
1674 1264 1716 1294 et
1737 1255 1779 1293 in
1800 1255 2009 1305 Angliam,

294 1325 335 1354 et
355 1315 412 1353 illi
433 1330 484 1354 ex
504 1315 649 1354 itinere
671 1315 871 1354 adiissent
893 1315 1089 1354 comitem
1112 1315 1344 1362 Flandriae‚
1367 1323 1522 1353 tantum
1542 1315 1674 1364 abfuit
1695 1323 1738 1353 ut
1757 1314 2008 1362 audirentur,

293 1375 430 1426 inquit
452 1375 695 1426 Radulphus
716 1375 764 1414 de
786 1375 892 1413 Rivo
922 1375 977 1425 [p.
997 1374 1079 1424 32],
1100 1383 1142 1413 ut
1159 1390 1206 1412 ne
1223 1375 1393 1413 admissi
1412 1375 1570 1425 quidem
1594 1375 1758 1424 fuerint,
1777 1375 1844 1412 sed
1861 1374 2008 1424 rejecti,

294 1450 339 1473 ac
359 1435 550 1485 facessere
571 1435 690 1484 jussi,
717 1434 798 1472 nisi
821 1435 902 1472 sibi
927 1435 1087 1472 vincula
1112 1435 1274 1473 mallent
1296 1443 1508 1485 expectare.
1533 1435 1587 1472 Et
1611 1449 1703 1473 cum
1729 1443 1873 1484 postea
1897 1433 2009 1472 idem

295 1495 479 1533 Clemens
502 1495 673 1533 Petrum
694 1495 742 1533 de
765 1495 882 1532 Luna
904 1494 1083 1532 misisset
1103 1494 1145 1532 in
1167 1494 1358 1542 Galliam,
1380 1494 1411 1532 is
1442 1494 1664 1544 impetrare
1685 1508 1768 1532 non
1788 1493 1930 1544 potuit
1959 1501 2009 1531 ut

293 1554 507 1592 audiretur
542 1554 584 1592 in
622 1554 782 1604 Anglia,
821 1554 1175 1604 quemadmodum
1210 1562 1393 1592 testatur
1428 1553 1665 1592 Bonifacius
1704 1554 1751 1592 de
1791 1552 2009 1590 Amanatis

294 1614 406 1664 apud
429 1614 653 1653 Odoricum
677 1614 957 1663 Raynaldum,
979 1627 1044 1652 an.
1070 1614 1186 1661 1394,
1214 1614 1230 1663 ξ
1254 1613 1314 1652 11.
1340 1614 1486 1662 Quoad
1508 1612 1889 1664 expostulationem
1910 1627 2010 1650 vero

296 1673 477 1724 episcopi
498 1673 719 1712 Faventini
738 1673 840 1711 nihil
857 1674 990 1712 habeo
1012 1673 1122 1723 quod
1142 1673 1415 1723 respondeam
1435 1672 1512 1711 nisi
1532 1673 1691 1712 factum
1710 1687 1795 1711 esse
1814 1672 1856 1710 in
1875 1671 2007 1710 Gallia

296 1734 492 1771 adversus
514 1734 731 1773 Urbanum
751 1733 860 1783 quod
878 1733 920 1770 in
938 1732 1159 1784 provinciis
1180 1732 1216 1771 ei
1245 1733 1532 1771 obedientibus
1553 1732 1712 1771 factum
1730 1740 1792 1771 est
1809 1732 2009 1770 adversus

300 1793 565 1833 Clementem.
594 1793 834 1843 Reperimus
870 1793 1021 1843 quippe
1055 1792 1097 1830 in
1131 1792 1261 1831 veteri
1296 1792 1433 1831 codice
1468 1807 1543 1831 ms.
1567 1791 1810 1831 Carthusiae
1839 1790 2010 1841 majoris

297 1852 562 1902 allegationes
599 1852 871 1891 cardinalium
905 1867 1026 1903 super
1061 1852 1231 1891 concilio
1267 1851 1463 1902 generali3
1498 1851 1540 1889 in
1575 1851 1723 1902 quibus
1758 1851 1876 1889 aiunt
1910 1859 2009 1889 ante

298 1912 434 1952 omnia
469 1927 631 1950 necesse
667 1911 786 1950 esse2
822 1913 923 1962 quod
958 1912 1000 1949 in
1035 1911 1271 1959 Alamania,
1325 1912 1521 1961 Ungaria‚
1557 1920 1591 1949 et
1624 1911 1779 1960 Anglia
1824 1925 1870 1949 ex
1903 1925 2012 1948 nunc

298 1972 543 2021 recipiantur
570 1971 871 2021 informationes
897 1986 967 2021 pro
994 1980 1103 2021 parte
1130 1970 1283 2009 domini
1311 1971 1434 2009 nostri
1461 1971 1675 2009 Clementis
1707 1971 1761 2008 ita
1790 1970 1881 2008 bene
1906 1970 2011 2007 sicut

297 2031 483 2069 hactenus
506 2045 577 2081 pro
600 2040 711 2081 parte
734 2032 909 2069 adversa.
936 2032 1081 2069 Petrus
1107 2031 1155 2069 de
1182 2031 1404 2069 Sortenaco
1438 2030 1655 2069 cardinalis
1681 2029 1930 2068 Vivariensis
1962 2029 2004 2067 in

298 2099 483 2129 tractatu
507 2099 599 2128 tum
623 2090 760 2129 edito3
782 2105 903 2140 super
927 2090 994 2128 via
1017 2089 1176 2129 concilii
1204 2090 1400 2140 generalis
1420 2090 1514 2128 hinc
1533 2089 1742 2128 concludit
1761 2088 2006 2127 Urbanistas

298 2150 426 2200 magis
463 2150 505 2187 in
545 2150 760 2188 Urbanum
797 2150 1014 2188 inclinasse
1052 2165 1103 2187 ex
1139 2149 1379 2200 particulari
1416 2149 1633 2188 affectione
1672 2163 1799 2199 quam
1835 2163 1886 2187 ex
1923 2148 2009 2186 zelo

297 2209 484 2259 justitiae
510 2218 550 2247 et
575 2209 765 2248 veritatis
791 2210 885 2248 hinc
911 2209 1044 2259 colligi
1070 2209 1215 2247 merito
1242 2224 1358 2259 posse
1385 2209 1481 2258 quia
1509 2209 1810 2258 informationes
1835 2208 2011 2245 veritatis

299 2277 481 2306 recusant
503 2269 685 2319 recipere.
716 2270 829 2307 Idem
854 2277 1036 2307 testatur
1060 2269 1346 2307 Wenceslaum
1370 2268 1736 2318 regemBoemiae,
1762 2267 1831 2318 qui
1859 2268 2008 2306 Roma-

300 2343 446 2366 norum
469 2343 633 2378 quoque
655 2343 727 2366 rex
748 2337 850 2376 erat,
873 2328 974 2366 nihil
994 2328 1135 2367 audire
1167 2328 1359 2376 voluisse,
1380 2328 1462 2365 sive
1483 2327 1709 2365 consisteret
1730 2327 1773 2364 in
1791 2327 1907 2376 facto,
1929 2326 2012 2364 sive

301 2387 459 2437 injure,
480 2402 548 2437 per
566 2389 669 2438 quod
683 2387 751 2437 jus
771 2388 882 2426 illius
901 2389 944 2426 de
963 2389 1091 2426 Roma
1119 2396 1361 2425 revocaretur
1381 2387 1424 2425 in
1450 2388 1630 2425 dubium.
1665 2387 1811 2424 Petrus
1832 2385 1980 2424 Amelii
1993 2385 2011 2409 4
2031 2401 2034 2403 ’

301 2447 518 2485 cardinalis
548 2448 672 2485 fidem
697 2447 796 2485 facit
820 2448 980 2497 Belgas,
1007 2462 1107 2497 quos
1134 2455 1298 2485 constat
1322 2447 1363 2484 in
1389 2454 1526 2497 partes
1554 2446 1712 2485 Urbani
1734 2454 2008 2495 transgressos

300 2521 399 2553 esse,
427 2521 500 2556 per
528 2507 708 2545 multum
736 2515 900 2557 tempus
941 2499 1178 2544 remansisse
1207 2506 1249 2544 in
1277 2506 1501 2556 pertinacia
1537 2506 1697 2543 nolendi
1727 2504 1938 2555 informari
1966 2505 2013 2542 de

301 2566 472 2604 veritate.
513 2566 697 2615 Denique
733 2566 971 2604 Bonifacius
1008 2567 1056 2604 de
1094 2566 1310 2603 Amanatis
1347 2565 1388 2603 in
1423 2566 1511 2603 loco
1547 2566 1671 2615 paulo
1707 2572 1803 2603 ante
1838 2564 2009 2602 laudato

301 2632 482 2663 testatur
505 2625 608 2663 adeo
634 2625 844 2663 obstinata
870 2625 992 2663 fuisse
1017 2625 1179 2675 ingenia
1204 2639 1345 2663 eorum
1371 2624 1441 2674 qui
1464 2633 1601 2675 partes
1629 2623 1786 2662 Urbani
1810 2623 2011 2661 fovebant

301 2691 347 2720 ut
370 2698 585 2733 nunquam
610 2684 787 2723 obtineri
810 2685 862 2722 ab
886 2685 940 2723 eis
964 2684 1148 2735 potuerit
1171 2693 1218 2722 ut
1240 2699 1334 2734 pars
1359 2684 1578 2722 Clementis
1601 2684 1720 2721 semel
1739 2683 1945 2720 audiretur
1967 2682 2009 2720 in

300 2744 414 2791 factO.
454 2743 579 2782 Isthic
614 2744 751 2781 omnia
785 2752 881 2784 sunt
913 2744 1042 2794 paria.
1081 2744 1238 2793 lnjuste
1271 2758 1365 2793 ergo
1401 2743 1641 2792 Raynaldus
1674 2750 1843 2780 accusat
1874 2756 2009 2791 regem

306 2801 517 2841 lx'arolum.
542 2803 707 2852 Alioqui
728 2818 799 2841 nos
819 2803 928 2853 juste
950 2803 1235 2841 accusabimus
1256 2802 1367 2852 reges
1390 2802 1675 2850 Alamanniae,
1698 2801 1948 2851 Hungariae,
1969 2808 2010 2838 et

351 2942 381 2972 ¹1.
414 2942 562 2981 Haluzc,
592 2948 616 2975 t.
644 2955 694 2981 lv,
722 2956 756 2986 p.
787 2943 866 2975 204.

353 2994 381 3025 2.
414 2995 563 3033 Baluzc,
593 3002 617 3027 t.
645 3008 695 3034 lv,
723 3008 757 3040 p.
787 2996 866 3028 200.

353 3048 384 3078 3.
420 3048 565 3087 lfflaluzc,
601 3055 622 3081 t.
652 3061 703 3088 iv,
734 3062 768 3093 p.
802 3050 881 3081 211.

354 3100 384 3131 fs.
422 3101 566 3137 Maluzc,
598 3108 623 3133 t.
653 3114 703 3141 1v,
735 3114 768 3145 p.
801 3103 881 3135 203.
