2083 3458
253 208 333 250 736
902 223 1054 248 NOTAE
1090 222 1150 247 AD
1185 221 1312 246 VITAS
1808 206 1952 260 [1217]

248 308 338 345 culo
361 322 477 345 Lxxn
499 321 615 345 casus
638 305 761 356 primi
781 305 915 353 electi,
936 305 978 342 in
1000 320 1081 355 quo
1102 305 1304 355 agebatur
1325 305 1373 343 de
1396 305 1557 344 ,Joanne
1587 306 1635 344 de
1655 307 1777 354 Baro,
1800 305 1906 344 dixit
1925 321 1967 345 se

249 366 401 405 nescire
432 381 484 404 an
513 380 559 404 ea
590 380 686 404 vera
717 374 854 404 essent
884 379 988 415 quae
1017 365 1061 403 in
1089 365 1264 403 articulo
1295 364 1619 403 continebantur
1637 365 1666 413 1,
1705 366 1772 403 sed
1811 365 1968 404 audivit

249 427 350 475 quod
369 426 521 464 dixerat
540 425 698 475 primus
717 426 859 463 electus
879 425 981 474 quod
1000 425 1150 462 volebat
1167 424 1326 474 privare
1346 424 1554 462 dominum
1576 425 1802 463 Joliannem
1820 426 1865 463 de
1883 425 1967 463 Bar

251 485 453 535 beneficiis
478 500 549 535 que
573 485 739 532 tenebat,
765 493 799 522 et
820 484 948 534 facere
972 499 1062 522 eum
1083 484 1238 533 ingredi
1264 484 1562 532 monasterium,
1587 493 1746 535 propter
1769 484 1967 523 simonias

248 559 345 594 quas
364 544 625 582 commiserat.
649 544 837 582 Mortuus
857 552 946 582 erat
966 552 1062 582 ante
1086 557 1243 583 annum
1264 544 1534 591 MCCCCVH,
1553 552 1601 582 ut
1621 552 1786 583 constat
1805 559 1857 583 ex
1885 553 1966 583 tes-

248 613 437 642 tamento
475 603 674 642 Guidonis
711 604 759 642 de
799 603 1015 642 Malesicco
1055 603 1274 641 cardinalis
1310 603 1423 642 edito
1448 603 1556 642 inter
1582 604 1849 642 Probationes
1885 604 1965 642 his-

248 664 369 701 toriae
401 664 673 701 cardinalium
702 663 921 710 Gallorum,
944 678 984 713 p.
1009 663 1099 701 459.

304 723 443 761 Fuisse
473 738 568 761 611111
595 723 882 773 praepositum
905 723 1244 761 Valentinensem
1273 723 1393 761 docet
1416 722 1590 773 epistola
1613 722 1886 761 cardinalium
1914 723 1967 760 ad

250 782 510 822 Ludoviculn
534 783 681 821 ducein
704 783 1049 832 Andegavensem
1072 782 1183 821 edita
1206 782 1247 819 in
1270 791 1386 820 tomo
1410 791 1559 832 quarto
1582 782 1788 820 Historiae
1811 782 1966 820 univer-

247 842 379 880 sitatis
406 842 667 890 parisiensis,
692 857 731 892 p.
757 842 847 880 478.

302 902 345 940 Ρ.
372 902 462 949 437,
487 902 554 951 lig.
581 902 643 940 25.
670 903 870 939 PRESENS
894 916 938 939 IN
966 916 1183 940 CONSILIIS.
1210 902 1434 952 Suniptum
1458 910 1521 940 est
1553 901 1666 939 istud
1702 917 1753 940 ex
1784 902 1966 940 declara-

246 960 359 999 tione
382 961 655 1000 cardinalium
671 962 685 984 2
700 976 805 1011 quae
827 961 974 1011 incipit
997 961 1101 999 Cum
1122 970 1281 1011 propter
1294 962 1442 1010 salsam
1463 961 1734 1009 assertionem,
1749 961 1791 998 in
1809 975 1889 1011 qua
1912 960 1967 999 sic

246 1020 396 1070 legitur
422 1038 429 1059 :
456 1021 508 1059 Et
532 1021 574 1058 in
599 1036 678 1058 uno
702 1036 747 1059 ex
772 1021 861 1058 istis
884 1021 1068 1067 consiliis
1089 1021 1170 1070 suit
1195 1021 1259 1058 ille
1283 1021 1470 1058 dominus
1493 1021 1796 1059 Bartholomeus
1819 1020 1967 1059 arehie-

248 1080 438 1130 piscopus
462 1081 669 1127 Barensis,
694 1089 811 1131 prout
836 1076 921 1131 ipse
944 1081 1103 1131 publice
1127 1080 1330 1130 confessus
1354 1089 1421 1128 est,
1447 1080 1534 1118 licet
1557 1089 1707 1119 asserat
1731 1081 1843 1118 modo
1868 1081 1969 1131 quod

249 1140 334 1189 ipse
361 1140 664 1190 impressionem
691 1140 777 1190 lieri
805 1140 1074 1178 dissuasisset.
1107 1140 1170 1178 Ita
1196 1140 1324 1178 etiam
1349 1140 1391 1177 in
1418 1140 1675 1191 depositione
1712 1140 1884 1178 Joannis
1918 1140 1966 1178 de

248 1200 393 1237 Crosso
423 1199 641 1238 cardinalis
672 1200 977 1239 Lemovicensis
995 1199 1010 1222 3
1040 1216 1046 1238 :
1080 1200 1179 1238 Item
1207 1201 1364 1250 quando
1391 1209 1503 1238 erant
1532 1200 1575 1238 in
1602 1200 1782 1238 conclave
1808 1199 1969 1250 paravit

247 1273 286 1297 se
311 1260 363 1297 ad
385 1259 612 1308 fenestram,
640 1268 673 1297 et
698 1260 797 1298 vidit
824 1260 940 1297 illum
965 1260 1183 1297 Barensem
1210 1260 1310 1297 inter
1337 1268 1467 1309 gentes
1492 1260 1780 1307 Romanorum,
1807 1268 1841 1297 et
1865 1259 1968 1310 quod

247 1319 403 1356 audivit
429 1320 479 1356 ab
507 1333 548 1356 eo
577 1320 679 1369 quod
706 1319 951 1369 interfuisset
978 1319 1160 1357 consiliis
1188 1319 1474 1367 Romanorum,
1503 1320 1570 1357 sed
1595 1334 1749 1369 semper
1775 1319 1967 1357 suadebat

248 1378 310 1417 eis,
334 1393 380 1415 ne
407 1378 580 1427 facerent
610 1379 913 1429 impressionem
942 1379 1231 1417 cardinalibus.
1267 1379 1314 1417 In
1329 1379 1586 1429 depositione
1610 1378 1755 1429 Angeli
1783 1378 1966 1429 episcopi
2017 1378 2020 1383 ’

250 1437 502 1476 Pisaurensis
525 1438 584 1476 ita
608 1438 810 1489 scriptum
833 1447 894 1477 est
910 1438 926 1460 4
949 1455 956 1476 z
985 1439 1112 1477 Testis
1135 1438 1202 1488 qui
1224 1439 1399 1488 loquitur
1418 1439 1498 1488 fuit
1520 1439 1734 1489 requisitus
1755 1438 1791 1476 si
1818 1438 1968 1476 volebat

249 1496 433 1534 interesse
460 1497 503 1535 in
529 1498 645 1535 dictis
670 1498 852 1536 consiliis
878 1498 928 1535 ab
946 1512 1023 1535 uno
1048 1498 1198 1548 prelato
1213 1498 1413 1545 Romano;
1430 1514 1454 1536 a
1476 1509 1554 1549 quo
1574 1498 1689 1549 petiit
1704 1498 1833 1536 dictus
1858 1497 1967 1536 testis

249 1556 344 1605 quid
364 1557 556 1606 agebatur
578 1557 622 1594 in
644 1558 760 1595 dictis
782 1558 978 1605 consiliis,
1002 1566 1035 1595 et
1058 1558 1125 1608 qui
1147 1566 1259 1595 erant
1281 1558 1419 1596 vocati.
1444 1558 1523 1608 Qui
1545 1558 1750 1608 respondit
1772 1558 1874 1608 quod
1894 1571 1966 1608 pro

246 1624 345 1653 certo
363 1617 538 1654 Romani
558 1617 814 1655 intendebant
832 1618 924 1655 dare
942 1617 1122 1655 ordinem
1140 1618 1241 1667 quosl
1268 1618 1340 1655 liae
1359 1617 1439 1655 vice
1457 1618 1642 1656 haberent
1669 1632 1821 1668 papam
1839 1631 1966 1655 roma-

249 1690 346 1713 num
366 1684 400 1713 et
420 1677 522 1725 quod
541 1677 594 1714 ad
615 1676 691 1714 ista
712 1677 882 1714 consilia
902 1685 1013 1714 erant
1033 1678 1168 1726 plures
1190 1677 1314 1715 vocati
1344 1677 1475 1715 clerici
1497 1686 1531 1715 et
1552 1677 1665 1725 laiei3
1688 1685 1722 1715 et
1744 1676 1967 1715 nominavit

250 1736 293 1771 de
317 1735 461 1772 vocatis
485 1736 691 1773 dominum
704 1736 930 1786 Agapitum
942 1737 986 1774 de
1009 1736 1250 1786 Columpna,
1275 1737 1483 1774 dominum
1494 1737 1675 1775 abbatem
1688 1737 1845 1774 Montis
1868 1736 1964 1774 Cas-

247 1794 344 1842 sini,
375 1795 582 1832 dominum
609 1796 771 1833 electum
802 1796 1138 1843 Tiburtinensem,
1170 1796 1376 1834 dominum
1406 1787 1631 1845 generalem
1652 1796 1964 1844 Heremitarum,

249 1853 455 1891 «lominum
480 1854 826 1905 archiepiscopum
851 1856 1086 1895 Barensem:
1113 1856 1181 1905 qui
1207 1864 1416 1906 postquam
1439 1856 1519 1905 fuit
1543 1857 1697 1904 electus,
1724 1856 1895 1893 existens
1921 1855 1965 1893 in
1997 1904 2001 1905 .

248 1913 442 1960 cathedra,
462 1913 564 1952 discit
581 1914 766 1952 audiente
785 1915 886 1952 dicto
904 1923 994 1953 teste
1013 1916 1115 1965 quod
1131 1915 1349 1965 aliquando
1369 1915 1601 1965 interfuerat
1619 1915 1800 1954 consiliis
1818 1915 1962 1953 Roma-

249 1986 404 2020 norum,
426 1974 493 2011 sed
514 1987 594 2011 non
615 1975 667 2012 ad
686 1975 815 2012 alium
837 1975 958 2024 finem
979 1989 1098 2025 quam
1118 1976 1170 2012 ad
1190 1975 1488 2025 reprimendum
1509 1990 1643 2013 eorum
1663 1975 1830 2024 suriam.
1857 1975 1963 2013 Item

248 2032 287 2069 in
320 2032 578 2082 depositione
613 2033 785 2072 ,Joannis
820 2034 868 2072 de
900 2034 1021 2081 Baro,
1055 2034 1300 2073 subdiaconi
1331 2049 1463 2085 papae
1484 2034 1525 2073 5:
1552 2035 1650 2072 Item
1682 2036 1854 2085 quadam
1886 2034 1963 2081 die,

245 2092 413 2129 durante
440 2106 605 2140 novena,
634 2093 721 2143 ipso
748 2095 924 2144 loquente
950 2094 1131 2131 redeunte
1157 2095 1201 2131 de
1228 2094 1332 2132 dicta
1357 2094 1519 2132 eeclesia
1545 2094 1687 2133 Sancte
1714 2094 1849 2132 Marie
1875 2108 1963 2131 cum

245 2151 518 2189 Bartlzolomeo
550 2161 642 2190 tune
673 2153 971 2203 archiepiscopo
999 2153 1185 2201 Bar-ensi,
1212 2153 1315 2191 idem
1340 2154 1387 2192 Β.
1414 2154 1515 2192 dimit
1545 2154 1625 2192 sibi
1657 2155 1758 2204 quod
1788 2152 1962 2191 Romani

244 2225 333 2248 eum
355 2220 585 2249 vocaverant
604 2213 656 2250 ad
675 2212 891 2250 eonsilium
912 2227 1046 2250 eorum
1067 2221 1275 2251 tractantes
1297 2214 1341 2251 de
1362 2213 1544 2251 electione
1565 2213 1712 2251 summi
1734 2212 1964 2262 Pontificis,

248 2278 291 2307 ut
310 2270 445 2317 credit,
468 2279 502 2308 et
520 2271 622 2320 facto
644 2273 811 2310 consilio
832 2272 1160 2310 recommendavit
1180 2287 1219 2310 se
1239 2272 1308 2311 eis,
1333 2273 1477 2311 Petrus
1504 2273 1705 2323 Rostagni
1725 2273 1766 2310 in
1788 2272 1963 2323 epistola

246 2329 401 2379 scripta
434 2330 485 2367 ad
520 2331 739 2379 Joannem,
771 2346 908 2381 regem
940 2332 1155 2379 Castellae,
1192 2332 1305 2369 ‘anno
1347 2333 1666 2380 MCCCLXXX,
1708 2332 1771 2371 die
1804 2331 1962 2370 decima

248 2389 396 2427 mensis
421 2390 667 2440 septembris
695 2408 701 2429 :
734 2392 870 2429 Unum
894 2400 1013 2429 vestre
1037 2392 1235 2441 majestati.
1260 2406 1339 2435 non
1363 2392 1568 2430 obmittam
1598 2392 1780 2439 scribere,
1805 2399 1899 2439 eto„
1915 2398 1963 2428 ut
1997 2391 1999 2394 ’

249 2462 387 2497 supra,
415 2464 454 2498 p.
484 2449 600 2488 1202.

304 2508 345 2545 P.
371 2508 461 2555 437,
485 2509 551 2558 lig.
576 2509 638 2548 31.
664 2510 1002 2548 CANCELLARIAM
1030 2525 1143 2548 TUNc
1169 2525 1367 2548 REGEBAT
1391 2511 1476 2549 vice
1500 2511 1612 2549 Petri
1633 2511 1682 2549 de
1706 2511 1962 2556 Monteruco,

250 2567 468 2605 cardinalis
500 2569 843 2619 Pampilonensis,
875 2569 944 2619 qui
974 2578 1228 2608 remanserat
1260 2570 1485 2618 Avenione,
1516 2579 1563 2608 ut
1592 2570 1741 2620 legitur
1769 2569 1810 2607 in
1841 2569 1962 2606 Facto

252 2626 397 2663 Jacobi
420 2627 467 2664 de
492 2628 596 2666 Seva
617 2628 646 2676 ⁶,
669 2644 708 2679 p.
732 2629 822 2673 490,
855 2638 896 2667 et
918 2629 1028 2679 apud
1055 2629 1276 2668 Odoricum
1302 2630 1582 2679 Raynaldum,
1614 2644 1679 2668 an.
1713 2629 1828 2676 1378,
1857 2628 1873 2677 ἓ
1895 2628 1959 2666 80.

255 2685 305 2721 lit
332 2694 555 2735 postquam
583 2687 719 2726 locata
746 2697 808 2727 est
834 2688 876 2726 in
915 2688 1112 2727 cathedra
1152 2689 1355 2736 Romana,
1391 2690 1549 2727 nullum
1579 2688 1959 2727 vicecancellarium

303 2839 328 2871 1.
361 2839 426 2872 Ms.
457 2841 540 2881 cite,
569 2843 631 2876 fol.
661 2844 730 2877 134
758 2850 808 2878 v0.

300 2893 328 2923 2.
364 2893 509 2934 Baluzc,
540 2902 564 2928 1..
591 2908 642 2936 Iv,
671 2909 704 2940 p.
734 2899 814 2932 174.

296 2946 326 2976 53.
363 2946 398 2978 Β.
428 2947 484 2983 Ν.
512 2960 578 2982 ms.
605 2950 701 2982 latin
725 2951 855 2992 11745,
880 2953 943 2986 fol.
970 2955 1014 2987 37
1039 2959 1083 2988 ΓΟ.

293 2998 322 3029 lo.
358 2999 422 3031 ΜΞ.
448 3001 531 3039 cite,
556 3002 617 3035 [ol.
644 3005 707 3036 251
734 3010 777 3037 ΓΟ.

292 3052 321 3082 Γ).
357 3052 420 3084 ΜΞ.
448 3054 532 3093 cite,
560 3056 622 3088 sol.
650 3058 694 3089 52
720 3063 770 3091 ΥΟ.

290 3104 320 3135 6,
355 3105 527 3146 Bulaeus,
555 3108 725 3143 Historia
753 3111 1015 3146 Universilatis
1037 3113 1280 3155 Parisfflnsis,
1307 3121 1333 3147 t.
1358 3127 1408 3148 Iv.

1117 3159 1121 3174 V
