2083 3458
82 208 233 265 [1140]
600 224 816 249 PAPARUM
852 224 1234 249 AVENIONENSIUM
1681 209 1759 250 661

120 307 234 347 Obiit
274 307 412 345 Niciae
464 307 504 344 in
546 308 759 346 Provincia
799 322 906 346 anno
946 308 1283 354 MCCCLXXXI,
1324 308 1386 346 die
1427 323 1543 346 xxvn
1584 308 1760 357 augusti,

67 367 299 416 ibidemque
325 366 507 416 sepultus
533 374 594 404 est
618 367 728 417 apud
754 367 897 405 fratres
924 367 1242 414 praedicatores,
1272 367 1341 404 ubi
1374 367 1598 405 etiamnum
1634 367 1760 405 cardi-

69 425 257 464 nalitium
295 425 381 474 ejus
430 425 608 474 galerum
656 440 702 463 ac
742 426 940 475 gentilitia
979 426 1149 475 insignia
1190 426 1365 476 conspici
1404 434 1581 464 testatur
1620 427 1762 465 Petrus

70 485 258 523 Jofredus
281 484 323 522 in
344 483 531 532 Catalogo
552 485 824 534 episcoporum
846 485 1110 522 Niciensium.

122 543 220 593 Ejus
251 557 374 593 nepos
405 542 526 580 fuisse
556 543 719 581 videtur
747 544 996 581 Bertrandus
1028 544 1075 581 de
1105 544 1298 590 Brosano‚
1330 558 1450 593 quem
1482 532 1670 581 Urbanus
1706 545 1761 581 VI

67 603 110 641 in
127 602 222 653 ipsis
242 601 303 640 sui
321 601 588 652 pontificatus
615 602 739 640 initiis
765 603 983 652 praefecit¹
1010 603 1209 641 Ecclesiae
1231 602 1438 640 Parmensi
1456 611 1554 640 tuuc
1583 603 1762 649 vacanti,

68 670 115 699 ut
135 669 252 712 patet
273 675 323 699 ex
344 661 463 698 Facto
483 661 569 710 ejus
592 661 713 699 misso
735 662 809 699 sub
832 662 940 699 bulla
963 662 1014 699 ad
1036 676 1168 711 regem
1192 662 1401 699 Castellae.
1428 662 1538 699 Idem
1562 662 1761 711 reperitur

68 721 107 758 in
136 728 250 758 tomo
279 728 427 769 quarto
455 720 657 757 Historiae
690 720 966 758 Universitatis
993 721 1139 766 Paris„
1168 736 1206 770 p.
1235 720 1323 765 505,
1353 720 1421 757 ubi
1448 721 1658 770 episcopus
1686 721 1761 758 iste

70 779 262 818 mendose
283 787 456 817 vocatur
475 779 726 817 Bertrandus
749 779 796 817 de
817 780 1013 817 Brosuno.
1038 780 1142 816 Nam
1164 779 1288 817 etiam
1309 779 1349 816 in
1370 780 1505 817 codice
1528 780 1564 817 S.
1591 779 1760 817 Victoris

71 837 319 885 Parisiensis‚
358 852 438 887 quo
474 852 569 876 usus
607 846 668 876 est
704 847 847 876 auctor
883 838 1004 887 hujus
1041 838 1245 883 historiae,
1285 838 1430 876 diserte
1468 838 1664 888 scriptum
1700 846 1761 876 est

69 898 247 935 Brosano
265 905 312 934 ut
330 896 373 934 in
393 897 636 934 Harlaeano.
659 898 721 934 Ex
741 912 821 946 quo
841 897 1003 935 interim
1021 897 1109 935 loco
1128 897 1384 947 supplebitur
1403 897 1536 934 hiatus
1558 897 1626 946 qui
1644 905 1761 934 extat

70 957 180 1007 apud
204 956 421 1005 Ughellum
456 960 500 994 lt.
524 971 564 1003 11,
590 956 662 994 col.
689 956 786 1005 184]
811 956 853 993 in
875 956 1061 1005 Catalogo
1083 956 1354 1005 episcoporum
1376 956 1667 1002 Parmensium,
1692 956 1761 993 ubi

68 1016 100 1054 is
127 1015 184 1053 ait
210 1030 249 1053 se
276 1014 482 1065 reperiisse
509 1029 598 1052 eam
625 1015 759 1053 sedem
788 1029 952 1053 vacasse
978 1015 1030 1052 ab
1057 1029 1163 1052 anno
1188 1015 1525 1062 MCCCLXXVH
1557 1029 1682 1064 usque
1709 1015 1760 1052 ad

69 1089 223 1114 annum
241 1074 578 1112 MCCCLXXIX.

124 1134 186 1171 Ex
211 1133 354 1172 eadem
379 1133 491 1170 haud
517 1133 637 1171 dubie
665 1141 782 1182 gente
810 1141 898 1171 orta
925 1141 1011 1170 erat
1039 1132 1251 1170 Francisca
1278 1132 1325 1170 de
1352 1133 1531 1170 Brosano
1557 1132 1639 1170 sive
1665 1132 1760 1169 Bor-

70 1207 183 1240 sano,
205 1207 255 1231 ex
276 1206 370 1242 qua,
392 1200 439 1230 ut
461 1192 599 1230 Corius
621 1192 692 1239 ait,
715 1191 995 1230 celeberrimus
1017 1191 1080 1229 ille
1104 1192 1322 1229 Petrarcha
1347 1191 1472 1228 filium
1495 1191 1671 1241 suscepit
1693 1191 1761 1240 qui

70 1252 294 1292 admodum
315 1265 414 1301 puer
436 1251 537 1289 obiit
557 1251 598 1288 in
619 1251 787 1289 civitate
809 1250 1023 1297 Ticinensi,
1045 1265 1152 1288 anno
1174 1250 1508 1296 MCCCLXVIII,
1530 1250 1760 1299 ibidemque

71 1311 253 1362 sepultus
273 1318 335 1348 est
354 1324 447 1350 cum
466 1310 676 1360 epitaphio
696 1310 805 1360 quod
825 1310 912 1359 ejus
932 1310 1091 1347 tumulo
1111 1318 1227 1359 pater
1246 1309 1452 1359 imposuit.
1474 1309 1623 1346 Verum
1645 1309 1761 1346 Jaco-

70 1370 145 1408 bus
178 1370 388 1420 Philippus
421 1369 691 1408 Thomasinus
722 1369 764 1406 in
796 1370 1014 1407 Petrarcha
1047 1368 1243 1415 redivivo,
1277 1382 1363 1418 cap.
1398 1383 1499 1413 xxn,
1532 1382 1612 1405 rem
1646 1367 1762 1405 aliter

72 1437 224 1476 narrat,
242 1428 430 1466 nimirum
451 1429 728 1475 Petramham,
746 1428 963 1466 Mediolani
979 1442 1071 1465 cum
1088 1436 1205 1473 esset,
1223 1427 1559 1465 consuetudinem
1575 1426 1761 1463 habuisse

73 1502 164 1527 cum
191 1488 340 1526 femina
368 1487 588 1526 clarissima
616 1488 663 1525 de
689 1487 971 1525 Beccariorum
999 1487 1133 1533 domo,
1161 1501 1210 1524 ex
1236 1500 1363 1535 eaque
1390 1485 1609 1535 suscepisse
1640 1485 1762 1522 filiam

72 1547 266 1597 elegantis
295 1547 448 1585 formae
477 1555 601 1596 atque
629 1546 775 1584 indolis
798 1546 860 1585 cui
888 1546 1063 1583 inditum
1095 1545 1372 1583 Franciscolae
1401 1559 1561 1589 nomen,
1583 1543 1762 1581 Francis-

73 1607 203 1645 colam
232 1621 351 1656 porro
381 1606 563 1656 nupsisse
595 1605 808 1644 Francisco
839 1605 885 1643 de
914 1606 1129 1651 Brossano‚
1159 1604 1331 1642 istorum
1360 1618 1454 1641 vero
1488 1603 1611 1640 silium
1643 1602 1762 1640 fuisse

74 1667 180 1704 hunc
204 1665 464 1704 Franciscum
486 1665 550 1703 cui
573 1665 793 1703 Petrarcha
816 1664 952 1714 posuit
974 1663 1230 1714 epitaphium
1248 1663 1274 1701 ².

127 1725 169 1763 P.
203 1724 291 1772 423,
323 1724 389 1773 lig.
422 1724 458 1762 3.
494 1724 621 1762 HUGo
656 1738 710 1760 DE
744 1724 1064 1761 MONTELEGUM.
1101 1723 1187 1760 Hoc
1219 1730 1279 1760 est
1311 1735 1453 1759 verum
1484 1721 1569 1769 ejus
1602 1734 1762 1757 nomen.

74 1783 136 1822 Sic
160 1784 267 1822 enim
292 1791 465 1821 vocatur
487 1783 529 1821 in
551 1783 661 1821 libris
687 1783 849 1830 nostris,
874 1782 916 1819 in
938 1782 1040 1820 libro
1064 1781 1362 1830 Obligationitm
1385 1780 1538 1818 archivi
1563 1779 1763 1825 Vaticani,

73 1851 113 1880 et
132 1842 174 1880 in
194 1842 329 1881 codice
353 1843 595 1881 Harlaeano.
622 1843 752 1881 Immo
773 1842 965 1888 Joannes‚
988 1842 1113 1879 frater
1132 1840 1232 1890 ejus,
1254 1841 1385 1878 factus
1407 1839 1617 1889 episcopus
1640 1838 1764 1875 Vene-

74 1902 197 1940 tensis
219 1902 279 1939 ,ab
311 1902 478 1939 Urbano
508 1901 564 1939 VI
595 1910 768 1939 vocatur
798 1901 975 1938 Joannes
1007 1900 1054 1937 de
1086 1899 1357 1948 Montelegum
1389 1898 1430 1935 in
1459 1898 1600 1935 eodem
1631 1896 1764 1934 codice

78 1961 307 1999 Harlaeano
331 1969 371 1999 et
394 1960 435 1998 in
459 1960 664 1998 codicibus
689 1960 779 2007 811,
803 1959 882 1998 815
904 1959 1173 1997 bibliothecae
1199 1957 1452 1996 Colbertinae
1468 1956 1501 1997 3:
1526 1971 1598 2006 pro
1623 1970 1702 2004 quo
1726 1955 1766 1991 in

76 2020 210 2058 codice
229 2019 306 2057 842
324 2019 463 2058 Sancti
484 2019 657 2057 Victoris
678 2018 911 2057 Parisiensis
925 2019 941 2041 4
955 2018 1149 2067 scriptum
1172 2025 1233 2055 est
1250 2015 1517 2063 Montelongis
1538 2030 1608 2065 per
1624 2015 1765 2051 abbre-

78 2078 313 2126 viationem,
354 2079 530 2117 confusis
569 2087 709 2116 tamen
748 2078 886 2116 literis.
929 2078 991 2114 Ex
1030 2091 1110 2126 quo
1148 2076 1277 2125 liquet
1310 2074 1517 2112 librarium
1559 2073 1765 2110 dubitasse

77 2151 255 2188 quonam
292 2138 414 2175 modo
452 2137 711 2176 scribendum
748 2145 865 2175 esset.
908 2137 1023 2173 Hanc
1061 2143 1215 2174 certam
1251 2134 1513 2184 scriptionem
1551 2132 1767 2170 confirmat

77 2196 202 2235 etiam
229 2197 394 2246 vulgare
424 2211 572 2234 nomen
599 2196 714 2234 istius
745 2196 888 2245 gentis,
918 2209 1042 2244 quam
1065 2194 1185 2232 fuisse
1211 2193 1363 2231 dictam
1388 2192 1435 2229 de
1463 2190 1674 2228 Montelais
1703 2190 1766 2227 vel

79 2255 295 2294 Montalais
325 2264 481 2294 certum
509 2264 583 2293 est.
615 2254 828 2293 Montelais
859 2254 1008 2303 quippe
1037 2253 1234 2303 scriptum
1263 2260 1324 2290 est
1351 2251 1392 2288 in
1421 2250 1547 2288 veteri
1576 2248 1767 2286 Chronico

79 2314 281 2352 Briocensi
299 2329 372 2353 ms.
391 2314 432 2352 in
453 2314 588 2352 codice
605 2313 708 2352 1823
721 2313 990 2351 bibliothecae
1005 2311 1258 2350 Colbertinae
1277 2310 1306 2357 5,
1324 2318 1364 2348 et
1381 2310 1421 2347 in
1437 2309 1546 2346 Actis
1562 2307 1765 2345 veteribus

78 2373 196 2412 editis
228 2374 334 2412 inter
365 2373 622 2411 Probationes
653 2373 838 2410 historiae
869 2371 1077 2409 Ber-iramlz?
1115 2369 1328 2415 Caeselini,
1360 2384 1398 2418 p.
1431 2367 1519 2413 308,
1548 2365 1767 2403 Morztalais

80 2447 175 2471 vero
207 2447 246 2482 p.
282 2432 370 2480 440,
405 2432 494 2480 443,
529 2432 617 2478 445,
651 2440 692 2469 et
725 2431 803 2469 levi
845 2430 1073 2467 mutatione
1097 2428 1325 2465 illontalain
1358 2427 1467 2476 apud
1503 2426 1692 2462 Nlaanum
1727 2424 1768 2460 in

79 2491 260 2529 Historia
281 2491 477 2529 Ecclesiae
501 2491 756 2537 Turonensis,
780 2505 817 2540 p.
842 2490 929 2527 257.

128 2611 159 2643 1.
190 2610 282 2643 Vers
303 2609 397 2642 avril
418 2610 511 2642 1378
536 2610 682 2652 (Eubel,
705 2609 936 2647 Hierarcln'a,
959 2614 984 2640 t.
1006 2619 1028 2646 1,
1052 2618 1085 2649 p.
1108 2606 1205 2649 392).

130 2664 160 2696 2.
192 2662 262 2695 Sur
294 2662 425 2695 Simon
456 2662 654 2701 Brossano,
682 2662 763 2695 voir
789 2661 907 2694 Eubel
930 2659 1172 2703 (Hierarchia,
1198 2664 1223 2690 t.
1249 2670 1272 2696 1,
1293 2669 1326 2700 p.
1351 2655 1631 2698 22),R‹·}m1'sche
1655 2654 1771 2697 Quar-

81 2716 259 2758 talschrist
280 2716 319 2758 (t.
349 2727 430 2754 XIX,
459 2715 566 2753 1905,
594 2727 628 2758 p.
658 2715 756 2757 165),
774 2715 817 2747 N.
836 2713 962 2746 Valois
994 2713 1032 2754 (t.
1056 2724 1091 2750 11,
1121 2723 1154 2754 p.
1184 2710 1282 2749 476),
1308 2710 1364 2742 Fr.
1391 2709 1442 2741 Pl.
1467 2707 1770 2740 Bliemetzriedor

85 2769 174 2812 (Zur
214 2768 419 2802 Geschichte
453 2769 513 2800 der
547 2779 694 2810 grosseti
727 2766 1060 2800 abendlc'indisclzen
1095 2761 1540 2805 K1'1·clzenspalcu.r1g.Die
1565 2759 1772 2792 Kar-(lindie

80 2822 186 2855 Peter
214 2821 375 2860 Corsini,
402 2821 531 2854 Simon
559 2821 600 2853 de
627 2820 805 2859 Borsano,
826 2819 947 2852 Jahob
967 2818 1094 2851 Orsini
1124 2817 1200 2849 und
1218 2817 1277 2848 der
1298 2813 1653 2856 Konzilsgedstnlcen,
1677 2812 1770 2844 dans

83 2875 238 2908 Studien
258 2875 334 2907 und
350 2873 639 2916 Mittheilungen
657 2884 725 2906 aus
741 2874 819 2906 dem
836 2872 1096 2905 Benediktiner
1116 2870 1191 2901 und
1203 2869 1281 2901 dem
1299 2866 1612 2904 Cistercienorder,
1631 2871 1656 2897 t.
1675 2876 1771 2896 xxw

87 2927 222 2971 (1903),
245 2939 279 2971 p.
302 2926 474 2965 360-377‚
497 2926 683 2968 625-652).

132 2982 163 3014 3.
195 2980 235 3013 B.
260 2980 317 3019 N.,
339 2991 425 3012 mss.
447 2978 560 3012 latins
581 2979 709 3018 11745,
732 2978 835 3017 1462,
857 2977 960 3010 1470.

134 3035 165 3066 4.
196 3033 236 3066 Β.
258 3033 315 3073 Ν.,
334 3044 401 3065 ms.
419 3031 515 3064 latin
531 3031 659 3070 14643,
677 3031 740 3064 fol.
758 3031 827 3064 179
845 3035 894 3063 v0.

135 3087 166 3119 5.
195 3086 234 3119 Β.
252 3086 308 3125 Ν.,
322 3097 389 3118 ms.
404 3084 498 3117 latin
510 3085 620 3124 600.3;
634 3083 828 3117 Lobincau
844 3083 1020 3126 (Histoire
1032 3082 1072 3114 de
1082 3081 1272 3122 Bretagne‚
1288 3078 1402 3117 Paris,
1418 3078 1522 3115 1707,
1537 3082 1562 3109 t.
1575 3088 1611 3116 11,
1625 3087 1659 3119 p.
1675 3076 1772 3117 838).
