2083 3458
256 190 335 231 108
902 199 1052 224 NOTAE
1088 198 1146 222 AD
1182 176 1309 221 VITAs
1832 177 1958 233 [628]

255 296 302 325 ut
327 300 465 325 curam
491 285 713 336 susciperet
738 281 988 322 executionis
1015 279 1336 321 conventionum
1359 278 1471 329 pacis
1495 278 1692 317 initarum
1716 277 1824 316 inter
1847 290 1959 315 eum-

256 348 348 385 dem
374 360 521 396 regem
551 344 749 382 Karolum
772 342 963 381 comitem
990 338 1186 385 Valesiae,
1210 338 1380 376 fratrem
1401 337 1585 387 ejusdem
1610 337 1726 387 regis,
1755 336 1961 375 Jacobum

256 419 389 455 regem
415 405 684 454 Arragonum,
710 410 751 441 et
776 401 978 439 Jacobum
1002 412 1136 449 regem
1161 396 1463 447 Majoricarum.
1492 397 1651 435 Harum
1674 410 1810 435 rerum
1833 402 1961 434 testes

255 473 402 504 extant
424 464 560 503 variae
576 463 716 501 literae
739 475 839 511 quas
858 474 907 498 ex
923 472 1082 497 camera
1105 464 1394 507 computorum
1411 456 1536 495 Paris.
1551 455 1667 494 nobis
1691 455 1786 493 olim
1808 454 1961 493 submi-

255 524 411 562 nistrax
417 524 448 560 it
468 523 529 560 vir
549 521 793 560 clarissimus
814 527 854 558 et
874 518 1053 569 optimus
1074 515 1278 555 Antonius
1299 515 1404 553 Vion
1426 515 1712 554 Herovallius
1709 527 1730 553 ·.

308 583 428 622 Anno
455 580 742 620 MCCXCVIII
781 578 844 630 [25
873 575 1078 626 octobre]‚
1107 592 1127 616 e
1155 575 1350 614 cathedra
1378 574 1689 613 Carcassonensi
1716 573 1881 612 transiit
1907 572 1960 610 ad

256 642 512 680 Tolosanam.
529 640 759 679 Bernardus
783 635 1010 676 Guidonis
1000 650 1040 673 111
1065 635 1252 684 catalogo
1274 634 1558 685 episcoporum
1577 634 1774 672 Tolosae2
1792 633 1962 671 :Petras

257 702 300 739 de
320 701 496 751 Capella,
516 700 573 737 sic
593 705 891 749 cognominatas
910 711 934 733 a
953 696 1032 733 loco
1053 695 1155 732 ande
1173 693 1299 731 emittit
1317 693 1511 731 oriundas
1530 692 1818 731 Lemovicensis
1838 691 1960 730 dioce-

255 760 325 807 sis,
350 759 534 797 successit
558 758 715 796 domino
740 756 919 795 Arnaldo
944 754 1111 804 Rogerio
1137 754 1181 791 de
1206 753 1415 800 Convenis,
1442 753 1657 790 translatas
1683 753 1728 790 de
1753 751 1962 790 Carcasso-

258 819 370 857 nensi
391 819 489 866 sede,
512 826 545 856 et
564 818 691 867 jactas
712 816 920 866 episcopas
951 814 1197 851 leolosanas
1227 826 1296 863 per
1322 812 1587 863 provisionem
1611 820 1645 850 et
1670 811 1962 855 ordinationem

258 876 462 928 Bonifacii
500 891 604 928 pape
648 875 772 923 VIII,
823 874 925 912 circa
963 872 1215 923 principiam
1254 871 1400 909 mensis
1449 871 1613 909 octobris
1652 885 1758 909 anno
1794 869 1961 908 Domini

257 936 587 975 MCCXCVIII.
614 935 710 973 Fuit
732 942 862 972 autem
884 932 1094 984 episcopas
1121 931 1367 969 leolosanas
1391 931 1511 968 annis
1534 939 1679 981 septem
1702 938 1737 968 et
1760 929 1963 968 mensibus

255 997 332 1046 sere
351 996 488 1034 tribas.
509 996 613 1033 Tum
632 993 827 1044 temporis
846 1006 977 1033 annus
995 991 1106 1042 apud
1127 991 1303 1029 Francos
1322 990 1546 1041 incipiebat
1565 1006 1587 1029 a
1608 990 1821 1028 Paschate.
1843 989 1961 1028 Unde

255 1056 293 1093 in
314 1056 441 1094 veteri
461 1055 640 1105 quodam
657 1054 933 1091 instrumento
952 1050 1107 1101 collegii
1126 1051 1163 1089 S.
1184 1049 1382 1088 Martialis
1401 1050 1571 1090 Tolosae
1588 1049 1645 1087 ita
1660 1049 1859 1099 scriptum
1872 1056 1933 1087 est
1953 1064 1962 1086 ε

257 1115 399 1152 :ictam
421 1114 499 1163 fait
522 1114 589 1151 hoc
611 1113 721 1150 XIV
744 1112 806 1150 die
830 1112 1022 1161 introytas
1047 1109 1192 1148 mensis
1215 1109 1416 1159 febroarii,
1441 1117 1627 1158 regnante
1659 1108 1854 1158 Philippo
1877 1122 1964 1157 rege

258 1175 514 1221 Francorum,
535 1181 569 1211 et
586 1172 744 1210 domino
763 1172 877 1209 Petro
897 1171 941 1208 de
960 1170 1125 1220 Capella
1143 1169 1325 1220 episcopo
1348 1169 1554 1216 Tolosano,
1574 1183 1680 1206 anno
1699 1168 1749 1205 ab
1771 1168 1962 1205 Incarna-

258 1234 359 1271 tione
375 1232 541 1270 Domini
560 1230 881 1269 MCCXCVIII
910 1229 1041 1280 [1299,
1061 1244 1099 1267 11.
1122 1237 1171 1267 st.
1187 1228 1213 1279 ]
1236 1228 1299 1265 Ex
1319 1242 1399 1278 quo
1418 1228 1520 1275 loco,
1542 1228 1637 1266 olim
1657 1242 1679 1266 a
1698 1226 1816 1266 hobis
1836 1226 1962 1273 edito,

258 1292 418 1342 collegit
445 1291 642 1330 Oldoinus
681 1291 726 1341 [t.
757 1307 796 1337 13,
820 1290 892 1328 col.
925 1288 1025 1339 372]
1055 1289 1224 1326 Petrum
1250 1287 1373 1326 fuisse
1395 1287 1553 1325 factum
1580 1287 1817 1338 episcopum
1845 1286 1961 1324 Tolo—

258 1366 403 1390 sanum
433 1351 552 1389 initio
572 1350 668 1390 anni
688 1349 990 1396 MCCXCVIII,
1010 1362 1092 1386 non
1111 1362 1207 1386 vero
1227 1361 1364 1385 mense
1384 1346 1555 1385 octobri.

314 1412 359 1448 In
379 1411 499 1448 Libro
518 1410 636 1448 rubeo
656 1423 829 1447 camerae
850 1416 1120 1458 computorum
1141 1406 1290 1454 Paris.,
1313 1407 1339 1444 f.
1362 1406 1439 1444 416
1458 1414 1499 1445 et
1519 1405 1608 1453 492,
1630 1406 1880 1444 adnotatum
1901 1413 1962 1443 est

259 1471 426 1508 Petrum
452 1470 500 1508 de
526 1469 702 1520 Capella,
730 1468 939 1519 quondam
965 1467 1201 1517 episcopum
1227 1466 1489 1513 Tolosanum,
1515 1465 1747 1504 vendidisse
1773 1464 1963 1515 Philippo

258 1529 445 1575 Pulchro,
478 1528 560 1578 regi
593 1529 857 1575 Francorum,
890 1527 1114 1577 quamdam
1147 1526 1316 1564 domum
1337 1539 1462 1575 quam
1493 1524 1525 1563 is
1558 1525 1740 1563 habebat
1773 1523 1964 1563 Lutetiae

259 1589 301 1626 in
319 1588 400 1626 vico
419 1589 584 1627 Sanctae
603 1587 743 1625 Crucis
763 1587 805 1624 in
823 1587 902 1624 loco
920 1594 1049 1624 vocato
1067 1586 1106 1623 la
1122 1584 1392 1624 Bretonnerie.

310 1648 428 1686 Anno
456 1648 621 1686 demum
647 1646 835 1694 MCCCV,
864 1646 926 1684 die
954 1660 1011 1683 xv
1037 1644 1186 1684 mensis
1214 1643 1452 1691 decembris,
1480 1658 1586 1691 eum,
1612 1642 1708 1682 licet
1733 1643 1962 1690 absentem,

259 1707 440 1746 Clemens
470 1707 504 1744 V
533 1707 666 1745 adhuc
696 1705 886 1755 Lugduni
915 1704 1166 1743 constitutus
1197 1703 1352 1743 creavit
1380 1703 1668 1754 presbyterum
1697 1702 1960 1740 cardinalem.

260 1767 347 1814 Qua
377 1767 424 1805 de
452 1781 492 1804 re
521 1766 667 1804 certior
694 1766 841 1813 factus,
871 1772 1035 1815 arrepto
1061 1763 1206 1802 itinere
1234 1763 1286 1801 ad
1315 1763 1579 1810 Rhodanum,
1607 1761 1781 1801 intravit
1809 1761 1963 1799 curiam

260 1826 489 1863 Romanam
514 1825 577 1864 die
600 1824 828 1875 penultima
850 1823 1028 1874 januarii
1051 1823 1147 1863 anni
1164 1821 1373 1873 sequentis
1396 1830 1443 1859 ut
1465 1829 1585 1872 patet
1606 1836 1657 1869 ex
1678 1821 1780 1859 libro
1802 1820 1963 1869 Obliga-

258 1884 415 1922 tionum
426 1884 581 1923 archivi
600 1883 789 1923 Vaticani
804 1883 831 1922 3.

312 1944 461 1982 Parum
490 1951 652 1982 constat
680 1943 729 1981 de
756 1943 879 1981 titulo
906 1942 993 1992 ejus
1022 1941 1279 1980 cardinalitio
1299 1941 1327 1979 4.
1357 1940 1522 1979 Etenim
1551 1939 1786 1990 Onuphrius
1815 1938 1963 1978 Panvi-

258 2003 347 2041 nius
372 2011 412 2041 et
435 2003 502 2041 alii
524 2011 618 2053 post
641 2017 734 2041 eum
756 2002 850 2040 huic
874 2001 1070 2040 cardinali
1093 2001 1284 2039 tribuunt
1306 2000 1476 2038 titulum
1500 1999 1639 2038 Sancti
1663 1998 1820 2037 Vitalis.
1846 1998 1901 2036 At
1923 1997 1966 2036 in

260 2062 388 2100 veteri
415 2063 724 2100 nomenclatura
753 2061 1022 2100 cardinalium
1049 2060 1281 2098 viventium
1308 2059 1350 2098 in
1375 2058 1502 2097 initiis
1531 2058 1749 2097 Clementis
1777 2058 1825 2105 V,
1853 2057 1963 2096 edita

260 2121 301 2159 in
324 2129 436 2159 tomo
463 2121 583 2159 tertio
606 2121 850 2159 Libertatam
873 2120 1050 2159 Eclesiae
1072 2119 1334 2169 Anglicanae,
1359 2133 1398 2169 p.
1426 2117 1539 2166 1155,
1563 2117 1711 2168 legitur
1736 2133 1743 2155 :
1768 2117 1967 2166 Magister

259 2181 400 2217 Petras
434 2181 477 2218 cle
511 2180 675 2230 Capella
709 2181 905 2230 quondam
937 2179 1147 2230 episcopus
1173 2179 1314 2225 Totos„
1350 2178 1461 2215 titulo
1496 2177 1632 2215 Sancti
1665 2176 1918 2227 Apollinaris
1935 2177 1963 2223 5,

260 2240 457 2289 presbyter
477 2239 704 2278 cardinalis.
727 2240 771 2277 Ι11
786 2239 917 2289 primo
939 2246 1079 2276 autem
1100 2246 1214 2276 tomo
1235 2237 1411 2276 Ballarii
1432 2236 1679 2284 Casinensis,
1701 2251 1740 2286 p.
1763 2235 1825 2282 41,
1848 2243 1965 2274 extat

261 2307 378 2336 vetus
398 2299 576 2337 narratio
594 2298 635 2336 in
649 2313 728 2348 qua
745 2306 1007 2337 recensentur
1024 2297 1248 2336 cardinales
1267 2296 1336 2347 qui
1354 2310 1446 2334 cum
1463 2296 1606 2334 eodem
1624 2295 1830 2334 Clemente
1848 2302 1964 2333 erant

262 2358 430 2397 Tolosae
455 2372 562 2396 anno
586 2357 790 2396 MCCCIX
814 2357 994 2404 ineunte,
1020 2365 1060 2395 et
1084 2356 1190 2394 inter
1210 2371 1276 2394 eos
1300 2355 1539 2395 nominatur
1562 2355 1703 2392 Petras
1719 2354 1763 2392 de
1787 2353 1963 2404 Capella,

261 2417 315 2455 tit.
343 2417 381 2455 S.
407 2417 599 2454 Praoeedis
617 2417 632 2440 ⁶
653 2417 850 2467 presbyter
871 2416 1100 2454 cardinalis.
1136 2416 1370 2465 Utcumque
1393 2429 1433 2452 se
1465 2429 1526 2452 res
1550 2414 1718 2461 habeat,
1742 2427 1835 2451 cum
1857 2426 1965 2450 anno

263 2476 457 2513 MCCCVI
480 2484 667 2523 excunte,
689 2476 730 2513 id
750 2484 825 2523 est,
848 2476 910 2514 die
932 2475 1106 2525 septima
1128 2473 1352 2513 decembris
1372 2475 1398 2521 7,
1421 2474 1531 2524 apud
1551 2472 1824 2522 Burdegalam
1845 2471 1964 2510 obiis-

263 2543 323 2572 set
346 2535 618 2573 Theodoricus
644 2535 855 2585 episcopus
881 2534 1060 2573 civitatis
1077 2534 1235 2584 papalis
1260 2533 1343 2572 sive
1369 2532 1671 2579 Praenestinus,
1709 2532 1757 2570 de
1782 2545 1862 2581 quo
1885 2529 1964 2568 ista

318 2709 343 2740 1.
365 2708 512 2748 Baluzc,
532 2715 557 2742 t.
574 2722 625 2748 111,
645 2721 678 2752 p.
698 2708 819 2742 18-39.

316 2765 344 2793 2.
368 2762 415 2794 II.
438 2763 493 2802 F„
516 2769 541 2795 t.
565 2774 645 2801 xxx,
668 2774 702 2805 p.
724 2761 805 2795 754.

314 2815 345 2846 3.
366 2815 525 2858 Ch‘ment
546 2816 586 2855 V,
606 2815 832 2858 Appendice,
851 2825 885 2857 p.
907 2814 986 2846 204.

316 2868 346 2899 1ἰ.
380 2868 498 2900 Ι)1ιί·10
527 2869 630 2901 1ιύ111,
658 2869 805 2901 d’autre
833 2867 920 2900 titre
949 2879 1020 2910 quc
1048 2866 1142 2899 celui
1170 2866 1214 2898 de
1242 2865 1472 2898 saint-vital
1499 2864 1590 2908 qu’il
1618 2864 1807 2907 echangea
1834 2868 1963 2896 contre

266 2920 429 2952 l'cv‹}‹·h‹'·
450 2922 492 2952 <lv
519 2922 723 2954 Paleslrina
746 2921 891 2964 (Eubel,
913 2920 1143 2959 Hierarchia,
1167 2926 1192 2952 t.
1212 2932 1236 2959 1,
1258 2931 1292 2962 p.
1315 2919 1388 2962 14).

318 2975 348 3005 ἵ).
376 2974 403 3005 ll
428 2975 583 3006 n'cxistc
608 2986 672 3017 pas
697 2975 845 3017 d'eglise
868 2973 1034 3006 titulaire
1059 2974 1102 3005 de
1126 2984 1164 3005 cc
1188 2984 1287 3005 nom.

318 3027 348 3058 0.
368 3026 415 3058 L‹=
435 3027 519 3059 titre
538 3028 579 3059 ‹lc
597 3028 915 3060 Sainte—Praxede
931 3026 1175 3070 appartcnait
1191 3026 1211 3057 a
1229 3025 1375 3059 Gcntile
1393 3025 1439 3057 da
1456 3023 1692 3058 Montefiore.

318 3080 349 3111 7.
373 3080 531 3112 (lenient.
559 3080 595 3119 ι’,
618 3081 842 3124 Αρρεηάίεε,
866 3092 900 3123 p.
925 3080 1002 3112 211.
