2083 3458
271 243 353 284 538
525 218 529 222 Ι
921 258 1074 283 NOTAE
1109 258 1169 283 AD
1204 258 1331 283 VITAs
1826 241 1980 299 [1021]

274 357 345 391 pro
372 357 492 392 papa.
524 343 585 380 Sic
614 343 721 380 enim
748 342 896 391 legitur
921 342 962 379 in
990 342 1128 380 codice
1153 339 1258 380 1898
1284 342 1559 381 bibliothecae
1586 343 1845 382 Colbertinae
1863 344 1891 392 1,
1911 344 1980 382 fol.

273 401 321 439 32
349 409 391 438 vo
420 417 426 438 :
470 401 736 450 Infrascripta
762 402 858 439 lecta
882 401 1046 450 suerunt
1070 410 1104 438 et
1129 401 1335 451 publicata
1362 402 1405 439 in
1430 402 1609 440 Ecclesia
1634 403 1904 441 Avinionensi
1941 403 1983 440 in

270 462 419 510 synodo
435 475 541 497 anno
560 460 781 498 nativitatis
798 460 1009 498 millesimo
1026 460 1131 498 CCC
1150 461 1395 509 sexagesimo
1410 461 1590 511 septimo,
1611 462 1665 501 Et
1683 463 1808 512 paulo
1827 471 1922 512 post
1940 462 1954 485 ²
1973 478 1981 500 ε

272 520 503 569 Ordinatur,
530 520 762 569 precipitur,
789 528 823 558 et
847 520 1019 558 districte
1045 521 1258 558 mandatur
1281 520 1355 557 sub
1379 535 1484 571 pena
1508 521 1930 560 excommunicationis
1951 529 1985 559 et

270 579 345 616 sub
378 594 481 629 pena
514 580 641 617 decem
673 579 892 616 solidorum
924 593 994 630 per
1026 579 1246 617 clavarium
1279 581 1386 617 curie
1418 580 1659 631 episcopalis
1691 580 1984 619 Avin‘ionensis

268 639 525 676 levandorum
558 647 592 677 et
622 638 773 687 fabrice
807 638 905 677 dicte
937 639 1111 677 Ecclesie
1143 639 1481 688 applicandorum
1513 655 1602 690 pere
1633 640 1985 678 rverendissimum

273 698 315 734 in
350 697 506 735 Christo
541 706 693 747 patrem
727 706 761 736 et
795 698 1002 737 dominum
1037 699 1245 736 dominum
1279 699 1524 749 Philippum
1558 700 1811 738 miseratione
1845 700 1985 737 divina

272 757 541 806 patriarcham
568 757 995 808 Hierosolymitanum,
1025 758 1258 808 episcopum
1286 758 1601 807 Massiliensem,
1633 760 1677 796 in
1697 758 1984 809 spiritualibus

270 825 306 854 et
333 817 619 866 temporalibus
648 817 902 867 episcopatus
932 817 1224 856 Avinionensis
1254 817 1450 856 vicarium
1481 819 1700 867 generalem
1729 833 1800 869 pro
1824 819 1984 856 domino

274 885 403 914 nostro
420 891 543 926 papa,
561 877 739 914 eumdem
751 877 1026 927 episcopatum
1041 878 1093 915 ad
1104 891 1269 914 manum
1286 892 1403 915 suam
1417 886 1620 926 tenentem,
1640 886 1716 917 etc.
1735 878 1837 917 Vide
1856 878 1982 916 etiam

273 936 496 974 Gariellum
521 936 563 975 in
589 935 698 973 Serie
721 937 955 986 praesulum
981 937 1279 986 Magalonens„
1304 952 1391 987 par.
1424 938 1477 985 ΙΙ,
1502 952 1542 988 p.
1569 937 1632 977 89.

326 995 445 1033 Anno
464 996 654 1045 sequenti
674 1010 743 1033 v111
760 996 852 1034 idus
882 996 945 1047 [6]
966 996 1162 1035 februarii
1182 996 1375 1034 Urbanus
1395 997 1429 1034 V
1447 997 1498 1035 ad
1518 1011 1611 1036 eum
1630 1012 1649 1036 e
1669 997 1802 1035 Roma
1821 997 1985 1047 scripsit

272 1055 334 1092 uti
363 1054 661 1093 Avenionensis
691 1055 802 1094 urbis
833 1056 995 1095 moenia
1023 1056 1220 1094 inchoata
1248 1056 1466 1106 perficeret
1481 1056 1510 1105 3,
1540 1065 1581 1095 et
1618 1057 1650 1095 si
1689 1071 1794 1107 quae
1823 1057 1985 1103 domus,

273 1114 399 1153 etiam
421 1114 707 1162 cardinalium,
731 1124 867 1154 essent
890 1130 994 1166 quae
1016 1116 1162 1153 iisdem
1185 1116 1399 1154 moenibus
1423 1116 1709 1154 construendis
1728 1115 1986 1166 amplifican-

272 1174 417 1223 disque
435 1174 809 1223 incommodarent,
829 1190 895 1213 eas
916 1175 1015 1214 dato
1034 1175 1167 1226 pretio
1187 1175 1386 1222 dirueret;
1406 1176 1547 1223 Bzov.,
1567 1189 1634 1215 an.
1656 1174 1757 1213 1368
1784 1175 1800 1224 ἓ
1819 1175 1854 1214 5.

325 1233 445 1273 Anno
479 1235 623 1273 eodem
656 1234 719 1273 die
753 1249 844 1272 xxn
878 1235 1027 1273 mensis
1060 1235 1306 1285 septembris
1342 1235 1534 1273 Urbanus
1568 1235 1602 1273 V
1635 1249 1727 1273 eum
1770 1235 1984 1273 absentem

270 1294 428 1332 creavit
473 1293 737 1341 cardinalem,
784 1308 877 1333 cum
919 1294 1036 1333 illum
1080 1295 1307 1345 superiores
1351 1294 1584 1344 pontifices,
1629 1303 1676 1332 ut
1720 1294 1987 1344 conqueritur

274 1353 510 1402 petrarcha,
540 1354 617 1392 sibi
644 1353 904 1403 incognitum
933 1362 974 1391 et
1001 1354 1240 1392 latitantem
1270 1354 1559 1404 neglexissent.
1594 1354 1705 1393 Haec
1734 1362 1832 1392 sunt
1860 1353 1986 1391 verba

275 1412 535 1461 petrarchae,
560 1413 628 1451 lib.
657 1413 734 1450 XV
758 1413 846 1452 Rer.
872 1414 1002 1461 senil,
1028 1414 1147 1464 epist.
1172 1429 1215 1451 1v
1240 1430 1247 1451 ε
1271 1413 1364 1451 Huc
1387 1422 1420 1451 te
1443 1422 1574 1451 tamen
1596 1413 1735 1451 extulit
1756 1427 1840 1450 sors
1863 1421 1933 1451 tua
1955 1419 1988 1450 et

271 1486 430 1510 summa
453 1472 565 1510 illius
586 1472 715 1510 sancti
737 1472 866 1522 patris
888 1473 1151 1522 providentia,
1176 1473 1293 1523 quite
1315 1473 1681 1523 praedecessoribus
1703 1472 1784 1510 tuis
1807 1471 1986 1521 incogni-

270 1539 355 1568 tum
387 1540 422 1569 et
453 1532 716 1570 libentissime
748 1532 969 1570 latitantem
1002 1533 1111 1571 nosci
1144 1532 1261 1580 dedit,
1297 1533 1497 1571 Ecclesiae
1529 1533 1750 1580 consulens,
1786 1546 1866 1569 non
1898 1531 1984 1570 tibi.

275 1590 352 1629 Sed
380 1591 478 1642 quid
504 1592 581 1630 sibi
607 1592 708 1630 velit
734 1591 794 1629 his
821 1592 957 1630 verbis
985 1593 1208 1631 petrarcha
1235 1607 1317 1630 non
1343 1592 1442 1630 satis
1469 1606 1677 1642 assequor.
1707 1591 1850 1641 Neque
1878 1591 1988 1629 enim

273 1651 655 1699 praedecessoribus
679 1651 836 1690 Urbani
855 1651 1090 1701 incognitus
1112 1652 1192 1690 fuit
1213 1652 1440 1702 Philippus.
1464 1652 1630 1690 Etenim
1652 1652 1833 1689 Joannes
1856 1650 1986 1688 XXII

275 1724 368 1749 eum
384 1710 480 1748 fecit
495 1711 748 1761 episcopum,
765 1719 806 1749 et
821 1711 1005 1749 Clemens
1021 1712 1078 1749 VI
1100 1711 1414 1750 etlnnocentius
1431 1711 1488 1748 VI
1503 1726 1549 1749 eo
1564 1711 1626 1749 usi
1642 1718 1739 1748 sunt
1752 1710 1794 1748 in
1811 1709 1986 1760 negotiis

275 1770 539 1819 gravissimis.
565 1770 690 1808 Porro
710 1770 821 1809 idem
843 1771 1081 1818 Petrarcha,
1102 1771 1172 1810 lib.
1197 1771 1231 1808 V
1252 1771 1341 1809 Rer.
1363 1770 1494 1818 senil,
1517 1771 1636 1821 epist.
1658 1785 1684 1817 1,
1707 1770 1741 1809 ei
1762 1769 1866 1807 bene
1888 1769 1987 1807 omi-

275 1837 397 1867 natus
421 1838 483 1868 est
506 1830 812 1868 cardinalatum
836 1846 843 1868 :
874 1830 1034 1868 Gaudeo
1055 1831 1178 1869 hercle
1201 1831 1303 1881 quod
1323 1831 1434 1880 apud
1456 1831 1589 1880 ipsam
1610 1829 1869 1879 Babylonem,
1893 1842 1988 1879 quos

276 1888 375 1925 mihi
396 1890 565 1940 reliquos
587 1903 690 1927 mors
708 1889 813 1938 fecit,
836 1890 975 1928 videtis
997 1891 1112 1929 illum
1132 1899 1222 1928 ante
1242 1889 1343 1927 alios
1358 1905 1448 1928 vwere
1467 1898 1632 1940 patrem,
1656 1898 1697 1928 ut
1716 1888 1830 1936 dicis,
1859 1902 1989 1926 meum

275 1947 518 1999 Philippum
543 1948 957 1999 Hierosolymitanum
982 1950 1267 2001 patriarcham,
1296 1949 1439 1997 virum,
1469 1958 1510 1987 ut
1539 1949 1642 1987 brevi
1668 1963 1758 1986 eum
1783 1947 1990 1986 circumlo-

275 2008 430 2045 cutione
459 2008 692 2056 describam,
723 2017 758 2046 et
786 2009 899 2047 titulo
929 2025 1066 2060 parem
1094 2025 1179 2058 suo,
1213 2024 1281 2047 nec
1309 2010 1490 2047 Romano
1522 2009 1728 2058 imparem,
1759 2007 1796 2045 si
1832 2007 1989 2058 quando

273 2066 371 2115 forte
397 2068 544 2117 dignus
571 2069 722 2107 meritis
748 2068 870 2106 honor
895 2070 1110 2109 accesserit.
1135 2070 1235 2109 Cum
1263 2084 1359 2108 vero
1386 2069 1513 2108 fando
1540 2068 1699 2119 accepit
1722 2081 1816 2106 eum
1834 2067 1987 2106 honore

278 2126 346 2164 illo
362 2136 534 2167 auctum
550 2143 648 2176 esse,
666 2129 721 2167 sic
739 2129 787 2166 de
804 2143 850 2167 eo
867 2129 1044 2181 scripsit,
1061 2129 1130 2168 lib.
1151 2129 1226 2176 XI,
1244 2143 1319 2179 cap
1350 2144 1406 2177 111,
1424 2129 1475 2167 ad
1494 2129 1759 2167 Franciscum
1773 2127 1960 2165 Brunum
1980 2142 1987 2164 :

277 2186 343 2223 Ad
361 2195 575 2225 esctremum
596 2188 704 2225 noris
724 2197 758 2226 et
776 2188 888 2237 fama
907 2198 941 2227 et
960 2188 1085 2227 literis
1105 2189 1290 2226 auditum
1309 2189 1372 2226 hic
1392 2198 1544 2238 patrem
1565 2202 1694 2225 meum
1718 2186 1989 2237 patriarcham

276 2245 688 2296 Hierosolymitanum
704 2248 893 2286 Romuleo
910 2249 1070 2286 cardine
1079 2248 1341 2286 sublimatum
1356 2263 1437 2286 esse
1453 2249 1555 2298 quod
1571 2248 1626 2285 ita
1640 2247 1822 2296 futurum
1837 2259 1990 2295 semper

278 2306 438 2353 credidi,
463 2315 497 2344 et
519 2307 689 2345 dilatum
710 2307 860 2358 stupui.
890 2308 966 2347 Sed
989 2308 1159 2359 insignis
1183 2317 1245 2347 est
1277 2309 1389 2346 locus
1423 2323 1473 2346 ex
1496 2308 1670 2358 epistola
1701 2321 1744 2344 1v
1778 2305 1870 2343 libri
1896 2304 1987 2352 XV,

259 2380 262 2383 ’
280 2365 349 2403 ubi
370 2374 528 2404 certum
548 2381 588 2405 se
608 2382 692 2406 esse
711 2368 771 2406 ait
788 2368 905 2405 illum
924 2382 1006 2405 non
1024 2368 1265 2406 insolescere
1286 2368 1336 2406 ob
1357 2376 1515 2406 vestem
1534 2367 1719 2413 rubeam,
1739 2373 1787 2403 ut
1805 2364 1988 2415 plerique

326 2503 357 2535 ‘l.
388 2502 427 2535 Β.
450 2502 507 2541 N.,
526 2515 593 2536 ms.
612 2504 707 2536 latin
724 2503 831 2539 1541.

329 2556 359 2588 2.
390 2555 456 2589 Ms.
480 2556 562 2596 cite,
586 2557 647 2590 fol.
670 2558 714 2591 33
736 2562 779 2591 r0.
800 2577 849 2580 —
870 2558 1040 2602 Philippe
1062 2559 1263 2592 Cabassole
1283 2558 1343 2591 fut
1363 2559 1513 2591 nomme
1534 2557 1670 2590 vicaire
1692 2556 1840 2600 general
1860 2554 1990 2588 d'Avi-

280 2619 378 2650 gnon
404 2609 434 2641 le
461 2610 505 2642 13
533 2610 626 2642 avril
652 2611 744 2644 1367
775 2611 967 2653 (Archives
994 2612 1337 2656 departementales
1363 2612 1406 2644 de
1432 2611 1630 2651 Vaucluse‚
1657 2611 1686 2643 B
1712 2611 1745 2650 7,
1772 2609 1834 2643 fol.
1861 2608 1906 2642 39
1932 2606 1984 2651 νο)

279 2667 317 2692 ct
343 2669 488 2694 recteur
513 2663 562 2695 du
588 2663 959 2698 Comtat-Venaissin
982 2666 1014 2698 le
1040 2666 1083 2699 17
1109 2665 1313 2699 novembre
1339 2665 1432 2698 1362
1460 2664 1706 2707 (Lecacheux,
1733 2675 1768 2697 n.
1789 2660 1985 2705 109,110).

282 2713 351 2746 Sur
371 2715 707 2749 l'administration
727 2718 776 2750 du
797 2718 941 2752 diocese
962 2719 1178 2762 d‘Avignon
1197 2725 1234 2752 et
1254 2719 1304 2751 du
1324 2718 1488 2757 Comtat‚
1511 2718 1592 2750 voir
1609 2714 1989 2750 Albanes-Chevalier
2036 2712 2043 2717 ’

286 2766 432 2808 (Gallia
450 2769 649 2802 christiana
667 2771 878 2811 novissima,
898 2777 924 2805 t.
946 2784 1008 2812 vn,
1028 2784 1063 2806 n.
1084 2773 1188 2812 1452,
1209 2772 1313 2811 1455,
1335 2771 1455 2815 1456),
1477 2771 1697 2804 Lecacheux
1725 2769 1771 2813 (n.
1797 2770 1878 2809 667,
1905 2768 1987 2808 867,

285 2821 402 2863 1624),
433 2822 469 2854 L.
502 2822 688 2856 Duhamel
718 2822 822 2866 (Une
846 2825 1043 2869 supplique
1068 2826 1117 2858 du
1141 2825 1276 2858 conseil
1300 2825 1512 2867 d'Avignon
1537 2835 1586 2857 au
1610 2823 1726 2857 XIVe
1751 2822 1866 2862 siecle,
1895 2821 1987 2854 dans

284 2874 446 2925 Annales
469 2875 689 2918 ‹I‘Avignon,
715 2883 740 2909 t.
763 2890 774 2909 1
801 2877 934 2921 (1912),
959 2890 993 2922 p.
1017 2878 1155 2921 39-42),
1180 2878 1219 2912 L.
1246 2878 1291 2911 H.
1317 2878 1496 2911 Labande
1523 2875 1724 2920 (Bertrand
1742 2876 1792 2909 du
1818 2874 1988 2909 Guesclin

284 2932 312 2957 cl
342 2928 388 2958 Icus·
418 2928 519 2960 ‚ls'lals
548 2930 776 2972 pontificaucc
803 2931 844 2963 de
872 2932 1023 2972 France,
1055 2932 1147 2965 dans
1177 2932 1374 2965 Me'moires
1403 2932 1443 2964 de
1471 2931 1694 2964 t’Academie
1722 2930 1762 2963 de
1793 2928 1985 2968 Vaucluse,

288 2980 388 3011 ΜΝ,Δ
415 2992 447 3021 p.
475 2982 609 3024 20-40).

335 3036 364 3063 3.
400 3033 484 3064 Voir
526 3036 573 3066 los
607 3043 776 3078 (temptes
810 3037 852 3069 dc
887 3038 1046 3081 depense
1087 3038 1259 3081 indiques
1292 3049 1360 3081 par
1390 3035 1770 3070 Albanas-chevalier
1805 3033 1880 3078 (op.
1914 3034 1985 3074 cit„

290 3097 306 3115 u
348 3086 447 3120 1531»
471 3094 505 3118 vt
531 3088 571 3120 R.
595 3088 727 3121 Michel
753 3088 826 3131 (La
846 3091 987 3133 defense
1006 3091 1216 3134 d‘Avignon
1234 3102 1319 3124 sous
1343 3090 1487 3124 Urbain
1509 3090 1540 3123 V
1559 3089 1781 3132 etGre'goire
1798 3087 1872 3127 XI,
1894 3087 1986 3119 dans

299 3138 477 3177 lIfilnngcs·
499 3140 754 3184 rl'arche'ologie
774 3148 804 3174 et
825 3143 1019 3184 d’histoire,
1043 3151 1068 3177 t.
1093 3156 1177 3177 xxx
1203 3144 1337 3187 (1910),
1360 3156 1394 3187 p.
1418 3143 1604 3186 129—154).
