2083 3458
99 262 252 319 [1001]
610 277 826 302 PAPARUM
862 277 1246 303 AVENIONENSIUM
1694 261 1777 301 519

83 362 298 400 continenti
317 362 505 410 elegimus
525 369 558 398 et
578 360 809 397 habebimus
830 375 992 409 papam,
1014 361 1231 397 cardinalis
1251 361 1294 397 de
1320 361 1494 407 Ursinis,
1514 361 1621 397 Deus
1641 361 1712 398 scit
1731 375 1776 397 esc

85 436 157 471 quo
175 422 292 471 sonte,
315 421 388 458 tale
408 420 512 457 dedit
531 419 742 457 consilium
760 433 771 456 .·
789 419 968 465 Domini,
990 420 1221 469 differamus
1240 420 1355 457 istam
1376 420 1597 457 electionem
1617 429 1651 457 et
1668 420 1772 456 delu-

83 481 223 518 damus
250 480 342 518 istos
367 479 579 525 Romanos,
606 477 673 527 qui
699 478 832 515 volunt
856 486 888 515 et
913 486 1049 527 petunt
1073 493 1222 527 papam
1248 478 1486 526 Romanum,
1513 487 1546 516 et
1573 479 1773 527 fingamus

84 554 153 576 nos
184 540 344 588 elegisse
377 552 502 575 unum
531 537 691 586 fratrem
725 537 926 574 *Minorem
959 537 1197 584 Romanum,
1231 551 1342 586 quem
1374 552 1441 586 ego
1475 537 1706 578 nominabo:
1740 545 1774 574 et

84 599 294 636 induemus
315 612 403 634 eum
425 611 525 646 capa
545 605 579 634 et
601 596 730 642 mitra,
753 604 787 633 et
807 596 1053 644 postmodum
1076 597 1155 633 loeo
1176 604 1210 633 et
1231 604 1398 645 tempore
1418 597 1609 645 jaciemus
1644 610 1773 633 veram

41 659 46 664 ’
82 657 322 704 electionem;
352 671 432 693 ecce
452 669 541 703 ergo
562 656 738 692 consulta
761 654 878 703 fictio,
902 669 971 704 que
1000 663 1131 703 spreta
1150 655 1240 703 fuit.
1261 654 1369 692 Nam
1398 654 1607 704 episcopus
1628 655 1771 692 Penes-

82 717 212 754 trinus
231 730 319 754 cum
338 715 424 752 suis
444 714 676 764 sequacibus
696 714 829 751 statim
850 714 1133 762 responderunt
1153 714 1320 751 dicentes
1340 713 1408 751 hoc
1429 728 1507 751 non
1527 728 1607 751 esse
1630 714 1773 751 bonum

82 775 305 822 consilium,
326 774 419 824 quia
436 788 481 811 esc
499 774 565 811 illo
585 773 831 810 induceretur
848 773 1020 821 populus
1039 771 1294 809 Christianus
1313 773 1355 809 in
1370 773 1618 822 ydolatriam,
1637 774 1773 810 saltem

83 848 202 884 usque
225 834 276 871 ad
299 834 400 871 diem
425 832 714 879 declarationis,
738 831 1022 880 subjungentes
1046 845 1125 867 esse
1149 832 1433 880 procedendum
1457 832 1508 869 ad
1531 846 1658 869 veram
1681 832 1772 869 elec-

81 894 224 931 tionem
251 907 328 930 non
353 891 600 929 obstantibus
625 890 862 929 clamoribus
886 905 954 927 seu
980 890 1238 939 petitionibus
1263 890 1534 939 popularium,
1561 891 1605 928 de
1630 890 1773 940 quibus

82 967 160 990 non
187 960 267 990 erat
294 952 525 989 curandum.
556 950 653 987 Ecce
680 963 768 998 ergo
797 949 984 999 quomodo
1014 948 1208 997 fictionem
1235 958 1474 998 spreverunt.
1506 949 1617 997 Quae
1646 949 1771 987 verba

80 1012 313 1050 referuntur
334 1010 457 1049 etiam
479 1009 531 1047 ab
553 1009 728 1047 Odorico
752 1008 982 1058 Raynaldo⁷
1004 1022 1068 1047 an.
1094 1007 1206 1055 1378,
1235 1008 1251 1056 ἓ
1273 1008 1306 1046 6.

134 1070 212 1109 Sed
234 1078 369 1108 totam
391 1070 496 1107 hanc
519 1069 798 1106 narrationem
821 1067 998 1117 episcopi
1024 1067 1241 1105 Faventini
1264 1082 1348 1105 esse
1370 1073 1525 1106 meram
1552 1066 1772 1115 fictionem,

81 1138 127 1168 ut
158 1130 192 1168 ei
223 1144 295 1167 sua
327 1129 451 1167 verba
482 1128 716 1174 reddamus,
749 1127 868 1165 docet
898 1126 1015 1164 testis
1048 1126 1157 1163 omni
1189 1126 1428 1175 exceptione
1459 1127 1592 1175 major
1630 1127 1772 1164 Petrus

82 1188 291 1227 Flandrini
307 1188 502 1226 diaconus
519 1187 735 1226 cardinalis
752 1187 788 1224 S.
809 1185 1021 1223 Eustachii
1036 1186 1077 1222 in
1103 1185 1275 1235 epistola
1291 1185 1441 1235 scripta
1457 1185 1509 1222 ad
1526 1185 1773 1223 Rodericum

79 1248 290 1296 Bernardi,
317 1248 499 1297 legatum
526 1247 628 1296 regis
658 1246 869 1293 Castellae‚
899 1245 996 1282 data
1026 1244 1235 1282 Avenione
1264 1244 1326 1282 die
1355 1244 1528 1294 septima
1558 1244 1735 1282 octobris
1765 1259 1774 1283 z

81 1308 242 1346 Constat
262 1306 381 1344 michi
401 1306 501 1356 quod
519 1314 570 1344 tot
589 1314 677 1355 quot
696 1313 873 1355 poterant
891 1304 1009 1342 etiam
1028 1304 1122 1341 aliis
1144 1303 1280 1341 invitis
1303 1303 1428 1352 jacere
1447 1317 1596 1352 papam
1614 1304 1776 1352 suerunt

82 1367 124 1405 in
142 1366 418 1404 deliberatione
436 1365 607 1414 eligendi
626 1365 830 1402 dominum
850 1378 978 1401 meum
1002 1363 1273 1400 Vivariensem
1292 1371 1325 1400 et
1344 1363 1386 1399 in
1405 1377 1447 1400 ea
1467 1362 1650 1400 continue
1668 1371 1774 1400 stete-

80 1434 172 1464 runt
190 1440 309 1476 usque
327 1425 507 1462 viderunt
525 1424 730 1462 imminere
746 1423 802 1461 eis
820 1423 1041 1473 periculum
1060 1422 1206 1460 mortis.
1229 1422 1282 1459 Et
1301 1422 1444 1459 statim
1465 1437 1472 1458 z
1495 1421 1624 1459 Tertio
1641 1421 1774 1471 petitis

79 1485 115 1523 si
136 1485 321 1523 dominus
342 1485 386 1522 de
412 1484 574 1522 Ursinis
595 1483 696 1521 discit
716 1484 817 1533 quod
840 1483 984 1519 bonum
1005 1489 1101 1519 esset
1119 1481 1309 1518 simulare
1331 1481 1432 1530 quod
1450 1480 1680 1528 eligeremus
1701 1480 1774 1517 ali-

80 1558 204 1595 quem,
224 1552 265 1582 ut
280 1552 368 1594 post
381 1543 512 1581 sedato
529 1557 682 1580 rumore
699 1556 902 1592 possemus
919 1541 1058 1589 eligere
1074 1540 1160 1577 sine
1178 1540 1470 1589 impedimento,
1488 1548 1522 1577 et
1537 1539 1573 1576 si
1590 1539 1775 1577 dominus

79 1603 368 1641 Lemovicensis
394 1602 595 1652 respondit
620 1602 721 1652 quod
747 1601 899 1639 nolebat
923 1600 1049 1650 facere
1077 1599 1285 1637 idolatrare
1310 1599 1517 1648 populum,
1545 1599 1612 1635 sed
1636 1598 1776 1647 eligere

80 1677 212 1700 verum
233 1676 396 1712 papam.
420 1661 486 1699 Ad
507 1661 608 1711 quod
628 1661 840 1710 respondeo
862 1660 963 1710 quod
984 1660 1028 1697 de
1049 1659 1208 1697 domino
1231 1659 1274 1695 de
1302 1658 1464 1696 Ursinis
1486 1666 1634 1695 constat
1655 1657 1775 1694 michi

80 1722 181 1772 quod
202 1735 407 1771 nunquam
431 1721 473 1758 in
495 1729 584 1758 actu
605 1720 803 1758 electionis
825 1719 926 1757 discit
949 1719 1019 1756 illa
1049 1718 1177 1765 verba,
1212 1717 1306 1767 quia
1327 1731 1395 1766 ego
1428 1715 1608 1754 sedebam
1641 1716 1774 1753 imme-

80 1781 183 1819 diate
206 1781 320 1830 juxta
347 1780 494 1830 ipsum,
521 1789 555 1818 et
581 1794 660 1816 non
686 1779 875 1829 potuisset
900 1778 1060 1825 dimisse,
1087 1778 1223 1815 saltem
1251 1777 1362 1813 modo
1390 1775 1649 1824 intelligibili,
1678 1775 1775 1825 quin

79 1854 147 1889 ego
166 1840 418 1878 audivissem.
444 1839 529 1876 Imo
548 1839 649 1877 dixit
666 1838 883 1888 formaliter
902 1837 967 1874 liec
986 1836 1101 1874 verba
1122 1850 1134 1874 .·
1153 1836 1238 1884 Ego
1258 1836 1367 1873 video
1387 1835 1501 1872 nobis
1521 1835 1668 1872 notorie
1688 1834 1774 1883 fieri

81 1899 391 1949 impressionem.
411 1898 461 1936 Et
478 1898 562 1935 ideo
577 1912 645 1947 ego
663 1912 741 1935 non
757 1897 857 1935 dabo
873 1896 997 1934 alicui
1014 1910 1139 1934 vocem
1157 1909 1282 1932 meam
1299 1895 1417 1932 donec
1433 1902 1549 1931 cesset
1566 1893 1773 1943 impressio

79 1967 113 1996 et
127 1973 195 2008 ego
209 1958 287 1996 sim
304 1957 346 1995 in
362 1957 536 1995 libertate
552 1972 648 1996 mea.
668 1957 718 1995 Et
732 1957 830 1994 satis
846 1965 950 2006 patet
966 1956 1067 2005 quod
1082 1969 1150 1992 nec
1165 1954 1351 1992 dominus
1367 1953 1657 1990 Lemovicensis
1673 1952 1776 1990 dixit

81 2018 150 2056 illa
167 2017 292 2056 verba.

132 2077 306 2115 Constat
325 2090 418 2125 ergo
440 2076 540 2113 falsa
561 2090 646 2114 esse
667 2089 771 2125 quae
791 2075 843 2112 ab
864 2074 1055 2124 episcopo
1078 2072 1307 2111 Faventino
1328 2072 1438 2110 dicta
1459 2078 1556 2109 sunt
1576 2070 1623 2108 de
1645 2070 1772 2108 cardi-

80 2136 240 2174 nalibus
264 2135 364 2174 istis.
393 2135 529 2172 Nihilo
553 2143 693 2172 autem
717 2135 875 2173 veriora
899 2133 1094 2171 videntur
1118 2146 1222 2182 quae
1241 2131 1410 2181 quidam
1434 2130 1611 2168 Thomas
1638 2129 1772 2176 Petra,

80 2196 298 2234 canonieus
323 2193 593 2241 patracensis,
616 2193 829 2243 respondit
848 2192 861 2215 ¹
902 2193 1098 2242 epistolae
1122 2192 1173 2228 ad
1196 2206 1236 2229 se
1259 2190 1434 2240 scriptae
1457 2204 1479 2226 a
1502 2189 1644 2238 legatis
1669 2188 1772 2237 ejus—

80 2254 172 2292 dem
197 2254 299 2303 regis
326 2254 538 2301 Castellae‚
566 2253 759 2291 nimirum
786 2252 1035 2290 cardinalem
1061 2251 1109 2289 de
1138 2251 1252 2287 Luna
1279 2249 1494 2286 mandasse
1522 2247 1689 2285 Urbano
1716 2247 1772 2283 VI

79 2328 119 2351 se
135 2313 233 2351 satis
250 2313 375 2362 fuisse
395 2313 437 2350 in
456 2327 577 2350 causa
597 2326 678 2349 una
696 2326 784 2349 cum
803 2311 977 2349 dominis
996 2311 1040 2348 de
1059 2309 1259 2359 Agrifolio
1278 2317 1311 2346 et
1329 2307 1556 2345 Pictavensi
1574 2305 1773 2343 electionis

78 2387 158 2411 sue.
193 2373 299 2410 Nam
328 2372 580 2410 Bertrandus
613 2371 828 2409 cardinalis
861 2369 1149 2408 Clandatensis
1179 2368 1268 2418 jure
1296 2366 1473 2417 jurando
1503 2373 1681 2403 testatus
1713 2372 1773 2401 est

80 2447 120 2470 se
149 2440 245 2470 ante
274 2432 500 2481 ingressum
530 2431 734 2469 conclavis
765 2430 958 2469 continue
987 2428 1177 2466 habuisse
1207 2428 1248 2465 in
1277 2426 1414 2464 animo
1443 2424 1615 2473 eligendi
1646 2436 1773 2460 unum

80 2492 431 2529 citramontanum
451 2490 713 2536 cardinalem,
733 2497 773 2528 et
792 2489 978 2526 dominos
998 2488 1046 2526 de
1066 2486 1262 2536 Agrifolio
1280 2493 1320 2523 et
1339 2485 1387 2522 de
1406 2483 1554 2521 Vernio
1571 2482 1611 2519 in
1631 2482 1773 2520 eadem

79 2550 284 2589 sententia
313 2549 448 2588 fuisse.
479 2549 613 2587 Tanto
641 2549 750 2587 enim
777 2548 916 2585 studio
944 2561 989 2585 ca
1020 2547 1128 2584 fama
1158 2558 1297 2595 sparsa
1326 2551 1387 2582 est
1414 2543 1454 2580 in
1483 2542 1628 2590 vulgus
1657 2548 1703 2577 ut
1732 2540 1773 2578 in

80 2610 200 2647 Facto
219 2608 363 2646 Jacobi
382 2608 430 2646 de
447 2608 550 2646 Seva
569 2608 594 2646 2.
624 2608 701 2646 Pro
727 2607 895 2645 Urbano
915 2607 985 2652 VI,
1006 2621 1042 2655 p.
1061 2605 1150 2651 497,
1170 2604 1332 2650 diserte,
1351 2610 1554 2650 tanquam
1572 2600 1612 2636 id
1631 2613 1774 2637 verum

79 2676 198 2715 esset,
232 2667 431 2717 scriptum
464 2667 516 2704 sit
549 2667 773 2705 cardinales
808 2666 856 2704 de
889 2666 1046 2711 Crosso
1081 2664 1128 2701 de
1163 2662 1372 2711 Agrifolio,
1403 2668 1443 2698 et
1476 2660 1523 2697 de
1561 2658 1774 2696 Malesicco

79 2727 293 2766 accessisse
324 2726 386 2763 die
417 2740 523 2763 nona
553 2726 690 2776 aprilis
720 2726 772 2762 ad
803 2724 1019 2762 Urbanum
1047 2723 1132 2772 jam
1161 2721 1500 2765 inthronizatum
1531 2726 1564 2755 et
1593 2717 1776 2754 dixerunt

78 2787 202 2824 eidem
222 2786 323 2835 quod
343 2799 422 2834 ipsi
444 2793 517 2822 tres
537 2785 758 2822 cardinales
772 2784 930 2833 juerant
951 2791 1067 2819 motu
1073 2795 1137 2818 um
1153 2789 1187 2818 et
1201 2794 1322 2817 causa
1341 2776 1602 2827 promotionis
1623 2775 1774 2824 ipsius;

81 2846 190 2896 quod
210 2845 258 2883 de
278 2844 483 2883 cardinale
504 2844 552 2882 de
571 2843 768 2893 Agrifolio
787 2850 967 2881 testatur
986 2841 1111 2879 etiam
1131 2840 1343 2889 episcopus
1366 2829 1645 2874 Recinetensis
1666 2834 1775 2884 apud

82 2904 305 2943 Odoricum
328 2903 608 2952 Raynaldum,
631 2917 696 2941 an.
721 2900 963 2949 1378,§213.

135 2964 239 3002 Sane
263 2962 400 3011 negari
425 2976 506 2999 non
528 2970 665 3012 potest
690 2962 788 3010 quin
812 2960 1037 2998 cardinales
1062 2958 1109 2996 de
1134 2958 1276 2994 Crosso
1300 2963 1340 2993 et
1364 2955 1411 2993 de
1436 2953 1631 3002 Agrifolio
1654 2952 1774 3002 primi

133 3097 165 3129 1.
189 3096 255 3129 Ms.
280 3095 362 3134 cite,
388 3094 448 3127 fol.
474 3094 518 3127 97
543 3098 587 3126 ι·”.

127 3151 158 3183 2.
187 3148 359 3187 Bulaeus,
385 3147 552 3180 Historia
579 3145 835 3179 Universitatis
857 3142 1094 3182 parisiensis,
1120 3147 1147 3175 t.
1174 3152 1208 3174 V.
