<?xml version="1.0" encoding="UTF-8"?>
<!DOCTYPE html PUBLIC "-//W3C//DTD XHTML 1.0 Transitional//EN"
    "http://www.w3.org/TR/xhtml1/DTD/xhtml1-transitional.dtd">
<html xmlns="http://www.w3.org/1999/xhtml" xml:lang="en" lang="en">
 <head>
  <title>
</title>
<meta http-equiv="Content-Type" content="text/html;charset=utf-8" />
  <meta name='ocr-system' content='tesseract 3.04.00' />
  <meta name='ocr-capabilities' content='ocr_page ocr_carea ocr_par ocr_line ocrx_word'/>
</head>
<body>
  <div class='ocr_page' id='page_1' title='image "./vitaepaparumaven02balu_0680.png"; bbox 0 0 2083 3458; ppageno 0'>
   <div class='ocr_carea' id='block_1_1' title="bbox 273 208 1978 265">
    <p class='ocr_par' dir='ltr' id='par_1_1' title="bbox 273 208 1978 265">
     <span class='ocr_line' id='line_1_1' title="bbox 273 208 1978 265; baseline 0.002 -17"><span class='ocrx_word' id='word_1_1' title='bbox 273 208 355 249; x_wconf 82' lang='grc'>670</span> <span class='ocrx_word' id='word_1_2' title='bbox 923 224 1075 249; x_wconf 83' lang='lat' dir='ltr'><strong>NOTAE</strong></span> <span class='ocrx_word' id='word_1_3' title='bbox 1109 224 1169 248; x_wconf 88' lang='lat' dir='ltr'>AD</span> <span class='ocrx_word' id='word_1_4' title='bbox 1204 224 1332 249; x_wconf 80' lang='lat' dir='ltr'>vlTAs</span> <span class='ocrx_word' id='word_1_5' title='bbox 1826 209 1978 265; x_wconf 85' lang='lat'>[1150]</span> 
     </span>
    </p>
   </div>
   <div class='ocr_carea' id='block_1_2' title="bbox 275 306 1998 2855">
    <p class='ocr_par' dir='ltr' id='par_1_2' title="bbox 275 306 1981 416">
     <span class='ocr_line' id='line_1_2' title="bbox 276 306 1981 355; baseline 0.002 -12"><span class='ocrx_word' id='word_1_6' title='bbox 276 320 356 355; x_wconf 91' lang='lat' dir='ltr'>quo</span> <span class='ocrx_word' id='word_1_7' title='bbox 394 319 503 344; x_wconf 87' lang='lat' dir='ltr'>error</span> <span class='ocrx_word' id='word_1_8' title='bbox 540 313 614 344; x_wconf 83' lang='lat' dir='ltr'>est.</span> <span class='ocrx_word' id='word_1_9' title='bbox 656 306 819 345; x_wconf 81' lang='lat' dir='ltr'><strong>Etenim</strong></span> <span class='ocrx_word' id='word_1_10' title='bbox 860 320 992 345; x_wconf 91' lang='lat' dir='ltr'>annus</span> <span class='ocrx_word' id='word_1_11' title='bbox 1030 306 1267 345; x_wconf 81' lang='lat' dir='ltr'>millesimus</span> <span class='ocrx_word' id='word_1_12' title='bbox 1306 308 1636 347; x_wconf 85' lang='lat' dir='ltr'>CCCLXXXIII</span> <span class='ocrx_word' id='word_1_13' title='bbox 1675 308 1862 348; x_wconf 89' lang='lat' dir='ltr'>desinens</span> <span class='ocrx_word' id='word_1_14' title='bbox 1900 322 1981 346; x_wconf 91' lang='lat' dir='ltr'>non</span> 
     </span>
     <span class='ocr_line' id='line_1_3' title="bbox 275 364 1981 416; baseline 0.001 -13"><span class='ocrx_word' id='word_1_15' title='bbox 275 364 468 403; x_wconf 89' lang='lat' dir='ltr'>convenit</span> <span class='ocrx_word' id='word_1_16' title='bbox 485 378 577 404; x_wconf 88' lang='lat' dir='ltr'>cum</span> <span class='ocrx_word' id='word_1_17' title='bbox 594 378 702 404; x_wconf 90' lang='lat' dir='ltr'>anno</span> <span class='ocrx_word' id='word_1_18' title='bbox 719 366 899 404; x_wconf 89' lang='lat' dir='ltr'>secundo</span> <span class='ocrx_word' id='word_1_19' title='bbox 914 366 1185 416; x_wconf 86' lang='lat' dir='ltr'>pontificatus</span> <span class='ocrx_word' id='word_1_20' title='bbox 1203 366 1388 416; x_wconf 86' lang='lat' dir='ltr'>ejusdem</span> <span class='ocrx_word' id='word_1_21' title='bbox 1405 367 1637 416; x_wconf 86' lang='lat' dir='ltr'>Clementis,</span> <span class='ocrx_word' id='word_1_22' title='bbox 1655 369 1726 407; x_wconf 90' lang='lat' dir='ltr'>sed</span> <span class='ocrx_word' id='word_1_23' title='bbox 1740 381 1834 407; x_wconf 89' lang='lat' dir='ltr'>cum</span> <span class='ocrx_word' id='word_1_24' title='bbox 1850 375 1981 406; x_wconf 86' lang='lat' dir='ltr'>sexto.</span> 
     </span>
    </p>

    <p class='ocr_par' dir='ltr' id='par_1_3' title="bbox 276 424 1983 584">
     <span class='ocr_line' id='line_1_4' title="bbox 328 424 1983 476; baseline 0.001 -14"><span class='ocrx_word' id='word_1_25' title='bbox 328 424 476 462; x_wconf 79' lang='lat' dir='ltr'>Postea</span> <span class='ocrx_word' id='word_1_26' title='bbox 508 424 688 463; x_wconf 84' lang='lat' dir='ltr'>Joannes</span> <span class='ocrx_word' id='word_1_27' title='bbox 721 425 769 463; x_wconf 92' lang='lat' dir='ltr'>de</span> <span class='ocrx_word' id='word_1_28' title='bbox 801 425 958 473; x_wconf 90' lang='lat' dir='ltr'>Crosso,</span> <span class='ocrx_word' id='word_1_29' title='bbox 989 425 1203 476; x_wconf 88' lang='lat' dir='ltr'>episcopus</span> <span class='ocrx_word' id='word_1_30' title='bbox 1235 426 1538 475; x_wconf 87' lang='lat' dir='ltr'>Praenestinus,</span> <span class='ocrx_word' id='word_1_31' title='bbox 1570 428 1672 466; x_wconf 87' lang='lat' dir='ltr'>obiit</span> <span class='ocrx_word' id='word_1_32' title='bbox 1701 442 1810 466; x_wconf 90' lang='lat' dir='ltr'>anno</span> <span class='ocrx_word' id='word_1_33' title='bbox 1840 427 1983 466; x_wconf 88' lang='lat' dir='ltr'>eodem</span> 
     </span>
     <span class='ocr_line' id='line_1_5' title="bbox 276 483 1983 538; baseline 0.002 -17"><span class='ocrx_word' id='word_1_34' title='bbox 276 483 664 531; x_wconf 86' lang='lat' dir='ltr'>MCCCLXXXIII‚</span> <span class='ocrx_word' id='word_1_35' title='bbox 685 484 748 523; x_wconf 90' lang='lat' dir='ltr'>die</span> <span class='ocrx_word' id='word_1_36' title='bbox 768 499 843 523; x_wconf 81' lang='lat' dir='ltr'>xxl</span> <span class='ocrx_word' id='word_1_37' title='bbox 861 485 1110 524; x_wconf 83' lang='lat' dir='ltr'>novembris.</span> <span class='ocrx_word' id='word_1_38' title='bbox 1130 485 1236 523; x_wconf 91' lang='lat' dir='ltr'>Tum</span> <span class='ocrx_word' id='word_1_39' title='bbox 1254 500 1351 524; x_wconf 86' lang='lat' dir='ltr'>vero</span> <span class='ocrx_word' id='word_1_40' title='bbox 1370 486 1553 526; x_wconf 87' lang='lat' dir='ltr'>Clemens</span> <span class='ocrx_word' id='word_1_41' title='bbox 1572 501 1679 538; x_wconf 88' lang='lat' dir='ltr'>papa</span> <span class='ocrx_word' id='word_1_42' title='bbox 1699 487 1983 538; x_wconf 87' lang='lat' dir='ltr'>episcopatum</span> 
     </span>
     <span class='ocr_line' id='line_1_6' title="bbox 278 542 1239 584; baseline 0.003 -4"><span class='ocrx_word' id='word_1_43' title='bbox 278 542 588 581; x_wconf 88' lang='lat' dir='ltr'>Praenestinum</span> <span class='ocrx_word' id='word_1_44' title='bbox 610 544 786 582; x_wconf 87' lang='lat' dir='ltr'>contulit</span> <span class='ocrx_word' id='word_1_45' title='bbox 804 544 847 582; x_wconf 92' lang='lat' dir='ltr'>in</span> <span class='ocrx_word' id='word_1_46' title='bbox 864 544 974 583; x_wconf 89' lang='lat' dir='ltr'>hunc</span> <span class='ocrx_word' id='word_1_47' title='bbox 994 545 1239 584; x_wconf 89' lang='lat' dir='ltr'>Guidonem.</span> 
     </span>
    </p>

    <p class='ocr_par' dir='ltr' id='par_1_4' title="bbox 277 602 1990 1429">
     <span class='ocr_line' id='line_1_7' title="bbox 328 602 1984 653; baseline 0.001 -13"><span class='ocrx_word' id='word_1_48' title='bbox 328 602 448 640; x_wconf 89' lang='lat' dir='ltr'>Anno</span> <span class='ocrx_word' id='word_1_49' title='bbox 468 602 743 642; x_wconf 85' lang='lat' dir='ltr'>MCCCXCIV</span> <span class='ocrx_word' id='word_1_50' title='bbox 760 603 950 642; x_wconf 81' lang='lat' dir='ltr'>interfuit</span> <span class='ocrx_word' id='word_1_51' title='bbox 968 604 1157 643; x_wconf 89' lang='lat' dir='ltr'>electioni</span> <span class='ocrx_word' id='word_1_52' title='bbox 1173 604 1386 644; x_wconf 81' lang='lat' dir='ltr'>Benedicti</span> <span class='ocrx_word' id='word_1_53' title='bbox 1406 605 1528 653; x_wconf 91' lang='lat' dir='ltr'>XIII,</span> <span class='ocrx_word' id='word_1_54' title='bbox 1547 614 1669 644; x_wconf 87' lang='lat' dir='ltr'>antea</span> <span class='ocrx_word' id='word_1_55' title='bbox 1689 605 1788 644; x_wconf 89' lang='lat' dir='ltr'>dicti</span> <span class='ocrx_word' id='word_1_56' title='bbox 1808 604 1918 644; x_wconf 88' lang='lat' dir='ltr'>Petri</span> <span class='ocrx_word' id='word_1_57' title='bbox 1936 604 1984 643; x_wconf 91' lang='lat' dir='ltr'>de</span> 
     </span>
     <span class='ocr_line' id='line_1_8' title="bbox 278 662 1986 716; baseline 0.002 -17"><span class='ocrx_word' id='word_1_58' title='bbox 278 662 407 701; x_wconf 90' lang='lat' dir='ltr'>Luna.</span> <span class='ocrx_word' id='word_1_59' title='bbox 433 662 487 700; x_wconf 91' lang='lat' dir='ltr'>Et</span> <span class='ocrx_word' id='word_1_60' title='bbox 511 676 604 702; x_wconf 88' lang='lat' dir='ltr'>cum</span> <span class='ocrx_word' id='word_1_61' title='bbox 626 662 658 701; x_wconf 91' lang='lat' dir='ltr'>is</span> <span class='ocrx_word' id='word_1_62' title='bbox 681 663 885 713; x_wconf 86' lang='lat' dir='ltr'>refugeret</span> <span class='ocrx_word' id='word_1_63' title='bbox 907 663 1102 714; x_wconf 82' lang='lat' dir='ltr'>amplecti</span> <span class='ocrx_word' id='word_1_64' title='bbox 1124 663 1236 702; x_wconf 90' lang='lat' dir='ltr'>viam</span> <span class='ocrx_word' id='word_1_65' title='bbox 1260 664 1463 712; x_wconf 80' lang='lat' dir='ltr'>cessionis,</span> <span class='ocrx_word' id='word_1_66' title='bbox 1488 679 1613 715; x_wconf 84' lang='lat' dir='ltr'>quam</span> <span class='ocrx_word' id='word_1_67' title='bbox 1635 680 1675 704; x_wconf 91' lang='lat' dir='ltr'>se</span> <span class='ocrx_word' id='word_1_68' title='bbox 1699 665 1986 716; x_wconf 86' lang='lat' dir='ltr'>amplexurum</span> 
     </span>
     <span class='ocr_line' id='line_1_9' title="bbox 279 721 1986 773; baseline 0.001 -13"><span class='ocrx_word' id='word_1_69' title='bbox 279 735 372 761; x_wconf 90' lang='lat' dir='ltr'>cum</span> <span class='ocrx_word' id='word_1_70' title='bbox 406 721 548 760; x_wconf 88' lang='lat' dir='ltr'>ceteris</span> <span class='ocrx_word' id='word_1_71' title='bbox 583 722 859 762; x_wconf 78' lang='lat' dir='ltr'>cardinalibus</span> <span class='ocrx_word' id='word_1_72' title='bbox 892 723 1106 773; x_wconf 84' lang='lat' dir='ltr'>juraverat</span> <span class='ocrx_word' id='word_1_73' title='bbox 1138 732 1235 762; x_wconf 89' lang='lat' dir='ltr'>ante</span> <span class='ocrx_word' id='word_1_74' title='bbox 1268 724 1522 772; x_wconf 83' lang='lat' dir='ltr'>electionem,</span> <span class='ocrx_word' id='word_1_75' title='bbox 1557 733 1598 763; x_wconf 91' lang='lat' dir='ltr'>et</span> <span class='ocrx_word' id='word_1_76' title='bbox 1629 740 1701 764; x_wconf 85' lang='lat' dir='ltr'>rex</span> <span class='ocrx_word' id='word_1_77' title='bbox 1737 725 1986 763; x_wconf 85' lang='lat' dir='ltr'>Francorum</span> 
     </span>
     <span class='ocr_line' id='line_1_10' title="bbox 280 781 1986 834; baseline 0.002 -16"><span class='ocrx_word' id='word_1_78' title='bbox 280 781 455 819; x_wconf 88' lang='lat' dir='ltr'>Karolus</span> <span class='ocrx_word' id='word_1_79' title='bbox 482 781 539 819; x_wconf 90' lang='lat' dir='ltr'>VI</span> <span class='ocrx_word' id='word_1_80' title='bbox 565 782 709 821; x_wconf 89' lang='lat' dir='ltr'>eodem</span> <span class='ocrx_word' id='word_1_81' title='bbox 734 796 843 821; x_wconf 92' lang='lat' dir='ltr'>anno</span> <span class='ocrx_word' id='word_1_82' title='bbox 868 783 976 821; x_wconf 90' lang='lat' dir='ltr'>viros</span> <span class='ocrx_word' id='word_1_83' title='bbox 1002 783 1204 834; x_wconf 88' lang='lat' dir='ltr'>principes</span> <span class='ocrx_word' id='word_1_84' title='bbox 1230 783 1486 823; x_wconf 89' lang='lat' dir='ltr'>Avenionem</span> <span class='ocrx_word' id='word_1_85' title='bbox 1510 784 1686 823; x_wconf 86' lang='lat' dir='ltr'>misisset</span> <span class='ocrx_word' id='word_1_86' title='bbox 1711 783 1986 834; x_wconf 85' lang='lat' dir='ltr'>exquisituros</span> 
     </span>
     <span class='ocr_line' id='line_1_11' title="bbox 277 841 1988 890; baseline 0 -10"><span class='ocrx_word' id='word_1_87' title='bbox 277 841 527 880; x_wconf 87' lang='lat' dir='ltr'>sententiam</span> <span class='ocrx_word' id='word_1_88' title='bbox 569 841 853 890; x_wconf 84' lang='lat' dir='ltr'>cardinalium,</span> <span class='ocrx_word' id='word_1_89' title='bbox 896 843 1112 880; x_wconf 84' lang='lat' dir='ltr'>secundum</span> <span class='ocrx_word' id='word_1_90' title='bbox 1153 843 1331 880; x_wconf 83' lang='lat' dir='ltr'>ordinem</span> <span class='ocrx_word' id='word_1_91' title='bbox 1371 852 1503 881; x_wconf 86' lang='lat' dir='ltr'>tenens</span> <span class='ocrx_word' id='word_1_92' title='bbox 1545 844 1729 882; x_wconf 87' lang='lat' dir='ltr'>dominus</span> <span class='ocrx_word' id='word_1_93' title='bbox 1770 842 1988 881; x_wconf 84' lang='lat' dir='ltr'>cardinalis</span> 
     </span>
     <span class='ocr_line' id='line_1_12' title="bbox 277 900 1987 953; baseline 0.001 -15"><span class='ocrx_word' id='word_1_94' title='bbox 277 900 537 948; x_wconf 71' lang='lat' dir='ltr'>Pictavensis‚</span> <span class='ocrx_word' id='word_1_95' title='bbox 568 909 616 939; x_wconf 90' lang='lat' dir='ltr'>ut</span> <span class='ocrx_word' id='word_1_96' title='bbox 645 901 704 939; x_wconf 91' lang='lat' dir='ltr'>ait</span> <span class='ocrx_word' id='word_1_97' title='bbox 734 901 1000 940; x_wconf 88' lang='lat' dir='ltr'>continuator</span> <span class='ocrx_word' id='word_1_98' title='bbox 1031 902 1192 953; x_wconf 79' lang='lat' dir='ltr'>Nangii,</span> <span class='ocrx_word' id='word_1_99' title='bbox 1223 917 1262 953; x_wconf 89' lang='lat' dir='ltr'>p.</span> <span class='ocrx_word' id='word_1_100' title='bbox 1296 902 1384 950; x_wconf 85' lang='lat'>137,</span> <span class='ocrx_word' id='word_1_101' title='bbox 1414 903 1456 940; x_wconf 90' lang='lat' dir='ltr'>in</span> <span class='ocrx_word' id='word_1_102' title='bbox 1485 912 1599 941; x_wconf 88' lang='lat' dir='ltr'>tomo</span> <span class='ocrx_word' id='word_1_103' title='bbox 1629 911 1746 942; x_wconf 82' lang='lat' dir='ltr'>sexto</span> <span class='ocrx_word' id='word_1_104' title='bbox 1777 901 1987 953; x_wconf 84' lang='lat' dir='ltr'>Spicilegii</span> 
     </span>
     <span class='ocr_line' id='line_1_13' title="bbox 280 960 1988 1012; baseline 0.001 -15"><span class='ocrx_word' id='word_1_105' title='bbox 280 960 539 1008; x_wconf 86' lang='lat' dir='ltr'>Dacheriani,</span> <span class='ocrx_word' id='word_1_106' title='bbox 559 960 677 1009; x_wconf 57' lang='lat' dir='ltr'>biam,</span> <span class='ocrx_word' id='word_1_107' title='bbox 696 961 846 1011; x_wconf 86' lang='lat' dir='ltr'>inquit,</span> <span class='ocrx_word' id='word_1_108' title='bbox 866 962 1143 1012; x_wconf 71' lang='lat' dir='ltr'>acceptabilem</span> <span class='ocrx_word' id='word_1_109' title='bbox 1158 963 1241 999; x_wconf 88' lang='lat' dir='ltr'>Deo</span> <span class='ocrx_word' id='word_1_110' title='bbox 1259 971 1395 1012; x_wconf 88' lang='lat' dir='ltr'>reputo</span> <span class='ocrx_word' id='word_1_111' title='bbox 1414 963 1622 1011; x_wconf 85' lang='lat' dir='ltr'>meliorem,</span> <span class='ocrx_word' id='word_1_112' title='bbox 1642 971 1676 1001; x_wconf 90' lang='lat' dir='ltr'>et</span> <span class='ocrx_word' id='word_1_113' title='bbox 1692 962 1727 1001; x_wconf 88' lang='lat' dir='ltr'>si</span> <span class='ocrx_word' id='word_1_114' title='bbox 1746 962 1838 1000; x_wconf 87' lang='lat' dir='ltr'>talis</span> <span class='ocrx_word' id='word_1_115' title='bbox 1854 961 1907 1000; x_wconf 86' lang='lat' dir='ltr'>sit</span> <span class='ocrx_word' id='word_1_116' title='bbox 1924 961 1988 999; x_wconf 77' lang='lat' dir='ltr'>via</span> 
     </span>
     <span class='ocr_line' id='line_1_14' title="bbox 278 1020 1988 1071; baseline 0.001 -14"><span class='ocrx_word' id='word_1_117' title='bbox 278 1020 466 1057; x_wconf 74' lang='lat' dir='ltr'>cessionis</span> <span class='ocrx_word' id='word_1_118' title='bbox 484 1020 586 1070; x_wconf 80' lang='lat' dir='ltr'>quod</span> <span class='ocrx_word' id='word_1_119' title='bbox 602 1035 671 1070; x_wconf 89' lang='lat' dir='ltr'>per</span> <span class='ocrx_word' id='word_1_120' title='bbox 690 1021 822 1071; x_wconf 89' lang='lat' dir='ltr'>ipsam</span> <span class='ocrx_word' id='word_1_121' title='bbox 839 1036 920 1071; x_wconf 70' lang='lat' dir='ltr'>pasc</span> <span class='ocrx_word' id='word_1_122' title='bbox 937 1030 971 1059; x_wconf 88' lang='lat' dir='ltr'>et</span> <span class='ocrx_word' id='word_1_123' title='bbox 991 1022 1086 1066; x_wconf 83' lang='lat' dir='ltr'>unio</span> <span class='ocrx_word' id='word_1_124' title='bbox 1110 1022 1347 1059; x_wconf 67' lang='lat' dir='ltr'>universalis</span> <span class='ocrx_word' id='word_1_125' title='bbox 1365 1022 1536 1060; x_wconf 83' lang='lat' dir='ltr'>Ecclesie</span> <span class='ocrx_word' id='word_1_126' title='bbox 1562 1031 1596 1060; x_wconf 85' lang='lat' dir='ltr'>et</span> <span class='ocrx_word' id='word_1_127' title='bbox 1622 1022 1732 1060; x_wconf 82' lang='lat' dir='ltr'>salus</span> <span class='ocrx_word' id='word_1_128' title='bbox 1758 1021 1988 1060; x_wconf 86' lang='lat' dir='ltr'>animarum</span> 
     </span>
     <span class='ocr_line' id='line_1_15' title="bbox 277 1076 1988 1132; baseline 0.001 -15"><span class='ocrx_word' id='word_1_129' title='bbox 277 1079 387 1129; x_wconf 82' lang='lat' dir='ltr'>sequi</span> <span class='ocrx_word' id='word_1_130' title='bbox 410 1080 536 1129; x_wconf 78' lang='lat' dir='ltr'>possit</span> <span class='ocrx_word' id='word_1_131' title='bbox 558 1080 676 1119; x_wconf 83' lang='lat' dir='ltr'>citius</span> <span class='ocrx_word' id='word_1_132' title='bbox 700 1095 818 1130; x_wconf 80' lang='lat' dir='ltr'>quam</span> <span class='ocrx_word' id='word_1_133' title='bbox 841 1076 910 1131; x_wconf 81' lang='lat' dir='ltr'>per</span> <span class='ocrx_word' id='word_1_134' title='bbox 932 1081 1070 1129; x_wconf 83' lang='lat' dir='ltr'>aliam⁷</span> <span class='ocrx_word' id='word_1_135' title='bbox 1095 1081 1195 1119; x_wconf 80' lang='lat' dir='ltr'>hanc</span> <span class='ocrx_word' id='word_1_136' title='bbox 1219 1090 1354 1132; x_wconf 90' lang='lat' dir='ltr'>reputo</span> <span class='ocrx_word' id='word_1_137' title='bbox 1377 1081 1692 1132; x_wconf 81' lang='lat' dir='ltr'>approbandam.</span> <span class='ocrx_word' id='word_1_138' title='bbox 1719 1082 1867 1120; x_wconf 86' lang='lat' dir='ltr'>Postea</span> <span class='ocrx_word' id='word_1_139' title='bbox 1891 1095 1988 1119; x_wconf 89' lang='lat' dir='ltr'>vero</span> 
     </span>
     <span class='ocr_line' id='line_1_16' title="bbox 278 1140 1987 1190; baseline 0 -13"><span class='ocrx_word' id='word_1_140' title='bbox 278 1153 519 1189; x_wconf 88' lang='lat' dir='ltr'>persuasum</span> <span class='ocrx_word' id='word_1_141' title='bbox 549 1148 611 1178; x_wconf 91' lang='lat' dir='ltr'>est</span> <span class='ocrx_word' id='word_1_142' title='bbox 640 1140 724 1190; x_wconf 82' lang='lat' dir='ltr'>regi</span> <span class='ocrx_word' id='word_1_143' title='bbox 753 1141 863 1179; x_wconf 89' lang='lat' dir='ltr'>hunc</span> <span class='ocrx_word' id='word_1_144' title='bbox 894 1141 1123 1180; x_wconf 91' lang='lat' dir='ltr'>Guidonem</span> <span class='ocrx_word' id='word_1_145' title='bbox 1156 1149 1197 1179; x_wconf 91' lang='lat' dir='ltr'>et</span> <span class='ocrx_word' id='word_1_146' title='bbox 1227 1149 1382 1180; x_wconf 88' lang='lat' dir='ltr'>ceteros</span> <span class='ocrx_word' id='word_1_147' title='bbox 1403 1141 1588 1180; x_wconf 88' lang='lat' dir='ltr'>resiliisse</span> <span class='ocrx_word' id='word_1_148' title='bbox 1611 1142 1664 1179; x_wconf 87' lang='lat' dir='ltr'>ab</span> <span class='ocrx_word' id='word_1_149' title='bbox 1691 1155 1737 1180; x_wconf 88' lang='lat' dir='ltr'>ea</span> <span class='ocrx_word' id='word_1_150' title='bbox 1768 1140 1987 1180; x_wconf 89' lang='lat' dir='ltr'>sententia.</span> 
     </span>
     <span class='ocr_line' id='line_1_17' title="bbox 281 1199 1990 1251; baseline 0.001 -15"><span class='ocrx_word' id='word_1_151' title='bbox 281 1199 369 1246; x_wconf 89' lang='lat' dir='ltr'>Qua</span> <span class='ocrx_word' id='word_1_152' title='bbox 395 1199 442 1237; x_wconf 91' lang='lat' dir='ltr'>de</span> <span class='ocrx_word' id='word_1_153' title='bbox 466 1214 507 1238; x_wconf 89' lang='lat' dir='ltr'>re</span> <span class='ocrx_word' id='word_1_154' title='bbox 532 1214 624 1238; x_wconf 90' lang='lat' dir='ltr'>cum</span> <span class='ocrx_word' id='word_1_155' title='bbox 648 1199 712 1238; x_wconf 93' lang='lat' dir='ltr'>ille</span> <span class='ocrx_word' id='word_1_156' title='bbox 737 1200 786 1238; x_wconf 89' lang='lat' dir='ltr'>ad</span> <span class='ocrx_word' id='word_1_157' title='bbox 814 1215 881 1239; x_wconf 88' lang='lat' dir='ltr'>eos</span> <span class='ocrx_word' id='word_1_158' title='bbox 906 1200 1141 1251; x_wconf 79' lang='lat' dir='ltr'>singillatim</span> <span class='ocrx_word' id='word_1_159' title='bbox 1168 1200 1408 1251; x_wconf 80' lang='lat' dir='ltr'>scripsisset,</span> <span class='ocrx_word' id='word_1_160' title='bbox 1434 1200 1567 1239; x_wconf 90' lang='lat' dir='ltr'>Guido</span> <span class='ocrx_word' id='word_1_161' title='bbox 1591 1201 1643 1239; x_wconf 91' lang='lat' dir='ltr'>ad</span> <span class='ocrx_word' id='word_1_162' title='bbox 1667 1215 1761 1240; x_wconf 89' lang='lat' dir='ltr'>eum</span> <span class='ocrx_word' id='word_1_163' title='bbox 1783 1199 1990 1250; x_wconf 83' lang='lat' dir='ltr'>rescripsit</span> 
     </span>
     <span class='ocr_line' id='line_1_18' title="bbox 281 1258 1989 1326; baseline 0.001 -31"><span class='ocrx_word' id='word_1_164' title='bbox 281 1258 344 1296; x_wconf 91' lang='lat' dir='ltr'>die</span> <span class='ocrx_word' id='word_1_165' title='bbox 373 1267 520 1297; x_wconf 89' lang='lat' dir='ltr'>octava</span> <span class='ocrx_word' id='word_1_166' title='bbox 550 1260 727 1298; x_wconf 85' lang='lat' dir='ltr'>octobris</span> <span class='ocrx_word' id='word_1_167' title='bbox 756 1275 796 1299; x_wconf 90' lang='lat' dir='ltr'>se</span> <span class='ocrx_word' id='word_1_168' title='bbox 825 1260 1060 1311; x_wconf 89' lang='lat' dir='ltr'>opinionem</span> <span class='ocrx_word' id='word_1_169' title='bbox 1087 1260 1339 1326; x_wconf 84' lang='lat' dir='ltr'>hujusmodi,</span> <span class='ocrx_word' id='word_1_170' title='bbox 1368 1274 1472 1310; x_wconf 91' lang='lat' dir='ltr'>quae</span> <span class='ocrx_word' id='word_1_171' title='bbox 1500 1260 1577 1299; x_wconf 90' lang='lat' dir='ltr'>sibi</span> <span class='ocrx_word' id='word_1_172' title='bbox 1604 1274 1735 1310; x_wconf 90' lang='lat' dir='ltr'>aequa</span> <span class='ocrx_word' id='word_1_173' title='bbox 1763 1274 1922 1310; x_wconf 87' lang='lat' dir='ltr'>semper</span> <span class='ocrx_word' id='word_1_174' title='bbox 1948 1267 1989 1297; x_wconf 89' lang='lat' dir='ltr'>et</span> 
     </span>
     <span class='ocr_line' id='line_1_19' title="bbox 280 1317 1989 1370; baseline 0.001 -15"><span class='ocrx_word' id='word_1_175' title='bbox 280 1317 535 1357; x_wconf 90' lang='lat' dir='ltr'>rationabilis</span> <span class='ocrx_word' id='word_1_176' title='bbox 559 1319 647 1357; x_wconf 88' lang='lat' dir='ltr'>visa</span> <span class='ocrx_word' id='word_1_177' title='bbox 671 1319 763 1367; x_wconf 85' lang='lat' dir='ltr'>fuit,</span> <span class='ocrx_word' id='word_1_178' title='bbox 790 1320 963 1359; x_wconf 85' lang='lat' dir='ltr'>firmiter</span> <span class='ocrx_word' id='word_1_179' title='bbox 984 1319 1163 1359; x_wconf 91' lang='lat' dir='ltr'>tenuisse</span> <span class='ocrx_word' id='word_1_180' title='bbox 1187 1334 1347 1370; x_wconf 88' lang='lat' dir='ltr'>semper</span> <span class='ocrx_word' id='word_1_181' title='bbox 1369 1328 1410 1358; x_wconf 89' lang='lat' dir='ltr'>et</span> <span class='ocrx_word' id='word_1_182' title='bbox 1431 1328 1582 1359; x_wconf 87' lang='lat' dir='ltr'>tenere.</span> <span class='ocrx_word' id='word_1_183' title='bbox 1609 1320 1740 1358; x_wconf 81' lang='lat' dir='ltr'>Extat</span> <span class='ocrx_word' id='word_1_184' title='bbox 1761 1320 1862 1358; x_wconf 85' lang='lat' dir='ltr'>haec</span> <span class='ocrx_word' id='word_1_185' title='bbox 1883 1318 1989 1357; x_wconf 90' lang='lat' dir='ltr'>illius</span> 
     </span>
     <span class='ocr_line' id='line_1_20' title="bbox 281 1377 1435 1431; baseline 0.002 -16"><span class='ocrx_word' id='word_1_186' title='bbox 281 1377 453 1428; x_wconf 89' lang='lat' dir='ltr'>epistola</span> <span class='ocrx_word' id='word_1_187' title='bbox 482 1378 524 1416; x_wconf 92' lang='lat' dir='ltr'>in</span> <span class='ocrx_word' id='word_1_188' title='bbox 552 1379 681 1417; x_wconf 90' lang='lat' dir='ltr'>veteri</span> <span class='ocrx_word' id='word_1_189' title='bbox 710 1379 846 1431; x_wconf 88' lang='lat' dir='ltr'>codice</span> <span class='ocrx_word' id='word_1_190' title='bbox 876 1379 1031 1418; x_wconf 86' lang='lat' dir='ltr'>archivi</span> <span class='ocrx_word' id='word_1_191' title='bbox 1058 1379 1157 1429; x_wconf 83' lang='lat' dir='ltr'>regii</span> <span class='ocrx_word' id='word_1_192' title='bbox 1186 1379 1435 1418; x_wconf 89' lang='lat' dir='ltr'>Parisiensis.</span> 
     </span>
    </p>

    <p class='ocr_par' dir='ltr' id='par_1_5' title="bbox 283 1413 1998 2855">
     <span class='ocr_line' id='line_1_21' title="bbox 334 1413 1989 1489; baseline 0.001 -15"><span class='ocrx_word' id='word_1_193' title='bbox 334 1437 454 1475; x_wconf 89' lang='lat' dir='ltr'>Anno</span> <span class='ocrx_word' id='word_1_194' title='bbox 494 1438 588 1476; x_wconf 87' lang='lat' dir='ltr'>dein</span> <span class='ocrx_word' id='word_1_195' title='bbox 626 1428 962 1487; x_wconf 78' lang='lat' dir='ltr'>MCCCXCVIIL</span> <span class='ocrx_word' id='word_1_196' title='bbox 1001 1439 1043 1477; x_wconf 88' lang='lat' dir='ltr'>in</span> <span class='ocrx_word' id='word_1_197' title='bbox 1074 1439 1220 1478; x_wconf 85' lang='lat' dir='ltr'>celebri</span> <span class='ocrx_word' id='word_1_198' title='bbox 1259 1447 1467 1478; x_wconf 88' lang='lat' dir='ltr'>conventu</span> <span class='ocrx_word' id='word_1_199' title='bbox 1498 1439 1701 1478; x_wconf 86' lang='lat' dir='ltr'>Ecclesiae</span> <span class='ocrx_word' id='word_1_200' title='bbox 1753 1413 1989 1489; x_wconf 79' lang='lat' dir='ltr'>gallicanae,</span> 
     </span>
     <span class='ocr_line' id='line_1_22' title="bbox 283 1496 1991 1549; baseline 0 -15"><span class='ocrx_word' id='word_1_201' title='bbox 283 1496 492 1535; x_wconf 88' lang='lat' dir='ltr'>decretum</span> <span class='ocrx_word' id='word_1_202' title='bbox 508 1506 574 1536; x_wconf 75' lang='lat' dir='ltr'>est</span> <span class='ocrx_word' id='word_1_203' title='bbox 593 1506 640 1536; x_wconf 92' lang='lat' dir='ltr'>ut</span> <span class='ocrx_word' id='word_1_204' title='bbox 661 1498 894 1537; x_wconf 89' lang='lat' dir='ltr'>obedientia</span> <span class='ocrx_word' id='word_1_205' title='bbox 914 1513 1078 1549; x_wconf 90' lang='lat' dir='ltr'>prorsus</span> <span class='ocrx_word' id='word_1_206' title='bbox 1099 1499 1317 1537; x_wconf 90' lang='lat' dir='ltr'>subtrahe1</span> <span class='ocrx_word' id='word_1_207' title='bbox 1320 1507 1412 1537; x_wconf 81' lang='lat' dir='ltr'>etui</span> <span class='ocrx_word' id='word_1_208' title='bbox 1430 1498 1559 1537; x_wconf 89' lang='lat' dir='ltr'>eidem</span> <span class='ocrx_word' id='word_1_209' title='bbox 1579 1498 1804 1537; x_wconf 89' lang='lat' dir='ltr'>Benedicto</span> <span class='ocrx_word' id='word_1_210' title='bbox 1823 1505 1991 1548; x_wconf 84' lang='lat' dir='ltr'>propter</span> 
     </span>
     <span class='ocr_line' id='line_1_23' title="bbox 283 1556 1990 1608; baseline 0.001 -15"><span class='ocrx_word' id='word_1_211' title='bbox 283 1556 450 1594; x_wconf 83' lang='lat' dir='ltr'>nimiam</span> <span class='ocrx_word' id='word_1_212' title='bbox 468 1557 555 1606; x_wconf 87' lang='lat' dir='ltr'>ejus</span> <span class='ocrx_word' id='word_1_213' title='bbox 569 1557 853 1608; x_wconf 84' lang='lat' dir='ltr'>pertinaciam.</span> <span class='ocrx_word' id='word_1_214' title='bbox 869 1558 942 1597; x_wconf 90' lang='lat' dir='ltr'>Cui</span> <span class='ocrx_word' id='word_1_215' title='bbox 956 1558 1119 1597; x_wconf 89' lang='lat' dir='ltr'>decreto</span> <span class='ocrx_word' id='word_1_216' title='bbox 1133 1558 1365 1597; x_wconf 87' lang='lat' dir='ltr'>adhaesisse</span> <span class='ocrx_word' id='word_1_217' title='bbox 1379 1558 1603 1597; x_wconf 84' lang='lat' dir='ltr'>cardinales</span> <span class='ocrx_word' id='word_1_218' title='bbox 1621 1558 1767 1595; x_wconf 83' lang='lat' dir='ltr'>XVIII</span> <span class='ocrx_word' id='word_1_219' title='bbox 1780 1556 1990 1596; x_wconf 84' lang='lat' dir='ltr'>Avenione</span> 
     </span>
     <span class='ocr_line' id='line_1_24' title="bbox 284 1615 1991 1668; baseline 0 -14"><span class='ocrx_word' id='word_1_220' title='bbox 284 1616 531 1655; x_wconf 88' lang='lat' dir='ltr'>constitutos</span> <span class='ocrx_word' id='word_1_221' title='bbox 557 1617 677 1656; x_wconf 89' lang='lat' dir='ltr'>docet</span> <span class='ocrx_word' id='word_1_222' title='bbox 699 1632 840 1656; x_wconf 88' lang='lat' dir='ltr'>eorum</span> <span class='ocrx_word' id='word_1_223' title='bbox 863 1618 1035 1668; x_wconf 88' lang='lat' dir='ltr'>epistola</span> <span class='ocrx_word' id='word_1_224' title='bbox 1059 1618 1112 1655; x_wconf 88' lang='lat' dir='ltr'>ad</span> <span class='ocrx_word' id='word_1_225' title='bbox 1134 1632 1268 1668; x_wconf 81' lang='lat' dir='ltr'>regem</span> <span class='ocrx_word' id='word_1_226' title='bbox 1296 1618 1495 1658; x_wconf 84' lang='lat' dir='ltr'>Karolum</span> <span class='ocrx_word' id='word_1_227' title='bbox 1518 1617 1590 1665; x_wconf 83' lang='lat' dir='ltr'>VI,</span> <span class='ocrx_word' id='word_1_228' title='bbox 1615 1617 1767 1668; x_wconf 88' lang='lat' dir='ltr'>scripta</span> <span class='ocrx_word' id='word_1_229' title='bbox 1789 1617 1832 1654; x_wconf 90' lang='lat' dir='ltr'>in</span> <span class='ocrx_word' id='word_1_230' title='bbox 1855 1615 1991 1655; x_wconf 89' lang='lat' dir='ltr'>codice</span> 
     </span>
     <span class='ocr_line' id='line_1_25' title="bbox 283 1674 1991 1716; baseline 0 -3"><span class='ocrx_word' id='word_1_231' title='bbox 283 1674 361 1713; x_wconf 71' lang='grc'>842</span> <span class='ocrx_word' id='word_1_232' title='bbox 387 1676 527 1714; x_wconf 84' lang='lat' dir='ltr'>Sancti</span> <span class='ocrx_word' id='word_1_233' title='bbox 554 1676 728 1715; x_wconf 88' lang='lat' dir='ltr'>Victoris</span> <span class='ocrx_word' id='word_1_234' title='bbox 758 1677 992 1716; x_wconf 81' lang='lat' dir='ltr'>Parisiensis</span> <span class='ocrx_word' id='word_1_235' title='bbox 1011 1677 1038 1716; x_wconf 75' lang='lat'>1.</span> <span class='ocrx_word' id='word_1_236' title='bbox 1069 1678 1223 1715; x_wconf 91' lang='lat' dir='ltr'>Eorum</span> <span class='ocrx_word' id='word_1_237' title='bbox 1258 1677 1425 1716; x_wconf 92' lang='lat' dir='ltr'>nomina</span> <span class='ocrx_word' id='word_1_238' title='bbox 1461 1677 1628 1716; x_wconf 85' lang='lat' dir='ltr'>exhibet</span> <span class='ocrx_word' id='word_1_239' title='bbox 1659 1676 1795 1715; x_wconf 90' lang='lat' dir='ltr'>Surita</span> <span class='ocrx_word' id='word_1_240' title='bbox 1821 1676 1863 1714; x_wconf 91' lang='lat' dir='ltr'>in</span> <span class='ocrx_word' id='word_1_241' title='bbox 1888 1675 1991 1713; x_wconf 90' lang='lat' dir='ltr'>libro</span> 
     </span>
     <span class='ocr_line' id='line_1_26' title="bbox 284 1734 1991 1788; baseline 0.001 -16"><span class='ocrx_word' id='word_1_242' title='bbox 284 1734 407 1773; x_wconf 90' lang='lat' dir='ltr'>tertio</span> <span class='ocrx_word' id='word_1_243' title='bbox 436 1736 633 1783; x_wconf 80' lang='lat' dir='ltr'>Indicum,</span> <span class='ocrx_word' id='word_1_244' title='bbox 659 1736 729 1786; x_wconf 86' lang='lat' dir='ltr'>qui</span> <span class='ocrx_word' id='word_1_245' title='bbox 752 1751 850 1777; x_wconf 83' lang='lat' dir='ltr'>mox</span> <span class='ocrx_word' id='word_1_246' title='bbox 873 1737 932 1775; x_wconf 89' lang='lat' dir='ltr'>ait</span> <span class='ocrx_word' id='word_1_247' title='bbox 958 1737 1137 1787; x_wconf 88' lang='lat' dir='ltr'>quinque</span> <span class='ocrx_word' id='word_1_248' title='bbox 1163 1737 1261 1775; x_wconf 92' lang='lat' dir='ltr'>alios</span> <span class='ocrx_word' id='word_1_249' title='bbox 1285 1736 1509 1775; x_wconf 85' lang='lat' dir='ltr'>Benedicto</span> <span class='ocrx_word' id='word_1_250' title='bbox 1533 1745 1722 1788; x_wconf 90' lang='lat' dir='ltr'>parentes</span> <span class='ocrx_word' id='word_1_251' title='bbox 1748 1745 1874 1786; x_wconf 87' lang='lat' dir='ltr'>atque</span> <span class='ocrx_word' id='word_1_252' title='bbox 1899 1734 1991 1773; x_wconf 92' lang='lat' dir='ltr'>obe-</span> 
     </span>
     <span class='ocr_line' id='line_1_27' title="bbox 286 1794 1991 1846; baseline 0.001 -15"><span class='ocrx_word' id='word_1_253' title='bbox 286 1794 442 1833; x_wconf 88' lang='lat' dir='ltr'>dientes</span> <span class='ocrx_word' id='word_1_254' title='bbox 458 1796 741 1845; x_wconf 87' lang='lat' dir='ltr'>permansisse.</span> <span class='ocrx_word' id='word_1_255' title='bbox 761 1797 838 1835; x_wconf 86' lang='lat' dir='ltr'>Sed</span> <span class='ocrx_word' id='word_1_256' title='bbox 854 1796 954 1837; x_wconf 85' lang='lat' dir='ltr'>mihi</span> <span class='ocrx_word' id='word_1_257' title='bbox 969 1796 1119 1837; x_wconf 86' lang='lat' dir='ltr'>mirum</span> <span class='ocrx_word' id='word_1_258' title='bbox 1134 1796 1266 1835; x_wconf 87' lang='lat' dir='ltr'>visum</span> <span class='ocrx_word' id='word_1_259' title='bbox 1285 1805 1346 1835; x_wconf 86' lang='lat' dir='ltr'>est</span> <span class='ocrx_word' id='word_1_260' title='bbox 1363 1796 1473 1846; x_wconf 85' lang='lat' dir='ltr'>quod</span> <span class='ocrx_word' id='word_1_261' title='bbox 1488 1796 1595 1835; x_wconf 90' lang='lat' dir='ltr'>idem</span> <span class='ocrx_word' id='word_1_262' title='bbox 1612 1795 1730 1834; x_wconf 90' lang='lat' dir='ltr'>addit</span> <span class='ocrx_word' id='word_1_263' title='bbox 1745 1795 1868 1846; x_wconf 90' lang='lat' dir='ltr'>paulo</span> <span class='ocrx_word' id='word_1_264' title='bbox 1883 1802 1991 1845; x_wconf 88' lang='lat' dir='ltr'>post,</span> 
     </span>
     <span class='ocr_line' id='line_1_28' title="bbox 285 1853 1992 1906; baseline 0 -15"><span class='ocrx_word' id='word_1_265' title='bbox 285 1862 366 1892; x_wconf 92' lang='lat' dir='ltr'>tres</span> <span class='ocrx_word' id='word_1_266' title='bbox 401 1869 450 1892; x_wconf 85' lang='lat' dir='ltr'>ex</span> <span class='ocrx_word' id='word_1_267' title='bbox 482 1855 529 1893; x_wconf 92' lang='lat' dir='ltr'>iis</span> <span class='ocrx_word' id='word_1_268' title='bbox 564 1856 838 1894; x_wconf 84' lang='lat' dir='ltr'>cardinalibus</span> <span class='ocrx_word' id='word_1_269' title='bbox 874 1856 943 1906; x_wconf 87' lang='lat' dir='ltr'>qui</span> <span class='ocrx_word' id='word_1_270' title='bbox 977 1855 1270 1894; x_wconf 87' lang='lat' dir='ltr'>subtractionis</span> <span class='ocrx_word' id='word_1_271' title='bbox 1306 1855 1487 1906; x_wconf 88' lang='lat' dir='ltr'>opinioni</span> <span class='ocrx_word' id='word_1_272' title='bbox 1520 1856 1806 1903; x_wconf 86' lang='lat' dir='ltr'>adhaeserant,</span> <span class='ocrx_word' id='word_1_273' title='bbox 1842 1853 1992 1905; x_wconf 85' lang='lat' dir='ltr'>quique</span> 
     </span>
     <span class='ocr_line' id='line_1_29' title="bbox 285 1914 1992 1966; baseline -0.001 -15"><span class='ocrx_word' id='word_1_274' title='bbox 285 1922 502 1963; x_wconf 89' lang='lat' dir='ltr'>propterea</span> <span class='ocrx_word' id='word_1_275' title='bbox 532 1915 743 1954; x_wconf 88' lang='lat' dir='ltr'>Avenione</span> <span class='ocrx_word' id='word_1_276' title='bbox 773 1924 1032 1954; x_wconf 79' lang='lat' dir='ltr'>excesserant</span> <span class='ocrx_word' id='word_1_277' title='bbox 1062 1924 1156 1966; x_wconf 88' lang='lat' dir='ltr'>post</span> <span class='ocrx_word' id='word_1_278' title='bbox 1186 1930 1275 1954; x_wconf 89' lang='lat' dir='ltr'>eam</span> <span class='ocrx_word' id='word_1_279' title='bbox 1307 1915 1555 1954; x_wconf 85' lang='lat' dir='ltr'>auctoritate</span> <span class='ocrx_word' id='word_1_280' title='bbox 1585 1915 1694 1965; x_wconf 80' lang='lat' dir='ltr'>regia</span> <span class='ocrx_word' id='word_1_281' title='bbox 1722 1914 1992 1965; x_wconf 89' lang='lat' dir='ltr'>publicatam,</span> 
     </span>
     <span class='ocr_line' id='line_1_30' title="bbox 286 1973 1993 2023; baseline -0.001 -13"><span class='ocrx_word' id='word_1_282' title='bbox 286 1973 478 2011; x_wconf 91' lang='lat' dir='ltr'>nimirum</span> <span class='ocrx_word' id='word_1_283' title='bbox 507 1974 833 2023; x_wconf 87' lang='lat' dir='ltr'>Praenestinum,</span> <span class='ocrx_word' id='word_1_284' title='bbox 863 1975 1003 2014; x_wconf 86' lang='lat' dir='ltr'>Sancti</span> <span class='ocrx_word' id='word_1_285' title='bbox 1031 1975 1243 2023; x_wconf 86' lang='lat' dir='ltr'>Martialis,</span> <span class='ocrx_word' id='word_1_286' title='bbox 1271 1983 1312 2014; x_wconf 90' lang='lat' dir='ltr'>et</span> <span class='ocrx_word' id='word_1_287' title='bbox 1339 1975 1611 2022; x_wconf 85' lang='lat' dir='ltr'>Auxitanum,</span> <span class='ocrx_word' id='word_1_288' title='bbox 1633 1974 1800 2012; x_wconf 90' lang='lat' dir='ltr'>minime</span> <span class='ocrx_word' id='word_1_289' title='bbox 1827 1986 1993 2013; x_wconf 90' lang='lat' dir='ltr'>consen·-</span> 
     </span>
     <span class='ocr_line' id='line_1_31' title="bbox 287 2031 1994 2083; baseline -0.001 -14"><span class='ocrx_word' id='word_1_290' title='bbox 287 2032 382 2071; x_wconf 82' lang='lat' dir='ltr'>sisse</span> <span class='ocrx_word' id='word_1_291' title='bbox 419 2033 465 2071; x_wconf 90' lang='lat' dir='ltr'>iis</span> <span class='ocrx_word' id='word_1_292' title='bbox 505 2033 574 2083; x_wconf 86' lang='lat' dir='ltr'>qui</span> <span class='ocrx_word' id='word_1_293' title='bbox 611 2050 650 2073; x_wconf 92' lang='lat' dir='ltr'>se</span> <span class='ocrx_word' id='word_1_294' title='bbox 689 2035 740 2072; x_wconf 91' lang='lat' dir='ltr'>ab</span> <span class='ocrx_word' id='word_1_295' title='bbox 779 2035 1011 2073; x_wconf 88' lang='lat' dir='ltr'>obedientia</span> <span class='ocrx_word' id='word_1_296' title='bbox 1057 2034 1270 2073; x_wconf 81' lang='lat' dir='ltr'>Benedicti</span> <span class='ocrx_word' id='word_1_297' title='bbox 1316 2034 1610 2073; x_wconf 81' lang='lat' dir='ltr'>subtraxerant</span> <span class='ocrx_word' id='word_1_298' title='bbox 1627 2033 1654 2072; x_wconf 76' lang='lat'>2.</span> <span class='ocrx_word' id='word_1_299' title='bbox 1695 2034 1846 2071; x_wconf 88' lang='lat' dir='ltr'>Narrat</span> <span class='ocrx_word' id='word_1_300' title='bbox 1886 2031 1994 2071; x_wconf 89' lang='lat' dir='ltr'>enim</span> 
     </span>
     <span class='ocr_line' id='line_1_32' title="bbox 288 2092 1993 2145; baseline 0 -16"><span class='ocrx_word' id='word_1_301' title='bbox 288 2092 537 2131; x_wconf 87' lang='lat' dir='ltr'>Froissartus</span> <span class='ocrx_word' id='word_1_302' title='bbox 574 2094 652 2143; x_wconf 75' lang='lat' dir='ltr'>[ed.</span> <span class='ocrx_word' id='word_1_303' title='bbox 681 2094 865 2143; x_wconf 84' lang='lat' dir='ltr'>Kervyn‚</span> <span class='ocrx_word' id='word_1_304' title='bbox 890 2103 920 2133; x_wconf 86' lang='lat' dir='ltr'>t.</span> <span class='ocrx_word' id='word_1_305' title='bbox 948 2109 1033 2142; x_wconf 80' lang='lat' dir='ltr'>xw,</span> <span class='ocrx_word' id='word_1_306' title='bbox 1058 2110 1097 2145; x_wconf 90' lang='lat' dir='ltr'>p.</span> <span class='ocrx_word' id='word_1_307' title='bbox 1126 2094 1224 2144; x_wconf 80' lang='lat'>128]</span> <span class='ocrx_word' id='word_1_308' title='bbox 1250 2094 1499 2132; x_wconf 85' lang='lat' dir='ltr'>cardinalem</span> <span class='ocrx_word' id='word_1_309' title='bbox 1525 2093 1827 2132; x_wconf 88' lang='lat' dir='ltr'>Pictaviensem</span> <span class='ocrx_word' id='word_1_310' title='bbox 1850 2100 1993 2143; x_wconf 90' lang='lat' dir='ltr'>postea</span> 
     </span>
     <span class='ocr_line' id='line_1_33' title="bbox 286 2150 1994 2193; baseline -0.001 -4"><span class='ocrx_word' id='word_1_311' title='bbox 286 2151 329 2189; x_wconf 92' lang='lat' dir='ltr'>in</span> <span class='ocrx_word' id='word_1_312' title='bbox 365 2153 578 2193; x_wconf 86' lang='lat' dir='ltr'>consilium</span> <span class='ocrx_word' id='word_1_313' title='bbox 614 2162 810 2192; x_wconf 85' lang='lat' dir='ltr'>vocatum</span> <span class='ocrx_word' id='word_1_314' title='bbox 847 2169 869 2192; x_wconf 91' lang='lat' dir='ltr'>a</span> <span class='ocrx_word' id='word_1_315' title='bbox 907 2154 1063 2193; x_wconf 89' lang='lat' dir='ltr'>civibus</span> <span class='ocrx_word' id='word_1_316' title='bbox 1101 2154 1455 2192; x_wconf 82' lang='lat' dir='ltr'>Avenionensibus</span> <span class='ocrx_word' id='word_1_317' title='bbox 1492 2153 1534 2191; x_wconf 92' lang='lat' dir='ltr'>in</span> <span class='ocrx_word' id='word_1_318' title='bbox 1569 2167 1709 2192; x_wconf 90' lang='lat' dir='ltr'>eorum</span> <span class='ocrx_word' id='word_1_319' title='bbox 1745 2150 1994 2191; x_wconf 84' lang='lat' dir='ltr'>sententiam</span> 
     </span>
     <span class='ocr_line' id='line_1_34' title="bbox 287 2211 1995 2264; baseline -0.001 -16"><span class='ocrx_word' id='word_1_320' title='bbox 287 2212 494 2250; x_wconf 87' lang='lat' dir='ltr'>transiisse</span> <span class='ocrx_word' id='word_1_321' title='bbox 520 2213 715 2252; x_wconf 88' lang='lat' dir='ltr'>adversus</span> <span class='ocrx_word' id='word_1_322' title='bbox 734 2214 1018 2252; x_wconf 78' lang='lat' dir='ltr'>Benedictum.</span> <span class='ocrx_word' id='word_1_323' title='bbox 1040 2214 1094 2251; x_wconf 90' lang='lat' dir='ltr'>Et</span> <span class='ocrx_word' id='word_1_324' title='bbox 1118 2213 1174 2251; x_wconf 91' lang='lat' dir='ltr'>illi</span> <span class='ocrx_word' id='word_1_325' title='bbox 1198 2213 1275 2264; x_wconf 90' lang='lat' dir='ltr'>ipsi</span> <span class='ocrx_word' id='word_1_326' title='bbox 1301 2213 1524 2251; x_wconf 87' lang='lat' dir='ltr'>cardinales</span> <span class='ocrx_word' id='word_1_327' title='bbox 1551 2212 1620 2262; x_wconf 85' lang='lat' dir='ltr'>qui</span> <span class='ocrx_word' id='word_1_328' title='bbox 1642 2211 1724 2262; x_wconf 80' lang='lat' dir='ltr'>regi</span> <span class='ocrx_word' id='word_1_329' title='bbox 1749 2211 1995 2261; x_wconf 88' lang='lat' dir='ltr'>scripserant</span> 
     </span>
     <span class='ocr_line' id='line_1_35' title="bbox 288 2270 1994 2323; baseline -0.001 -15"><span class='ocrx_word' id='word_1_330' title='bbox 288 2285 328 2309; x_wconf 93' lang='lat' dir='ltr'>se</span> <span class='ocrx_word' id='word_1_331' title='bbox 350 2272 544 2322; x_wconf 84' lang='lat' dir='ltr'>amplecti</span> <span class='ocrx_word' id='word_1_332' title='bbox 565 2273 676 2322; x_wconf 86' lang='lat' dir='ltr'>quod</span> <span class='ocrx_word' id='word_1_333' title='bbox 697 2274 749 2311; x_wconf 90' lang='lat' dir='ltr'>ab</span> <span class='ocrx_word' id='word_1_334' title='bbox 772 2273 952 2312; x_wconf 86' lang='lat' dir='ltr'>Ecclesia</span> <span class='ocrx_word' id='word_1_335' title='bbox 973 2273 1170 2323; x_wconf 79' lang='lat' dir='ltr'>gallicana</span> <span class='ocrx_word' id='word_1_336' title='bbox 1193 2273 1404 2312; x_wconf 88' lang='lat' dir='ltr'>decretum</span> <span class='ocrx_word' id='word_1_337' title='bbox 1428 2281 1516 2310; x_wconf 90' lang='lat' dir='ltr'>erat</span> <span class='ocrx_word' id='word_1_338' title='bbox 1538 2272 1641 2310; x_wconf 90' lang='lat' dir='ltr'>circa</span> <span class='ocrx_word' id='word_1_339' title='bbox 1668 2270 1994 2310; x_wconf 86' lang='lat' dir='ltr'>subtractionem</span> 
     </span>
     <span class='ocr_line' id='line_1_36' title="bbox 289 2330 1996 2383; baseline -0.001 -16"><span class='ocrx_word' id='word_1_340' title='bbox 289 2330 545 2370; x_wconf 88' lang='lat' dir='ltr'>obedientiae</span> <span class='ocrx_word' id='word_1_341' title='bbox 574 2333 825 2382; x_wconf 88' lang='lat' dir='ltr'>profitentur</span> <span class='ocrx_word' id='word_1_342' title='bbox 852 2333 894 2370; x_wconf 92' lang='lat' dir='ltr'>in</span> <span class='ocrx_word' id='word_1_343' title='bbox 925 2333 1003 2371; x_wconf 91' lang='lat' dir='ltr'>fine</span> <span class='ocrx_word' id='word_1_344' title='bbox 1032 2333 1228 2383; x_wconf 88' lang='lat' dir='ltr'>epistolae</span> <span class='ocrx_word' id='word_1_345' title='bbox 1257 2332 1371 2371; x_wconf 88' lang='lat' dir='ltr'>brevi</span> <span class='ocrx_word' id='word_1_346' title='bbox 1400 2332 1451 2369; x_wconf 90' lang='lat' dir='ltr'>ad</span> <span class='ocrx_word' id='word_1_347' title='bbox 1481 2345 1574 2370; x_wconf 89' lang='lat' dir='ltr'>eum</span> <span class='ocrx_word' id='word_1_348' title='bbox 1601 2331 1730 2369; x_wconf 90' lang='lat' dir='ltr'>ituros</span> <span class='ocrx_word' id='word_1_349' title='bbox 1759 2330 1916 2379; x_wconf 90' lang='lat' dir='ltr'>aliquos</span> <span class='ocrx_word' id='word_1_350' title='bbox 1946 2343 1996 2367; x_wconf 83' lang='lat' dir='ltr'>ex</span> 
     </span>
     <span class='ocr_line' id='line_1_37' title="bbox 288 2388 1996 2442; baseline -0.002 -14"><span class='ocrx_word' id='word_1_351' title='bbox 288 2389 470 2439; x_wconf 86' lang='lat' dir='ltr'>ipsorum</span> <span class='ocrx_word' id='word_1_352' title='bbox 490 2391 677 2442; x_wconf 79' lang='lat' dir='ltr'>collegio:</span> <span class='ocrx_word' id='word_1_353' title='bbox 692 2393 758 2430; x_wconf 79' lang='lat' dir='ltr'>Ad</span> <span class='ocrx_word' id='word_1_354' title='bbox 775 2401 939 2430; x_wconf 75' lang='lat' dir='ltr'>vestram</span> <span class='ocrx_word' id='word_1_355' title='bbox 957 2407 1046 2441; x_wconf 81' lang='lat' dir='ltr'>ergo</span> <span class='ocrx_word' id='word_1_356' title='bbox 1064 2392 1215 2442; x_wconf 83' lang='lat' dir='ltr'>regiam</span> <span class='ocrx_word' id='word_1_357' title='bbox 1233 2392 1473 2441; x_wconf 83' lang='lat' dir='ltr'>majestatem</span> <span class='ocrx_word' id='word_1_358' title='bbox 1493 2391 1601 2440; x_wconf 75' lang='lat' dir='ltr'>infra</span> <span class='ocrx_word' id='word_1_359' title='bbox 1618 2390 1780 2428; x_wconf 82' lang='lat' dir='ltr'>biduum</span> <span class='ocrx_word' id='word_1_360' title='bbox 1799 2388 1996 2426; x_wconf 82' lang='lat' dir='ltr'>hominem</span> 
     </span>
     <span class='ocr_line' id='line_1_38' title="bbox 290 2449 1997 2501; baseline -0.001 -15"><span class='ocrx_word' id='word_1_361' title='bbox 290 2449 403 2487; x_wconf 82' lang='lat' dir='ltr'>nobis</span> <span class='ocrx_word' id='word_1_362' title='bbox 430 2450 554 2499; x_wconf 79' lang='lat' dir='ltr'>fidum</span> <span class='ocrx_word' id='word_1_363' title='bbox 578 2466 698 2501; x_wconf 85' lang='lat' dir='ltr'>super</span> <span class='ocrx_word' id='word_1_364' title='bbox 723 2452 928 2489; x_wconf 76' lang='lat' dir='ltr'>nonnullis</span> <span class='ocrx_word' id='word_1_365' title='bbox 953 2451 1130 2501; x_wconf 81' lang='lat' dir='ltr'>plenarie</span> <span class='ocrx_word' id='word_1_366' title='bbox 1156 2451 1413 2500; x_wconf 74' lang='lat' dir='ltr'>informatum</span> <span class='ocrx_word' id='word_1_367' title='bbox 1438 2450 1746 2488; x_wconf 85' lang='lat' dir='ltr'>transmittemus</span> <span class='ocrx_word' id='word_1_368' title='bbox 1773 2465 1780 2487; x_wconf 90' lang='lat'>:</span> <span class='ocrx_word' id='word_1_369' title='bbox 1807 2457 1841 2486; x_wconf 87' lang='lat' dir='ltr'>et</span> <span class='ocrx_word' id='word_1_370' title='bbox 1864 2455 1997 2498; x_wconf 73' lang='lat' dir='ltr'>expost</span> 
     </span>
     <span class='ocr_line' id='line_1_39' title="bbox 290 2505 1996 2561; baseline -0.001 -16"><span class='ocrx_word' id='word_1_371' title='bbox 290 2509 387 2546; x_wconf 83' lang='lat' dir='ltr'>satis</span> <span class='ocrx_word' id='word_1_372' title='bbox 419 2510 492 2547; x_wconf 84' lang='lat' dir='ltr'>cito</span> <span class='ocrx_word' id='word_1_373' title='bbox 524 2511 649 2560; x_wconf 78' lang='lat' dir='ltr'>aliqui</span> <span class='ocrx_word' id='word_1_374' title='bbox 681 2526 726 2549; x_wconf 68' lang='lat' dir='ltr'>eas</span> <span class='ocrx_word' id='word_1_375' title='bbox 758 2511 948 2549; x_wconf 73' lang='lat' dir='ltr'>nobismet</span> <span class='ocrx_word' id='word_1_376' title='bbox 978 2526 1098 2561; x_wconf 85' lang='lat' dir='ltr'>super</span> <span class='ocrx_word' id='word_1_377' title='bbox 1127 2510 1397 2561; x_wconf 76' lang='lat' dir='ltr'>prosecutione</span> <span class='ocrx_word' id='word_1_378' title='bbox 1429 2509 1574 2559; x_wconf 81' lang='lat' dir='ltr'>negotii</span> <span class='ocrx_word' id='word_1_379' title='bbox 1605 2507 1847 2559; x_wconf 87' lang='lat' dir='ltr'>principalis</span> <span class='ocrx_word' id='word_1_380' title='bbox 1875 2505 1996 2544; x_wconf 85' lang='lat' dir='ltr'>nostri</span> 
     </span>
     <span class='ocr_line' id='line_1_40' title="bbox 290 2566 1996 2620; baseline -0.001 -15"><span class='ocrx_word' id='word_1_381' title='bbox 290 2577 399 2617; x_wconf 86' lang='lat' dir='ltr'>parte</span> <span class='ocrx_word' id='word_1_382' title='bbox 429 2570 606 2608; x_wconf 85' lang='lat' dir='ltr'>accedent</span> <span class='ocrx_word' id='word_1_383' title='bbox 636 2571 687 2608; x_wconf 89' lang='lat' dir='ltr'>ad</span> <span class='ocrx_word' id='word_1_384' title='bbox 718 2570 1035 2620; x_wconf 79' lang='lat' dir='ltr'>magnitudinem</span> <span class='ocrx_word' id='word_1_385' title='bbox 1065 2571 1251 2608; x_wconf 88' lang='lat' dir='ltr'>eamdem.</span> <span class='ocrx_word' id='word_1_386' title='bbox 1288 2570 1399 2607; x_wconf 88' lang='lat' dir='ltr'>Inter</span> <span class='ocrx_word' id='word_1_387' title='bbox 1430 2584 1496 2607; x_wconf 91' lang='lat' dir='ltr'>eos</span> <span class='ocrx_word' id='word_1_388' title='bbox 1528 2583 1625 2607; x_wconf 91' lang='lat' dir='ltr'>vero</span> <span class='ocrx_word' id='word_1_389' title='bbox 1657 2568 1726 2618; x_wconf 86' lang='lat' dir='ltr'>qui</span> <span class='ocrx_word' id='word_1_390' title='bbox 1757 2566 1869 2605; x_wconf 90' lang='lat' dir='ltr'>missi</span> <span class='ocrx_word' id='word_1_391' title='bbox 1900 2574 1996 2605; x_wconf 88' lang='lat' dir='ltr'>sunt</span> 
     </span>
     <span class='ocr_line' id='line_1_41' title="bbox 292 2626 1997 2676; baseline -0.001 -12"><span class='ocrx_word' id='word_1_392' title='bbox 292 2627 445 2676; x_wconf 88' lang='lat' dir='ltr'>primus</span> <span class='ocrx_word' id='word_1_393' title='bbox 485 2629 564 2667; x_wconf 86' lang='lat' dir='ltr'>fuit</span> <span class='ocrx_word' id='word_1_394' title='bbox 602 2630 734 2668; x_wconf 90' lang='lat' dir='ltr'>Guido</span> <span class='ocrx_word' id='word_1_395' title='bbox 764 2630 989 2669; x_wconf 61' lang='lat' dir='ltr'>“cardinalis</span> <span class='ocrx_word' id='word_1_396' title='bbox 1029 2628 1311 2676; x_wconf 80' lang='lat' dir='ltr'>pictaviensis,</span> <span class='ocrx_word' id='word_1_397' title='bbox 1350 2637 1396 2666; x_wconf 92' lang='lat' dir='ltr'>ut</span> <span class='ocrx_word' id='word_1_398' title='bbox 1437 2628 1560 2666; x_wconf 84' lang='lat' dir='ltr'>fidem</span> <span class='ocrx_word' id='word_1_399' title='bbox 1597 2627 1696 2666; x_wconf 86' lang='lat' dir='ltr'>facit</span> <span class='ocrx_word' id='word_1_400' title='bbox 1734 2626 1997 2665; x_wconf 85' lang='lat' dir='ltr'>continuator</span> 
     </span>
     <span class='ocr_line' id='line_1_42' title="bbox 294 2685 1997 2737; baseline -0.001 -14"><span class='ocrx_word' id='word_1_401' title='bbox 294 2687 441 2737; x_wconf 74' lang='lat' dir='ltr'>Nangii</span> <span class='ocrx_word' id='word_1_402' title='bbox 475 2688 515 2725; x_wconf 86' lang='lat' dir='ltr'>in</span> <span class='ocrx_word' id='word_1_403' title='bbox 549 2689 684 2728; x_wconf 89' lang='lat' dir='ltr'>codice</span> <span class='ocrx_word' id='word_1_404' title='bbox 719 2688 797 2727; x_wconf 80' lang='grc'>606</span> <span class='ocrx_word' id='word_1_405' title='bbox 827 2689 1100 2728; x_wconf 86' lang='lat' dir='ltr'>bibliothecae</span> <span class='ocrx_word' id='word_1_406' title='bbox 1134 2686 1422 2727; x_wconf 85' lang='lat' dir='ltr'>Colbertinae3</span> <span class='ocrx_word' id='word_1_407' title='bbox 1456 2704 1462 2725; x_wconf 92' lang='lat'><strong>:</strong></span> <span class='ocrx_word' id='word_1_408' title='bbox 1497 2687 1560 2725; x_wconf 71' lang='lat' dir='ltr'>Ex</span> <span class='ocrx_word' id='word_1_409' title='bbox 1597 2700 1706 2724; x_wconf 87' lang='lat' dir='ltr'>sacro</span> <span class='ocrx_word' id='word_1_410' title='bbox 1748 2685 1997 2723; x_wconf 81' lang='lat' dir='ltr'>dominorum</span> 
     </span>
     <span class='ocr_line' id='line_1_43' title="bbox 294 2744 1998 2798; baseline -0.001 -16"><span class='ocrx_word' id='word_1_411' title='bbox 294 2747 559 2785; x_wconf 81' lang='lat' dir='ltr'>cardinalium</span> <span class='ocrx_word' id='word_1_412' title='bbox 582 2749 740 2798; x_wconf 79' lang='lat' dir='ltr'>collegio</span> <span class='ocrx_word' id='word_1_413' title='bbox 763 2749 942 2786; x_wconf 87' lang='lat' dir='ltr'>dominos</span> <span class='ocrx_word' id='word_1_414' title='bbox 964 2749 1246 2795; x_wconf 75' lang='lat' dir='ltr'>Pictavensem,</span> <span class='ocrx_word' id='word_1_415' title='bbox 1271 2748 1315 2785; x_wconf 76' lang='lat' dir='ltr'>cle</span> <span class='ocrx_word' id='word_1_416' title='bbox 1340 2748 1504 2796; x_wconf 67' lang='lat' dir='ltr'>Tureyo,</span> <span class='ocrx_word' id='word_1_417' title='bbox 1528 2755 1561 2784; x_wconf 86' lang='lat' dir='ltr'>et</span> <span class='ocrx_word' id='word_1_418' title='bbox 1582 2747 1626 2784; x_wconf 83' lang='lat' dir='ltr'>de</span> <span class='ocrx_word' id='word_1_419' title='bbox 1649 2744 1844 2784; x_wconf 85' lang='lat' dir='ltr'>Salussiis</span> <span class='ocrx_word' id='word_1_420' title='bbox 1866 2751 1998 2781; x_wconf 85' lang='lat' dir='ltr'>contra</span> 
     </span>
     <span class='ocr_line' id='line_1_44' title="bbox 295 2802 1998 2855; baseline -0.001 -14"><span class='ocrx_word' id='word_1_421' title='bbox 295 2805 498 2844; x_wconf 82' lang='lat' dir='ltr'>dominum</span> <span class='ocrx_word' id='word_1_422' title='bbox 531 2807 787 2846; x_wconf 81' lang='lat' dir='ltr'>Benedictum</span> <span class='ocrx_word' id='word_1_423' title='bbox 821 2808 960 2846; x_wconf 83' lang='lat' dir='ltr'>missos</span> <span class='ocrx_word' id='word_1_424' title='bbox 993 2808 1181 2845; x_wconf 80' lang='lat' dir='ltr'>Parisius</span> <span class='ocrx_word' id='word_1_425' title='bbox 1214 2807 1317 2845; x_wconf 83' lang='lat' dir='ltr'>circa</span> <span class='ocrx_word' id='word_1_426' title='bbox 1350 2806 1495 2852; x_wconf 73' lang='lat' dir='ltr'>mensis</span> <span class='ocrx_word' id='word_1_427' title='bbox 1526 2804 1709 2855; x_wconf 80' lang='lat' dir='ltr'>januarii</span> <span class='ocrx_word' id='word_1_428' title='bbox 1744 2804 1862 2853; x_wconf 77' lang='lat' dir='ltr'>finem</span> <span class='ocrx_word' id='word_1_429' title='bbox 1895 2802 1998 2852; x_wconf 84' lang='lat' dir='ltr'>regis</span> 
     </span>
    </p>
   </div>
   <div class='ocr_carea' id='block_1_3' title="bbox 295 2950 1996 3151">
    <p class='ocr_par' dir='ltr' id='par_1_6' title="bbox 344 2950 828 2995">
     <span class='ocr_line' id='line_1_45' title="bbox 344 2950 828 2995; baseline 0.006 -14"><span class='ocrx_word' id='word_1_430' title='bbox 344 2950 375 2982; x_wconf 36' lang='lat'>«1.</span> <span class='ocrx_word' id='word_1_431' title='bbox 398 2950 548 2990; x_wconf 86' lang='lat' dir='ltr'>Baluze,</span> <span class='ocrx_word' id='word_1_432' title='bbox 570 2957 595 2984; x_wconf 83' lang='lat' dir='ltr'>t.</span> <span class='ocrx_word' id='word_1_433' title='bbox 617 2963 667 2991; x_wconf 83' lang='lat' dir='ltr'>1v‚</span> <span class='ocrx_word' id='word_1_434' title='bbox 689 2963 724 2995; x_wconf 92' lang='lat' dir='ltr'>p.</span> <span class='ocrx_word' id='word_1_435' title='bbox 747 2952 828 2985; x_wconf 72' lang='lat'>408.</span> 
     </span>
    </p>

    <p class='ocr_par' dir='ltr' id='par_1_7' title="bbox 295 2998 1996 3100">
     <span class='ocr_line' id='line_1_46' title="bbox 344 2998 1996 3047; baseline -0.002 -13"><span class='ocrx_word' id='word_1_436' title='bbox 344 3003 374 3034; x_wconf 84' lang='lat'>2.</span> <span class='ocrx_word' id='word_1_437' title='bbox 404 3003 504 3036; x_wconf 80' lang='lat' dir='ltr'>C’est</span> <span class='ocrx_word' id='word_1_438' title='bbox 537 3016 576 3037; x_wconf 84' lang='lat' dir='ltr'>ce</span> <span class='ocrx_word' id='word_1_439' title='bbox 611 3016 683 3047; x_wconf 83' lang='lat' dir='ltr'>que</span> <span class='ocrx_word' id='word_1_440' title='bbox 717 3004 966 3037; x_wconf 82' lang='lat' dir='ltr'>soutiennent</span> <span class='ocrx_word' id='word_1_441' title='bbox 991 3015 1036 3037; x_wconf 88' lang='lat' dir='ltr'>en</span> <span class='ocrx_word' id='word_1_442' title='bbox 1062 3003 1152 3036; x_wconf 78' lang='lat' dir='ltr'>effet</span> <span class='ocrx_word' id='word_1_443' title='bbox 1177 3003 1228 3036; x_wconf 91' lang='lat' dir='ltr'>les</span> <span class='ocrx_word' id='word_1_444' title='bbox 1254 3002 1444 3046; x_wconf 84' lang='lat' dir='ltr'>partisans</span> <span class='ocrx_word' id='word_1_445' title='bbox 1472 3002 1515 3034; x_wconf 85' lang='lat' dir='ltr'>de</span> <span class='ocrx_word' id='word_1_446' title='bbox 1538 3001 1676 3033; x_wconf 76' lang='lat' dir='ltr'>Benoit</span> <span class='ocrx_word' id='word_1_447' title='bbox 1702 2999 1802 3032; x_wconf 94' lang='lat' dir='ltr'>XIII</span> <span class='ocrx_word' id='word_1_448' title='bbox 1834 2998 1996 3042; x_wconf 71' lang='lat' dir='ltr'>(Archiv,</span> 
     </span>
     <span class='ocr_line' id='line_1_47' title="bbox 295 3055 1425 3100; baseline 0.001 -14"><span class='ocrx_word' id='word_1_449' title='bbox 295 3060 319 3087; x_wconf 83' lang='lat' dir='ltr'>t.</span> <span class='ocrx_word' id='word_1_450' title='bbox 346 3067 380 3094; x_wconf 69' lang='lat' dir='ltr'>v,</span> <span class='ocrx_word' id='word_1_451' title='bbox 404 3068 437 3098; x_wconf 88' lang='lat' dir='ltr'>p.</span> <span class='ocrx_word' id='word_1_452' title='bbox 463 3057 544 3097; x_wconf 70' lang='lat'>424,</span> <span class='ocrx_word' id='word_1_453' title='bbox 568 3063 606 3090; x_wconf 85' lang='lat' dir='ltr'>et</span> <span class='ocrx_word' id='word_1_454' title='bbox 630 3058 667 3091; x_wconf 89' lang='lat' dir='ltr'>F.</span> <span class='ocrx_word' id='word_1_455' title='bbox 695 3058 819 3098; x_wconf 87' lang='lat' dir='ltr'>Ehrle,</span> <span class='ocrx_word' id='word_1_456' title='bbox 844 3058 992 3091; x_wconf 75' lang='lat' dir='ltr'>Marttn</span> <span class='ocrx_word' id='word_1_457' title='bbox 1014 3058 1054 3090; x_wconf 81' lang='lat' dir='ltr'>de</span> <span class='ocrx_word' id='word_1_458' title='bbox 1074 3056 1270 3100; x_wconf 83' lang='lat' dir='ltr'>Alpartils,</span> <span class='ocrx_word' id='word_1_459' title='bbox 1294 3067 1328 3099; x_wconf 91' lang='lat' dir='ltr'>p.</span> <span class='ocrx_word' id='word_1_460' title='bbox 1353 3055 1425 3098; x_wconf 79' lang='lat'>42).</span> 
     </span>
    </p>

    <p class='ocr_par' dir='ltr' id='par_1_8' title="bbox 342 3109 1104 3151">
     <span class='ocr_line' id='line_1_48' title="bbox 342 3109 1104 3151; baseline 0.003 -10"><span class='ocrx_word' id='word_1_461' title='bbox 342 3110 373 3141; x_wconf 84' lang='lat'>3.</span> <span class='ocrx_word' id='word_1_462' title='bbox 399 3109 437 3141; x_wconf 77' lang='grc' dir='ltr'>Β.</span> <span class='ocrx_word' id='word_1_463' title='bbox 465 3109 521 3149; x_wconf 86' lang='grc' dir='ltr'>Ν.,</span> <span class='ocrx_word' id='word_1_464' title='bbox 546 3122 612 3143; x_wconf 88' lang='lat' dir='ltr'>ms.</span> <span class='ocrx_word' id='word_1_465' title='bbox 636 3110 733 3143; x_wconf 87' lang='lat' dir='ltr'>latin</span> <span class='ocrx_word' id='word_1_466' title='bbox 755 3111 860 3151; x_wconf 79' lang='lat'>5958,</span> <span class='ocrx_word' id='word_1_467' title='bbox 884 3111 945 3144; x_wconf 81' lang='lat' dir='ltr'>fol.</span> <span class='ocrx_word' id='word_1_468' title='bbox 970 3111 1038 3144; x_wconf 79' lang='lat'>167</span> <span class='ocrx_word' id='word_1_469' title='bbox 1061 3114 1104 3143; x_wconf 91' lang='lat' dir='ltr'>r0.</span> 
     </span>
    </p>
   </div>
  </div>
 </body>
</html>
