2083 3458
288 240 366 282 752
937 250 1087 274 NOTAE
1123 250 1183 274 AD
1218 250 1345 275 VITAs
1842 236 1992 293 [1469]

285 347 424 377 ceteros
448 338 540 387 plus
565 335 689 373 tristis
713 342 795 372 erat
818 332 1038 371 cardinalis
1063 332 1396 370 Mediolanensis.
1426 333 1589 381 Tamen,
1613 335 1769 384 quando
1793 334 1994 384 equitavit,

285 399 376 448 ipsa
395 397 456 435 die
474 394 757 441 coronationis,
777 393 877 431 vidit
894 392 996 442 quod
1022 391 1243 429 cardinalis
1263 393 1306 430 de
1331 392 1494 430 Ursinis
1513 393 1628 443 quasi
1647 408 1736 431 cum
1763 394 1873 432 vultu
1890 394 1994 444 μίαν-ι’

284 458 436 496 dicebat
453 455 670 505 aliquando
689 453 838 503 populo
860 468 867 490 z
890 452 1067 490 Clamate
1089 467 1096 489 z
1124 451 1240 489 Vivat
1258 467 1381 502 papa.
1406 452 1459 489 At
1477 452 1510 490 si
1537 452 1616 491 ista
1637 461 1847 503 postrema
1867 454 1994 492 verba

285 523 578 567 comparentur
597 527 690 552 cum
708 512 828 551 rebus
850 511 972 561 gestis
992 519 1033 550 et
1052 510 1172 549 dictis
1192 525 1214 548 a
1234 511 1440 550 cardinale
1463 512 1627 560 Ursino,
1645 512 1765 563 plane
1786 513 1995 552 constabit

285 577 353 614 illa
377 590 459 614 non
483 573 605 612 fuisse
629 572 749 620 seria,
772 580 814 610 et
836 570 1006 609 irrisisse
1029 584 1124 609 eum
1150 570 1358 609 Romanos
1383 586 1454 621 per
1476 572 1585 609 hunc
1607 572 1760 622 jocum.

339 636 382 674 P.
409 634 500 682 448,
526 633 593 683 lig.
620 632 683 670 24.
711 632 987 670 CORONATUS.
1011 630 1089 668 Die
1114 630 1316 668 dominica
1339 630 1504 668 XVIII
1527 632 1687 682 aprilis,
1714 646 1785 681 que
1807 631 1888 681 suit
1911 632 1995 670 dies

282 703 414 734 sancte
430 693 588 745 pasche,
607 691 806 742 predictus
823 705 933 741 papa
958 689 1147 728 Urbanus
1170 690 1231 728 VI
1247 690 1454 728 celebravit
1471 691 1636 729 missam
1655 691 1698 728 in
1715 691 1838 729 altare
1856 692 1994 730 Sancti

284 755 392 797 Petri
412 762 447 792 et
468 753 525 791 ibi
545 752 624 802 fuit
643 758 891 789 consecratus
913 749 956 787 in
976 750 1177 799 presentia
1197 749 1316 788 totius
1335 750 1492 800 populi.
1515 751 1566 788 Et
1584 759 1719 800 postea
1740 751 1865 789 missa
1890 752 1994 789 dicta

281 815 360 865 fuit
384 821 592 852 coronatus
619 811 662 848 in
685 811 794 849 scala
820 809 957 848 Sancti
983 809 1106 857 Petri,
1132 817 1240 847 extra
1264 810 1468 847 ecclesiam
1491 824 1616 860 supra
1642 824 1769 848 unum
1792 811 1993 858 soler-ium,

284 875 385 925 quod
399 873 479 923 suit
497 872 555 910 ibi
571 872 722 921 factum
736 871 781 919 de
797 884 908 917 now,
924 877 958 907 et
973 869 1016 906 in
1030 869 1231 919 presentia
1245 869 1364 907 totius
1378 869 1535 919 populi.
1555 870 1649 907 Istis
1662 870 1781 919 factis
1795 870 1993 920 predictus

285 949 394 985 papa
419 932 574 970 recessit
599 932 643 969 de
669 930 813 969 Sancto
839 930 955 967 Petro
980 943 1070 966 cum
1094 928 1178 965 XV
1202 928 1479 967 cardinalibus
1503 938 1537 967 et
1560 930 1748 979 pluribus
1773 929 1937 980 prelatis
1961 938 1997 968 et

285 994 355 1032 ivit
392 1001 553 1042 captum
589 989 879 1041 possessionem
915 988 980 1026 sui
1018 988 1271 1038 episcopatus
1308 989 1420 1038 apud
1456 989 1648 1027 Sanctum
1689 989 1913 1027 Johannem
1951 990 1995 1027 de

285 1055 493 1096 Leterano;
517 1059 552 1089 et
575 1051 646 1088 illa
669 1049 731 1088 die
754 1048 860 1106 venit
884 1048 930 1085 in·
948 1048 1121 1098 prandio
1146 1048 1189 1085 in
1211 1048 1363 1098 palatio
1385 1062 1457 1086 suo
1477 1049 1593 1098 juxta
1617 1048 1810 1086 Sanctum
1832 1049 1995 1087 Petrum

287 1111 536 1163 (Chronique
554 1110 602 1148 de
616 1108 823 1148 Bertrand
837 1108 1028 1157 Boysset,
1044 1107 1146 1156 dans
1163 1107 1328 1155 ArchiV,
1344 1116 1375 1145 t.
1393 1123 1462 1155 v11,
1479 1122 1517 1158 p.
1534 1108 1642 1157 333).

339 1173 382 1210 P.
414 1171 506 1217 448,
534 1170 601 1220 lig.
633 1169 697 1208 33.
731 1169 982 1214 EQUITAVIT.
1015 1167 1112 1205 Voir
1141 1167 1387 1205 l’Itine'raire
1417 1167 1620 1205 d⁷Urbain
1651 1168 1723 1215 VI,
1753 1168 1893 1218 publie
1922 1182 1996 1218 par

287 1234 329 1270 P.
358 1230 597 1270 Rothbarth
622 1229 784 1279 (Urban
812 1228 872 1265 VI
896 1228 978 1265 und
1001 1226 1168 1277 Neapel,
1192 1226 1343 1274 Berlin,
1370 1227 1485 1274 1918,
1509 1241 1549 1277 p.
1574 1227 1655 1275 90).

339 1293 382 1330 Ρ.
412 1290 504 1337 448,
533 1289 600 1339 lig.
631 1288 694 1327 33.
726 1288 826 1326 SINE
859 1301 997 1325 CRUCE
1037 1301 1339 1325 PRECEDENTE.
1373 1287 1532 1337 Quippe
1572 1287 1701 1325 veteri
1739 1301 1850 1327 more
1891 1287 1995 1325 solet

287 1350 483 1390 Romanis
515 1347 783 1400 pontificibus
815 1347 893 1384 iter
924 1346 1141 1396 agentibus
1174 1346 1370 1384 anteferri
1400 1346 1563 1396 signum
1595 1346 1722 1384 cruris
1750 1346 1994 1385 dominicae.

286 1411 375 1459 Qua
396 1411 445 1448 de
467 1425 507 1447 re
530 1408 778 1460 peculiarem
799 1415 1031 1445 tractatum
1052 1405 1182 1443 edidit
1203 1406 1357 1445 Romae
1380 1420 1489 1444 anno
1512 1406 1716 1444 MDXCII
1738 1406 1994 1455 Augustinus

286 1469 535 1516 Fivizanius,
563 1466 779 1518 apostolici
804 1475 897 1505 tum
923 1464 1069 1516 palatii
1096 1465 1279 1503 sacrista.

339 1531 383 1568 P.
410 1529 501 1575 448,
528 1527 594 1578 lig.
623 1527 686 1565 34.
715 1526 815 1565 SINE
846 1540 1040 1564 CORPORE
1070 1525 1253 1563 CHRISTI.
1282 1524 1322 1563 Si
1349 1525 1527 1574 Angelus
1559 1525 1707 1572 Rocca,
1736 1524 1807 1574 qui
1839 1525 1994 1564 Romae

282 1604 393 1628 anno
419 1586 645 1626 MDXCIX
670 1585 800 1625 edidit
824 1593 1057 1624 tractatum
1079 1585 1138 1621 De
1162 1598 1320 1634 corpore
1345 1584 1495 1622 Christi
1520 1585 1775 1634 praeferendo
1799 1584 1996 1622 Romanis

283 1648 546 1699 pontificibus
565 1647 634 1685 iter
650 1645 875 1695 agentibus,
894 1644 1066 1682 vidisset
1082 1645 1191 1682 hunc
1208 1645 1359 1691 locum,
1377 1658 1575 1693 magnum
1591 1644 1685 1682 inde
1703 1644 1996 1693 adjumentum

282 1708 497 1747 habuisset
513 1707 565 1744 ad
580 1705 873 1744 stabiliendam
890 1703 1189 1753 antiquitatem
1206 1703 1311 1740 illius
1328 1703 1445 1741 ritus.
1464 1704 1518 1740 Et
1533 1703 1597 1741 ille
1614 1703 1782 1753 quidem
1797 1711 1940 1742 tamen
1953 1703 1992 1741 id

282 1768 434 1819 probat
459 1766 648 1816 exemplo
665 1764 849 1814 Gregorii
876 1764 937 1801 XI
962 1762 1261 1813 proficiscentis
1288 1762 1533 1812 Anagniam,
1557 1762 1703 1801 deinde
1730 1777 1827 1801 vero
1853 1762 1994 1800 multis

281 1826 481 1877 exemplis
512 1840 653 1864 eorum
675 1824 923 1874 pontificum
946 1822 1016 1872 qui
1037 1831 1131 1873 post
1152 1822 1394 1871 Gregorium
1417 1822 1510 1860 Sedi
1532 1822 1783 1872 apostolicae
1809 1823 1995 1872 praefue-

282 1895 394 1925 runt.
421 1886 500 1924 Sed
524 1884 693 1934 insignis
720 1892 782 1921 est
807 1883 993 1933 profecto
1019 1882 1130 1920 locus
1160 1881 1316 1919 Paridis
1345 1882 1392 1919 de
1420 1881 1577 1920 Grassis
1609 1881 1795 1931 magistri
1818 1896 1994 1920 ceremo-

285 1947 446 1984 niarum
471 1944 576 1983 sacri
602 1942 747 1994 palatii
776 1959 783 1981 :
810 1942 879 1992 qui
905 1943 1076 1991 loquens
1104 1942 1151 1979 de
1178 1941 1322 1979 itinere
1352 1941 1589 1979 Florentino
1624 1941 1769 1979 Leonis
1798 1941 1836 1978 X
1863 1941 1994 1991 deque

281 2006 370 2055 ejus
398 2005 533 2043 reditu
558 2004 599 2041 in
624 2003 769 2042 urbem
787 2003 965 2041 Romam
988 2015 1097 2039 anno
1124 2001 1324 2047 MDXVI,
1350 2001 1409 2038 ait
1434 2000 1549 2038 illum
1575 2000 1801 2039 decrevisse
1828 2001 1883 2038 ire
1909 1998 1995 2038 sine

283 2064 659 2113 sacrament0,quod
671 2062 850 2112 pontifex
862 2075 1070 2110 nunquam
1083 2061 1233 2098 deberet
1251 2061 1392 2109 facere,
1415 2068 1455 2098 et
1469 2075 1616 2110 corpus
1641 2060 1792 2098 Christi
1818 2059 1995 2110 praemi-

284 2125 382 2163 sisse
408 2125 584 2163 Romam
605 2137 676 2173 per
697 2120 916 2172 duodecim
937 2120 1020 2158 dies
1042 2128 1138 2158 ante
1161 2134 1287 2169 quam
1307 2119 1392 2169 ipse
1414 2119 1454 2156 in
1476 2134 1566 2159 eam
1587 2119 1816 2157 adveniret.

341 2185 382 2222 P.
408 2183 499 2229 449,
522 2183 588 2232 lig.
615 2181 676 2219 16.
702 2181 865 2219 COMITE
892 2180 1161 2225 FUNDORUM,
1188 2179 1403 2217 Honorato
1429 2179 1625 2227 Gaytani,
1648 2187 1805 2217 rectore
1831 2178 1994 2228 provin-

287 2244 443 2283 ciarum
465 2240 716 2291 Campaniae
739 2248 779 2279 et
801 2239 1048 2286 maritimae,
1071 2239 1133 2276 uti
1155 2247 1330 2277 vocatur
1354 2238 1395 2276 in
1417 2238 1543 2276 literis
1571 2238 1786 2287 encyclicis
1809 2238 1994 2276 cardina-

289 2304 389 2342 lium
418 2301 628 2351 Anagniae
656 2299 927 2339 existentium
954 2299 1065 2349 apud
1095 2298 1319 2337 Odoricum
1341 2298 1620 2346 Raynaldum,
1643 2312 1709 2335 an.
1740 2297 1856 2344 1378,
1887 2297 1903 2345 ἓ
1931 2297 1995 2344 50,

281 2371 328 2401 :et
352 2363 393 2400 in
418 2371 533 2400 tomo
560 2368 709 2410 quarto
735 2358 940 2396 Historiae
972 2358 1256 2395 Universitatis
1280 2357 1430 2404 Paris,
1456 2372 1495 2407 p.
1522 2357 1611 2395 477.
1641 2357 1761 2394 Hunc
1786 2356 1996 2396 hominem

289 2429 619 2473 praepotentem,
650 2419 720 2469 qui
749 2419 797 2456 de
828 2432 971 2467 genere
1000 2417 1203 2455 Bonifacii
1233 2417 1337 2454 VIII
1368 2424 1480 2454 ortus
1511 2424 1613 2463 erat,
1645 2416 1836 2454 Urbanus
1867 2415 1924 2453 VI
1954 2416 1996 2453 in

286 2481 384 2531 ipsis
411 2481 473 2518 sui
494 2479 765 2530 pontificatus
792 2477 919 2515 initiis
946 2491 968 2514 a
996 2492 1036 2515 se
1064 2476 1318 2515 abalienavit
1340 2491 1411 2526 per
1429 2476 1600 2515 nimiam
1625 2474 1992 2525 intemperantiam

288 2549 327 2579 et
349 2540 584 2590 cupidinem
605 2536 860 2575 dominandi.
884 2536 1043 2587 Quippe
1064 2536 1116 2573 ab
1137 2551 1183 2573 eo
1204 2535 1379 2573 abstulit
1394 2534 1798 2573 administrationem
1820 2535 1992 2584 Campa-

289 2600 391 2645 niae,
418 2613 591 2648 eamque
618 2596 834 2635 transtulit
859 2596 911 2633 ad
937 2595 1150 2635 inimicum
1176 2594 1262 2644 ejus
1290 2594 1511 2644 capitalem
1537 2595 1738 2633 Thomam
1765 2594 1813 2631 de
1841 2593 1992 2631 Sancto

288 2659 493 2697 Severino.
524 2658 629 2695 Hinc
655 2670 797 2705 graves
820 2655 1058 2693 inimicitiae
1078 2654 1185 2693 inter
1207 2668 1301 2692 eum
1325 2662 1365 2692 et
1391 2654 1624 2707 Urbanum;
1652 2667 1827 2702 quarum
1851 2660 1991 2690 aucto—

288 2732 370 2755 rem
389 2718 508 2755 [uisse
526 2716 741 2755 Urbanum
755 2715 854 2753 satis
870 2714 1105 2761 constabat,
1119 2714 1161 2751 in
1176 2713 1316 2763 primis
1330 2721 1500 2763 propter
1514 2712 1808 2762 contumeliam
1822 2712 1992 2760 adjunc-

287 2785 373 2813 tam
399 2775 632 2824 dejectioni.
661 2775 777 2812 Hanc
800 2774 1014 2812 historiam
1039 2780 1204 2811 enarrat
1227 2773 1266 2809 in
1290 2786 1361 2810 sua
1386 2771 1641 2822 depositione
1664 2772 1787 2809 homo
1809 2770 1992 2821 partium

294 2835 445 2872 lsrbani
476 2836 653 2872 Thomas
685 2834 732 2871 de
767 2834 937 2879 Acervo,
968 2832 1182 2883 episcopus
1215 2831 1452 2878 Lucerinus,
1484 2830 1544 2868 his
1575 2830 1709 2868 verbis
1729 2830 1743 2852 1
1776 2846 1782 2867 :
1819 2830 1865 2867 Et
1898 2830 1992 2880 quia

290 2895 474 2937 Anagnia
504 2902 584 2930 erat
614 2907 737 2930 comes
762 2893 1011 2938 Fundorum,
1032 2891 1098 2941 qui
1121 2891 1281 2929 dedebat
1306 2891 1444 2928 habere
1461 2905 1485 2927 a
1507 2890 1666 2927 domino
1695 2889 1839 2938 viginti
1862 2888 1992 2926 millia

282 2954 536 3000 florenorum-i,
563 2966 656 3001 quos
683 2960 928 2989 mutuaverat
953 2951 1111 2988 domino
1144 2950 1328 2999 Gregorio
1353 2949 1612 2999 predecessori
1637 2962 1722 2994 suo,
1748 2957 1782 2986 et
1805 2947 1992 2985 dominus

286 3021 410 3048 mossur
434 3012 586 3048 nolebat
606 3011 685 3047 sibi
709 3012 813 3057 dare,
837 3010 931 3059 quia
952 3010 1128 3047 credebat
1148 3023 1187 3045 se
1210 3024 1288 3046 non
1310 3008 1430 3046 teneri
1453 3009 1497 3045 de
1517 3009 1617 3057 jure,
1642 3007 1736 3057 quia
1758 3020 1836 3044 non
1864 3005 1991 3056 appa-

342 3137 366 3166 l.
404 3137 437 3167 Η.
463 3136 515 3173 Nl,
537 3148 599 3168 nis.
619 3136 711 3167 latin
731 3135 858 3173 11745,
877 3135 937 3167 fol.
957 3135 1001 3167 90
1018 3140 1059 3167 r0.
