2083 3458
301 241 383 283 290
950 256 1100 281 NOTAE
1137 254 1196 280 AD
1232 254 1359 279 VITAS
1881 238 2007 295 [788]

301 345 397 380 dum
428 343 534 380 enim
563 342 673 391 typis
703 341 813 379 edita
843 348 950 378 sunt.
983 339 1046 377 Sic
1075 354 1168 389 ergo
1197 339 1256 376 ait
1286 338 1477 377 Nicolaus
1509 354 1516 376 :
1549 339 1600 376 In
1628 339 1772 389 primis
1800 353 1906 377 anno
1931 339 2011 376 Do-

301 402 401 439 mini
431 400 756 448 JJCCCXXIX,
787 399 985 437 dominica
1016 398 1126 436 tertia
1146 398 1200 451 vde
1228 398 1424 445 Adventu,
1456 398 1499 436 in
1527 399 1695 448 quodam
1729 412 1906 436 sermone
1942 398 2009 448 qui

301 460 455 510 incipit,
483 460 652 497 Gaudete
673 459 715 496 in.
730 458 903 496 Domino
921 472 1086 507 semper,
1103 457 1204 495 dimit
1218 471 1230 494 .·
1249 457 1364 494 Beati
1376 456 1389 479 1
1406 457 1449 494 in
1467 457 1600 507 patria
1618 457 1806 496 videbunt
1823 472 2010 507 magnam

300 520 519 566 novitatem,
552 518 698 556 scilicet
725 518 854 555 Deum
886 517 1033 555 trinum
1066 525 1099 554 et
1131 531 1268 555 unum.
1302 516 1353 554 Et
1383 524 1438 554 est
1468 516 1668 555 mirabilis
1700 517 1853 555 novitas
1884 516 2011 555 videre

299 587 371 616 tres
392 592 582 628 personas
604 577 824 615 adinvicem
848 590 926 614 non
948 575 1166 614 distinctas.
1185 576 1293 613 Nam
1308 575 1444 613 Filius
1467 590 1546 613 non
1560 576 1862 626 distinguitura
1876 576 2008 625 Patre,

298 652 417 687 neque
444 636 622 686 Spiritus
649 636 818 674 Sanctus
844 650 866 673 a
893 635 1011 673 Patre
1037 643 1071 673 et
1096 635 1216 683 Filio,
1246 635 1313 685 qui
1338 635 1511 685 procedit
1536 635 1585 673 ab
1611 635 1679 674 eis.
1705 635 1756 673 Et
1781 643 1911 673 tamen
1937 643 2011 673 tres

297 711 458 746 persone
475 704 580 743 sunt,
600 704 633 733 et
651 695 709 733 hii
729 703 801 732 tres
822 709 947 732 linum
964 702 1068 733 sunt.
1090 694 1140 732 Et
1158 694 1223 732 hec
1240 702 1295 732 est
1313 708 1460 744 magna
1478 694 1644 742 novitas,
1665 695 1708 732 de
1727 694 1842 744 cujus
1860 695 2011 733 visione

297 755 522 805 gamlehunt
543 754 653 793 beati.
678 754 790 792 Idem
809 754 876 792 fol.
897 753 972 792 255
990 755 1027 791 r⁰
1044 753 1099 792 sic
1114 753 1374 804 persequitur
1391 753 1515 792 istam
1530 753 1771 792 materiam:
1789 754 1887 792 Item
1904 768 2010 792 anno

293 814 459 852 Domini
493 813 819 860 MCCCXXXI,
848 813 891 850 in
914 813 1010 862 festo
1033 812 1224 850 Omnium
1254 812 1502 861 Sanctorum,
1519 813 1611 863 fecit
1644 828 1771 851 unum
1794 827 2010 851 sermonem

296 874 463 923 publice,
485 873 551 923 qui
573 872 728 922 incipit,
749 872 986 910 Mementote
1004 886 1167 922 operum
1185 881 1344 923 patrum
1363 880 1588 920 vestrorum,
1608 881 1673 911 etc.
1695 872 1748 910 Et
1767 872 1810 910 in
1835 872 2011 923 sequenti

295 933 406 970 tertia
435 932 635 969 dominica
664 932 707 969 de
736 932 918 969 Adventu
947 932 1077 969 eodem
1106 946 1212 969 anno
1239 931 1330 981 fecit
1360 946 1485 969 unum
1509 946 1727 969 sermonem
1749 932 1919 982 publice,
1944 931 2011 982 qui

295 991 450 1041 incipit,
489 990 658 1029 Gaudete
691 990 733 1028 in
760 991 934 1028 Domino
963 1005 1128 1041 semper,
1160 999 1225 1030 etc,
1258 991 1381 1042 Quem
1410 1005 1627 1029 sermonem
1655 990 1747 1040 fecit
1777 991 1821 1029 in
1849 991 2011 1042 scriptis

293 1051 432 1100 redigi,
463 1059 497 1088 et
526 1050 729 1088 mandavit
759 1050 944 1087 omnibus
975 1051 1194 1088 volentibus
1223 1050 1398 1101 accipere
1428 1050 1585 1101 copiam
1615 1050 1714 1088 dari.
1747 1050 1799 1089 Et
1831 1050 1874 1088 in
1903 1065 2009 1088 anno

290 1109 455 1147 Domini
480 1109 822 1147 MCCCXXXII
846 1110 888 1147 in
912 1109 1055 1159 vigilia
1078 1110 1312 1160 Epiphanie
1333 1109 1425 1159 fecit
1447 1110 1574 1147 alium
1596 1124 1813 1147 sermonem
1836 1110 2007 1160 publice,

293 1169 358 1219 qui
383 1169 538 1219 incipit,
564 1169 670 1207 Tolle
691 1183 860 1219 puerum
882 1177 916 1207 et
931 1178 1093 1207 matrem.
1115 1169 1214 1219 ejus,
1238 1177 1304 1208 etc.
1330 1169 1380 1206 In
1399 1169 1543 1219 quibus
1565 1169 1814 1207 sermonibus
1835 1169 2008 1219 publice,

292 1236 326 1266 et
352 1228 605 1278 pertinaciter
629 1237 762 1266 contra
788 1228 904 1277 fidem
932 1229 1163 1266 catholicam
1192 1243 1309 1279 quam
1336 1237 1474 1266 sancta
1493 1229 1676 1266 Romana
1704 1237 1802 1266 tenet
1829 1228 2008 1267 Ecclesia

292 1287 397 1336 dicit,
431 1286 570 1325 asserit
600 1296 634 1325 et
665 1287 902 1337 dogmatizat
934 1287 976 1325 in
1008 1288 1073 1326 hec
1105 1288 1220 1325 verba
1253 1304 1260 1325 :
1295 1288 1448 1326 Merces
1479 1296 1705 1326 sanctor-um
1736 1296 1825 1325 ante
1856 1287 2007 1326 Christi

293 1347 501 1384 adventum
518 1355 599 1384 erat
615 1347 731 1384 sinus
756 1347 928 1386 Abrahe.
949 1348 1045 1385 Post
1069 1348 1280 1385 adventum
1297 1362 1382 1385 vero
1400 1347 1550 1385 Christi
1570 1355 1604 1385 et
1624 1347 1710 1397 ejus
1727 1347 1956 1397 passionem
1974 1355 2009 1385 et

290 1406 558 1443 ascensionem
577 1406 616 1443 in
643 1407 719 1444 celo
738 1421 879 1444 merces
895 1415 1121 1444 sanctorum
1136 1415 1191 1444 est
1207 1415 1241 1444 et
1256 1407 1329 1444 erit
1343 1421 1463 1457 usque
1482 1407 1534 1444 ad
1550 1407 1653 1444 diem
1668 1406 1815 1457 judicii
1832 1421 1913 1444 esse
1932 1406 2007 1445 sub

289 1466 409 1502 altare
428 1465 517 1512 Dei,
541 1465 634 1515 quia
656 1480 775 1516 usque
797 1467 848 1504 ad
868 1465 972 1503 diem
990 1466 1137 1516 judicii
1160 1481 1239 1504 non
1259 1474 1373 1504 erunt
1395 1466 1438 1503 in
1458 1466 1535 1503 celo
1555 1480 1675 1516 super
1695 1467 1817 1504 altare
1837 1466 1914 1504 Dei
1939 1465 2009 1513 ,sed

289 1524 363 1561 sub
391 1524 522 1572 altari,
554 1525 645 1575 quia
676 1525 809 1562 anime
826 1525 1023 1575 justorum
1054 1540 1173 1576 usque
1201 1526 1253 1563 ad
1274 1526 1377 1563 diem
1403 1525 1550 1575 judicii
1571 1534 1685 1563 erunt
1705 1525 1780 1563 sub
1804 1525 1937 1574 altari,
1965 1525 2007 1563 id

289 1591 354 1630 est,
371 1584 445 1621 sub
461 1584 695 1634 protectione
712 1593 745 1622 et
762 1585 1025 1622 consolatione
1043 1585 1306 1623 humanitatis
1324 1584 1486 1623 Christi.
1506 1585 1582 1623 Sed
1597 1593 1805 1635 postquam
1822 1584 2007 1623 Christus

289 1643 434 1680 venerit
458 1643 510 1680 ad
531 1643 742 1693 judicium,
769 1652 883 1682 erunt
906 1645 980 1682 sub
1006 1646 1139 1693 altare,
1169 1644 1210 1682 id
1233 1653 1299 1692 est,
1321 1659 1441 1694 super
1459 1644 1610 1682 Christi
1632 1644 1891 1692 humanitate,
1911 1644 2005 1695 quia

289 1710 375 1751 post
399 1702 501 1739 diem
523 1702 669 1752 judicii
694 1703 881 1741 videbunt
897 1704 1025 1742 sancti
1042 1702 1076 1742 et
1092 1704 1462 1754 contemplabuntur
1480 1718 1558 1741 non
1571 1704 1699 1741 solum
1718 1703 2006 1742 humanitatem

288 1760 449 1807 Christi,
478 1762 546 1799 sed
571 1762 689 1799 etiam
716 1763 802 1812 ejus
829 1763 1077 1801 divinitatem
1106 1772 1147 1801 ut
1175 1763 1218 1801 in
1244 1778 1284 1801 se
1310 1771 1376 1801 est.
1411 1763 1611 1801 Videbunt
1648 1763 1755 1801 enim
1780 1763 1942 1801 Patrem
1969 1771 2003 1801 et

288 1819 444 1857 Filium
471 1829 505 1858 et
531 1821 730 1871 Spiritum
752 1822 954 1861 Sanctum.
975 1823 1123 1860 Anime
1149 1837 1237 1872 ergo
1254 1831 1480 1861 sanctorum
1506 1831 1596 1861 ante
1617 1823 1721 1860 diem
1739 1822 1888 1872 judicii
1910 1830 2005 1860 sunt

290 1878 363 1916 sub
390 1879 521 1927 altari,
552 1880 593 1918 id
618 1889 683 1929 est,
713 1882 976 1920 consolatione
1003 1890 1037 1920 et
1062 1882 1297 1933 protectione
1324 1882 1586 1920 humanitatis
1608 1881 1758 1920 Christi
1786 1895 1800 1919 .·
1824 1881 1893 1919 sed
1918 1889 2006 1932 post

288 1938 391 1975 diem
410 1938 569 1988 judicii,
595 1939 678 1990 ipse
700 1941 842 1979 levabit
863 1956 925 1979 eos
949 1950 989 1979 ut
1010 1941 1168 1980 videant
1190 1942 1321 1992 ipsam
1343 1941 1603 1980 divinitatem.
1627 1941 1678 1979 Et
1698 1941 1915 1979 secundum
1936 1940 2005 1979 hoc

289 1997 465 2034 dicentur
497 2000 700 2037 ascendere
731 2000 805 2038 sub
837 2002 969 2039 altare.
999 2001 1116 2049 Quod
1149 2009 1290 2039 autem
1318 2001 1510 2039 Nicolaus
1538 2001 1742 2039 Joannem
1773 2000 2003 2039 introducit

287 2056 492 2095 dicentem
511 2058 667 2096 animas
685 2068 922 2097 sanctorum
939 2068 1033 2110 post
1047 2060 1249 2110 judicium
1265 2060 1425 2098 futuras
1441 2075 1525 2099 esse
1540 2060 1615 2098 sub
1629 2060 1764 2108 altare,
1780 2059 2001 2098 emendan-

287 2115 385 2152 dum
411 2116 523 2153 istud
550 2126 624 2165 est,
653 2127 693 2156 et
720 2119 938 2168 legendum
963 2134 1089 2169 supra
1115 2120 1249 2167 altare,
1277 2128 1324 2157 ut
1351 2128 1392 2158 et
1419 2134 1558 2158 sensus
1585 2119 1785 2170 postulat,
1814 2126 1855 2157 et
1882 2119 2002 2157 docet

288 2174 508 2223 Ockamus,
537 2176 605 2226 qui
633 2177 731 2215 haec
759 2178 903 2217 eadem
929 2179 1055 2217 verba
1083 2179 1207 2217 refert
1233 2179 1276 2216 in
1303 2179 1546 2229 compendio
1574 2192 1755 2217 errorum
1783 2178 1968 2228 ejusdem
1987 2177 2001 2200 ²

289 2233 459 2272 ,Ioannis
481 2234 556 2273 hoc
578 2236 700 2273 modo
717 2252 724 2274 t
747 2238 921 2275 Animae
940 2238 1136 2288 justorum
1153 2252 1273 2288 usque
1287 2238 1339 2276 ad
1356 2238 1458 2276 diem
1473 2237 1620 2288 judicii
1641 2246 1754 2275 erunt
1772 2237 1847 2275 sub
1867 2236 1999 2285 altari,

288 2292 328 2329 id
359 2301 424 2335 est.
458 2294 532 2331 sub
564 2296 798 2344 protectione
830 2305 864 2334 et
896 2297 1160 2335 consolatione
1192 2297 1455 2335 humanitatis
1488 2297 1649 2336 Christi.
1686 2296 1763 2335 Sed
1793 2304 2000 2347 postquam

285 2351 467 2390 Christus
489 2354 633 2391 venerit
653 2355 704 2391 ad
722 2355 934 2404 judicium,
957 2365 1071 2394 erunt
1090 2371 1216 2407 supra
1236 2357 1370 2404 altare,
1395 2356 1436 2394 id
1455 2364 1521 2405 est,
1543 2370 1669 2407 supra
1689 2355 1839 2394 Christi
1863 2355 1998 2393 huma—

287 2410 459 2458 nitatem,
480 2412 573 2461 quia
590 2421 677 2463 post
694 2414 796 2452 diem
812 2415 958 2464 judicii
977 2416 1164 2453 videbunt
1179 2415 1306 2453 sancti
1324 2423 1358 2453 et
1375 2415 1756 2466 contemplabuntur,
1776 2429 1856 2452 non
1872 2415 2000 2452 solum

285 2469 433 2507 Christi
465 2471 763 2521 humanitatem,
795 2475 862 2511 sed
892 2474 1011 2512 etiam
1042 2475 1127 2524 ejus
1160 2474 1407 2512 divinitatem
1440 2483 1481 2512 ut
1513 2475 1556 2512 in
1585 2489 1625 2512 se
1656 2483 1722 2523 est,
1756 2482 1832 2513 etc.
1867 2473 1997 2512 Addit

287 2528 476 2566 Nicolaus
495 2529 510 2551 3
533 2531 736 2569 Joannem
758 2532 800 2570 in
821 2547 1005 2572 sermone
1029 2533 1098 2583 qui
1119 2534 1265 2584 incipit
1293 2533 1464 2572 Gaudete
1482 2534 1563 2572 ista
1586 2533 1735 2572 dixisse
1756 2533 1864 2572 inter
1884 2532 1964 2571 alia
1988 2548 1995 2570 :

286 2587 483 2636 sslagnum
509 2591 701 2638 gaudium
722 2599 776 2629 est
798 2592 924 2630 videre
945 2592 1148 2630 Christum
1171 2592 1436 2642 glorificatum
1459 2592 1501 2630 in
1523 2592 1627 2641 celis,
1652 2592 1694 2630 in
1717 2606 1828 2643 quem
1849 2591 1997 2630 deside-

285 2655 373 2683 rant
393 2647 509 2684 etiam.
530 2649 662 2697 angeli
682 2651 915 2701 prospicere.
935 2652 1011 2689 Sed
1026 2652 1131 2690 istud
1149 2666 1228 2689 non
1244 2651 1316 2689 erit
1333 2652 1496 2702 plenum
1515 2666 1634 2702 usque
1654 2652 1706 2689 ad
1719 2651 1823 2689 diem
1834 2649 1995 2701 judicii.

338 2800 362 2831 1.
396 2801 442 2832 Le
470 2813 623 2845 passage
649 2803 791 2838 Beati...
821 2806 1029 2847 gaudebunt
1056 2806 1147 2839 beati
1172 2806 1330 2840 n'existe
1357 2818 1422 2850 pas
1449 2806 1541 2838 dans
1566 2806 1598 2838 16
1624 2812 1729 2838 texte
1753 2805 1914 2849 integral
1941 2806 1991 2838 du

287 2865 431 2884 §crinon
457 2858 632 2889 conserve
658 2857 749 2889 dans
772 2858 803 2889 le
828 2870 894 2892 ms.
921 2859 957 2892 Ii
978 2871 1028 2899 111,
1054 2860 1110 2894 10,
1133 2860 1176 2892 de
1199 2860 1234 2893 la
1254 2859 1513 2902 bibliotheque
1535 2858 1797 2892 universitaire
1821 2859 1865 2892 de
1882 2858 1991 2892 Cam-

287 2905 422 2944 bridfflg
446 2907 506 2940 1¹01.
532 2910 551 2940 3
578 2910 681 2942 v0-10
706 2914 746 2942 v⁰
773 2911 832 2953 (H.
854 2912 908 2951 L.,
928 2918 954 2945 t.
981 2924 1119 2947 xxxiv.
1146 2925 1180 2956 p.
1208 2912 1303 2956 554).
1322 2913 1350 2946 Il
1374 2924 1398 2956 y
1417 2924 1438 2945 a
1461 2912 1534 2945 lieu
1559 2912 1603 2945 de
1627 2918 1821 2956 suspecter
1839 2912 1874 2945 la
1897 2912 1991 2945 rela-

290 2958 364 2989 *ἱοιι
390 2960 431 2988 ιΙεΔ
459 2960 604 2993 Nicolas
627 2963 658 2994 le
681 2962 867 2997 Minoritc.

335 3012 364 3042 (Δ.
397 3012 563 3053 ΗωΙὼιεῐ,
586 3014 834 3057 sslonarchiae,
857 3023 882 3050 1.
903 3030 939 3057 11,
962 3031 995 3061 p.
1018 3019 1098 3051 970.

334 3067 365 3094 22.
393 3064 426 3096 1ῖ.
456 3065 509 3103 N„
533 3078 598 3099 ins.
622 3068 714 3100 latin
736 3069 840 3109 5154,
865 3070 925 3104 fol.
952 3072 1018 3103 255
1042 3076 1090 3104 νο.
