2083 3458
286 204 367 246 666
415 240 419 243 ,
933 222 1084 247 NOTAE
1119 223 1179 264 AD
1214 224 1341 250 V1TAs
1834 207 1987 264 [1144]

336 304 456 342 Anno
498 304 758 343 MCCCLXX
800 304 901 343 obiit
942 305 1181 355 Aymericus
1226 305 1425 355 Hugonis,
1467 306 1680 357 episcopus
1723 306 1988 345 Lodovensis.

285 362 460 401 Vacanti
476 378 571 402 vero
586 363 681 402 huic
698 363 901 403 Ecclesiae
919 365 1150 415 praefectus
1166 373 1228 403 est
1243 365 1295 402 ab
1312 365 1481 403 Urbano
1496 365 1530 404 V
1547 365 1680 404 Guido
1696 366 1744 405 de
1761 365 1822 403 M?
1830 365 1989 413 lesiccO,

286 422 595 461 archidiaconus
631 423 679 462 de
714 423 907 462 Corbaria
941 424 984 461 in
1019 424 1198 463 Ecclesia
1235 424 1504 473 Narbonensi,
1540 425 1683 464 doctor
1706 425 1989 473 decretorum,

286 482 518 532 capellanus
557 490 597 521 et
634 483 850 532 acolythus
887 497 1033 534 papae,
1070 483 1113 521 in
1149 484 1378 522 sacerdotio
1415 484 1680 533 constitutus,
1717 484 1843 523 literis
1881 484 1988 523 datis

284 541 394 592 apud
423 541 846 590 Montemflasconem,
874 558 912 581 v1
937 543 1016 581 kal.
1037 543 1143 593 junii
1169 557 1278 582 anno
1306 552 1454 582 octavo
1479 543 1543 594 [27
1570 544 1653 584 mai
1681 544 1821 594 1370].
1851 544 1914 582 Ab
1943 558 1989 583 ea

284 600 429 639 deinde
451 601 630 640 Ecclesia
649 602 874 641 translatus
895 611 957 641 est
975 602 987 624 ¹
1008 603 1061 640 ad
1081 603 1382 642 pictaviensem
1402 617 1510 642 anno
1529 604 1730 654 sequenti,
1750 612 1798 641 ut
1816 604 1990 641 tradunt

283 660 604 700 Sammarthani.
631 661 691 699 Ea
714 670 964 712 tempestate
991 662 1170 701 Joannes
1196 663 1281 701 dux
1306 663 1582 711 Lancastriae,
1608 663 1678 713 qui
1701 672 1793 703 tum
1817 663 1989 713 Aquita-

283 719 395 759 niam
412 720 499 759 vice
517 720 701 759 Eduardi
721 721 799 769 III,
816 721 918 772 regis
936 721 1175 771 Anglorum,
1193 722 1322 772 patris
1339 722 1415 770 sui,
1432 731 1473 761 et
1490 723 1577 761 vice
1596 722 1780 761 Eduardi
1796 722 1990 773 principis

284 779 453 818 Walliae
479 788 520 818 et
545 780 808 830 Aquitaniae,
835 781 971 819 fratris
997 781 1072 829 sui,
1098 781 1279 832 regebat,
1307 790 1553 832 conquestus
1579 790 1641 822 est
1666 782 1800 820 verbis
1827 795 1990 832 genera-

282 838 387 878 libus
407 839 456 878 de
475 839 605 879 modis
627 840 696 890 qui
714 840 964 879 tenebantur
980 840 1023 878 in
1040 841 1272 892 provisione
1291 841 1583 881 beneficiorum
1610 842 1990 881 ecclesiasticorum.

284 898 348 937 Ad
365 913 469 948 quae
485 900 733 950 respondens
752 900 966 950 Gregorius
985 900 1047 938 XI
1063 915 1171 951 papa
1187 901 1240 939 ad
1256 901 1446 940 eumdem
1464 902 1667 940 ,loannem
1682 901 1740 939 ita
1757 900 1963 951 rescripsit
1982 916 1990 937 :

284 958 453 1006 Rursus,
478 959 538 1008 fili
560 959 894 1009 predilectissime,
919 960 1167 998 admiramur
1190 975 1269 998 non
1291 960 1488 999 modicum
1511 961 1555 998 de
1577 961 1671 998 aliis
1695 969 1765 1011 qu'e
1787 960 2008 1010 aliquibus'

283 1032 330 1056 ex
347 1018 534 1068 predictis
554 1019 698 1056 nostris
715 1019 909 1069 fratribus
929 1019 1075 1058 S.R.E.
1098 1020 1371 1058 cardinalibus
1389 1020 1600 1071 scripsisti,
1622 1020 1796 1058 videlicet
1816 1021 1860 1058 de
1880 1020 1991 1057 modo

285 1092 357 1128 quo
378 1077 565 1127 beneficia
588 1078 699 1116 hodie
716 1079 981 1128 conferuntur,
999 1087 1033 1117 et
1055 1094 1124 1129 per
1140 1080 1272 1130 quales
1289 1080 1435 1128 titulos,
1452 1080 1626 1118 videlicet
1639 1095 1709 1130 per
1726 1079 1989 1125 traditionem,

285 1145 327 1174 ut
353 1145 525 1175 astruere
554 1137 756 1177 nitebaris,
786 1138 970 1176 Libenter
997 1139 1104 1176 enim
1130 1139 1229 1177 scire
1267 1139 1448 1178 vellemus
1476 1154 1593 1190 quam
1631 1139 1674 1177 in
1702 1139 1781 1177 tuis
1809 1138 1992 1189 partibus

283 1197 540 1247 prelationem
568 1197 747 1236 dedimus
777 1199 820 1235 de
849 1213 925 1248 qua
953 1198 1182 1249 reprehendi
1211 1199 1423 1238 valeamus.
1455 1199 1500 1237 Si
1529 1199 1573 1236 de
1601 1199 1831 1249 episcopatu
1858 1198 1990 1236 Picta-

285 1256 393 1294 vensi
428 1257 614 1307 loquaris,
651 1257 845 1295 credimus
881 1258 1015 1308 ipsum
1050 1258 1259 1296 contulisse
1294 1258 1375 1297 viro
1409 1258 1661 1309 probissime,
1696 1258 1913 1308 frequenter
1948 1258 1991 1295 in

284 1316 422 1354 arduis
447 1324 482 1354 et
505 1317 709 1367 presertim
736 1317 779 1355 in
804 1332 963 1355 romane
988 1317 1159 1355 Ecclesie
1193 1318 1360 1368 negotiis
1386 1318 1644 1369 comprobato,
1672 1319 1775 1356 claro
1810 1317 1990 1365 scientia,
2019 1323 2021 1326 '

285 1375 493 1426 multisque
517 1376 728 1415 virtutibus
750 1377 960 1427 predotato,
986 1377 1053 1427 qui
1077 1378 1121 1415 de
1144 1377 1244 1415 dicto
1266 1377 1498 1428 principatu
1521 1392 1567 1416 ac
1589 1377 1708 1415 etiam
1730 1378 1774 1415 de
1797 1385 1898 1415 terra
1921 1391 1992 1427 que

284 1435 428 1473 eisdem
450 1435 616 1485 genitori
636 1444 670 1474 et
690 1450 874 1485 germano
894 1437 973 1474 tuis
993 1451 1038 1474 ac
1058 1436 1131 1474 tibi
1151 1437 1279 1475 obedit
1299 1437 1492 1475 oriundus
1512 1437 1654 1476 existit.

337 1494 457 1533 Anno
485 1495 806 1534 MCCCLXXIV
833 1496 939 1535 idem
969 1510 1077 1546 papa
1105 1496 1320 1547 Gregorius
1349 1496 1500 1536 faciens
1528 1510 1648 1537 suum
1675 1504 1989 1543 testamentum,

283 1554 390 1593 inter
423 1554 517 1604 ejus,
544 1564 780 1594 executores
814 1555 1046 1596 nominavit
1080 1556 1188 1595 hunc
1223 1556 1453 1596 Guidonem
1486 1556 1725 1607 episcopum
1759 1555 1990 1595 Pictavien-

283 1627 388 1660 sem3
413 1614 506 1652 vide
529 1623 560 1652 t.
586 1630 625 1653 VI
650 1615 860 1665 Spicilegii
886 1615 1144 1663 Dacheriani‚
1167 1630 1206 1666 p.
1232 1615 1320 1654 688.

337 1673 457 1711 Anno
485 1674 782 1712 MCCCLXXV
808 1674 914 1713 idem
945 1675 1159 1725 Gregorius
1187 1689 1279 1713 eum
1308 1675 1464 1714 creavit
1489 1675 1778 1726 presbyterum
1805 1674 1990 1714 cardina-

284 1732 364 1771 lem
386 1733 499 1771 tituli
524 1733 697 1772 Sanctae
723 1734 858 1772 Crucis
882 1734 924 1772 in
949 1734 1217 1774 Hierusalem.
1243 1734 1375 1785 Vulgo
1398 1743 1539 1774 autem
1562 1743 1734 1774 vocatus
1759 1734 1838 1772 fuit
1861 1733 1990 1773 cardi-

286 1792 387 1830 nalis
413 1792 694 1831 pictaviensis.
722 1794 924 1844 Josephus
950 1793 1077 1832 Maria
1103 1794 1311 1833 Suaresius
1335 1794 1378 1832 in
1400 1795 1610 1832 Praeneste
1632 1794 1810 1844 antiqua,
1835 1808 1874 1844 p.
1900 1793 1990 1840 244,

286 1859 466 1890 testatur
492 1866 583 1890 eum
612 1852 864 1891 inhabitasse
892 1853 1093 1903 palatium
1121 1853 1229 1891 intra
1260 1854 1359 1892 fines
1386 1853 1604 1904 parochiae
1634 1853 1774 1892 Sancti
1801 1852 1991 1903 Agricoli,

288 1911 397 1960 quod
415 1911 668 1950 Pictavensis
685 1912 901 1951 cardinalis
917 1912 1066 1951 librata
1083 1913 1206 1963 vulgo
1223 1913 1555 1964 nuncupabatur.

339 1970 459 2009 Anno
486 1971 820 2019 MCCCLXXVI,
848 1987 933 2009 xvn
960 1972 1039 2010 kal.
1065 1972 1156 2022 julii
1186 1972 1250 2023 [15
1275 1972 1404 2023 juin],
1426 1972 1640 2023 Gregorius
1667 1972 1703 2011 ei
1728 1971 1992 2011 confirmavit

287 2030 526 2070 canonicam
562 2039 603 2069 et
639 2031 849 2070 custodiae
884 2031 1054 2070 titulum
1090 2032 1132 2069 in
1167 2032 1427 2071 Cracoviensi
1462 2032 1629 2071 basilica
1665 2040 1886 2071 vacantem
1920 2045 1992 2082 per

285 2098 461 2129 mortem
485 2090 643 2129 Nicolai
666 2090 830 2138 Grothi3
855 2090 995 2139 Bzov.,
1019 2105 1084 2130 an.
1110 2091 1225 2139 1376,
1254 2092 1271 2141 ἕ
1294 2091 1357 2131 27.

340 2149 496 2189 Eodem
524 2164 632 2188 anno
661 2150 838 2190 Romam
864 2150 1072 2201 profectus
1101 2159 1162 2190 est
1190 2165 1283 2190 cum
1312 2150 1517 2201 Gregorio.
1550 2151 1635 2190 Illic
1662 2150 1870 2189 habitasse
1898 2163 1992 2188 eum

287 2222 425 2247 versus
454 2223 646 2260 campum
674 2209 954 2248 Neronianum
979 2210 1056 2260 legi
1081 2210 1124 2247 in
1152 2210 1406 2261 depositione
1434 2210 1604 2249 Joannis
1633 2210 1780 2258 sancii,
1808 2208 1993 2249 canonici

288 2267 554 2318 Hispalensis.
1849 2280 1853 2287 ’

338 2327 458 2366 Anno
487 2328 831 2367 MCCCLXXVII
858 2328 1006 2367 habuit
1032 2328 1261 2379 prioratum
1290 2329 1337 2368 de
1366 2329 1584 2377 Veraseno,
1613 2328 1676 2366 uti
1704 2328 1903 2378 scriptum
1930 2335 1992 2366 est

284 2386 327 2424 in
351 2387 487 2426 codice
512 2386 617 2425 4030
640 2388 912 2427 bibliothecae
938 2388 1195 2427 Colbertinae
1213 2387 1228 2410 2
1252 2388 1312 2427 his
1338 2388 1472 2427 verbis
1499 2404 1506 2426 :
1533 2388 1654 2425 Anno
1677 2387 1904 2434 LXXVII,
1931 2386 1992 2424 die

282 2446 384 2495 jovis
420 2447 531 2485 VIII
558 2447 755 2497 januarii,
788 2447 832 2485 in
861 2447 1038 2495 Corneto,
1070 2448 1255 2485 dominus
1285 2462 1394 2485 meus
1423 2447 1641 2486 cardinalis
1670 2446 1917 2485 Pictavensis
1949 2446 1992 2483 in

284 2505 370 2555 ejus
392 2520 545 2544 camera
565 2506 789 2556 paramenti
812 2506 940 2556 vigore
963 2506 1086 2556 gratie
1106 2507 1186 2544 sibi
1207 2507 1306 2556 facte
1327 2506 1541 2557 acceptavit
1560 2507 1781 2557 prioratum
1803 2506 1854 2544 de·
1874 2505 1991 2544 Vera-

282 2579 386 2612 seno,
428 2565 666 2604 Viennensis
699 2566 876 2613 diocesis,
911 2581 936 2604 a
969 2566 1204 2604 monasterio
1239 2566 1338 2604 Case
1369 2566 1458 2614 Dei,
1493 2566 1574 2604 ord.
1609 2566 1736 2603 sancti
1770 2564 2016 2612 Benedicti,'

285 2623 619 2662 Claromontensis
660 2625 837 2673 diocesis,
882 2625 1103 2663 immediate
1144 2626 1432 2675 dependentem,
1476 2634 1675 2663 vacantem
1724 2639 1793 2675 per
1833 2632 1991 2662 mortem

287 2683 417 2721 ultimi
446 2684 593 2734 prioris
624 2684 768 2734 ipsius,
799 2693 833 2722 et
860 2684 974 2735 petiit
1002 2699 1047 2722 ac
1075 2684 1247 2722 obtinuit
1274 2684 1354 2722 sibi
1382 2685 1579 2734 provideri
1610 2684 1653 2722 de
1683 2684 1782 2722 dicto
1810 2683 1991 2734 prioratu

287 2757 354 2792 per
390 2743 595 2781 dominum
630 2744 791 2781 Petrum
836 2744 1048 2794 Prepositi,
1085 2743 1171 2793 ejus
1207 2744 1468 2781 camerarium
1515 2752 1549 2781 et
1584 2752 1832 2790 executorem,
1869 2741 1990 2780 salvis

287 2809 480 2850 protestat.
508 2811 541 2840 et
565 2803 639 2840 sub
664 2802 970 2850 conditionibus,
999 2811 1039 2840 ut
1063 2811 1118 2840 est
1143 2803 1275 2850 moris,
1301 2803 1549 2853 presentibus
1575 2802 1748 2841 dominis
1773 2801 1990 2840 Bertrando

288 2860 331 2897 de
363 2861 505 2899 Sancto
537 2862 814 2911 Christophoro
845 2870 879 2900 et
912 2862 1058 2900 ,Iacobo
1091 2862 1134 2899 de
1168 2863 1386 2912 Jongueyo,
1420 2862 1637 2912 capellanis
1668 2870 1702 2900 et
1732 2859 1990 2899 cubiculariis

287 2919 378 2956 dicti
414 2921 565 2958 domini
601 2921 819 2959 cardinalis
853 2921 1027 2959 testibus.

337 3049 367 3080 1.
400 3049 448 3081 Le
467 3051 485 3083 9
503 3051 595 3083 avril
614 3052 700 3085 1371
728 3052 874 3095 (Eubel,
892 3052 1125 3092 Hierarchia,
1143 3057 1169 3086 t.
1186 3064 1209 3092 1,
1228 3064 1261 3095 p.
1280 3051 1379 3095 399).

336 3101 366 3134 2.
399 3102 437 3135 Β.
465 3103 522 3144 N„
546 3115 613 3137 ms.
638 3105 733 3137 latin
756 3105 860 3145 7742,
882 3104 944 3138 fol.
970 3106 1013 3138 63
1037 3109 1087 3139 v0.
