2083 3458
279 226 362 267 346
930 241 1080 267 NOTAE
1116 242 1175 267 AD
1211 243 1338 269 vrrAs
1860 230 1989 286 [838]¹

281 353 377 376 esse.
402 339 574 376 Constat
596 338 747 388 quippe
770 353 819 376 ex
839 337 1012 388 epistola
1028 338 1043 361 1
1062 338 1195 389 prima
1210 339 1279 378 lib.
1300 338 1408 378 XIII
1424 340 1512 380 Rer.
1530 341 1723 391 familiar.
1741 342 1990 381 petrarchae

281 411 370 435 eam
391 398 607 435 excessisse
628 397 747 435 rebus
768 397 958 436 humanis
978 398 1102 448 paulo
1121 406 1217 448 post
1237 413 1363 448 quam
1383 399 1516 438 Guido
1537 400 1670 439 factus
1691 409 1753 439 est
1772 400 1985 451 episcopus

282 456 531 503 Portuensis,
556 456 597 493 id
622 464 696 503 est,
722 470 830 494 anno
856 456 1041 504 MCCCL‚
1067 471 1148 507 quo
1173 457 1276 496 obiit
1298 458 1530 498 Bernardus
1556 460 1604 498 de
1628 459 1748 498 Albia
1772 460 1989 510 episcopus

282 515 529 554 portuensis.
567 515 734 565 Sepulta
769 523 831 553 est
863 523 1004 555 autem
1037 516 1080 555 in
1112 517 1361 556 monasterio
1396 518 1663 558 Clarissarum
1705 519 1753 558 de
1787 519 1986 558 Moncello

280 590 405 625 prope
438 574 612 612 Pontem
645 574 818 613 Sanctae
852 575 1086 614 Maxentiae
1116 575 1159 614 in
1189 576 1362 615 dioecesi
1383 577 1636 626 Belvaeensi,
1654 578 1697 616 in
1721 593 1801 628 quo
1829 578 1986 629 Marga-

280 634 372 681 rita,
393 633 479 683 ejus
501 633 598 680 filia,
618 633 799 683 professa
820 642 907 672 erat
925 635 1108 685 regulam
1127 643 1294 674 sanctae
1315 636 1466 676 Clarae.
1489 637 1620 675 Extat
1638 637 1746 676 enim
1764 637 1808 676 in
1825 638 1991 686 Reges-to

281 692 499 731 Clementis
532 693 589 730 VI
623 692 795 743 epistola
815 692 829 715 2
861 694 913 731 ad
947 694 1120 733 Mariam
1152 694 1201 733 de
1236 695 1441 744 Flandria,
1495 696 1747 736 comitissam
1777 697 1988 744 Boloniae‚

281 752 378 790 data
406 751 517 802 apud
544 751 850 791 Villamnovam
876 753 1077 792 Avenion.
1107 754 1226 802 dioc.,
1257 769 1283 792 v
1309 769 1403 794 non.
1446 754 1508 806 [3]
1552 756 1723 804 octobr.,
1743 770 1851 794 anno
1878 771 1986 795 nono

282 825 361 861 qua
388 811 421 849 ei
449 810 637 849 concedit
661 819 709 849 ut
734 812 1032 852 monasterium
1058 813 1105 851 de
1133 813 1331 852 Moncello
1358 814 1410 852 ad
1435 815 1688 855 visitandam
1716 815 1843 855 filiam
1869 829 1989 854 suam

281 870 500 909 monialem
529 870 796 920 Margaritam
822 871 979 921 ingredi
1005 880 1046 910 et
1073 872 1115 910 in
1142 887 1188 911 eo
1215 882 1455 923 pernoctare
1482 875 1624 924 possit.
1655 875 1719 912 Ex
1746 889 1827 924 quo
1855 874 1986 925 colligi

280 944 396 979 posse
419 929 628 967 videretur
649 944 740 969 eam
761 938 970 969 mortuam
991 946 1075 970 esse
1097 931 1138 969 in
1153 932 1241 982 ipso
1256 933 1505 971 monasterio
1520 942 1593 971 aut
1609 941 1715 972 certe
1738 933 1780 972 in
1800 934 1889 972 loco
1903 948 1987 972 non

280 989 458 1027 multum
489 996 660 1028 remoto.

335 1047 511 1086 Rediens
528 1048 662 1086 Guido
678 1063 728 1087 ex
747 1049 866 1087 Italia
884 1049 1152 1097 Avenionem,
1167 1051 1291 1101 paulo
1307 1059 1403 1090 ante
1421 1066 1545 1101 quam
1560 1052 1613 1090 ad
1627 1052 1764 1091 lacum
1777 1052 1991 1091 Benacum

279 1107 512 1157 perveniret
537 1108 684 1146 habuit
710 1108 878 1148 obvium
906 1109 1168 1148 Franciscum
1186 1110 1464 1158 Petrarcham‚
1490 1111 1552 1149 uti
1569 1126 1638 1162 pse
1663 1111 1794 1149 tradit
1807 1111 1876 1150 lib.
1905 1111 1986 1149 VII

280 1167 367 1206 Her.
393 1167 523 1214 senil,
547 1167 665 1218 epist.
689 1182 715 1215 1,
740 1168 919 1206 scribens
943 1169 995 1206 ad
1020 1169 1236 1208 Urbanum
1259 1170 1294 1207 V
1316 1184 1469 1220 papam
1494 1186 1501 1208 :
1526 1171 1686 1208 Addam
1708 1178 1838 1208 tamen
1860 1170 1987 1208 aliam

281 1234 422 1273 testem,
448 1226 579 1263 vivum
601 1241 760 1277 qaoque,
784 1234 816 1264 et
836 1227 1116 1277 alienigenam,
1137 1237 1171 1266 et
1190 1229 1450 1279 praeclarum,
1478 1229 1697 1267 Gaidonem
1713 1230 1990 1278 Portaensem;

280 1300 390 1335 quem
410 1285 573 1323 memini
591 1294 624 1323 et
643 1286 727 1336 ipse
744 1287 862 1324 etiam
879 1295 974 1337 pato
992 1287 1225 1336 meminerit,
1244 1303 1351 1326 anno
1365 1288 1541 1338 jubilaeo
1558 1289 1608 1327 ab
1628 1289 1697 1327 illa
1719 1304 1794 1327 sua
1817 1289 1986 1338 gloriosa

281 1344 472 1394 legatione
499 1345 732 1394 redeuntem,
761 1346 855 1384 dum
884 1346 953 1384 iter
979 1360 1097 1384 saum
1124 1347 1264 1385 innata
1293 1347 1392 1385 mihi
1418 1349 1469 1386 ad
1494 1348 1607 1386 illam
1632 1348 1830 1386 devotione
1855 1363 1987 1399 prose-

280 1418 424 1454 querer,
450 1413 483 1442 et
506 1405 557 1442 ad
580 1405 783 1443 Benacum
811 1405 995 1444 Venetiae
1018 1407 1147 1444 laeam
1172 1406 1468 1445 nobilissimam
1491 1407 1745 1455 venissemus,
1771 1415 1847 1447 etc.

334 1463 467 1502 Guido
501 1464 626 1513 igitur
659 1479 710 1503 ex
744 1465 955 1516 subpriore
989 1466 1325 1516 presbyterorum
1360 1467 1629 1506 cardinalium
1666 1468 1728 1517 (ut
1761 1467 1910 1517 legitur
1943 1466 1987 1505 in

280 1522 427 1560 Ordine
455 1523 634 1561 Romano
662 1524 773 1562 edito
801 1524 844 1563 in
870 1532 985 1564 tomo
1015 1526 1193 1563 secundo
1223 1526 1360 1563 Masei
1392 1526 1536 1574 Italici,
1566 1541 1605 1577 p.
1637 1526 1728 1575 436)
1759 1526 1893 1564 faetus
1923 1533 1986 1565 est

280 1582 493 1633 episcopus
522 1583 758 1621 Portuensis
786 1598 893 1622 anno
921 1584 1093 1623 MCCCL
1135 1593 1323 1625 exeunte.
1354 1586 1455 1623 Erat
1481 1593 1622 1625 autem
1648 1594 1740 1625 tum
1768 1585 1985 1633 Avenioni,

281 1655 326 1679 ac
348 1642 748 1693 proptereaaccepit
770 1657 792 1681 a
815 1657 923 1694 papa
947 1644 1154 1683 Clemente
1177 1644 1234 1682 VI
1258 1645 1427 1683 anulum
1449 1644 1641 1692 nobilem,
1664 1640 1712 1683 u't
1735 1645 1855 1684 docet
1875 1644 1985 1683 idem

281 1700 383 1738 Ordo
401 1701 620 1749 Romanus,
640 1717 678 1752 p.
699 1702 787 1741 437.

336 1760 456 1799 Illum
490 1760 613 1799 fuisse
647 1761 806 1801 factum
840 1762 1042 1801 decanum
1075 1763 1267 1801 ecclesiae
1303 1763 1340 1802 S.
1377 1763 1544 1813 Martini
1590 1763 1838 1802 Turonensis
1876 1777 1985 1801 anno

282 1819 514 1868 MCCCLII,
542 1820 605 1859 die
633 1835 704 1858 x111
731 1821 881 1860 mensis
907 1821 1156 1869 novembris,
1182 1822 1313 1872 liquet
1339 1837 1389 1861 ex
1415 1823 1544 1861 veteri
1568 1823 1672 1861 libro
1698 1837 1772 1862 ms.
1801 1822 1985 1872 ejusdem

281 1879 484 1918 ecclesiae.

337 1938 457 1976 Hunc
477 1938 709 1978 Gnidonem
727 1939 960 1989 profectum
979 1955 1064 1978 esse
1084 1940 1165 1978 suis
1186 1941 1372 1991 expensis
1392 1940 1434 1979 in
1454 1941 1630 1980 Galliam
1650 1941 1703 1979 ad
1721 1941 1985 1979 tractandam

280 2010 424 2046 pacem
445 1997 552 2036 inter
573 2012 684 2048 reges
708 1998 903 2037 Franciae
925 2006 966 2037 et
988 1999 1158 2049 Angliae
1179 2000 1328 2050 legitur
1347 2000 1390 2038 in
1412 2000 1561 2050 Quarta
1582 2000 1662 2038 vita
1675 2000 1887 2038 Clementis
1913 1999 1986 2047 VI,

281 2071 319 2106 p.
358 2056 445 2095 296.

335 2116 453 2153 Anno
474 2116 729 2165 MCCCLIII,
749 2117 1005 2156 destinatum
1020 2132 1113 2157 eum
1128 2117 1250 2156 fuisse
1263 2119 1446 2168 legatum
1460 2118 1475 2141 3
1494 2133 1568 2169 pro
1581 2133 1681 2170 pace
1697 2118 1986 2157 constituenda

330 2276 361 2308 ¹1.
379 2276 512 2309 Lettere
535 2277 571 2309 al
593 2277 778 2311 cardinale
798 2278 916 2311 Guido
932 2278 968 2311 di
982 2278 1171 2322 Boulogne
1186 2279 1225 2312 in
1240 2284 1348 2312 morte
1363 2279 1456 2312 della
1469 2279 1601 2319 madre,
1618 2291 1638 2312 a
1654 2290 1743 2312 cura
1758 2278 1794 2311 di
1820 2278 1858 2312 F.
1878 2277 1987 2311 Nico-

282 2328 356 2368 lini,
381 2329 478 2369 Bari,
502 2330 607 2364 1918.

332 2384 362 2415 2.
391 2382 443 2416 La
469 2384 578 2416 lettre
605 2389 661 2417 est
687 2384 795 2418 datee
823 2385 873 2417 du
899 2386 918 2418 3
946 2385 1098 2418 octobre
1125 2385 1219 2419 1350
1244 2397 1312 2429 par
1340 2385 1469 2426 Eubel,
1507 2386 1654 2429 d'apres
1688 2386 1720 2418 le
1755 2384 1909 2429 registre
1936 2385 1986 2417 du

283 2434 442 2468 Vatican
467 2436 611 2478 (Eube1‚
632 2437 675 2471 Β.
698 2438 754 2477 F.‚
777 2444 802 2471 t.
825 2450 874 2478 VI,
896 2450 930 2482 p.
953 2439 1049 2482 242).

331 2490 362 2521 3.
394 2490 577 2523 Innocent
601 2490 654 2524 VI
680 2491 885 2533 annoncait
909 2503 977 2524 son
1003 2492 1137 2535 depart
1162 2503 1209 2525 au
1235 2491 1289 2525 roi
1315 2493 1358 2525 de
1395 2492 1546 2532 France,
1573 2493 1604 2525 le
1641 2492 1684 2526 26
1717 2491 1866 2535 janvier
1892 2491 1985 2524 1353

289 2540 457 2585 (Deprez,
478 2542 653 2577 Innocent
673 2544 740 2584 VJ,
758 2556 793 2578 n.
812 2544 885 2588 45).
906 2544 976 2577 Gui
995 2545 1038 2578 de
1057 2545 1247 2588 Boulogne
1272 2545 1426 2589 negocia
1451 2546 1482 2579 le
1500 2545 1612 2579 traite
1630 2546 1674 2578 de
1692 2544 1839 2578 Mantes
1860 2545 1918 2589 (22
1934 2544 1986 2578 fe-

286 2594 381 2627 vricr
397 2596 502 2639 1354)
523 2597 624 2640 signe
642 2604 745 2630 entre
764 2598 861 2630 Jean
880 2598 916 2631 II
934 2605 971 2631 et
989 2597 1138 2631 Charles
1155 2598 1187 2631 le
1205 2598 1388 2632 Mauvais.
1409 2599 1466 2632 On
1483 2599 1645 2631 l’accusa
1662 2598 1808 2631 d’avoir
1823 2597 1985 2631 favorise

284 2648 440 2688 colui—ci,
462 2650 559 2682 aussi
578 2651 804 2684 encourut—il
823 2652 857 2684 la
877 2651 1042 2695 disgrace
1063 2652 1106 2684 de
1125 2651 1222 2684 Jean
1243 2652 1280 2684 ΙΙ
1299 2658 1337 2685 et
1354 2651 1432 2685 s’en
1450 2650 1708 2685 retourna-t—il
1732 2663 1779 2685 en
1795 2651 1982 2694 Avignon.

285 2701 351 2734 Les
379 2702 539 2735 Grandes
559 2703 783 2747 Chroniques
805 2704 874 2747 (ed.
898 2704 1137 2744 Delachenal,
1159 2711 1185 2737 t.
1214 2717 1237 2745 1,
1268 2717 1302 2749 p.
1334 2705 1391 2748 46)
1423 2710 1648 2749 rapportent
1666 2705 1698 2738 le
1727 2703 1830 2738 bruit
1858 2703 1984 2748 public

284 2766 328 2786 en
349 2767 406 2786 ‹ws
430 2763 563 2788 termes
583 2769 588 2788 z
607 2757 664 2790 Οιι
688 2759 760 2791 moi
785 2758 826 2790 de
848 2758 1044 2802 septembre
1079 2757 1221 2801 [1354],
1247 2769 1284 2791 se
1306 2759 1404 2802 parti
1429 2759 1470 2791 de
1491 2758 1603 2791 Paris
1627 2757 1657 2791 le
1681 2758 1733 2791 dit
1756 2757 1922 2791 cardinal
1946 2757 1987 2790 de

284 2806 497 2851 Bouloigne,
525 2814 554 2841 et
578 2810 651 2842 s'en
678 2811 735 2843 ala
771 2812 790 2843 ἁ
814 2811 1000 2855 Avignon,
1026 2816 1057 2844 et
1080 2811 1189 2844 disoit
1211 2811 1283 2844 l'en
1306 2811 1605 2844 communelment
1627 2810 1719 2854 qu’il
1741 2809 1883 2844 n’estoit
1917 2821 1986 2854 pas

285 2872 328 2893 en
352 2861 384 2892 ln
411 2873 513 2903 grace
537 2863 583 2895 du
611 2863 700 2906 Roy,
718 2863 756 2906 ja
770 2863 845 2906 sust
861 2875 896 2897 ce
915 2876 981 2908 que
995 2876 1064 2908 par
1078 2869 1187 2897 avant
1205 2864 1283 2898 bien
1300 2876 1369 2909 par
1388 2864 1540 2908 l’espace
1560 2864 1650 2897 d’nn
1675 2876 1724 2897 an
1748 2875 1814 2907 que
1838 2863 1865 2897 il
1891 2864 1987 2896 avoit

287 2913 450 2947 demoure'
475 2926 514 2947 en
543 2915 692 2955 France,
729 2917 755 2949 il
782 2923 858 2950 eust
885 2919 934 2950 ele
963 2916 1144 2961 tousjours
1171 2928 1339 2961 avecques
1367 2917 1397 2950 le
1424 2917 1504 2961 Roy
1524 2918 1559 2951 si
1577 2918 1679 2961 prive
1696 2928 1830 2950 comme
1848 2917 1988 2949 homme

286 2968 403 3008 powoit
423 2973 508 2999 estre
528 2969 673 3001 (Patare.

338 3019 363 3051 11
392 3023 565 3062 apparuit
591 3034 661 3063 que
689 3023 780 3055 dans
806 3024 841 3056 la
865 3023 961 3056 suite
986 3024 1017 3057 le
1044 3023 1210 3056 cardinal
1235 3035 1467 3067 encouragea
1492 3023 1523 3056 Ie
1548 3023 1602 3057 roi
1628 3024 1671 3056 de
1699 3023 1866 3057 Navarre
1892 3024 1985 3056 dans

288 3082 341 3104 scs
364 3073 523 3114 perfidos
546 3074 719 3113 desseins,
743 3087 804 3108 car
823 3076 847 3109 11
867 3076 918 3109 lui
938 3076 1081 3110 facilita
1103 3077 1165 3109 des
1186 3076 1389 3110 entretiens
1410 3083 1546 3110 secrcts
1568 3088 1659 3110 avec
1678 3077 1710 3110 le
1732 3077 1803 3109 duc
1825 3077 1868 3109 (16
1889 3075 1987 3108 Lan-

289 3131 406 3156 casw·
429 3126 519 3157 ‹ians-
540 3138 605 3158 son
626 3139 758 3170 propre
780 3129 891 3169 hotel,
913 3141 955 3162 en
977 3129 1152 3173 Avig’non
1175 3129 1230 3173 (G.
1252 3129 1394 3170 Mollat‚
1418 3129 1592 3163 Innocent
1614 3129 1670 3162 VI
1687 3134 1718 3162 et
1736 3129 1784 3162 les
1803 3124 1987 3163 tentatives
