2083 3458
109 228 259 282 [1092]
625 248 840 274 PAPARUM
876 249 1259 275 AVENIONENSIUM
1709 235 1791 277 615

97 326 237 365 Sancti
271 328 462 368 Marcelli.
496 331 609 369 Obiit
644 332 853 372 Avenione
888 347 996 371 anno
1032 333 1352 382 MCCCLXXII,
1389 335 1452 373 die
1487 343 1602 373 sexta
1638 336 1790 374 martii.

149 385 192 424 P.
215 385 305 435 418,
327 388 393 439 lig.
416 389 452 427 4.
477 390 709 430 JOHANNES
734 407 788 429 DE
812 393 962 430 Tuane
988 392 1093 431 filius
1115 393 1334 431 Bertrandi
1360 394 1399 431 II
1422 394 1471 432 de
1494 395 1619 433 Turre
1640 403 1682 433 et
1707 395 1786 433 Isa-

96 444 224 483 bellae
244 445 293 485 de
314 447 445 487 Levis.
468 449 654 488 Mortuus
675 459 737 489 est
758 451 819 488 Av
811 452 968 490 enione
988 465 1096 489 anno
1118 452 1463 500 MCCCLXXIV,
1476 453 1539 491 die
1561 468 1617 491 xv
1633 454 1785 504 aprilis.

97 503 263 542 Erravit
287 506 501 546 Ciaeonius
527 508 706 547 scribens
733 510 848 550 illum
874 510 997 549 fuisse
1022 510 1157 561 patria
1183 511 1460 559 Lemovicem,
1486 526 1608 562 quem
1627 521 1791 551 constat

96 561 329 604 Arvernum
354 565 490 605 fuisse.
520 568 641 606 Error
665 577 811 607 tamen
836 569 1017 608 Ciaconii
1053 570 1099 620 [t.
1127 585 1168 617 11,
1196 571 1270 609 col.
1299 570 1401 621 604]
1424 571 1582 621 placuit
1600 571 1789 610 Oldoino.

149 623 192 664 P.
229 623 314 672 418,
332 625 398 676 lig.
419 626 454 664 6.
476 627 670 665 JACOBUS
692 643 746 665 DE
768 629 954 668 Unsmis.
976 628 1111 667 Pauca
1131 643 1201 667 seu
1216 629 1354 679 potius
1370 630 1481 668 nulla
1500 629 1646 668 nobis
1636 644 1792 669 incum-

94 678 199 722 bunt
225 684 396 723 dicenda
424 685 472 724 de
499 686 575 724 hoc
602 687 807 725 cardinale
833 695 930 725 ante
958 687 1129 727 fatalem
1155 688 1269 726 illum
1295 688 1404 726 diem
1431 703 1512 738 quo
1538 688 1696 739 ingenti
1718 689 1791 728 rei-

94 742 282 792 publicae
301 744 556 783 Christianae
574 746 682 783 malo
701 746 917 796 Gregorius
938 746 999 784 XI
1017 746 1227 785 extinctus
1246 755 1307 785 est
1324 747 1366 785 in
1381 748 1481 786 urbe
1497 748 1790 787 dominationis

95 801 346 842 avidissima.
367 804 445 842 Sed
462 812 606 855 postea
626 818 750 854 quam
771 805 986 855 Gregorius
1006 805 1111 843 abiit
1128 805 1169 843 in
1188 806 1361 853 caelum,
1380 814 1470 844 tum
1489 821 1586 844 vero
1605 807 1725 844 multi
1744 807 1793 845 de

95 861 300 901 cardinale
315 862 383 901 illo
399 877 620 911 sermones,
636 863 745 913 iique
762 864 1155 912 maledicentissimi,
1173 865 1223 902 ob
1237 879 1341 912 eam,
1354 873 1401 903 ut
1417 865 1608 913 arbitror,
1625 879 1793 904 causam

95 920 205 970 quod
225 921 288 959 vir
311 922 438 960 Italus
460 930 501 960 et
522 922 620 961 civis
644 923 869 974 Romanus,
890 924 1202 974 insuperhabita
1226 924 1383 962 Urbani
1405 924 1462 961 VI
1483 924 1680 962 electione
1701 933 1791 962 tan-

95 993 219 1029 quam
249 981 450 1019 violenter
478 989 638 1029 exacta,
668 982 989 1020 ultramontanis
1020 982 1296 1021 cardinalibus
1322 983 1590 1030 adhaesisset,
1617 983 1687 1033 qui
1708 984 1791 1021 Cle-

94 1047 276 1077 mentem
303 1040 383 1079 VII
409 1040 486 1079 rite
512 1048 638 1090 atque
666 1041 805 1079 ordine
832 1042 1084 1079 videbantur
1109 1041 1288 1091 elegisse.
1319 1042 1482 1090 Qua.de
1510 1057 1550 1080 re
1576 1050 1624 1080 ut
1651 1042 1792 1080 ordine

94 1096 292 1147 dicamus,
319 1100 624 1139 observandum
649 1108 710 1138 est
735 1108 831 1138 ante
857 1101 992 1138 omnia
1024 1101 1148 1138 Italos
1174 1100 1335 1150 publice
1362 1115 1522 1138 summa
1548 1101 1674 1141 animi
1700 1115 1792 1139 con-

94 1157 278 1197 tentione
317 1159 602 1198 disseminasse
641 1160 890 1197 cardinalem
931 1159 1126 1198 Ursinum
1164 1173 1312 1210 magna
1353 1159 1605 1210 adipiscendi
1644 1160 1794 1198 summi

94 1214 247 1266 fastigii
270 1218 498 1268 cupiditate
522 1218 733 1256 incensum
757 1227 798 1257 et
821 1219 1130 1257 inflammatum
1153 1219 1284 1256 multa
1309 1218 1396 1256 viro
1419 1219 1602 1269 principe
1624 1219 1792 1268 indigna

93 1282 278 1324 patrasse
307 1291 411 1327 quae
439 1292 510 1315 nos
539 1286 682 1328 postea
711 1278 946 1325 referemus,
975 1286 1022 1316 ut
1049 1292 1096 1316 eo
1123 1285 1247 1328 pacto
1276 1278 1542 1315 ostenderent
1569 1278 1682 1315 illum
1711 1291 1791 1315 non

94 1346 231 1374 amore
258 1336 446 1375 veritatis
473 1344 772 1386 transgressum
801 1351 886 1375 esse
914 1337 955 1374 in
982 1345 1134 1387 partes,
1163 1336 1231 1374 sed
1260 1336 1386 1374 falsae
1414 1345 1455 1374 et
1482 1336 1614 1374 inanis
1643 1336 1792 1387 gloriae

93 1392 269 1433 stimulis
297 1395 531 1434 incitatum.

151 1454 355 1505 Principio
375 1454 643 1494 statuendum
665 1463 725 1494 est
747 1455 954 1505 objectam
976 1455 1144 1493 Urbano
1166 1454 1287 1492 fuisse
1308 1454 1533 1492 maximam
1554 1454 1793 1492 dominandi

93 1513 342 1564 cupidinem,
363 1529 481 1565 quae,
501 1522 549 1552 ut
567 1514 626 1553 ait
646 1515 827 1562 Tacitus,
848 1514 1037 1553 omnibus
1058 1514 1275 1552 affectibus
1296 1522 1358 1551 est
1380 1513 1631 1563 flagrantior,
1651 1512 1793 1551 variis·

93 1587 171 1623 que
191 1587 285 1611 eum
305 1573 481 1612 consiliis
505 1574 786 1612 Romanorum
807 1573 1039 1611 interfuisse
1059 1573 1101 1611 in
1121 1573 1269 1622 quibus
1290 1580 1431 1610 actum
1452 1580 1513 1610 est
1533 1572 1582 1610 de
1602 1571 1792 1622 cogendis

93 1632 368 1671 cardinalibus
401 1633 453 1671 ad
485 1633 719 1683 eligendum
750 1647 903 1683 papam
938 1633 1173 1672 Romanum
1205 1633 1270 1670 vel
1307 1631 1510 1671 Italicum.
1549 1631 1652 1669 Illud
1684 1631 1793 1669 enim

93 1691 174 1730 fere
195 1706 268 1742 pro
289 1700 500 1743 comperto
522 1693 711 1731 habetur.
739 1692 908 1730 Invenio
929 1700 1142 1742 praeterea
1165 1691 1293 1738 illum,
1313 1699 1361 1728 ut
1382 1690 1459 1729 sibi
1480 1690 1593 1729 viam
1614 1690 1792 1740 compla-

92 1758 210 1789 naret
234 1750 287 1789 ad
312 1766 518 1791 summum
545 1752 854 1802 pontificatum,
881 1751 983 1789 dolis
1009 1759 1135 1801 atque
1162 1750 1376 1788 fraudibus
1402 1763 1522 1787 usum
1549 1764 1648 1796 esse,
1675 1757 1716 1787 et
1741 1748 1793 1787 ob

92 1823 183 1850 eam
203 1824 370 1851 causam
391 1811 483 1849 odia
503 1820 545 1850 et
564 1811 800 1849 inimicitias
821 1825 949 1849 serere
971 1819 1167 1849 conatum
1188 1810 1295 1847 inter
1315 1808 1556 1855 cardinales,
1575 1807 1792 1859 praecipue

93 1883 189 1907 vero
215 1870 410 1909 adversus
438 1870 685 1909 cardinalem
715 1869 929 1916 Ursinum;
957 1884 1007 1908 ex
1033 1884 1113 1919 quo
1140 1868 1273 1918 major
1298 1875 1432 1910 metus
1460 1881 1584 1917 quam
1621 1881 1671 1905 ex
1704 1866 1792 1904 aliis

97 1928 224 1976 Italis,
238 1930 333 1979 quia
352 1938 464 1968 ortus
483 1937 571 1968 erat
588 1944 639 1968 ex
657 1937 776 1979 gente
798 1929 1050 1968 nobilissima
1070 1937 1111 1966 et
1128 1928 1246 1966 inter.
1264 1927 1471 1966 Romanos
1490 1925 1790 1977 potentissima.

93 1989 256 2026 Testem
282 1989 404 2039 hujus
431 1988 487 2027 rei
511 1988 688 2040 profero,
714 2003 797 2026 non
822 1988 1002 2038 aliquem
1028 2003 1047 2026 e
1073 1987 1197 2025 trivio
1223 1995 1296 2024 aut
1322 2001 1372 2024 ex
1398 1986 1508 2024 faece
1535 1984 1690 2035 populi,
1721 1984 1791 2022 sed

93 2046 342 2087 cardinalem
371 2048 419 2086 de
450 2048 612 2096 Vernio,
642 2048 684 2086 in
713 2048 828 2097 cujus
859 2047 1115 2097 depositione
1145 2046 1223 2084 ista
1253 2045 1461 2083 habentur
1479 2044 1493 2067 1
1525 2059 1532 2081 z
1566 2044 1664 2081 Item
1692 2043 1793 2093 quod

93 2106 355 2171 pendentibus.
380 2107 461 2145 illis
485 2108 612 2145 decem
636 2108 774 2145 diebus
798 2114 887 2145 ante
913 2106 1137 2155 ingressum
1161 2104 1356 2142 conclavis
1382 2103 1486 2141 venit
1512 2103 1575 2140 ille
1600 2102 1791 2140 Bar-ensis

92 2168 144 2206 ad
177 2174 296 2205 Lstum
323 2167 577 2214 cardinalem,
606 2175 640 2205 et
667 2167 767 2204 dixu
793 2166 874 2204 sibi
902 2165 1004 2215 quod
1030 2173 1183 2214 tempus
1208 2164 1338 2213 fuerat
1365 2164 1467 2213 quod
1494 2162 1578 2212 ipse
1605 2161 1792 2198 dilexerat

93 2227 298 2266 dominum
320 2227 562 2265 cardinalem
585 2227 629 2264 de
658 2225 834 2273 Ursinis,
857 2225 925 2262 sed
947 2225 1058 2262 modo
1080 2224 1172 2274 plus
1195 2222 1387 2272 diligebat
1408 2222 1545 2286 pedem
1569 2220 1685 2257 Lstius
1708 2234 1789 2257 car—

94 2286 243 2325 dinalis
257 2300 375 2337 quam
386 2286 530 2335 faciem
542 2285 654 2323 alterL
660 2300 718 2323 us
735 2285 786 2322 Et
801 2292 876 2322 Lsta
890 2283 1042 2321 chebat
1054 2283 1210 2321 credens
1222 2282 1324 2331 quod
1334 2262 1553 2318 cardinalzs
1568 2280 1611 2316 de
1629 2278 1791 2316 Ursinis

92 2354 188 2384 esset
203 2345 246 2383 in
261 2346 366 2383 mala
381 2345 575 2382 voluntate
590 2352 723 2382 contra
740 2352 872 2381 Lstum.
890 2342 968 2380 Sed
983 2350 1052 2379 Lste
1062 2340 1269 2406 'respondzt
1282 2355 1313 2377 sL
1312 2340 1362 2377 bi
1378 2339 1479 2389 quod
1494 2338 1678 2376 dommus
1691 2351 1790 2374 suus

93 2404 310 2443 cardinalis
326 2405 370 2442 de
392 2403 554 2441 Ursinzs
569 2411 651 2441 erat
665 2402 818 2440 amicus
836 2401 967 2448 istius,
984 2409 1019 2439 et
1031 2401 1068 2438 si
1086 2400 1150 2438 ille
1165 2400 1212 2438 Β.
1232 2413 1311 2436 non
1327 2398 1518 2447 diligebat
1531 2396 1673 2443 alium,
1690 2396 1792 2446 quod

94 2478 172 2502 non
192 2463 488 2513 regraciabatur
507 2462 600 2500 sibi.
624 2462 690 2500 ld
710 2461 895 2499 ultimum
916 2460 1017 2498 discit
1036 2467 1077 2499 et
1089 2457 1335 2508 supplicavit
1354 2457 1482 2495 dictus
1503 2456 1551 2493 Β.
1576 2455 1642 2492 isti
1663 2454 1789 2492 cardi-

94 2523 177 2561 nalL
199 2523 301 2573 quod
319 2522 475 2560 haberet
493 2535 583 2559 eum
603 2521 956 2559 recommendatum
977 2533 1048 2569 pro
1071 2518 1137 2555 L'llo
1157 2518 1271 2566 jacto.
1295 2517 1346 2554 Et
1366 2524 1458 2554 tunc
1481 2514 1550 2552 iste
1571 2512 1790 2551 cardinalzs

94 2581 198 2621 dest
219 2581 300 2620 ssz'
329 2581 429 2619 bona
454 2580 580 2618 verba.
609 2580 675 2618 Set
699 2594 781 2617 vere
808 2592 1012 2628 nunquam
1038 2576 1178 2614 habuit
1204 2590 1246 2613 ιη
1270 2575 1407 2613 animo
1431 2572 1604 2622 engendi
1630 2586 1718 2609 eum
1746 2586 1788 2608 ιη

33 2660 36 2663 ’
93 2655 261 2691 papam3
280 2640 368 2679 chet
382 2653 472 2677 eum
490 2638 679 2688 diligeret,
700 2653 778 2676 non
795 2646 925 2676 tamen
942 2651 1012 2686 pro
1032 2636 1099 2673 illo
1115 2642 1233 2673 statu.

147 2698 461 2745 Observandum
485 2697 630 2735 deinde
654 2705 716 2736 est
738 2697 841 2735 adeo
864 2709 1033 2734 accensa
1056 2694 1252 2732 adversus
1276 2706 1369 2731 eum
1393 2691 1515 2729 fuisse
1540 2689 1631 2728 odia
1656 2689 1785 2727 Urba-

39 2760 41 2763 ’
93 2759 296 2798 nistarum
309 2766 357 2796 ut
371 2756 831 2803 TheodericusaNiem,
847 2755 915 2794 lib.
935 2754 964 2802 I,
978 2755 1036 2791 De
1050 2752 1272 2799 scthmate,
1289 2765 1379 2801 cap.
1396 2765 1422 2788 11
1449 2749 1503 2799 [p.
1521 2748 1787 2799 12]testetur

92 2818 180 2856 illos
215 2818 257 2855 in
291 2817 437 2866 vulgus
473 2814 666 2865 sparsisse
701 2815 930 2853 tumultum
968 2813 1250 2851 Romanorum
1286 2808 1590 2860 postulantium
1632 2819 1785 2857 papam

95 2877 331 2916 Romanum
358 2876 422 2913 vel
454 2874 618 2912 Italum
638 2889 710 2924 per
736 2873 986 2912 cardinalem
1014 2872 1062 2909 de
1084 2869 1240 2909 Ursinis
1271 2868 1392 2906 fuisse
1420 2866 1630 2917 sophistice
1658 2865 1716 2903 vel
1740 2879 1787 2902 ea:

93 2934 293 2974 industria
318 2934 545 2972 ordinatum
571 2940 612 2971 ut
636 2946 705 2982 per
730 2932 798 2969 hoc
824 2932 908 2982 ipse
934 2939 1122 2980 tanquam
1147 2930 1191 2966 de
1216 2926 1425 2978 potentiorz
1451 2927 1563 2964 domo
1588 2925 1785 2971 Romana,

91 2994 238 3034 scilicet
261 2992 486 3039 Ursinensi,
506 3000 612 3029 ortus
630 2991 835 3039 eligeretur
855 2990 897 3027 L'n
916 3003 1077 3039 papam.
1100 2987 1178 3025 Sed
1196 3000 1287 3024 eam
1306 2985 1521 3023 historiam
1538 2998 1622 3021 esse
1643 2983 1783 3021 fictam

138 3119 170 3153 1.
199 3119 240 3153 Β.
265 3119 323 3159 Ν.,
345 3129 412 3152 ms.
435 3117 530 3150 latin
551 3116 680 3155 1174-5,
704 3116 765 3149 fol.
789 3116 833 3149 38
856 3119 906 3148 v0.
