2083 3458
77 237 228 292 [1300]
596 252 812 278 PAPARUM
848 252 1231 279 AVENloNENsmM
1678 236 1763 277 817

62 336 158 385 sorte
177 348 348 381 uxorem,
369 343 529 371 matrem
553 343 585 372 et
605 335 746 372 liberos
768 335 958 385 predictos
981 350 1026 372 ac
1048 349 1257 385 personam
1281 334 1411 384 ipsius
1437 334 1549 371 morti
1571 335 1764 372 traderent

42 408 135 445 ·pro
157 393 431 443 complacendo
455 393 569 430 dictis
593 394 774 442 gentibus
797 402 830 431 et
849 394 1042 431 Tuclzinis
1062 409 1106 432 ac
1128 394 1349 444 periculum
1371 393 1561 437 eminens,
1581 394 1762 431 evitando

66 446 406 502 congregationem
428 452 606 501 ipsorum
624 452 765 502 fuisset
787 453 985 490 insecutus
1007 453 1048 490 in
1065 454 1143 490 loco
1159 454 1203 490 de
1225 453 1442 490 Vallemala
1461 461 1496 489 et
1517 452 1558 489 in
1576 453 1763 502 pluribus

66 512 162 550 aliis
192 511 299 558 locis,
329 519 407 548 etc.
439 511 639 549 Tochinos
670 512 795 550 etiam
827 520 947 549 vocat
978 512 1160 550 Clemens
1192 512 1271 549 VII
1302 512 1342 549 in
1373 512 1483 549 bulla
1514 512 1637 561 paulo
1666 520 1762 550 ante

67 571 252 617 laudata,
280 570 321 607 in
350 584 429 619 qua
459 570 697 608 nominatur
725 571 969 620 Ferragutus
998 585 1132 620 gerens
1159 585 1198 607 se
1225 585 1295 620 pro
1335 571 1541 620 capitaneo
1573 570 1762 608 Tochino-

69 645 169 668 rum.
199 630 275 668 Sed
301 630 376 667 hoc
402 628 651 667 vocabulum
678 644 759 667 non
784 638 876 667 tum
909 630 1087 680 primum
1123 630 1340 669 inventum
1366 638 1441 676 est,
1468 629 1499 667 si
1525 644 1620 668 vera
1650 630 1766 677 fides,

68 690 139 728 sed
159 688 263 727 circa
283 702 439 727 annum
460 688 721 728 millesimum
742 689 953 735 CCCLXI,
973 697 1020 726 ut
1040 697 1180 726 narrat
1203 688 1501 726 Nostradamus
1522 688 1562 725 in
1583 688 1765 726 Historia

71 748 320 794 Provinciae,
343 762 383 797 p.
407 747 497 793 411,
522 747 589 796 qui
613 747 730 785 addit
753 748 872 785 hodie
895 748 1006 798 apud
1031 747 1304 785 provinciales
1328 762 1545 797 personam
1567 748 1672 785 serx'i
1695 762 1766 785 seu

71 807 215 847 famuli
238 807 278 844 in
302 807 398 844 ludo
424 806 614 845 foliorum
637 806 843 856 pictorum
866 806 1005 844 vocari
1028 806 1272 844 Tuchinum.
1301 807 1491 844 Referam
1514 815 1654 844 autem
1678 806 1763 855 ejus

71 867 196 905 verba
221 882 228 903 ε
248 866 354 903 D'ou
376 865 480 902 vient
500 866 681 914 qu’encor
700 866 970 916 aujourd’lzuy
988 880 1058 902 nos
1079 866 1335 911 Provencauoe
1355 866 1555 915 appellent
1576 866 1627 902 les
1649 866 1766 902 walets

72 927 136 963 cles
164 933 284 963 cartes
316 924 491 962 Tuclzins
519 939 565 961 en
593 925 721 974 lzayne
749 926 792 962 de
820 933 915 962 ceste
943 939 1028 962 race
1056 926 1100 961 (Ie
1127 925 1277 962 voleiirs
1304 933 1338 962 et
1365 925 1533 962 canaille
1559 925 1602 961 de
1626 938 1718 971 gens
1737 924 1766 961 ¹.

76 986 138 1022 lta
163 984 290 1023 etiam
316 984 554 1021 Honoratus
578 984 741 1021 Bouche
766 983 806 1020 in
833 984 1013 1021 Historia
1038 983 1287 1030 Provinciae,
1311 991 1343 1021 t.
1368 998 1408 1030 11,
1433 998 1472 1033 p.
1498 983 1587 1021 380.

127 1044 170 1082 Ρ.
195 1043 286 1090 488,
309 1043 374 1092 lig.
400 1042 608 1080 24.C1v12s
633 1044 928 1080 PARISJENSES.
952 1042 1051 1080 Vide
1078 1042 1352 1080 Froissartum
1378 1043 1423 1092 [t.
1448 1057 1487 1089 x,
1510 1057 1549 1092 p.
1577 1042 1765 1088 152—155;

74 1111 104 1141 t.
130 1117 187 1149 x1,
211 1117 251 1152 p.
278 1102 437 1152 76-81];
464 1101 818 1151 VValsinghamum
854 1102 900 1151 [t.
924 1117 950 1148 1,
976 1117 1015 1151 p.
1042 1102 1116 1139 445
1141 1110 1181 1139 et
1206 1109 1236 1139 t.
1261 1116 1302 1148 11,
1327 1115 1365 1151 p.
1391 1101 1459 1151 81]
1495 1110 1535 1139 et
1565 1102 1770 1139 joannem

76 1162 322 1200 ,Iuvenalem
347 1161 395 1198 de
423 1161 577 1199 Ursinis
604 1161 644 1198 in
669 1161 850 1198 Historia
879 1161 1021 1198 Karoli
1052 1161 1124 1206 1⁶1,
1149 1175 1188 1210 p.
1218 1161 1278 1206 17,
1304 1160 1367 1207 33,
1394 1160 1490 1198 edit.
1517 1160 1661 1209 regiae.

129 1222 172 1259 P.
206 1220 295 1267 488,
329 1220 395 1269 lig.
430 1220 491 1258 25.
527 1220 845 1257 MALLEATORES
878 1221 1000 1269 vulgo
1034 1219 1263 1257 Maillotins
1282 1219 1308 1256 ².
1344 1219 1464 1269 Apud
1497 1219 1771 1257 Froissartum

88 1280 134 1329 [t.
154 1295 195 1326 x,
214 1294 252 1330 p.
271 1279 460 1329 152-153]
479 1295 485 1316 :
502 1279 546 1316 Si
562 1279 753 1329 appelloit
769 1293 818 1316 on
836 1293 895 1316 ces
913 1293 1005 1327 gens
1018 1280 1070 1316 les
1096 1287 1222 1315 routes
1240 1282 1263 1315 (ὶ
1278 1278 1444 1315 nzaillets
1460 1279 1503 1315 de
1523 1278 1650 1315 Paris.
1669 1277 1768 1315 Vide

77 1340 165 1377 loco
197 1338 338 1376 citam.

131 1399 174 1436 P.
192 1398 282 1444 489,
300 1397 366 1446 lig.
385 1397 419 1435 1.
438 1397 640 1435 CASTRUM
670 1411 804 1434 PORTE
824 1397 862 1434 S.
882 1397 1109 1434 ΑΝΤΗΟΝΠ.
1129 1395 1206 1433 Alii
1231 1397 1335 1433 hanc
1360 1395 1572 1433 historiam
1589 1396 1770 1433 referunt

78 1457 130 1495 ad
160 1471 316 1494 annum
346 1456 608 1496 millesimum
638 1456 853 1494 CCCLXX
883 1465 923 1493 ct
954 1456 1120 1505 quidem
1149 1455 1312 1501 rectius,
1343 1463 1389 1492 ut
1419 1455 1574 1504 opinor.
1608 1454 1774 1492 Etenim

84 1517 202 1566 Hugo
223 1515 447 1553 Aubriotus
469 1523 609 1565 postea
633 1515 844 1565 conjectus
866 1515 945 1552 fuit
966 1516 1006 1552 in
1026 1529 1228 1552 carcerem
1248 1514 1300 1551 ab
1329 1513 1519 1564 episcopo
1542 1513 1771 1560 Parisiensi,

80 1575 273 1613 nimirum
307 1589 400 1613 cum
432 1574 650 1612 excidisset
683 1588 705 1611 a
741 1574 871 1623 gratia
906 1573 1112 1624 principis.
1154 1573 1379 1611 Multorum
1421 1587 1514 1611 eum
1557 1573 1773 1611 criminum

81 1649 194 1673 reum
226 1633 347 1672 fuisse
390 1634 509 1672 docet
554 1633 595 1671 in
645 1634 734 1671 Vita
783 1633 922 1671 Ix'aroli
974 1633 1031 1670 V]
1065 1634 1244 1671 Joannes
1280 1632 1488 1670 ,luvenalis
1521 1632 1568 1669 de
1603 1631 1771 1669 Ursinis,

134 1694 178 1732 P.
202 1693 292 1740 489,
316 1693 382 1742 lig.
407 1693 442 1731 2.
465 1693 635 1730 EX1TUM
663 1707 852 1730 LIBERUM
868 1692 895 1730 3.
916 1692 1046 1730 Hodie
1070 1700 1188 1741 porta
1207 1691 1384 1729 exterior
1403 1690 1607 1740 lapidibus
1626 1699 1666 1728 et
1689 1704 1772 1727 are-

83 1761 182 1790 nato
210 1753 422 1790 obstructa
449 1760 530 1798 est;
558 1751 679 1801 idque
708 1766 860 1789 novum
889 1766 970 1789 non
996 1759 1070 1789 est.

137 1812 180 1850 P.
207 1811 297 1859 489,
323 1811 388 1861 lig.
416 1811 451 1849 6.
479 1811 722 1849 JOHANNEM
753 1826 806 1848 DE
834 1811 1051 1848 Mmzesns.
1076 1809 1176 1847 Vide
1201 1808 1475 1847 Froissartum
1497 1808 1544 1858 [t.
1565 1823 1621 1855 Χῐ,
1640 1823 1679 1858 p.
1705 1808 1773 1857 81]

83 1879 123 1910 et
144 1871 349 1909 Joannem
369 1871 613 1908 ,Iuvenalem
634 1870 680 1907 de
704 1869 875 1916 Ursinis,
893 1884 933 1919 p.
954 1869 991 1916 3,
1011 1869 1047 1916 5,
1068 1869 1103 1915 7,
1125 1868 1187 1915 19,
1207 1868 1271 1914 ΞΟ,
1290 1868 1338 1906 34
1357 1876 1398 1905 et
1418 1868 1506 1913 561,
1528 1867 1611 1905 edit
1629 1867 1773 1916 regiae.

84 1929 197 1968 Varii
211 1929 227 1952 4
246 1929 359 1967 varia
380 1929 506 1967 locuti
525 1937 622 1967 sunt
642 1929 690 1966 de
710 1929 797 1978 ejus
819 1937 963 1967 morte.
985 1929 1111 1966 Vetus
1132 1935 1276 1965 auctor
1295 1926 1482 1964 Chronici
1506 1925 1776 1963 Narmanniae

84 1989 125 2026 in
156 1988 292 2027 codice
325 1988 429 2026 1424
458 1988 732 2026 bibliothecae
765 1987 1021 2026 Colbertinae
1042 1987 1056 2009 5
1100 2001 1194 2025 eum
1225 1986 1324 2023 facit
1354 1994 1563 2023 auctorem
1604 1986 1777 2023 istorum

85 2048 359 2094 tumultuum,
390 2056 430 2085 et
460 2055 639 2085 testatur
668 2047 815 2085 dixisse
844 2061 975 2096 neque
1004 2060 1136 2095 regem
1162 2059 1291 2094 neque
1316 2044 1523 2082 ministros
1546 2044 1631 2093 ejus
1660 2058 1776 2093 posse

86 2107 216 2145 facere
234 2107 449 2157 populum,
466 2106 535 2144 sed
555 2106 755 2156 populum
773 2120 889 2155 posse
910 2105 1039 2143 facere
1059 2118 1192 2154 regem
1212 2104 1281 2141 :Et
1299 2102 1409 2140 estoit
1427 2117 1515 2140 avec
1533 2104 1615 2140 euls
1634 2104 1677 2139 de
1696 2103 1778 2139 leur

85 2174 210 2204 accort
232 2180 287 2203 un
308 2167 373 2203 des
395 2165 580 2214 gregniex
601 2173 734 2202 avocat
755 2166 799 2202 de
820 2165 1037 2214 parlement
1058 2165 1209 2200 nomme'
1233 2171 1367 2200 mestre
1391 2162 1520 2199 Jehan
1542 2163 1605 2199 des
1628 2161 1779 2207 Alacres,

87 2225 209 2275 lequel
230 2224 287 2262 dit
309 2238 379 2274 que
402 2225 434 2262 le
456 2239 524 2273 roy
547 2238 593 2261 ne
617 2225 669 2261 les
692 2224 868 2261 consezcls
892 2238 938 2260 ne
959 2222 1187 2273 poarroient
1207 2221 1309 2271 faire
1333 2235 1386 2258 un
1410 2221 1565 2270 peuple,
1591 2220 1690 2257 mais
1725 2234 1777 2256 un

87 2284 229 2334 peuple
255 2283 369 2333 feroit
401 2283 487 2320 bien
519 2298 571 2320 un
601 2297 680 2332 roy.

140 2343 184 2382 P.
206 2342 296 2389 490,
317 2343 382 2392 lig.
405 2342 440 2380 5.
463 2343 632 2380 SEPTEM
664 2355 963 2379 PRESBITEROS.
989 2341 1035 2378 In
1062 2339 1191 2378 veteri
1211 2339 1372 2387 Regesto
1393 2337 1643 2375 parlamenti
1671 2337 1779 2374 Pari-

138 2479 170 2511 1.
188 2476 452 2520 L'expression
480 2476 644 2509 Tuchins
672 2476 822 2519 designe
851 2476 913 2508 des
941 2486 1029 2518 gens
1056 2475 1141 2507 hors
1167 2475 1203 2507 la
1229 2474 1277 2506 loi
1304 2473 1439 2506 vivant
1467 2473 1559 2505 dans
1586 2472 1620 2504 la
1647 2472 1782 2511 touche,

90 2530 321 2564 c'est-a-dire
347 2530 440 2562 dans
465 2530 515 2562 les
540 2529 620 2562 bois
649 2529 722 2571 (Du
748 2528 883 2572 Cange,
916 2528 1156 2566 Glossarium,
1174 2539 1249 2559 aux
1280 2532 1379 2559 mots
1415 2526 1588 2565 Toucltia,
1625 2525 1780 2564 Tuscha,

93 2585 311 2627 Tuchinus).

141 2639 171 2670 2.
203 2636 273 2670 Sur
299 2637 349 2668 les
378 2635 596 2674 Maillotins,
626 2635 706 2668 voir
732 2635 772 2667 L.
798 2634 910 2666 Mirot
938 2634 1020 2677 (Les
1047 2633 1307 2666 insurrections
1331 2632 1504 2665 urbaines
1530 2643 1578 2664 αιι
1604 2631 1710 2664 debut
1735 2631 1785 2663 du

90 2691 197 2733 regne
226 2691 266 2722 de
295 2689 444 2722 Charles
479 2689 532 2721 VI
565 2688 814 2730 (1380-1383),
838 2687 953 2726 Paris,
984 2686 1107 2729 1906),
1144 2685 1306 2718 Grandes
1334 2685 1547 2727 chronique-s
1576 2685 1616 2717 de
1644 2684 1788 2716 France

96 2744 165 2786 (ed.
198 2742 440 2780 Delachenal,
472 2747 498 2774 t.
527 2753 578 2780 111,
609 2753 643 2784 p.
675 2740 812 2783 11-14).

141 2797 173 2830 3.
210 2796 373 2829 Grandes
398 2795 612 2836 chroniques
637 2795 677 2827 de
702 2793 854 2831 France,
882 2793 939 2826 ed.
968 2791 1209 2830 Delachenal,
1236 2797 1262 2823 t.
1288 2803 1339 2830 111,
1367 2803 1401 2834 p.
1428 2790 1485 2823 41.

141 2849 173 2882 4.
205 2848 275 2881 Sur
293 2848 391 2880 Jean
411 2847 473 2880 des
495 2846 627 2885 Mares,
650 2846 731 2879 voir
752 2846 792 2879 E.
815 2845 969 2878 Chenon
992 2845 1059 2887 (La
1078 2849 1167 2877 mort
1186 2845 1226 2877 de
1245 2844 1342 2876 Jean
1361 2844 1421 2876 des
1434 2843 1572 2881 Mares,
1589 2843 1681 2875 dans
1696 2842 1788 2874 Bul-

93 2902 180 2935 letin
199 2903 239 2935 de
259 2902 294 2934 la
312 2901 438 2934 sociae}
458 2900 642 2932 nationale
661 2900 720 2932 des
738 2899 979 2941 Antiquaires
998 2898 1038 2930 de
1057 2897 1209 2936 France,
1230 2897 1336 2935 1918,
1357 2908 1392 2940 p.
1415 2895 1602 2938 131-135),
1625 2895 1790 2928 Grandes

95 2955 320 2997 Chroniques
335 2954 374 2986 de
390 2953 532 2985 France
549 2953 601 2995 (ut
613 2964 655 2991 s.‚
672 2958 698 2984 t.
711 2964 763 2991 111⁷
779 2963 814 2995 p.
830 2951 887 2990 40,
902 2950 1042 2993 46-48)‚
1058 2950 1098 2983 L.
1114 2949 1227 2982 Mirot
1245 2949 1326 2991 (Les
1341 2949 1602 2982 insurrections
1616 2948 1790 2981 urbaines

95 3020 130 3052 p.
156 3008 237 3047 192,
263 3007 361 3049 193),
389 3006 432 3038 R.
461 3005 689 3038 Delachenal
718 3004 894 3047 (Histoire
917 3004 977 3036 des
1000 3008 1141 3036 avocats
1165 3003 1214 3035 du
1236 3002 1435 3046 parlement
1458 3003 1499 3034 de
1521 3001 1643 3041 Paris,
1672 3000 1790 3039 Paris,

95 3061 200 3099 1885,
224 3072 259 3104 p.
283 3059 381 3102 462),
402 3058 585 3100 Dialogue
607 3058 666 3090 des
687 3058 853 3090 advocats
875 3057 923 3089 du
943 3056 1144 3100 parlement
1165 3056 1205 3088 de-
1226 3055 1337 3088 Paris
1362 3055 1410 3098 (p.
1433 3054 1531 3097 485).

145 3114 176 3146 5.
204 3113 245 3146 B.
276 3112 333 3152 N.,
362 3123 429 3144 ms.
458 3110 620 3152 franeais
649 3110 752 3150 5391,
780 3109 842 3143 fol.
872 3110 916 3143 58
942 3113 986 3142 r0.
