2083 3458
334 243 384 284 70
980 257 1132 282 NOTAE
1166 257 1227 281 AD
1262 216 1389 281 vir-As
1914 240 2038 296 [605]

332 343 497 381 ditionis
525 342 788 392 Bugellensis.
821 342 921 379 Cum
950 356 996 379 eo
1026 348 1166 378 autem
1196 339 1307 390 capti
1336 339 1505 378 fuerunt
1533 340 1764 390 Margareta
1795 340 1842 378 de
1872 340 2037 378 Triden-

330 402 416 440 tino
438 402 524 451 ejus
546 402 668 449 socia,
690 410 730 439 et
752 401 958 450 Longinus
980 400 1027 437 de
1047 400 1249 449 Bergamo
1271 399 1341 449 qui
1361 407 1449 437 erat
1470 399 1518 438 de
1540 399 1730 438 Cataneis
1752 399 1800 437 de
1822 399 1949 438 Sordo
1973 399 2038 438 vel

331 462 377 500 de
401 462 529 500 Sacio.
553 462 611 499 De
633 461 719 510 ejus
740 475 860 511 porro
882 459 1071 509 captione
1088 458 1227 496 literas
1249 458 1516 496 exultationis
1537 467 1579 497 et
1599 458 1739 509 gaudii
1753 459 1915 509 scripsit
1928 473 2037 509 papa

330 521 512 559 Clemens
531 521 582 558 ad
602 520 838 571 Philippum
860 520 927 566 IV,
945 533 1080 568 regem
1100 518 1366 565 Francorum,
1392 533 1479 556 xvn
1501 518 1581 557 kal.
1604 518 1703 556 maii
1718 519 1744 556 1.

382 581 425 618 P.
455 580 517 627 27,
544 580 610 630 lig.
635 580 696 618 32.
722 580 769 617 IN
799 576 1130 617 SACRAM'ENTUM
1161 592 1395 615 PECCABAT.
1426 577 1572 616 Nescio
1599 578 1708 616 unde
1743 577 1823 615 ista
1852 577 2038 616 hauserit

329 612 601 678 Ptolemaeus.
623 639 789 677 Etenim
810 638 943 676 Guido
960 637 1175 687 episcopus
1193 637 1434 676 Helenensis
1455 645 1496 675 et
1514 637 1706 675 Nicolaus
1728 637 1947 702 Eymerici,
1967 637 2038 687 qui

328 713 466 737 omnes
494 698 657 737 Dulcini
681 699 865 736 haereses
887 705 928 736 et
949 711 1103 735 errores
1120 705 1352 743 recensent
1380 696 1537 734 nullam
1555 696 1800 747 opinionum
1822 696 1909 746 ejus
1931 696 2036 735 circa

326 758 618 796 eucharistiam
644 757 804 796 faciunt
824 756 1094 803 mentionem,
1122 756 1275 794 facturi
1290 756 1404 794 haud
1433 756 1555 794 dubie
1584 756 1616 794 si
1642 764 1734 794 tum
1761 756 1873 794 fama
1891 756 2037 794 fuisset

325 817 439 855 illum
463 818 511 855 de
535 818 610 855 hoc
634 824 879 867 argumento
902 815 1023 854 aliter
1046 815 1219 854 sensisse
1244 830 1369 865 quam
1395 816 1623 854 Ecclesiam
1645 829 1876 854 romanam.

378 877 421 915 P.
445 876 506 923 28,
527 877 593 926 lig.
617 877 651 915 3.
670 877 768 914 NON
791 889 1118 913 EXAUDIENDAS.
1143 875 1354 913 conradus
1378 874 1569 914 Vecerius
1602 875 1644 926 [f.
1669 874 1721 912 D3
1739 874 1802 925 ΓΟ]
1824 875 1895 925 qui
1913 883 2034 926 puta-

325 936 386 973 vit
415 950 618 974 summam
648 950 788 974 earum
818 935 942 973 fuisse
971 935 1016 972 de
1043 935 1239 972 abolenda
1268 934 1311 972 in
1338 943 1574 985 perpetuum
1612 935 1801 972 memoria
1828 934 2034 985 Bonijacii

324 1009 413 1032 eam
442 995 687 1045 petitionem
716 1003 840 1033 vocat
867 994 1168 1045 impudentem,
1199 993 1389 1044 quamvis
1419 994 1602 1033 fateatur
1630 1008 1720 1032 eam
1748 1009 1832 1033 non
1860 994 2035 1033 caruisse

322 1063 554 1104 praetextu.
582 1055 693 1092 Haec
725 1062 822 1092 sunt
852 1054 961 1092 enim
987 1054 1074 1104 ej'us
1105 1054 1231 1092 verba
1257 1053 1299 1091 in
1329 1054 1421 1092 Vita
1449 1053 1618 1091 Henrici
1649 1054 1737 1092 VII
1759 1054 2035 1104 imperatoris:

322 1114 457 1163 Neque
492 1122 692 1164 praetextu
729 1113 857 1151 caruit
879 1113 1077 1164 flagitatio
1114 1113 1338 1163 impudens,
1367 1113 1547 1151 articulis
1583 1113 1848 1163 quadraginta
1876 1113 2036 1163 ingenio

322 1173 613 1211 causidicorum
632 1173 873 1222 excogitati-5,
893 1173 1038 1223 quibus
1052 1172 1187 1211 Octavi
1208 1187 1344 1220 mores,
1360 1181 1511 1223 praeter
1530 1173 1614 1211 alia
1631 1173 1826 1222 facinora,
1848 1174 1892 1211 de
1906 1173 2035 1211 haere-

320 1232 397 1270 tica
437 1232 635 1283 impietate
673 1232 1007 1282 suggillabantur.
1050 1232 1243 1270 Nicolaus
1286 1232 1496 1271 Trivettus
1548 1232 1602 1283 [p.
1644 1232 1745 1283 411]
1788 1233 1840 1270 ad
1880 1246 2034 1270 annum

321 1292 517 1330 MCCCVI
543 1308 550 1329 :
575 1292 659 1330 Rex
680 1292 929 1330 Francorum
951 1307 976 1330 a
996 1292 1155 1330 domino
1178 1307 1289 1342 papa
1305 1306 1394 1330 ossa
1411 1292 1618 1341 Bonijacii
1640 1292 1948 1343 praedecessoris
1969 1292 2035 1330 sui

318 1351 431 1401 petiit
446 1352 498 1389 ad
512 1351 818 1389 comburendum
833 1360 1021 1402 tanquam
1036 1351 1232 1399 haeretici,
1251 1351 1445 1390 instantia
1461 1351 1691 1402 importuna
1708 1351 1735 1390 2.

372 1411 414 1449 P.
441 1410 504 1458 28,
527 1411 594 1461 lig.
620 1411 656 1450 9.
683 1411 980 1450 OCCIDERUNT.
1007 1411 1159 1449 Contra
1185 1411 1319 1449 Guido
1346 1411 1584 1451 Helenensis
1610 1411 1669 1449 ait
1693 1425 1786 1449 eum
1811 1424 1903 1449 cum
1929 1411 2033 1448 Mar-

319 1478 458 1519 gareta
484 1479 670 1509 consorte
689 1485 762 1508 sua
786 1471 829 1509 in
854 1471 1000 1509 scelere
1016 1479 1057 1509 et
1071 1470 1113 1508 in
1131 1470 1288 1509 haeresi
1305 1478 1474 1521 captum
1486 1470 1515 1518 3,
1527 1485 1599 1521 per
1615 1470 1817 1520 judicium
1829 1470 2034 1509 Ecclesiae

319 1529 655 1577 condemnatum,
678 1544 772 1568 cum
793 1530 938 1569 eadem
956 1530 1220 1569 combustum
1238 1530 1374 1569 fuisse.
1393 1530 1470 1569 Sed
1492 1531 1592 1569 haec
1615 1544 1721 1580 quae
1734 1529 1901 1568 videtur
1915 1544 2032 1580 repu-

318 1589 486 1638 gnantia
502 1589 742 1627 conciliatur
757 1604 807 1627 ex
818 1590 879 1628 his
896 1604 985 1640 quae
1000 1590 1193 1639 leguntur
1205 1589 1248 1628 in
1262 1589 1411 1640 Quarta
1425 1589 1505 1628 vita
1517 1589 1771 1628 Clementi-§V
1798 1589 1844 1640 [t.
1857 1604 1882 1637 1,
1897 1604 1936 1640 p.
1950 1588 2030 1640 64].

371 1648 414 1686 Ρ.
444 1648 507 1696 28,
535 1648 603 1698 lig.
633 1649 696 1688 22.
740 1649 838 1687 REX
866 1649 1151 1687 ARAGONUM3.
1181 1649 1283 1687 Vide
1317 1663 1423 1699 quae
1461 1649 1509 1687 de
1549 1663 1595 1687 ea
1625 1664 1665 1687 re
1697 1649 1891 1687 dicuntur
1925 1648 2032 1687 infra

319 1706 364 1757 [t.
391 1707 419 1758 ι]
439 1708 635 1758 paginam
654 1707 716 1747 72.

371 1767 413 1805 Ρ.
434 1767 497 1815 28,
515 1767 581 1817 lig.
602 1767 664 1806 24.
685 1768 811 1806 MAm.
834 1769 946 1806 Nous
964 1768 1188 1818 possedons
1208 1783 1258 1806 en
1276 1768 1373 1806 effet
1391 1783 1446 1806 un
1464 1768 1734 1806 mandement
1751 1768 1800 1806 de
1821 1768 1969 1817 Jayme
1991 1767 2030 1805 ΙΙ

319 1825 356 1862 15
380 1826 483 1864 avril
517 1827 633 1877 1308)
668 1827 820 1878 duquel
851 1828 879 1865 il
910 1835 1059 1878 appert
1092 1842 1169 1877 que
1202 1828 1257 1866 les
1282 1827 1504 1878 Templiers
1537 1827 1759 1866 noliserent
1788 1841 1845 1865 un
1875 1827 2029 1866 navire.

318 1885 371 1923 Le
387 1886 447 1923 roi
465 1886 666 1937 enjoignit
683 1887 942 1937 d‘empecher
958 1887 1045 1925 leur
1063 1887 1211 1937 depart
1229 1887 1470 1938 (Papsttum,
1487 1895 1517 1926 t.
1535 1902 1577 1934 11,
1593 1902 1633 1937 p.
1654 1886 1742 1934 121,
1767 1886 1871 1936 122).

370 1945 412 1983 P.
445 1945 507 1993 28,
536 1945 604 1996 lig.
635 1945 697 1985 26.
731 1946 828 1984 REX
860 1947 1069 1984 KAnoms
1088 1947 1104 1969 4
1133 1946 1294 1985 Siciliae
1322 1946 1441 1984 istius
1470 1946 1647 1984 nominis
1677 1946 1893 1993 secundus,
1925 1945 2030 1983 filius
2068 1961 2073 1970 Χ

317 2003 453 2042 fratris
473 2005 605 2044 sancti
625 2005 824 2044 Ludovici
843 2021 916 2044 rex
935 2006 1203 2053 Francorum,
1222 2014 1342 2057 pater
1361 2021 1459 2045 vero
1479 2005 1613 2044 sancti
1632 2004 1832 2044 Ludovici
1851 2005 2031 2056 episcopi

316 2063 520 2102 Tolosani.
546 2064 604 2103 De
628 2064 714 2114 ejus
736 2073 868 2103 morte
891 2065 1028 2115 agitur
1048 2065 1169 2112 infra,
1194 2065 1240 2116 [t.
1261 2065 1292 2116 1]
1318 2080 1360 2116 p.
1385 2065 1448 2104 33.

370 2123 413 2161 P.
437 2123 500 2170 28,
519 2123 587 2173 lig.
609 2123 671 2163 28.
694 2125 897 2162 PROPTER
921 2139 1108 2164 CENSUM.
1132 2125 1287 2163 Verum
1308 2134 1370 2163 est
1392 2125 1644 2163 Clementem
1664 2125 1699 2162 V
1717 2123 1920 2162 remisisse
1933 2123 2029 2161 huic

364 2287 396 2320 1.
414 2288 564 2327 Baluze,
585 2295 607 2321 t.
622 2301 674 2327 111,
691 2300 726 2331 p.
744 2289 799 2326 52,
816 2289 860 2320 53
880 2288 936 2330 (15
953 2288 1048 2320 avril
1063 2288 1185 2331 1307).
1198 2307 1246 2310 —
1259 2288 1291 2319 A
1306 2288 1341 2319 la
1356 2287 1453 2319 suite
1469 2287 1513 2319 de
1529 2293 1628 2319 cette
1643 2293 1801 2330 capture
1815 2286 1986 2320 Clement
1998 2286 2030 2319 V

316 2342 475 2373 accorda
495 2342 659 2375 diverses
677 2342 829 2374 faveurs
849 2342 1083 2384 pecuniaires
1103 2342 1123 2373 a
1142 2342 1313 2384 l'eveque
1334 2341 1377 2373 de
1397 2340 1541 2373 Verceil
1564 2340 1740 2383 (Clement
1759 2340 1802 2380 V,
1823 2352 1858 2373 n.
1880 2341 1972 2373 1853
1992 2347 2029 2373 et

322 2395 428 2433 1854;
447 2395 565 2428 bulles
583 2396 632 2427 du
649 2396 670 2427 4
686 2395 810 2438 juillet
826 2394 948 2437 1307).

366 2448 396 2480 2.
417 2448 476 2481 Un
493 2449 765 2481 ambassadeur
781 2450 829 2481 du
846 2448 900 2481 roi
916 2448 1110 2491 d’Aragon
1126 2448 1218 2481 ecrit
1233 2448 1265 2480 lc
1282 2448 1326 2479 14
1344 2447 1419 2479 mai
1435 2448 1528 2480 1307
1547 2460 1553 2479 ι
1572 2446 1672 2490 Quid
1685 2452 1806 2479 autem
1820 2447 1878 2479 hic
1891 2447 1907 2490 j
1921 2446 2025 2490 [acit]
2080 2456 2083 2457 ⁷

314 2513 374 2532 ιρι
396 2502 553 2535 Francie
573 2513 655 2535 cum
676 2514 788 2546 papa
811 2502 929 2534 adhuc
950 2502 1119 2535 nescitur.
1141 2502 1290 2534 Dicitur
1310 2507 1430 2533 tamen
1451 2501 1546 2543 quod
1567 2500 1681 2533 multa
1700 2500 1801 2543 petit,
1825 2500 1866 2533 de
1895 2500 2029 2543 quibus

314 2566 379 2596 quc
383 2556 463 2587 dam
484 2554 687 2588 indecentia
701 2561 788 2589 sunt
803 2556 850 2588 ad
864 2555 1060 2599 petendum
1074 2556 1137 2588 sed
1157 2560 1187 2587 et
1203 2556 1251 2588 ad
1265 2555 1531 2587 concedendum
1546 2559 1662 2586 essent
1678 2551 2027 2598 inde[cent]issima.

320 2608 415 2639 Inter
435 2614 547 2641 cetera
566 2610 655 2652 petit
673 2609 768 2652 quod
786 2609 1020 2642 canonizetur
1038 2609 1149 2651 frate7
1168 2608 1300 2641 Petrus
1321 2609 1361 2641 de
1382 2608 1521 2647 ΛΙον-’,Ῑο
1544 2608 1607 2650 qui
1621 2607 1695 2649 suit
1707 2618 1810 2651 papa
1825 2607 2030 2640 Celestznus

312 2666 342 2693 et
356 2673 419 2704 per
431 2673 649 2720 conwsequens
663 2663 881 2705 dampnetm
890 2661 1247 2706 papaBonijacius..
1255 2662 1327 2694 De
1337 2662 1435 2700 allis
1450 2672 1517 2704 que
1527 2661 1798 2704 diciturpetere,
1812 2671 1885 2693 non
1897 2660 2027 2693 scribo.

315 2714 364 2746 Lc
383 2715 523 2758 26311511
539 2716 644 2755 1307,
661 2716 693 2749 le
710 2728 831 2749 meme
847 2716 1148 2759 correspondant
1164 2715 1342 2759 precisel
1350 2715 1455 2758 objet
1471 2715 1535 2747 des
1561 2714 1767 2747 demandes
1793 2714 1836 2747 de
1855 2713 2026 2758 Philippe

314 2768 453 2800 1013112
474 2769 561 2801 Post
588 2781 766 2802 recessum
782 2770 878 2812 regis
895 2769 1054 2803 Francie
1070 2772 1323 2802 remanserunt
1337 2767 1397 2802 hic
1421 2779 1487 2811 pro
1507 2779 1545 2801 eo
1569 2767 1773 2801 Guilelmus
1791 2768 1832 2800 de
1847 2766 2028 2800 Plasiano

315 2826 344 2852 et
365 2820 566 2854 Guilelmus
582 2824 621 2855 de
636 2823 673 2854 N
675 2829 817 2865 ogareto
831 2834 890 2866 qut
907 2828 1034 2867 petunt
1046 2823 1192 2866 procedi
1205 2827 1329 2855 contra
1342 2822 1533 2855 dominum
1545 2821 1788 2863 Bonisacium
1800 2820 1983 2864 quondam
1997 2825 2027 2853 et

316 2886 357 2905 m
365 2875 499 2911 notium
515 2876 578 2908 hoc
594 2888 671 2918 Jam
687 2882 849 2919 presente
865 2888 945 2919 rege
959 2876 1033 2919 suit
1048 2876 1284 2909 commissum
1299 2887 1362 2908 sex
1377 2872 1632 2908 cardinalibus
1653 2873 1796 2917 (Finke,
1815 2873 2023 2917 Papsttum,

315 2932 341 2957 t.
362 2938 399 2964 11,
430 2938 464 2968 p.
490 2928 533 2959 3)
555 2934 592 2959 (t
614 2929 691 2972 38).

363 2982 394 3012 3.
430 2981 453 3011 1«
461 2982 543 3014 inke
575 2993 593 3014 a
626 2983 799 3026 imprime
831 2983 905 3015 bon
934 2983 1091 3015 nombre
1134 2983 1168 3014 d
1175 2983 1301 3015 ordres
1333 2982 1376 3014 dc
1409 2987 1564 3024 capture
1608 2981 1783 3014 decernes
1826 2980 1957 3023 depuis
1990 2980 2021 3012 le

314 3034 367 3063 ἸΨ
385 3034 579 3067 ‹lew-rubro
603 3036 689 3068 1307
708 3036 886 3078 jusqu’on
903 3036 1040 3069 fevrier
1057 3037 1151 3069 1308
1175 3036 1394 3078 (Papsttum,
1415 3040 1441 3068 t.
1460 3046 1498 3074 11,
1518 3045 1554 3077 p.
1575 3032 1714 3077 63-68).

363 3085 394 3118 4.
422 3087 478 3119 lin
502 3089 772 3121 :mibassadeur
793 3089 990 3132 aragonais
1012 3089 1152 3132 signale
1175 3101 1216 3121 sa
1238 3090 1413 3132 presence
1436 3088 1457 3119 εὶ
1481 3087 1639 3120 Poitiers
1662 3088 1693 3120 le
1717 3087 1757 3119 11
1783 3087 1907 3129 juillet
1928 3086 2020 3119 *1307

320 3139 461 3174 [Finke.
482 3141 685 3183 I'opsttum,
705 3149 785 3180 t.11‚
805 3154 838 3185 1).
858 3143 930 3185 40).
