2083 3458
263 213 344 254 638
916 227 1066 252 NOTAE
1101 227 1161 251 AD
1197 226 1324 251 VITAS
1818 213 1970 269 [1115]

318 314 437 351 Anno
459 313 685 361 MCCCXC,
708 313 890 351 Clemens
913 311 993 349 VII
1014 312 1050 350 ei
1072 311 1278 350 commisit
1299 325 1472 350 examen
1494 313 1624 363 operis
1647 314 1757 364 quod
1780 314 1972 353 Nicolaus

268 373 470 423 Eymerici
498 373 715 423 inquisitor
742 371 1035 421 Arragonensis
1063 379 1246 409 recenter
1274 381 1562 422 composuerat
1589 373 1784 412 adversus
1820 388 1971 412 errores

265 441 306 471 et
331 433 514 471 haereses
543 431 782 482 Raymundi
808 431 926 470 Lulli.
955 430 1018 469 Sic
1044 430 1153 469 enim
1179 430 1429 469 adnotatum
1454 432 1619 482 reliquit
1643 432 1753 471 idem
1780 433 1971 471 Nicolaus

264 492 306 530 in
340 492 446 531 calce
481 491 665 542 ejusdem
701 490 830 542 operis
863 490 906 528 in
941 490 1077 528 codice
1111 488 1217 528 2846
1248 489 1522 530 bibliothecae
1553 492 1867 531 Colbertinaelz
1896 493 1973 530 Iste

265 559 450 590 tractatus
465 551 545 601 fuit
561 565 630 601 per
647 550 866 601 predictum
885 549 1158 600 inquisitorem
1176 549 1335 587 domino
1351 564 1455 600 pape
1474 550 1664 589 Clementi
1681 551 1848 602 septimo
1866 560 1971 590 ante-

265 611 364 649 dicto
383 611 426 649 in
442 610 670 649 consistorio
687 609 846 660 publico
862 617 1119 660 presentatus,
1138 616 1172 646 et
1189 608 1335 646 ibidem
1351 623 1420 659 per
1436 609 1583 648 dictum
1600 610 1806 649 dominum
1822 626 1973 662 papam

266 670 423 708 domino
444 670 640 709 cardinali
664 669 800 708 Sancti
822 668 968 718 Angeli
990 676 1045 706 est
1066 668 1320 706 commissum
1341 669 1442 718 quod
1463 669 1577 707 illum
1598 670 1805 720 diligenter
1825 671 1971 709 exami-

265 738 375 768 naret
392 738 426 768 et
443 729 567 768 eidem
585 729 749 779 referret.
772 728 863 779 Qui,
884 727 983 766 dicto
1002 735 1167 766 tractatu
1186 727 1392 777 diligenter
1410 729 1646 777 examinato,
1667 731 1824 768 tandem
1843 730 1972 768 retulit

265 789 537 827 dictodomino
551 803 667 839 pape,
684 788 931 839 presentibus
946 787 1120 825 dominis
1138 787 1412 825 cardinalibus
1430 788 1668 837 Pictavensi,
1690 790 1733 827 de
1757 789 1970 839 Agrifolio,

268 849 491 897 Valentino,
514 848 744 896 Cusentino,
767 848 811 886 de
835 847 992 894 Tureio,
1015 847 1258 895 Florentino,
1280 855 1315 885 et
1336 847 1470 885 multis
1491 848 1597 895 aliis,
1620 848 1739 886 etiam
1761 863 1818 887 me
1841 849 1970 899 inqui-

262 908 379 946 sitore
413 908 584 959 predicto
619 915 794 958 presente
828 915 862 945 et
896 907 1079 944 audiente
1114 914 1148 944 et
1182 906 1409 944 relationem
1444 907 1672 957 requirente,
1710 909 1812 958 quod
1846 908 1971 946 dictus

264 975 450 1006 tractatus
482 967 703 1006 continebat
737 966 847 1004 illius
876 967 941 1005 Rs
961 966 1069 1004 Lulli
1103 965 1418 1016 quamplurimos
1450 966 1597 1004 hereses
1629 976 1663 1005 et
1695 982 1851 1006 errores.
1889 967 1971 1018 Que

265 1027 399 1065 relatio
425 1028 529 1076 facta
554 1036 608 1065 est
635 1027 677 1064 in
704 1026 853 1077 capella
881 1040 980 1063 nova
1008 1025 1051 1075 in
1076 1040 1229 1063 camera
1256 1025 1408 1063 domini
1434 1041 1537 1076 pape
1563 1026 1763 1064 Avinione
1789 1027 1972 1065 Romana

267 1087 480 1134 intitulata,
505 1095 539 1125 et
562 1086 630 1124 hoc
653 1101 759 1124 anno
780 1085 947 1123 Domini
973 1084 1180 1123 millesimo
1205 1085 1467 1123 trecentesimo
1492 1086 1759 1135 nonagesimo,
1786 1086 1971 1124 vicesima

266 1146 327 1184 die
363 1147 508 1184 mensis
540 1146 737 1196 januarii,
774 1144 1031 1196 pontificatus
1067 1144 1231 1194 predicti
1268 1144 1419 1182 domini
1455 1145 1577 1183 nostri
1622 1160 1724 1196 pape
1759 1145 1972 1184 Clementis

265 1220 371 1244 anno
412 1206 649 1244 duodecimo,
1493 1255 1496 1257 μ

318 1265 432 1304 Obiit
449 1265 464 1288 2
484 1265 694 1304 Avenione
715 1279 824 1303 anno
844 1264 1133 1311 MCCCXCIV,
1156 1264 1218 1302 die
1247 1272 1395 1314 quarta
1412 1264 1516 1314 julii,
1537 1272 1584 1302 ut
1604 1265 1778 1319 refertur
1805 1265 1848 1303 in
1866 1265 1970 1303 libro

265 1324 575 1375 Obligationum.
606 1325 729 1363 Miror
755 1332 893 1363 autem
925 1323 1146 1362 Oldoinum
1185 1323 1229 1373 [t.
1258 1338 1299 1371 11,
1329 1324 1402 1362 col.
1433 1323 1532 1374 605]
1561 1324 1802 1374 praetulisse
1830 1338 1970 1363 eorum

267 1384 498 1436 opinionem
519 1384 588 1435 qui
607 1384 792 1423 scribunt
809 1384 925 1422 illum
946 1377 1091 1421 obiisse
1110 1397 1218 1421 anno
1237 1383 1463 1422 MCCCXC.

319 1444 361 1483 P.
382 1444 471 1492 418,
490 1444 557 1494 lig.
577 1443 612 1482 9.
635 1444 805 1482 PETRUS
827 1458 882 1481 DE
903 1443 1117 1481 VERNHIO.
1141 1443 1228 1481 Hoc
1248 1450 1310 1480 est
1328 1457 1472 1481 verum
1490 1443 1576 1492 ejus
1595 1457 1759 1491 nomen,
1780 1443 1968 1493 quamvis

265 1504 333 1542 alii
348 1504 391 1542 in
409 1504 616 1542 diversum
632 1504 818 1541 trahunt.
837 1502 985 1541 Ortum
1002 1516 1096 1540 eum
1114 1517 1132 1540 e
1152 1502 1324 1540 dioecesi
1340 1502 1548 1541 Tutelensi
1565 1502 1696 1540 tradit
1713 1503 1778 1542 hic
1795 1503 1970 1553 scriptor

271 1563 383 1601 Vitae
419 1563 609 1613 Gregorii.
643 1563 836 1613 Superest
866 1576 962 1600 sane
994 1561 1105 1612 apud
1137 1562 1373 1600 Tutelenses
1424 1575 1517 1611 gens
1551 1558 1822 1610 Verniorum,'
1846 1563 1969 1612 vulgo

270 1622 433 1672 Vergne,
463 1623 525 1660 uti
554 1622 680 1661 etiam
710 1636 830 1672 saepe
860 1621 1051 1660 scribitur
1079 1622 1155 1659 hoc
1186 1628 1335 1659 nomen
1364 1621 1406 1658 in
1435 1621 1642 1659 veteribus
1671 1622 1798 1669 libris,
1829 1622 1969 1661 merci-

266 1682 403 1720 monio
422 1690 539 1729 nota3
559 1682 601 1720 in
621 1696 700 1731 qua
720 1689 860 1719 tamen
880 1682 989 1718 nulla
1009 1680 1205 1720 memoria
1225 1688 1409 1731 superest
1427 1680 1544 1718 istius
1565 1680 1794 1720 cardinalis.
1816 1681 1969 1719 Studiis

263 1741 472 1780 literarum
500 1741 613 1780 dedit
639 1755 802 1792 operam
828 1741 870 1778 in
894 1740 1104 1778 academia
1130 1740 1429 1790 Monspeliensi,
1450 1740 1686 1790 sociumque
1710 1740 1790 1779 illie
1815 1740 1969 1779 studio-

265 1815 356 1840 rum
382 1801 529 1839 habuit
559 1801 854 1851 Raynulphum
883 1800 931 1838 de
960 1800 1101 1847 Gorsa,
1129 1808 1273 1850 postea
1302 1799 1563 1838 cardinalem.
1595 1799 1736 1838 Fidem
1764 1800 1886 1850 hujus
1914 1800 1969 1838 rei

268 1860 367 1898 facit
388 1860 496 1899 idem
521 1860 792 1910 Raynulphus
816 1860 857 1897 in
880 1859 1134 1910 depositione
1157 1873 1229 1897 sua
1253 1859 1313 1897 his
1336 1859 1470 1897 verbis
1486 1857 1501 1880 3
1525 1875 1532 1897 :
1557 1858 1660 1896 Cum
1682 1873 1766 1896 vero
1788 1859 1970 1909 applicui

267 1920 446 1967 Romam,
476 1928 510 1957 et
537 1919 618 1957 vidi
648 1920 748 1970 quod
777 1918 889 1957 multi
918 1927 952 1956 et
980 1918 1106 1968 major
1134 1933 1228 1968 pars
1257 1918 1524 1956 cardinalium
1553 1927 1756 1956 recesserat
1783 1919 1835 1956 ad
1860 1918 1969 1956 Ana·

268 1979 416 2029 gniam,
446 1979 580 2017 statim
609 1979 769 2028 cognovi
800 1978 1122 2028 conspirationes.
1155 1979 1206 2015 Et
1235 1978 1392 2015 visitavi
1423 1978 1664 2016 cardinalem
1693 1979 1737 2015 de
1767 1977 1968 2025 Alvernio,

265 2047 300 2077 et
320 2047 476 2088 propter
497 2038 703 2088 antiquam
726 2038 907 2076 notitiam
929 2052 1047 2088 quam
1069 2037 1283 2075 habueram
1306 2052 1390 2075 cum
1416 2052 1456 2074 eo
1481 2037 1524 2074 in
1545 2037 1675 2075 studio
1698 2037 1968 2088 Montipessu-

266 2098 363 2146 lani,
388 2098 622 2147 interrogavi
642 2112 731 2135 eum
752 2106 883 2136 utrum
903 2097 1087 2135 dominus
1109 2106 1235 2135 noster
1255 2105 1349 2134 esset
1370 2111 1481 2136 verus
1500 2112 1622 2147 papa.
1641 2096 1720 2147 Qui
1739 2096 1939 2147 respondit
1960 2112 1967 2134 :

267 2157 374 2195 Certe
404 2172 471 2207 ego
503 2158 634 2195 vellem
665 2158 766 2207 quod
795 2165 828 2195 te
856 2157 1008 2206 fecisset
1038 2156 1291 2195 cardinalem.
1328 2157 1412 2194 Illic
1443 2170 1536 2207 ergo
1567 2157 1701 2194 factus
1733 2164 1795 2194 est
1826 2156 1970 2194 doctor

267 2217 523 2256 decretorum
541 2217 570 2265 4,
616 2217 679 2255 uti
725 2224 899 2255 vocatur
944 2217 985 2254 in
1033 2218 1140 2255 calce
1187 2217 1372 2254 Actorum
1405 2215 1563 2254 concilii
1593 2215 1811 2253 Vaurensis
1845 2215 1971 2254 trium

266 2276 584 2327 provinciarum.
1309 2317 1315 2323 ,

318 2335 437 2374 Anno
460 2336 783 2374 MCCCLXVIII
806 2335 995 2374 interfuit
1017 2335 1188 2374 concilio
1211 2334 1422 2373 Vaurensi.
1450 2334 1503 2371 Et
1525 2342 1614 2372 erat
1636 2342 1727 2371 turn
1750 2334 1969 2372 canonicus

267 2395 555 2434 Narbonensis.
585 2395 687 2433 Vide
714 2394 896 2433 Consilia
928 2394 1081 2432 Galliae
1108 2394 1394 2440 Narbonensis,
1423 2408 1461 2444 p.
1491 2393 1578 2432 292.

322 2455 367 2492 In
392 2462 643 2494 testamento
670 2454 874 2503 Aymerici
901 2454 948 2492 de
975 2454 1184 2492 Montibus
1211 2453 1390 2504 episcopi
1417 2452 1699 2500 pictaviensis,
1727 2451 1838 2502 quod
1861 2466 1970 2489 anno

265 2513 524 2552 MCCCLXX
556 2513 769 2552 conditum
799 2522 862 2552 est
892 2513 955 2552 die
986 2513 1203 2552 undecima
1234 2512 1386 2559 martii,
1418 2512 1476 2550 ita
1507 2512 1707 2562 scriptum
1737 2519 1799 2550 est
1831 2527 1838 2549 :
1874 2511 1971 2549 Item

265 2574 443 2611 volumus
466 2574 567 2623 quod
587 2573 623 2611 si
647 2573 804 2611 domino
827 2573 941 2611 Petro
966 2573 1009 2610 de
1037 2572 1070 2610 V
1073 2572 1223 2621 ergnia,
1249 2572 1436 2610 canonico
1459 2570 1699 2619 Pictavensi,
1723 2569 1970 2620 satisfactum

266 2647 344 2669 non
371 2632 489 2676 fuerit
518 2632 758 2681 integraliter
784 2646 853 2682 per
881 2632 1087 2670 dominum
1113 2632 1276 2669 Petrum
1296 2630 1494 2668 Dameloti
1518 2631 1562 2668 de
1583 2638 1684 2668 certa
1701 2644 1859 2667 summa
1880 2630 1970 2667 auri

267 2692 309 2728 in
332 2706 407 2741 qua
429 2692 509 2729 sibi
532 2700 718 2739 tenemur,
743 2692 787 2730 de
810 2706 886 2741 qua
908 2706 977 2741 per
999 2691 1152 2729 literam
1174 2704 1366 2741 apparere
1388 2689 1525 2740 possit,
1548 2688 1668 2739 super
1693 2689 1804 2727 bonis
1829 2689 1970 2726 nostris

266 2751 467 2788 residuum
492 2751 736 2801 suppleatur.
767 2751 937 2788 Editum
964 2758 1025 2789 est
1051 2750 1103 2788 ab
1131 2750 1293 2788 Andrea
1323 2749 1555 2788 Duchesnio
1579 2748 1687 2787 inter
1712 2747 1970 2786 Probationes

266 2809 448 2848 historiae
477 2810 773 2857 Castaneorum,
803 2825 841 2860 p.
873 2810 934 2848 89.

313 2951 344 2984 1.
375 2951 414 2984 Β.
447 2951 504 2991 N.‚
534 2964 601 2985 ms.
631 2952 726 2984 latin
754 2951 859 2993 1464,
889 2952 951 2985 fol.
983 2953 1027 2986 72
1056 2957 1106 2985 v0.

314 3004 344 3036 2.
375 3003 444 3037 Sur
473 3004 683 3038 Guillaume
715 3005 875 3046 Noellet,
905 3005 986 3038 voir
1016 3005 1059 3039 N.
1089 3005 1215 3038 Valois
1240 3006 1279 3049 (t.
1299 3017 1337 3044 11,
1360 3016 1393 3048 p.
1416 3004 1514 3048 498).

315 3057 346 3089 3.
372 3057 412 3089 B.
440 3057 497 3097 N.,
522 3069 589 3091 ms.
615 3058 710 3091 latin
733 3058 863 3099 11745,
888 3059 950 3092 fol.
976 3059 1021 3091 74
1044 3063 1087 3091 r0.

315 3110 347 3141 4.
378 3110 465 3142 Fuit
492 3111 642 3143 auditor
667 3112 760 3144 sacri
788 3111 937 3155 palatii;
964 3111 1184 3150 Bellamera,
1209 3111 1342 3147 Decis..
1372 3111 1439 3144 657
1478 3109 1626 3153 [Baluze
1639 3109 1662 3148 1.
