2083 3458
101 206 218 264 [860]
628 223 845 249 PAPARUM
881 221 1267 248 AVENIONENSIUM
1709 205 1796 247 369

147 307 189 344 Ρ.
215 306 304 353 244,
326 305 392 356 lig.
419 305 453 343 7.
480 306 906 344 DEAMBULATORIUM.
935 306 1048 344 Idem
1071 306 1253 344 Clemens
1280 305 1320 343 in
1352 305 1494 344 eadem
1509 304 1735 349 >Collatione
1752 305 1793 343 1:

90 358 205 404 >Sicut
223 365 330 402 enim
349 364 534 402 relatione
555 365 765 402 multorum
786 364 1013 412 didicimus,
1030 365 1163 402 statim
1177 379 1265 402 cum
1283 379 1352 414 per
1369 379 1430 401 eos
1447 372 1602 402 vocatus
1623 364 1726 402 venit
1745 365 1796 402 ad

93 423 295 474 gayphum
330 423 387 461 vel
421 423 775 460 deambulatorium
820 424 920 473 quod
953 432 1008 461 est
1051 431 1140 461 ante
1175 437 1382 471 cameram,
1418 423 1544 473 aliqui
1579 431 1795 473 posuerunt

93 497 236 520 manus
253 483 305 520 ad
321 496 375 529 os,
396 490 437 519 ut
454 482 621 519 clamare
640 496 719 519 non
736 491 876 531 posset,
895 490 929 520 et
948 483 1002 520 ita
1021 482 1303 532 impresserunt
1321 482 1408 519 illos
1428 482 1635 531 ganteletos
1651 482 1794 531 ferreos

91 541 195 579 circa
218 555 259 578 os
282 540 368 590 ejus
393 541 494 590 quod
516 540 634 578 etiam
659 541 823 589 vestigia
847 549 880 578 et
904 541 1101 578 cicatrices
1125 549 1211 590 post
1236 549 1393 579 mortem
1417 541 1679 579 ostendebant.
1706 541 1794 578 Alii

84 614 176 637 vero
198 599 336 649 sunem
361 599 404 637 in
428 599 522 637 collo
546 607 762 649 posuerunt
787 608 827 637 ut
850 600 1142 649 strangularent
1166 614 1267 647 eum,
1292 600 1394 637 sicut
1416 600 1535 637 etiam
1559 599 1794 637 characteres

91 667 177 708 post
195 666 353 696 mortem
371 658 633 696 ostendebant.
654 658 741 695 Alii
761 672 846 695 vero
865 667 1089 708 receperunt
1106 673 1193 696 eum
1212 673 1281 708 per
1299 658 1489 707 genitalia
1507 666 1540 696 et
1558 659 1652 696 adeo
1670 667 1793 696 traxe-

91 725 183 755 runt
201 718 303 768 quod
321 717 434 755 multi
454 717 520 767 qui
540 715 720 754 dicebant
738 731 777 754 se
796 717 940 754 vidisse
971 718 1183 755 retulerunt
1202 717 1321 755 michi
1343 718 1444 767 quod
1470 717 1795 756 transcendebant

86 791 232 826 genua.
268 776 356 813 Alii
389 776 555 826 capillos
588 776 632 813 de
666 776 793 825 capite
826 776 1060 814 evulserunt.
1097 776 1184 813 Alii
1218 790 1306 813 eum
1342 776 1384 813 in
1417 784 1575 826 pratum
1609 776 1794 814 trahendo

90 835 346 885 projecerunt.
376 835 464 872 Alii
490 834 626 872 dicunt
651 835 752 884 quod
776 849 864 872 cum
889 834 984 883 sune
1010 849 1098 872 cum
1124 849 1200 884 qua
1225 849 1313 872 eum
1338 831 1680 884 strangulaverarit
1705 849 1794 873 eum

90 894 204 944 quasi
221 908 460 943 suspensum
478 894 521 931 in
538 901 697 943 pratum
714 893 970 943 projecerunt.
991 893 1078 930 Alii
1107 908 1226 943 super
1256 908 1342 931 eum
1362 908 1450 931 cum
1474 894 1639 942 genibus
1660 908 1792 931 ascen-

89 953 241 1000 derunt,
266 961 300 990 et
323 967 411 990 eum
438 966 556 1002 usque
580 953 632 990 ad
655 952 967 1002 compassionem
991 952 1117 989 cordis
1142 960 1430 1002 oppresserunt.
1457 953 1508 990 Et
1531 953 1668 990 audivi
1694 953 1795 1002 quod

85 1011 208 1049 etiam
238 1011 282 1049 de
312 1011 380 1049 hoc
411 1011 576 1060 vestigia
605 1011 774 1049 exterius
804 1011 1063 1061 apparebant.
1097 1011 1194 1048 Fuit
1223 1011 1341 1049 etiam
1374 1011 1486 1049 nobis
1517 1011 1663 1049 dictum
1694 1012 1795 1061 quod

89 1071 267 1108 volebant
284 1085 372 1108 eum
391 1070 580 1120 projicere
600 1070 643 1107 in
662 1078 824 1120 puteum
843 1066 1100 1120 profundum,
1120 1070 1221 1107 sicut
1240 1070 1434 1119 projectus
1451 1070 1579 1119 suerat
1600 1071 1663 1108 ille
1681 1085 1792 1108 sanc-

91 1137 152 1167 tus
175 1130 369 1167 Jeremias
390 1129 433 1166 in
450 1129 614 1178 foveam,
635 1137 670 1167 et
688 1137 821 1179 postea
841 1129 964 1166 dicere
984 1129 1085 1178 quod
1105 1129 1224 1166 iverat
1243 1137 1349 1166 entra
1369 1142 1532 1177 regnum
1557 1129 1601 1166 de
1629 1129 1793 1166 consilio

84 1188 313 1238 aliquorum
351 1188 529 1238 fidelium
565 1188 658 1235 sibi,
697 1188 763 1238 qui
801 1188 1081 1238 disposuerunt
1117 1196 1250 1237 postea
1287 1202 1422 1237 capere
1458 1196 1491 1225 et
1529 1188 1674 1225 mittere
1711 1188 1793 1237 regi

94 1247 271 1296 Ungarie
291 1247 464 1297 captivos
483 1262 528 1285 ac
547 1248 583 1284 si
602 1247 746 1284 scirent
766 1247 835 1284 ubi
855 1255 991 1284 essent.
1014 1247 1065 1284 Et
1084 1246 1152 1283 hoc
1172 1247 1423 1296 perfecissent
1444 1247 1523 1284 nisi
1546 1247 1680 1284 nutrix
1699 1247 1793 1284 dicti

86 1306 193 1355 regis
221 1306 339 1344 citius
367 1306 606 1344 occurrisset.

143 1365 186 1403 Ρ.
213 1365 301 1413 244,
326 1365 392 1415 lig.
420 1365 480 1403 18.
511 1365 558 1402 IN
580 1379 665 1410 QUO
693 1379 885 1403 DISCANT.
905 1364 1086 1403 Similem
1104 1363 1185 1402 fere
1205 1364 1529 1402 admonitionem
1552 1364 1680 1413 legere
1699 1364 1793 1402 lieet

88 1424 199 1474 apud
217 1424 496 1471 Petrarcham‚
511 1424 580 1462 lib.
600 1424 705 1461 XIX
720 1424 809 1462 Rer.
824 1423 1034 1473 familiar„
1051 1422 1168 1473 epist.
1185 1437 1243 1469 lx,
1260 1423 1300 1460 in
1317 1437 1396 1472 qua
1412 1423 1581 1472 loquens
1598 1423 1646 1461 de
1662 1431 1792 1461 morte

90 1482 237 1521 Marini
262 1483 437 1521 Phalerii
461 1483 575 1521 ducis
591 1483 857 1530 Venetorum,
883 1496 1005 1532 quem
1033 1482 1182 1520 Veneti
1217 1482 1259 1519 in
1290 1482 1378 1532 ipso
1411 1481 1555 1531 palatii
1588 1482 1792 1520 vestibulo

84 1541 355 1590 -decollarant,
381 1543 439 1580 ait
466 1558 473 1580 :
496 1542 679 1580 Ducibus
703 1542 770 1592 qui
794 1556 865 1591 pro
889 1549 1057 1591 tempore
1079 1541 1229 1590 suerint
1252 1541 1358 1578 edico
1383 1541 1556 1590 positum
1587 1541 1667 1577 sibi
1700 1555 1794 1590 prae

83 1600 212 1638 *oculis
232 1601 436 1651 speculum
456 1601 585 1639 sciant
606 1601 675 1639 ubi
697 1601 854 1638 videant
872 1615 912 1638 se
933 1601 1048 1638 duces
1069 1614 1149 1637 esse
1171 1614 1249 1637 non
1271 1599 1450 1637 dominos
1480 1597 1599 1636 immo
1621 1614 1705 1636 vero
1728 1613 1794 1637 nec

89 1660 216 1707 duces,
242 1660 310 1698 sed
332 1660 538 1698 honoratos
564 1660 620 1697 rei
645 1659 827 1710 publicae
851 1673 979 1697 servos
1003 1673 1096 1697 esse.
1124 1659 1351 1696 Canonicus
1376 1658 1605 1696 Bunnensis
1631 1658 1671 1696 in
1703 1658 1795 1695 Vita

88 1718 294 1768 Bonifacii
322 1719 435 1756 VIII
456 1719 532 1758 sub
559 1719 681 1757 finem
699 1718 738 1757 ²:
764 1719 893 1768 Super
918 1717 1053 1769 ipsum
1077 1719 1205 1768 itaque
1231 1717 1502 1767 Bonisacium,
1526 1717 1592 1767 qui
1614 1732 1720 1766 reges
1749 1731 1794 1754 ac

84 1778 200 1827 ponti
204 1778 295 1827 fices
313 1786 347 1816 et
365 1778 569 1827 religiosos
588 1778 806 1828 clerumque
825 1786 859 1815 et
877 1777 1072 1828 populum
1090 1785 1238 1814 orrente
1257 1785 1413 1814 tremere
1431 1776 1572 1826 jecerat
1589 1784 1623 1813 et
1641 1790 1793 1826 pavere,

89 1844 243 1886 repente
267 1837 382 1875 timor
406 1852 451 1875 ac
475 1845 615 1875 tremor
638 1852 683 1875 ac
707 1837 814 1874 dolor
840 1851 922 1874 una
945 1836 1008 1874 die
1032 1836 1180 1886 pariter
1206 1836 1406 1873 irruerunt
1429 1850 1647 1885 aurumque
1672 1835 1794 1872 nimis

87 1895 248 1934 scitiens
263 1911 407 1934 aurum
423 1896 595 1946 perdidit
609 1904 643 1933 et
658 1896 885 1934 thesaurum
902 1903 942 1933 ut
957 1895 1042 1944 ejus
1058 1895 1229 1944 exemplo
1249 1895 1402 1932 discant
1415 1894 1637 1944 superiores
1652 1893 1793 1944 prelati

91 1968 169 1991 non
193 1955 359 2005 superbe
384 1955 583 1993 dominari
610 1955 652 1992 in
677 1955 774 1992 clero
799 1963 832 1992 et
856 1955 1017 2004 populo,
1042 1955 1110 1992 sed
1131 1954 1260 2003 forma
1283 1953 1410 1991 sancti
1437 1953 1565 2002 gregis
1589 1967 1635 1990 ex
1658 1952 1793 1990 animo

86 2028 226 2051 curam
249 2028 376 2063 gerere
397 2013 648 2052 subditarum
670 2014 836 2064 plusque
858 2013 987 2051 amari
1010 2021 1199 2063 appetant
1222 2027 1339 2062 quam
1362 2012 1503 2050 timeri.

145 2072 187 2110 P.
212 2072 301 2120 244,
322 2073 388 2123 lig.
412 2072 473 2111 28.
499 2073 759 2111 Pnocnssns.
785 2072 997 2110 Sciendum
1019 2072 1120 2122 quod
1142 2072 1184 2109 in
1205 2072 1267 2109 die
1289 2071 1473 2108 mercurii
1494 2070 1625 2120 prima
1648 2069 1793 2107 mensis

88 2130 284 2179 februarii
308 2132 565 2182 pontificatus
588 2132 741 2170 domini
773 2131 986 2169 Clementis
1009 2145 1139 2181 papae
1167 2130 1228 2167 VI
1250 2145 1355 2167 anno
1380 2138 1514 2179 quarto
1541 2129 1681 2179 [1346]
1710 2128 1794 2178 ipse

86 2190 275 2228 dominus
301 2205 411 2241 papa
435 2191 527 2240 fecit
553 2191 740 2241 quosdam
766 2205 970 2240 processus
998 2190 1194 2239 generales
1221 2189 1494 2239 praesentibus
1521 2187 1793 2225 cardinalibus

86 2256 125 2286 et
150 2248 194 2286 in
219 2249 378 2299 publico
404 2258 536 2287 contra
563 2250 821 2299 interfectores
850 2249 970 2286 bonae
997 2248 1204 2286 memoriae
1230 2247 1382 2285 domini
1407 2247 1602 2293 Andreae,
1631 2246 1794 2283 Siciliae

93 2308 196 2356 regis
227 2308 406 2347 illustris.
438 2309 670 2346 Notandum
699 2317 829 2346 tamen
859 2309 960 2358 quod
988 2307 1262 2345 cardinalibus
1288 2306 1373 2356 (sic)
1400 2320 1478 2343 non
1507 2313 1616 2342 erant
1645 2304 1790 2355 parati,

91 2367 159 2403 sed
180 2381 268 2404 cum
291 2367 432 2418 cappis
454 2367 581 2405 laneis
603 2375 756 2405 tantum
778 2382 849 2417 pro
872 2381 913 2404 eo
936 2367 1030 2417 quia
1053 2366 1199 2416 fiebant
1218 2379 1421 2415 processus
1443 2364 1638 2413 generales
1661 2371 1792 2400 contra

93 2425 257 2463 incertos
275 2435 309 2464 et
327 2441 406 2464 non
424 2426 646 2464 nominatos
666 2426 863 2476 (Gattico,
883 2426 983 2463 Acta
1000 2425 1149 2471 selecta,
1170 2439 1207 2474 p.
1229 2424 1307 2472 50).
1331 2424 1403 2461 Les
1423 2430 1632 2461 sentences
1657 2421 1791 2471 ponti-

96 2483 230 2522 ficales
254 2493 348 2523 sont
370 2485 471 2525 dans
491 2486 533 2524 F.
556 2485 747 2533 Cerasoli,
765 2484 959 2523 Clemente
984 2484 1074 2521 VIe
1098 2483 1305 2520 Giowanna
1324 2482 1344 2519 I
1359 2482 1399 2519 di
1416 2481 1566 2531 Napoli
1588 2478 1791 2530 (Archivio

91 2543 231 2580 storico
258 2559 326 2593 per
351 2544 384 2581 le
409 2545 609 2594 provincie
635 2544 894 2594 Napoletane‚
921 2551 951 2581 t.
981 2557 1069 2589 xxi,
1099 2557 1137 2592 p.
1167 2540 1369 2589 438-453).

148 2602 190 2641 P.
208 2602 296 2649 245,
311 2602 378 2653 lig.
395 2603 430 2641 5.
446 2603 726 2641 BERNARDUM
745 2617 799 2640 DE
816 2601 964 2648 ALBIA,
976 2602 1098 2650 vulgo
1115 2600 1272 2639 dietum.
1287 2599 1532 2637 cardinalem
1554 2598 1790 2635 Ruthenen-

94 2674 190 2699 sem.
245 2661 364 2699 Illum
412 2662 594 2700 Clemens
643 2662 701 2699 VI
749 2661 790 2698 in
841 2660 1084 2710 Hispaniam
1132 2659 1476 2696 Tarraconensem
1525 2656 1635 2695 misit
1683 2670 1789 2693 anno

96 2719 394 2768 MCCCXLIII,
418 2735 442 2757 v
463 2720 553 2758 idus
577 2720 639 2770 [9]
662 2720 780 2770 junii,
802 2728 849 2757 ut
871 2727 1034 2757 constat
1055 2732 1105 2756 ex
1126 2717 1211 2767 ejus
1234 2716 1359 2754 literis
1392 2716 1444 2753 ad
1467 2716 1635 2753 Petrum
1655 2728 1790 2763 regem

95 2777 365 2828 Arragonum,
395 2793 569 2828 quarum
595 2787 756 2829 partem
783 2778 911 2816 edidit
939 2777 1136 2815 Odoricus
1166 2775 1419 2824 Raynafflus,
1444 2788 1507 2812 an.
1540 2773 1653 2820 1343,
1682 2773 1698 2821 ἓ
1726 2772 1787 2810 28.

97 2837 151 2874 Et
174 2838 363 2886 quamvis
394 2846 485 2876 tum
508 2838 549 2875 in
576 2838 762 2876 Romana
788 2837 898 2874 curia
924 2850 1010 2873 mos
1035 2843 1140 2873 esset
1164 2842 1210 2871 ut
1241 2833 1515 2871 cardinalibus
1545 2831 1688 2881 legatis
1718 2839 1790 2868 aut

58 2916 63 2922 ·
95 2895 252 2934 nunciis
278 2896 389 2934 Sedis
414 2896 662 2946 apostolicae
687 2895 900 2934 destinatis
926 2894 1092 2932 daretur
1115 2892 1262 2930 mensis
1287 2893 1338 2929 ad
1360 2891 1578 2941 parendum
1601 2905 1640 2927 se
1663 2898 1697 2927 et
1722 2890 1790 2927 iter

144 3026 176 3058 1.
200 3025 463 3069 Bibliotheque
487 3025 859 3063 Sainte-Cenevieve,
884 3035 950 3056 ms.
976 3022 1058 3061 240,
1083 3022 1145 3055 fol.
1171 3021 1240 3054 364
1265 3025 1315 3054 v0.
1360 3042 1363 3044 ψ

149 3079 180 3110 2.
211 3079 250 3111 B.
275 3077 333 3121 N„
353 3089 420 3110 ms.
450 3077 546 3111 latin
573 3077 719 3115 49310,
747 3076 809 3110 fol.
840 3077 961 3109 15310.
