<?xml version="1.0" encoding="UTF-8"?>
<!DOCTYPE html PUBLIC "-//W3C//DTD XHTML 1.0 Transitional//EN"
    "http://www.w3.org/TR/xhtml1/DTD/xhtml1-transitional.dtd">
<html xmlns="http://www.w3.org/1999/xhtml" xml:lang="en" lang="en">
 <head>
  <title>
</title>
<meta http-equiv="Content-Type" content="text/html;charset=utf-8" />
  <meta name='ocr-system' content='tesseract 3.04.00' />
  <meta name='ocr-capabilities' content='ocr_page ocr_carea ocr_par ocr_line ocrx_word'/>
</head>
<body>
  <div class='ocr_page' id='page_1' title='image "./vitaepaparumaven02balu_0880.png"; bbox 0 0 2083 3458; ppageno 0'>
   <div class='ocr_carea' id='block_1_1' title="bbox 233 232 1946 287">
    <p class='ocr_par' dir='ltr' id='par_1_1' title="bbox 233 232 1946 287">
     <span class='ocr_line' id='line_1_1' title="bbox 233 232 1946 287; baseline 0 -14"><span class='ocrx_word' id='word_1_1' title='bbox 233 232 313 273; x_wconf 74' lang='grc'>370</span> <span class='ocrx_word' id='word_1_2' title='bbox 881 248 1034 274; x_wconf 80' lang='lat' dir='ltr'>NOTAE</span> <span class='ocrx_word' id='word_1_3' title='bbox 1068 249 1129 273; x_wconf 84' lang='lat' dir='ltr'>AD</span> <span class='ocrx_word' id='word_1_4' title='bbox 1164 249 1292 274; x_wconf 80' lang='lat' dir='ltr'>VITAs</span> <span class='ocrx_word' id='word_1_5' title='bbox 1791 232 1946 287; x_wconf 79' lang='grc'>[1356]</span> 
     </span>
    </p>
   </div>
   <div class='ocr_carea' id='block_1_2' title="bbox 230 328 1968 3005">
    <p class='ocr_par' dir='ltr' id='par_1_2' title="bbox 230 328 1949 501">
     <span class='ocr_line' id='line_1_2' title="bbox 230 328 1948 382; baseline 0.001 -15"><span class='ocrx_word' id='word_1_6' title='bbox 230 329 498 380; x_wconf 77' lang='lat' dir='ltr'>inscriptione</span> <span class='ocrx_word' id='word_1_7' title='bbox 521 329 738 380; x_wconf 86' lang='lat' dir='ltr'>supposita</span> <span class='ocrx_word' id='word_1_8' title='bbox 760 328 869 368; x_wconf 87' lang='lat' dir='ltr'>iconi</span> <span class='ocrx_word' id='word_1_9' title='bbox 890 330 978 380; x_wconf 86' lang='lat' dir='ltr'>ejus</span> <span class='ocrx_word' id='word_1_10' title='bbox 1001 331 1114 382; x_wconf 88' lang='lat' dir='ltr'>apud</span> <span class='ocrx_word' id='word_1_11' title='bbox 1137 330 1421 370; x_wconf 81' lang='lat' dir='ltr'>dominicanos</span> <span class='ocrx_word' id='word_1_12' title='bbox 1446 330 1691 379; x_wconf 88' lang='lat' dir='ltr'>Annissiaci,</span> <span class='ocrx_word' id='word_1_13' title='bbox 1715 345 1820 381; x_wconf 88' lang='lat' dir='ltr'>quae</span> <span class='ocrx_word' id='word_1_14' title='bbox 1852 338 1948 382; x_wconf 90' lang='lat' dir='ltr'>post</span> 
     </span>
     <span class='ocr_line' id='line_1_3' title="bbox 231 388 1949 453; baseline 0.001 -26"><span class='ocrx_word' id='word_1_15' title='bbox 231 389 391 427; x_wconf 84' lang='lat' dir='ltr'>editum</span> <span class='ocrx_word' id='word_1_16' title='bbox 407 389 688 439; x_wconf 78' lang='lat' dir='ltr'>fragmentum</span> <span class='ocrx_word' id='word_1_17' title='bbox 704 403 755 427; x_wconf 82' lang='lat' dir='ltr'>ex</span> <span class='ocrx_word' id='word_1_18' title='bbox 769 388 942 428; x_wconf 88' lang='lat' dir='ltr'>historia</span> <span class='ocrx_word' id='word_1_19' title='bbox 959 388 1128 428; x_wconf 90' lang='lat' dir='ltr'>Monodi</span> <span class='ocrx_word' id='word_1_20' title='bbox 1142 390 1346 442; x_wconf 88' lang='lat' dir='ltr'>reperitur</span> <span class='ocrx_word' id='word_1_21' title='bbox 1361 390 1469 429; x_wconf 90' lang='lat' dir='ltr'>inter</span> <span class='ocrx_word' id='word_1_22' title='bbox 1485 391 1650 429; x_wconf 88' lang='lat' dir='ltr'>easdem</span> <span class='ocrx_word' id='word_1_23' title='bbox 1664 391 1949 453; x_wconf 79' lang='lat' dir='ltr'>probationes,</span> 
     </span>
     <span class='ocr_line' id='line_1_4' title="bbox 233 448 1766 501; baseline 0.001 -14"><span class='ocrx_word' id='word_1_24' title='bbox 233 449 385 487; x_wconf 87' lang='lat' dir='ltr'>dicitur</span> <span class='ocrx_word' id='word_1_25' title='bbox 411 448 558 487; x_wconf 91' lang='lat' dir='ltr'>obiisse</span> <span class='ocrx_word' id='word_1_26' title='bbox 585 448 798 487; x_wconf 89' lang='lat' dir='ltr'>Avenione</span> <span class='ocrx_word' id='word_1_27' title='bbox 824 457 865 487; x_wconf 89' lang='lat' dir='ltr'>et</span> <span class='ocrx_word' id='word_1_28' title='bbox 890 449 972 489; x_wconf 89' lang='lat' dir='ltr'>illic</span> <span class='ocrx_word' id='word_1_29' title='bbox 997 450 1219 501; x_wconf 88' lang='lat' dir='ltr'>sepultus</span> <span class='ocrx_word' id='word_1_30' title='bbox 1209 465 1251 488; x_wconf 89' lang='grc'>111</span> <span class='ocrx_word' id='word_1_31' title='bbox 1276 449 1446 489; x_wconf 90' lang='lat' dir='ltr'>basilica</span> <span class='ocrx_word' id='word_1_32' title='bbox 1473 450 1615 489; x_wconf 81' lang='lat' dir='ltr'>Sancti</span> <span class='ocrx_word' id='word_1_33' title='bbox 1641 450 1766 489; x_wconf 87' lang='lat' dir='ltr'>Petri.</span> 
     </span>
    </p>

    <p class='ocr_par' dir='ltr' id='par_1_3' title="bbox 233 507 1951 740">
     <span class='ocr_line' id='line_1_5' title="bbox 290 507 1948 560; baseline 0.001 -14"><span class='ocrx_word' id='word_1_34' title='bbox 290 509 335 546; x_wconf 94' lang='lat' dir='ltr'>In</span> <span class='ocrx_word' id='word_1_35' title='bbox 362 507 568 546; x_wconf 86' lang='lat' dir='ltr'>breviario</span> <span class='ocrx_word' id='word_1_36' title='bbox 594 508 783 547; x_wconf 82' lang='lat' dir='ltr'>sessionis</span> <span class='ocrx_word' id='word_1_37' title='bbox 812 523 882 547; x_wconf 85' lang='lat' dir='ltr'>XLI</span> <span class='ocrx_word' id='word_1_38' title='bbox 909 509 1070 549; x_wconf 89' lang='lat' dir='ltr'>concilii</span> <span class='ocrx_word' id='word_1_39' title='bbox 1096 509 1440 558; x_wconf 87' lang='lat' dir='ltr'>Constantiensis,</span> <span class='ocrx_word' id='word_1_40' title='bbox 1466 510 1508 548; x_wconf 90' lang='lat' dir='ltr'>in</span> <span class='ocrx_word' id='word_1_41' title='bbox 1535 524 1616 560; x_wconf 88' lang='lat' dir='ltr'>qua</span> <span class='ocrx_word' id='word_1_42' title='bbox 1642 519 1785 549; x_wconf 90' lang='lat' dir='ltr'>actum</span> <span class='ocrx_word' id='word_1_43' title='bbox 1811 518 1874 549; x_wconf 88' lang='lat' dir='ltr'>est</span> <span class='ocrx_word' id='word_1_44' title='bbox 1899 510 1948 548; x_wconf 89' lang='lat' dir='ltr'>de</span> 
     </span>
     <span class='ocr_line' id='line_1_6' title="bbox 233 567 1951 619; baseline 0.001 -13"><span class='ocrx_word' id='word_1_45' title='bbox 233 568 432 607; x_wconf 76' lang='lat' dir='ltr'>electione</span> <span class='ocrx_word' id='word_1_46' title='bbox 459 567 621 606; x_wconf 88' lang='lat' dir='ltr'>romani</span> <span class='ocrx_word' id='word_1_47' title='bbox 649 568 875 619; x_wconf 84' lang='lat' dir='ltr'>pontificis,</span> <span class='ocrx_word' id='word_1_48' title='bbox 905 569 953 607; x_wconf 92' lang='lat' dir='ltr'>de</span> <span class='ocrx_word' id='word_1_49' title='bbox 984 570 1145 608; x_wconf 90' lang='lat' dir='ltr'>Joanne</span> <span class='ocrx_word' id='word_1_50' title='bbox 1172 570 1220 608; x_wconf 90' lang='lat' dir='ltr'>de</span> <span class='ocrx_word' id='word_1_51' title='bbox 1245 569 1447 608; x_wconf 88' lang='lat' dir='ltr'>Broniaco</span> <span class='ocrx_word' id='word_1_52' title='bbox 1474 570 1680 609; x_wconf 85' lang='lat' dir='ltr'>cardinale</span> <span class='ocrx_word' id='word_1_53' title='bbox 1704 567 1951 617; x_wconf 83' lang='lat' dir='ltr'>Vivariensi,</span> 
     </span>
     <span class='ocr_line' id='line_1_7' title="bbox 234 627 1948 680; baseline 0.001 -15"><span class='ocrx_word' id='word_1_54' title='bbox 234 628 291 666; x_wconf 90' lang='lat' dir='ltr'>ita</span> <span class='ocrx_word' id='word_1_55' title='bbox 311 628 563 666; x_wconf 87' lang='lat' dir='ltr'>adnotatum</span> <span class='ocrx_word' id='word_1_56' title='bbox 582 636 643 666; x_wconf 92' lang='lat' dir='ltr'>est</span> <span class='ocrx_word' id='word_1_57' title='bbox 662 627 896 677; x_wconf 86' lang='lat' dir='ltr'>antiquitus</span> <span class='ocrx_word' id='word_1_58' title='bbox 915 628 957 667; x_wconf 89' lang='lat' dir='ltr'>in</span> <span class='ocrx_word' id='word_1_59' title='bbox 975 629 1159 679; x_wconf 84' lang='lat' dir='ltr'>margine</span> <span class='ocrx_word' id='word_1_60' title='bbox 1180 646 1187 668; x_wconf 91' lang='lat'>:</span> <span class='ocrx_word' id='word_1_61' title='bbox 1210 630 1289 667; x_wconf 88' lang='lat' dir='ltr'>Iste</span> <span class='ocrx_word' id='word_1_62' title='bbox 1312 629 1563 668; x_wconf 68' lang='lat' dir='ltr'>Vivariensis</span> <span class='ocrx_word' id='word_1_63' title='bbox 1580 629 1801 668; x_wconf 85' lang='lat' dir='ltr'>cardinalis</span> <span class='ocrx_word' id='word_1_64' title='bbox 1818 629 1948 680; x_wconf 80' lang='lat' dir='ltr'>sepul¹</span> 
     </span>
     <span class='ocr_line' id='line_1_8' title="bbox 235 686 1561 740; baseline 0.003 -16"><span class='ocrx_word' id='word_1_65' title='bbox 235 696 296 725; x_wconf 91' lang='lat' dir='ltr'>tus</span> <span class='ocrx_word' id='word_1_66' title='bbox 313 695 369 724; x_wconf 87' lang='lat' dir='ltr'>est</span> <span class='ocrx_word' id='word_1_67' title='bbox 393 686 591 725; x_wconf 85' lang='lat' dir='ltr'>Gebennis</span> <span class='ocrx_word' id='word_1_68' title='bbox 605 687 653 725; x_wconf 84' lang='lat' dir='ltr'>-in</span> <span class='ocrx_word' id='word_1_69' title='bbox 671 688 847 738; x_wconf 87' lang='lat' dir='ltr'>capitulo</span> <span class='ocrx_word' id='word_1_70' title='bbox 866 687 1008 727; x_wconf 86' lang='lat' dir='ltr'>Nostre</span> <span class='ocrx_word' id='word_1_71' title='bbox 1022 688 1209 738; x_wconf 81' lang='lat' dir='ltr'>Domine,</span> <span class='ocrx_word' id='word_1_72' title='bbox 1228 704 1347 740; x_wconf 82' lang='lat' dir='ltr'>quam</span> <span class='ocrx_word' id='word_1_73' title='bbox 1361 689 1561 740; x_wconf 65' lang='lat' dir='ltr'>fundavit.</span> 
     </span>
    </p>

    <p class='ocr_par' dir='ltr' id='par_1_4' title="bbox 236 746 1953 1095">
     <span class='ocr_line' id='line_1_9' title="bbox 296 746 1953 804; baseline 0.001 -20"><span class='ocrx_word' id='word_1_74' title='bbox 296 748 340 785; x_wconf 89' lang='lat' dir='ltr'>P.</span> <span class='ocrx_word' id='word_1_75' title='bbox 372 746 463 795; x_wconf 88' lang='lat'>493,</span> <span class='ocrx_word' id='word_1_76' title='bbox 492 746 559 797; x_wconf 88' lang='lat' dir='ltr'>lig.</span> <span class='ocrx_word' id='word_1_77' title='bbox 589 747 650 785; x_wconf 97' lang='lat'>19.</span> <span class='ocrx_word' id='word_1_78' title='bbox 682 748 827 786; x_wconf 80' lang='lat' dir='ltr'>DAvis.</span> <span class='ocrx_word' id='word_1_79' title='bbox 853 748 1004 787; x_wconf 80' lang='lat' dir='ltr'>Baluze</span> <span class='ocrx_word' id='word_1_80' title='bbox 1026 763 1047 786; x_wconf 89' lang='lat' dir='ltr'>a</span> <span class='ocrx_word' id='word_1_81' title='bbox 1077 749 1230 804; x_wconf 81' lang='lat' dir='ltr'>adopte</span> <span class='ocrx_word' id='word_1_82' title='bbox 1252 750 1290 787; x_wconf 93' lang='lat' dir='ltr'>la</span> <span class='ocrx_word' id='word_1_83' title='bbox 1315 750 1506 788; x_wconf 88' lang='lat' dir='ltr'>variante</span> <span class='ocrx_word' id='word_1_84' title='bbox 1522 749 1687 787; x_wconf 68' lang='lat' dir='ltr'>Davidi.</span> <span class='ocrx_word' id='word_1_85' title='bbox 1717 749 1796 796; x_wconf 85' lang='lat' dir='ltr'>Ita,</span> <span class='ocrx_word' id='word_1_86' title='bbox 1826 749 1953 796; x_wconf 85' lang='lat' dir='ltr'>dit-il,</span> 
     </span>
     <span class='ocr_line' id='line_1_10' title="bbox 236 806 1949 859; baseline 0.001 -15"><span class='ocrx_word' id='word_1_87' title='bbox 236 806 374 844; x_wconf 85' lang='lat' dir='ltr'>omnia</span> <span class='ocrx_word' id='word_1_88' title='bbox 391 815 533 845; x_wconf 85' lang='lat' dir='ltr'>vetera</span> <span class='ocrx_word' id='word_1_89' title='bbox 548 807 815 857; x_wconf 83' lang='lat' dir='ltr'>exemplaria.</span> <span class='ocrx_word' id='word_1_90' title='bbox 833 808 967 857; x_wconf 88' lang='lat' dir='ltr'>Quam</span> <span class='ocrx_word' id='word_1_91' title='bbox 979 808 1031 846; x_wconf 91' lang='lat' dir='ltr'>ob</span> <span class='ocrx_word' id='word_1_92' title='bbox 1045 823 1131 847; x_wconf 88' lang='lat' dir='ltr'>rem</span> <span class='ocrx_word' id='word_1_93' title='bbox 1145 823 1217 847; x_wconf 87' lang='lat' dir='ltr'>nos</span> <span class='ocrx_word' id='word_1_94' title='bbox 1232 809 1333 847; x_wconf 90' lang='lat' dir='ltr'>nihil</span> <span class='ocrx_word' id='word_1_95' title='bbox 1347 817 1509 847; x_wconf 89' lang='lat' dir='ltr'>mutare</span> <span class='ocrx_word' id='word_1_96' title='bbox 1523 809 1744 856; x_wconf 84' lang='lat' dir='ltr'>voluimus,</span> <span class='ocrx_word' id='word_1_97' title='bbox 1759 807 1949 859; x_wconf 88' lang='lat' dir='ltr'>quamvis</span> 
     </span>
     <span class='ocr_line' id='line_1_11' title="bbox 237 865 1953 919; baseline 0.001 -16"><span class='ocrx_word' id='word_1_98' title='bbox 237 865 475 904; x_wconf 83' lang='lat' dir='ltr'>emendatio</span> <span class='ocrx_word' id='word_1_99' title='bbox 526 866 568 904; x_wconf 91' lang='lat' dir='ltr'>in</span> <span class='ocrx_word' id='word_1_100' title='bbox 603 875 803 917; x_wconf 86' lang='lat' dir='ltr'>promptu</span> <span class='ocrx_word' id='word_1_101' title='bbox 839 875 959 907; x_wconf 88' lang='lat' dir='ltr'>esset.</span> <span class='ocrx_word' id='word_1_102' title='bbox 997 868 1205 907; x_wconf 87' lang='lat' dir='ltr'>Audacior</span> <span class='ocrx_word' id='word_1_103' title='bbox 1242 868 1321 907; x_wconf 88' lang='lat' dir='ltr'>fuit</span> <span class='ocrx_word' id='word_1_104' title='bbox 1361 868 1559 908; x_wconf 89' lang='lat' dir='ltr'>Odoricus</span> <span class='ocrx_word' id='word_1_105' title='bbox 1587 868 1845 919; x_wconf 86' lang='lat' dir='ltr'>Raynaldus,</span> <span class='ocrx_word' id='word_1_106' title='bbox 1881 867 1953 918; x_wconf 89' lang='lat' dir='ltr'>qui</span> 
     </span>
     <span class='ocr_line' id='line_1_12' title="bbox 237 925 1951 979; baseline 0.001 -16"><span class='ocrx_word' id='word_1_107' title='bbox 237 940 303 964; x_wconf 92' lang='lat' dir='ltr'>an.</span> <span class='ocrx_word' id='word_1_108' title='bbox 331 925 447 974; x_wconf 79' lang='grc'>1385,</span> <span class='ocrx_word' id='word_1_109' title='bbox 474 926 491 975; x_wconf 65' lang='grc' dir='ltr'>ἓ</span> <span class='ocrx_word' id='word_1_110' title='bbox 517 926 580 973; x_wconf 91' lang='grc'>10,</span> <span class='ocrx_word' id='word_1_111' title='bbox 604 927 877 966; x_wconf 70' lang='grc'>111111010011111</span> <span class='ocrx_word' id='word_1_112' title='bbox 901 928 1150 976; x_wconf 84' lang='lat' dir='ltr'>describens,</span> <span class='ocrx_word' id='word_1_113' title='bbox 1178 943 1252 979; x_wconf 93' lang='lat' dir='ltr'>pro</span> <span class='ocrx_word' id='word_1_114' title='bbox 1280 928 1432 966; x_wconf 68' lang='lat' dir='ltr'>Davidi</span> <span class='ocrx_word' id='word_1_115' title='bbox 1461 928 1645 979; x_wconf 84' lang='lat' dir='ltr'>reposuit</span> <span class='ocrx_word' id='word_1_116' title='bbox 1666 928 1816 976; x_wconf 68' lang='lat' dir='ltr'>Avisii,</span> <span class='ocrx_word' id='word_1_117' title='bbox 1839 935 1951 967; x_wconf 87' lang='lat' dir='ltr'>certa</span> 
     </span>
     <span class='ocr_line' id='line_1_13' title="bbox 237 985 1953 1039; baseline 0.001 -16"><span class='ocrx_word' id='word_1_118' title='bbox 237 985 543 1025; x_wconf 84' lang='lat' dir='ltr'>emendatione.</span> <span class='ocrx_word' id='word_1_119' title='bbox 561 985 663 1025; x_wconf 89' lang='lat' dir='ltr'>Vide</span> <span class='ocrx_word' id='word_1_120' title='bbox 686 986 896 1026; x_wconf 85' lang='lat' dir='ltr'>Andream</span> <span class='ocrx_word' id='word_1_121' title='bbox 919 987 1172 1026; x_wconf 87' lang='lat' dir='ltr'>Resendium</span> <span class='ocrx_word' id='word_1_122' title='bbox 1192 988 1234 1026; x_wconf 90' lang='lat' dir='ltr'>in</span> <span class='ocrx_word' id='word_1_123' title='bbox 1253 988 1357 1026; x_wconf 89' lang='lat' dir='ltr'>libro</span> <span class='ocrx_word' id='word_1_124' title='bbox 1374 989 1434 1026; x_wconf 87' lang='lat' dir='ltr'>De</span> <span class='ocrx_word' id='word_1_125' title='bbox 1453 988 1763 1039; x_wconf 76' lang='lat' dir='ltr'>antiquitatibus</span> <span class='ocrx_word' id='word_1_126' title='bbox 1784 988 1953 1034; x_wconf 88' lang='lat' dir='ltr'>Eborae,</span> 
     </span>
     <span class='ocr_line' id='line_1_14' title="bbox 238 1046 1031 1095; baseline 0.001 -11"><span class='ocrx_word' id='word_1_127' title='bbox 238 1059 327 1095; x_wconf 89' lang='lat' dir='ltr'>cap.</span> <span class='ocrx_word' id='word_1_128' title='bbox 350 1059 436 1084; x_wconf 82' lang='lat' dir='ltr'>XVI.</span> <span class='ocrx_word' id='word_1_129' title='bbox 1028 1046 1031 1047; x_wconf 43' lang='lat'><em>⁷</em></span> 
     </span>
    </p>

    <p class='ocr_par' dir='ltr' id='par_1_5' title="bbox 238 1104 1968 1692">
     <span class='ocr_line' id='line_1_15' title="bbox 293 1104 1954 1158; baseline 0.001 -15"><span class='ocrx_word' id='word_1_130' title='bbox 293 1105 336 1152; x_wconf 82' lang='lat' dir='ltr'>P.</span> <span class='ocrx_word' id='word_1_131' title='bbox 366 1105 458 1152; x_wconf 88' lang='grc'>493,</span> <span class='ocrx_word' id='word_1_132' title='bbox 487 1104 554 1155; x_wconf 82' lang='lat' dir='ltr'>lig.</span> <span class='ocrx_word' id='word_1_133' title='bbox 586 1105 648 1144; x_wconf 89' lang='lat'>19.</span> <span class='ocrx_word' id='word_1_134' title='bbox 680 1106 891 1145; x_wconf 80' lang='lat' dir='ltr'>FRATREM</span> <span class='ocrx_word' id='word_1_135' title='bbox 922 1108 1054 1145; x_wconf 77' lang='lat' dir='ltr'><strong>PETRI</strong></span> <span class='ocrx_word' id='word_1_136' title='bbox 1084 1122 1220 1146; x_wconf 81' lang='lat' dir='ltr'>REGIS.</span> <span class='ocrx_word' id='word_1_137' title='bbox 1251 1108 1430 1146; x_wconf 88' lang='lat' dir='ltr'>Thomas</span> <span class='ocrx_word' id='word_1_138' title='bbox 1461 1107 1793 1158; x_wconf 86' lang='lat' dir='ltr'>Walsinghamus</span> <span class='ocrx_word' id='word_1_139' title='bbox 1835 1107 1881 1157; x_wconf 86' lang='lat' dir='ltr'>[t.</span> <span class='ocrx_word' id='word_1_140' title='bbox 1909 1121 1954 1154; x_wconf 88' lang='lat'>11,</span> 
     </span>
     <span class='ocr_line' id='line_1_16' title="bbox 238 1163 1968 1218; baseline 0.002 -16"><span class='ocrx_word' id='word_1_141' title='bbox 238 1179 277 1214; x_wconf 83' lang='lat' dir='ltr'>p.</span> <span class='ocrx_word' id='word_1_142' title='bbox 299 1163 391 1214; x_wconf 83' lang='grc'>137]</span> <span class='ocrx_word' id='word_1_143' title='bbox 415 1180 422 1202; x_wconf 92' lang='lat'>:</span> <span class='ocrx_word' id='word_1_144' title='bbox 444 1165 629 1203; x_wconf 83' lang='lat' dir='ltr'>Proceres</span> <span class='ocrx_word' id='word_1_145' title='bbox 647 1179 733 1203; x_wconf 72' lang='lat' dir='ltr'>vero</span> <span class='ocrx_word' id='word_1_146' title='bbox 750 1166 863 1216; x_wconf 79' lang='lat' dir='ltr'>regni</span> <span class='ocrx_word' id='word_1_147' title='bbox 881 1181 963 1204; x_wconf 89' lang='lat' dir='ltr'>rem</span> <span class='ocrx_word' id='word_1_148' title='bbox 980 1167 1094 1205; x_wconf 86' lang='lat' dir='ltr'>tacite</span> <span class='ocrx_word' id='word_1_149' title='bbox 1112 1167 1417 1215; x_wconf 74' lang='lat' dir='ltr'>considerantes,</span> <span class='ocrx_word' id='word_1_150' title='bbox 1437 1182 1624 1218; x_wconf 75' lang='lat' dir='ltr'>quorsum</span> <span class='ocrx_word' id='word_1_151' title='bbox 1647 1168 1739 1205; x_wconf 79' lang='lat' dir='ltr'>haec</span> <span class='ocrx_word' id='word_1_152' title='bbox 1757 1167 1968 1205; x_wconf 54' lang='lat' dir='ltr'>tenderent*</span> 
     </span>
     <span class='ocr_line' id='line_1_17' title="bbox 241 1223 1956 1278; baseline 0.002 -17"><span class='ocrx_word' id='word_1_153' title='bbox 241 1223 546 1264; x_wconf 77' lang='lat' dir='ltr'>meditabantur.</span> <span class='ocrx_word' id='word_1_154' title='bbox 581 1225 759 1263; x_wconf 83' lang='lat' dir='ltr'>Tandem</span> <span class='ocrx_word' id='word_1_155' title='bbox 786 1226 959 1264; x_wconf 71' lang='lat' dir='ltr'>videntes</span> <span class='ocrx_word' id='word_1_156' title='bbox 987 1226 1100 1276; x_wconf 83' lang='lat' dir='ltr'>regni</span> <span class='ocrx_word' id='word_1_157' title='bbox 1139 1227 1419 1266; x_wconf 76' lang='lat' dir='ltr'>desolationem</span> <span class='ocrx_word' id='word_1_158' title='bbox 1445 1227 1697 1278; x_wconf 86' lang='lat' dir='ltr'>praeparari,</span> <span class='ocrx_word' id='word_1_159' title='bbox 1727 1226 1875 1265; x_wconf 90' lang='lat' dir='ltr'>concito</span> <span class='ocrx_word' id='word_1_160' title='bbox 1903 1226 1956 1264; x_wconf 84' lang='lat' dir='ltr'>ad</span> 
     </span>
     <span class='ocr_line' id='line_1_18' title="bbox 239 1283 1955 1338; baseline 0.001 -17"><span class='ocrx_word' id='word_1_161' title='bbox 239 1283 343 1334; x_wconf 80' lang='lat' dir='ltr'>regis</span> <span class='ocrx_word' id='word_1_162' title='bbox 375 1284 549 1334; x_wconf 75' lang='lat' dir='ltr'>defuncti</span> <span class='ocrx_word' id='word_1_163' title='bbox 578 1285 754 1334; x_wconf 77' lang='lat' dir='ltr'>fratrem,</span> <span class='ocrx_word' id='word_1_164' title='bbox 783 1285 917 1324; x_wconf 64' lang='lat' dir='ltr'>virum</span> <span class='ocrx_word' id='word_1_165' title='bbox 948 1287 1150 1335; x_wconf 84' lang='lat' dir='ltr'>martium,</span> <span class='ocrx_word' id='word_1_166' title='bbox 1180 1287 1256 1337; x_wconf 76' lang='lat' dir='ltr'>fide</span> <span class='ocrx_word' id='word_1_167' title='bbox 1284 1286 1557 1338; x_wconf 85' lang='lat' dir='ltr'>perspicuum,</span> <span class='ocrx_word' id='word_1_168' title='bbox 1579 1301 1699 1324; x_wconf 90' lang='lat' dir='ltr'>sensu</span> <span class='ocrx_word' id='word_1_169' title='bbox 1728 1286 1955 1337; x_wconf 87' lang='lat' dir='ltr'>praeditum</span> 
     </span>
     <span class='ocr_line' id='line_1_19' title="bbox 240 1343 1956 1397; baseline 0.002 -17"><span class='ocrx_word' id='word_1_170' title='bbox 240 1352 533 1391; x_wconf 86' lang='lat' dir='ltr'>concurrerunt,</span> <span class='ocrx_word' id='word_1_171' title='bbox 559 1343 769 1382; x_wconf 74' lang='lat' dir='ltr'>incitantes</span> <span class='ocrx_word' id='word_1_172' title='bbox 790 1360 881 1383; x_wconf 90' lang='lat' dir='ltr'>eum</span> <span class='ocrx_word' id='word_1_173' title='bbox 903 1354 945 1384; x_wconf 89' lang='lat' dir='ltr'>ut</span> <span class='ocrx_word' id='word_1_174' title='bbox 965 1361 1005 1383; x_wconf 84' lang='lat' dir='ltr'>se</span> <span class='ocrx_word' id='word_1_175' title='bbox 1027 1355 1239 1397; x_wconf 88' lang='lat' dir='ltr'>opponeret</span> <span class='ocrx_word' id='word_1_176' title='bbox 1260 1346 1382 1385; x_wconf 91' lang='lat' dir='ltr'>tantis</span> <span class='ocrx_word' id='word_1_177' title='bbox 1405 1347 1536 1385; x_wconf 87' lang='lat' dir='ltr'>malis.</span> <span class='ocrx_word' id='word_1_178' title='bbox 1560 1347 1658 1397; x_wconf 85' lang='lat' dir='ltr'>Erat</span> <span class='ocrx_word' id='word_1_179' title='bbox 1681 1346 1745 1384; x_wconf 87' lang='lat' dir='ltr'>ille</span> <span class='ocrx_word' id='word_1_180' title='bbox 1767 1345 1956 1395; x_wconf 83' lang='lat' dir='ltr'>magister</span> 
     </span>
     <span class='ocr_line' id='line_1_20' title="bbox 239 1402 1954 1457; baseline 0.001 -17"><span class='ocrx_word' id='word_1_181' title='bbox 239 1402 481 1453; x_wconf 73' lang='lat' dir='ltr'>Hospitalis,</span> <span class='ocrx_word' id='word_1_182' title='bbox 510 1403 570 1441; x_wconf 70' lang='lat' dir='ltr'>vir</span> <span class='ocrx_word' id='word_1_183' title='bbox 595 1413 676 1442; x_wconf 91' lang='lat' dir='ltr'>tam</span> <span class='ocrx_word' id='word_1_184' title='bbox 702 1404 893 1455; x_wconf 78' lang='lat' dir='ltr'>religione</span> <span class='ocrx_word' id='word_1_185' title='bbox 920 1421 1038 1456; x_wconf 84' lang='lat' dir='ltr'>quam</span> <span class='ocrx_word' id='word_1_186' title='bbox 1064 1415 1249 1457; x_wconf 79' lang='lat' dir='ltr'>potestate</span> <span class='ocrx_word' id='word_1_187' title='bbox 1274 1415 1484 1457; x_wconf 87' lang='lat' dir='ltr'>praestans</span> <span class='ocrx_word' id='word_1_188' title='bbox 1510 1406 1657 1454; x_wconf 86' lang='lat' dir='ltr'>ceteris,</span> <span class='ocrx_word' id='word_1_189' title='bbox 1684 1414 1719 1445; x_wconf 90' lang='lat' dir='ltr'>et</span> <span class='ocrx_word' id='word_1_190' title='bbox 1744 1405 1884 1444; x_wconf 79' lang='lat' dir='ltr'>habuit</span> <span class='ocrx_word' id='word_1_191' title='bbox 1911 1404 1954 1442; x_wconf 87' lang='lat' dir='ltr'>in</span> 
     </span>
     <span class='ocr_line' id='line_1_21' title="bbox 242 1462 1954 1517; baseline 0.002 -18"><span class='ocrx_word' id='word_1_192' title='bbox 242 1462 527 1512; x_wconf 75' lang='lat' dir='ltr'>temporalibus</span> <span class='ocrx_word' id='word_1_193' title='bbox 553 1464 657 1502; x_wconf 89' lang='lat' dir='ltr'>unde</span> <span class='ocrx_word' id='word_1_194' title='bbox 682 1464 871 1514; x_wconf 73' lang='lat' dir='ltr'>proferret</span> <span class='ocrx_word' id='word_1_195' title='bbox 896 1480 997 1504; x_wconf 68' lang='lat' dir='ltr'>nova</span> <span class='ocrx_word' id='word_1_196' title='bbox 1021 1474 1055 1503; x_wconf 88' lang='lat' dir='ltr'>et</span> <span class='ocrx_word' id='word_1_197' title='bbox 1080 1475 1205 1504; x_wconf 67' lang='lat' dir='ltr'>vetera</span> <span class='ocrx_word' id='word_1_198' title='bbox 1229 1481 1300 1517; x_wconf 89' lang='lat' dir='ltr'>pro</span> <span class='ocrx_word' id='word_1_199' title='bbox 1326 1466 1552 1516; x_wconf 74' lang='lat' dir='ltr'>defensione</span> <span class='ocrx_word' id='word_1_200' title='bbox 1578 1466 1672 1504; x_wconf 90' lang='lat' dir='ltr'>dicti</span> <span class='ocrx_word' id='word_1_201' title='bbox 1697 1465 1822 1516; x_wconf 82' lang='lat' dir='ltr'>regni.</span> <span class='ocrx_word' id='word_1_202' title='bbox 1853 1465 1954 1503; x_wconf 85' lang='lat' dir='ltr'>Erat</span> 
     </span>
     <span class='ocr_line' id='line_1_22' title="bbox 240 1522 1955 1577; baseline 0.001 -18"><span class='ocrx_word' id='word_1_203' title='bbox 240 1531 383 1560; x_wconf 89' lang='lat' dir='ltr'>autem</span> <span class='ocrx_word' id='word_1_204' title='bbox 412 1522 541 1561; x_wconf 85' lang='lat' dir='ltr'>frater</span> <span class='ocrx_word' id='word_1_205' title='bbox 569 1523 672 1574; x_wconf 86' lang='lat' dir='ltr'>regis</span> <span class='ocrx_word' id='word_1_206' title='bbox 704 1523 905 1573; x_wconf 82' lang='lat' dir='ltr'>defuncti,</span> <span class='ocrx_word' id='word_1_207' title='bbox 936 1526 1006 1564; x_wconf 87' lang='lat' dir='ltr'>sed</span> <span class='ocrx_word' id='word_1_208' title='bbox 1036 1526 1287 1577; x_wconf 86' lang='lat' dir='ltr'>illegitimus.</span> <span class='ocrx_word' id='word_1_209' title='bbox 1320 1526 1421 1564; x_wconf 85' lang='lat' dir='ltr'>Vide</span> <span class='ocrx_word' id='word_1_210' title='bbox 1454 1526 1670 1564; x_wconf 89' lang='lat' dir='ltr'>Duardum</span> <span class='ocrx_word' id='word_1_211' title='bbox 1702 1525 1883 1564; x_wconf 89' lang='lat' dir='ltr'>Nonium</span> <span class='ocrx_word' id='word_1_212' title='bbox 1912 1524 1955 1561; x_wconf 92' lang='lat' dir='ltr'>in</span> 
     </span>
     <span class='ocr_line' id='line_1_23' title="bbox 249 1581 1956 1635; baseline 0.002 -17"><span class='ocrx_word' id='word_1_213' title='bbox 249 1581 489 1632; x_wconf 80' lang='lat' dir='ltr'>Genealogia</span> <span class='ocrx_word' id='word_1_214' title='bbox 523 1596 660 1632; x_wconf 82' lang='lat' dir='ltr'>regum</span> <span class='ocrx_word' id='word_1_215' title='bbox 693 1584 952 1634; x_wconf 81' lang='lat' dir='ltr'>Portugaliae</span> <span class='ocrx_word' id='word_1_216' title='bbox 985 1594 1027 1624; x_wconf 89' lang='lat' dir='ltr'>et</span> <span class='ocrx_word' id='word_1_217' title='bbox 1063 1586 1306 1633; x_wconf 86' lang='lat' dir='ltr'>Marianam,</span> <span class='ocrx_word' id='word_1_218' title='bbox 1341 1585 1411 1624; x_wconf 90' lang='lat' dir='ltr'>lib.</span> <span class='ocrx_word' id='word_1_219' title='bbox 1449 1586 1597 1624; x_wconf 89' lang='lat' dir='ltr'>XVIII</span> <span class='ocrx_word' id='word_1_220' title='bbox 1632 1586 1722 1624; x_wconf 84' lang='lat' dir='ltr'>Rer.</span> <span class='ocrx_word' id='word_1_221' title='bbox 1758 1585 1956 1635; x_wconf 87' lang='lat' dir='ltr'>Hispan.,</span> 
     </span>
     <span class='ocr_line' id='line_1_24' title="bbox 242 1655 420 1692; baseline 0 -12"><span class='ocrx_word' id='word_1_222' title='bbox 242 1655 331 1692; x_wconf 89' lang='lat' dir='ltr'>cap.</span> <span class='ocrx_word' id='word_1_223' title='bbox 352 1656 420 1680; x_wconf 84' lang='lat' dir='ltr'>vn.</span> 
     </span>
    </p>

    <p class='ocr_par' dir='ltr' id='par_1_6' title="bbox 242 1701 1956 2527">
     <span class='ocr_line' id='line_1_25' title="bbox 296 1701 1955 1752; baseline 0.002 -14"><span class='ocrx_word' id='word_1_224' title='bbox 296 1701 340 1739; x_wconf 88' lang='lat' dir='ltr'>P.</span> <span class='ocrx_word' id='word_1_225' title='bbox 359 1701 450 1749; x_wconf 84' lang='lat'>493,</span> <span class='ocrx_word' id='word_1_226' title='bbox 467 1701 534 1752; x_wconf 89' lang='lat' dir='ltr'>lig.</span> <span class='ocrx_word' id='word_1_227' title='bbox 552 1701 615 1741; x_wconf 84' lang='lat'>20.</span> <span class='ocrx_word' id='word_1_228' title='bbox 634 1703 775 1741; x_wconf 80' lang='lat' dir='ltr'>CUJUS</span> <span class='ocrx_word' id='word_1_229' title='bbox 794 1718 937 1742; x_wconf 83' lang='lat' dir='ltr'><strong>FILIAM</strong></span> <span class='ocrx_word' id='word_1_230' title='bbox 956 1705 1128 1743; x_wconf 81' lang='lat' dir='ltr'>Joannis</span> <span class='ocrx_word' id='word_1_231' title='bbox 1146 1705 1341 1743; x_wconf 89' lang='lat' dir='ltr'>nimirum</span> <span class='ocrx_word' id='word_1_232' title='bbox 1359 1704 1472 1743; x_wconf 88' lang='lat' dir='ltr'>ducis</span> <span class='ocrx_word' id='word_1_233' title='bbox 1491 1704 1771 1752; x_wconf 87' lang='lat' dir='ltr'>Lancastriae,</span> <span class='ocrx_word' id='word_1_234' title='bbox 1789 1703 1955 1742; x_wconf 89' lang='lat' dir='ltr'>nomine</span> 
     </span>
     <span class='ocr_line' id='line_1_26' title="bbox 244 1760 1954 1814; baseline 0.002 -17"><span class='ocrx_word' id='word_1_235' title='bbox 244 1760 494 1811; x_wconf 78' lang='lat' dir='ltr'>philippam,</span> <span class='ocrx_word' id='word_1_236' title='bbox 537 1775 664 1811; x_wconf 86' lang='lat' dir='ltr'>quam</span> <span class='ocrx_word' id='word_1_237' title='bbox 703 1763 815 1814; x_wconf 84' lang='lat' dir='ltr'>apud</span> <span class='ocrx_word' id='word_1_238' title='bbox 858 1764 1031 1802; x_wconf 88' lang='lat' dir='ltr'>Portum</span> <span class='ocrx_word' id='word_1_239' title='bbox 1069 1765 1215 1803; x_wconf 88' lang='lat' dir='ltr'>urbem</span> <span class='ocrx_word' id='word_1_240' title='bbox 1255 1765 1307 1803; x_wconf 92' lang='lat' dir='ltr'>ad</span> <span class='ocrx_word' id='word_1_241' title='bbox 1349 1764 1465 1809; x_wconf 80' lang='lat' dir='ltr'>Durii</span> <span class='ocrx_word' id='word_1_242' title='bbox 1505 1765 1642 1803; x_wconf 86' lang='lat' dir='ltr'>fauces</span> <span class='ocrx_word' id='word_1_243' title='bbox 1684 1763 1805 1802; x_wconf 86' lang='lat' dir='ltr'>duxit</span> <span class='ocrx_word' id='word_1_244' title='bbox 1845 1777 1954 1801; x_wconf 90' lang='lat' dir='ltr'>anno</span> 
     </span>
     <span class='ocr_line' id='line_1_27' title="bbox 244 1818 1955 1875; baseline 0.002 -18"><span class='ocrx_word' id='word_1_245' title='bbox 244 1818 651 1869; x_wconf 86' lang='lat' dir='ltr'>MCCCLXXXVII,</span> <span class='ocrx_word' id='word_1_246' title='bbox 668 1821 836 1861; x_wconf 88' lang='lat' dir='ltr'>ineunte</span> <span class='ocrx_word' id='word_1_247' title='bbox 855 1823 1076 1872; x_wconf 87' lang='lat' dir='ltr'>februario,</span> <span class='ocrx_word' id='word_1_248' title='bbox 1093 1824 1318 1875; x_wconf 90' lang='lat' dir='ltr'>impetrata</span> <span class='ocrx_word' id='word_1_249' title='bbox 1335 1824 1447 1875; x_wconf 87' lang='lat' dir='ltr'>prius</span> <span class='ocrx_word' id='word_1_250' title='bbox 1465 1825 1516 1862; x_wconf 89' lang='lat' dir='ltr'>ab</span> <span class='ocrx_word' id='word_1_251' title='bbox 1536 1825 1706 1862; x_wconf 87' lang='lat' dir='ltr'>Urbano</span> <span class='ocrx_word' id='word_1_252' title='bbox 1723 1824 1780 1861; x_wconf 92' lang='lat' dir='ltr'>VI</span> <span class='ocrx_word' id='word_1_253' title='bbox 1797 1823 1955 1862; x_wconf 87' lang='lat' dir='ltr'>relaxa-</span> 
     </span>
     <span class='ocr_line' id='line_1_28' title="bbox 242 1878 1953 1934; baseline 0.002 -18"><span class='ocrx_word' id='word_1_254' title='bbox 242 1878 354 1917; x_wconf 90' lang='lat' dir='ltr'>tione</span> <span class='ocrx_word' id='word_1_255' title='bbox 369 1879 458 1918; x_wconf 88' lang='lat' dir='ltr'>voti</span> <span class='ocrx_word' id='word_1_256' title='bbox 470 1895 552 1930; x_wconf 86' lang='lat' dir='ltr'>quo</span> <span class='ocrx_word' id='word_1_257' title='bbox 567 1896 607 1919; x_wconf 89' lang='lat' dir='ltr'>se</span> <span class='ocrx_word' id='word_1_258' title='bbox 624 1881 905 1921; x_wconf 84' lang='lat' dir='ltr'>obstrinxerat</span> <span class='ocrx_word' id='word_1_259' title='bbox 917 1898 964 1922; x_wconf 90' lang='lat' dir='ltr'>eo</span> <span class='ocrx_word' id='word_1_260' title='bbox 977 1892 1163 1934; x_wconf 89' lang='lat' dir='ltr'>tempore</span> <span class='ocrx_word' id='word_1_261' title='bbox 1180 1899 1261 1934; x_wconf 89' lang='lat' dir='ltr'>quo</span> <span class='ocrx_word' id='word_1_262' title='bbox 1277 1884 1448 1923; x_wconf 89' lang='lat' dir='ltr'>militiae</span> <span class='ocrx_word' id='word_1_263' title='bbox 1463 1883 1592 1922; x_wconf 81' lang='lat' dir='ltr'>Avisii</span> <span class='ocrx_word' id='word_1_264' title='bbox 1605 1884 1776 1922; x_wconf 87' lang='lat' dir='ltr'>dederat</span> <span class='ocrx_word' id='word_1_265' title='bbox 1788 1897 1953 1921; x_wconf 88' lang='lat' dir='ltr'>nomen.</span> 
     </span>
     <span class='ocr_line' id='line_1_29' title="bbox 244 1938 1956 1991; baseline 0.002 -15"><span class='ocrx_word' id='word_1_266' title='bbox 244 1938 418 1977; x_wconf 88' lang='lat' dir='ltr'>Facinus</span> <span class='ocrx_word' id='word_1_267' title='bbox 444 1939 545 1978; x_wconf 87' lang='lat' dir='ltr'>illud</span> <span class='ocrx_word' id='word_1_268' title='bbox 570 1940 781 1991; x_wconf 89' lang='lat' dir='ltr'>improbat</span> <span class='ocrx_word' id='word_1_269' title='bbox 807 1943 1044 1982; x_wconf 90' lang='lat' dir='ltr'>Leonardus</span> <span class='ocrx_word' id='word_1_270' title='bbox 1071 1944 1119 1982; x_wconf 92' lang='lat' dir='ltr'>de</span> <span class='ocrx_word' id='word_1_271' title='bbox 1147 1944 1310 1982; x_wconf 75' lang='lat' dir='ltr'>Gifl&#39;ono</span> <span class='ocrx_word' id='word_1_272' title='bbox 1336 1943 1554 1983; x_wconf 89' lang='lat' dir='ltr'>cardinalis</span> <span class='ocrx_word' id='word_1_273' title='bbox 1579 1943 1621 1981; x_wconf 90' lang='lat' dir='ltr'>in</span> <span class='ocrx_word' id='word_1_274' title='bbox 1644 1951 1832 1981; x_wconf 90' lang='lat' dir='ltr'>tractatu</span> <span class='ocrx_word' id='word_1_275' title='bbox 1849 1941 1864 1965; x_wconf 74' lang='lat'>1</span> <span class='ocrx_word' id='word_1_276' title='bbox 1890 1941 1956 1981; x_wconf 88' lang='lat' dir='ltr'>cui</span> 
     </span>
     <span class='ocr_line' id='line_1_30' title="bbox 243 1997 1953 2054; baseline 0.002 -19"><span class='ocrx_word' id='word_1_277' title='bbox 243 1997 340 2037; x_wconf 87' lang='lat' dir='ltr'>fecit</span> <span class='ocrx_word' id='word_1_278' title='bbox 365 1999 474 2038; x_wconf 88' lang='lat' dir='ltr'>hunc</span> <span class='ocrx_word' id='word_1_279' title='bbox 499 1999 672 2038; x_wconf 90' lang='lat' dir='ltr'>titulum</span> <span class='ocrx_word' id='word_1_280' title='bbox 700 2017 707 2038; x_wconf 76' lang='grc' dir='ltr'>ε</span> <span class='ocrx_word' id='word_1_281' title='bbox 742 2002 885 2040; x_wconf 89' lang='lat' dir='ltr'>Utrum</span> <span class='ocrx_word' id='word_1_282' title='bbox 909 2002 975 2041; x_wconf 67' lang='lat' dir='ltr'>via</span> <span class='ocrx_word' id='word_1_283' title='bbox 999 2003 1318 2042; x_wconf 85' lang='lat' dir='ltr'>renunciationis</span> <span class='ocrx_word' id='word_1_284' title='bbox 1341 2004 1490 2041; x_wconf 89' lang='lat' dir='ltr'>summi</span> <span class='ocrx_word' id='word_1_285' title='bbox 1515 2003 1720 2054; x_wconf 74' lang='lat' dir='ltr'>pontificis</span> <span class='ocrx_word' id='word_1_286' title='bbox 1744 2002 1797 2040; x_wconf 88' lang='lat' dir='ltr'>sit</span> <span class='ocrx_word' id='word_1_287' title='bbox 1821 2016 1953 2052; x_wconf 84' lang='lat' dir='ltr'>accep-</span> 
     </span>
     <span class='ocr_line' id='line_1_31' title="bbox 245 2059 1955 2114; baseline 0.002 -20"><span class='ocrx_word' id='word_1_288' title='bbox 245 2059 366 2095; x_wconf 89' lang='lat' dir='ltr'>tanda</span> <span class='ocrx_word' id='word_1_289' title='bbox 381 2072 424 2095; x_wconf 88' lang='lat' dir='ltr'>eo</span> <span class='ocrx_word' id='word_1_290' title='bbox 443 2060 554 2097; x_wconf 88' lang='lat' dir='ltr'>modo</span> <span class='ocrx_word' id='word_1_291' title='bbox 572 2060 704 2098; x_wconf 88' lang='lat' dir='ltr'>oblata</span> <span class='ocrx_word' id='word_1_292' title='bbox 722 2075 795 2111; x_wconf 83' lang='lat' dir='ltr'>quo</span> <span class='ocrx_word' id='word_1_293' title='bbox 812 2077 836 2099; x_wconf 89' lang='lat' dir='ltr'>a</span> <span class='ocrx_word' id='word_1_294' title='bbox 855 2063 1061 2100; x_wconf 81' lang='lat' dir='ltr'>nonnullis</span> <span class='ocrx_word' id='word_1_295' title='bbox 1079 2063 1330 2114; x_wconf 79' lang='lat' dir='ltr'>proponitur.</span> <span class='ocrx_word' id='word_1_296' title='bbox 1351 2063 1420 2101; x_wconf 75' lang='lat' dir='ltr'>Ait</span> <span class='ocrx_word' id='word_1_297' title='bbox 1438 2063 1547 2101; x_wconf 88' lang='lat' dir='ltr'>enim</span> <span class='ocrx_word' id='word_1_298' title='bbox 1568 2079 1574 2100; x_wconf 90' lang='lat'>:</span> <span class='ocrx_word' id='word_1_299' title='bbox 1598 2062 1727 2100; x_wconf 86' lang='lat' dir='ltr'>Tertio</span> <span class='ocrx_word' id='word_1_300' title='bbox 1745 2076 1893 2113; x_wconf 77' lang='lat' dir='ltr'>quoque</span> <span class='ocrx_word' id='word_1_301' title='bbox 1912 2061 1955 2098; x_wconf 86' lang='lat' dir='ltr'>in</span> 
     </span>
     <span class='ocr_line' id='line_1_32' title="bbox 244 2117 1955 2173; baseline 0.003 -20"><span class='ocrx_word' id='word_1_302' title='bbox 244 2117 493 2166; x_wconf 71' lang='lat' dir='ltr'>portugalia,</span> <span class='ocrx_word' id='word_1_303' title='bbox 526 2119 596 2157; x_wconf 88' lang='lat' dir='ltr'>ubi</span> <span class='ocrx_word' id='word_1_304' title='bbox 628 2128 720 2158; x_wconf 90' lang='lat' dir='ltr'>tunc</span> <span class='ocrx_word' id='word_1_305' title='bbox 750 2129 900 2159; x_wconf 90' lang='lat' dir='ltr'>mortuo</span> <span class='ocrx_word' id='word_1_306' title='bbox 943 2136 1029 2172; x_wconf 78' lang='lat' dir='ltr'>rege</span> <span class='ocrx_word' id='word_1_307' title='bbox 1070 2123 1271 2171; x_wconf 77' lang='lat' dir='ltr'>catholico,</span> <span class='ocrx_word' id='word_1_308' title='bbox 1303 2123 1370 2173; x_wconf 80' lang='lat' dir='ltr'>qui</span> <span class='ocrx_word' id='word_1_309' title='bbox 1400 2137 1440 2160; x_wconf 88' lang='lat' dir='ltr'>se</span> <span class='ocrx_word' id='word_1_310' title='bbox 1470 2123 1733 2161; x_wconf 64' lang='lat' dir='ltr'>declaraverat</span> <span class='ocrx_word' id='word_1_311' title='bbox 1770 2130 1851 2159; x_wconf 90' lang='lat' dir='ltr'>tam</span> <span class='ocrx_word' id='word_1_312' title='bbox 1880 2121 1955 2158; x_wconf 89' lang='lat' dir='ltr'>cito</span> 
     </span>
     <span class='ocr_line' id='line_1_33' title="bbox 243 2180 1956 2232; baseline 0.003 -20"><span class='ocrx_word' id='word_1_313' title='bbox 243 2185 458 2226; x_wconf 87' lang='lat' dir='ltr'>spontanee</span> <span class='ocrx_word' id='word_1_314' title='bbox 487 2193 558 2228; x_wconf 89' lang='lat' dir='ltr'>pro</span> <span class='ocrx_word' id='word_1_315' title='bbox 590 2188 723 2217; x_wconf 87' lang='lat' dir='ltr'>nostra</span> <span class='ocrx_word' id='word_1_316' title='bbox 754 2180 930 2219; x_wconf 72' lang='lat' dir='ltr'>videlicet</span> <span class='ocrx_word' id='word_1_317' title='bbox 960 2182 1117 2220; x_wconf 77' lang='lat' dir='ltr'>veritate</span> <span class='ocrx_word' id='word_1_318' title='bbox 1148 2182 1333 2230; x_wconf 73' lang='lat' dir='ltr'>Ecclesie,</span> <span class='ocrx_word' id='word_1_319' title='bbox 1367 2183 1451 2232; x_wconf 81' lang='lat' dir='ltr'>filio</span> <span class='ocrx_word' id='word_1_320' title='bbox 1480 2182 1561 2220; x_wconf 89' lang='lat' dir='ltr'>sibi</span> <span class='ocrx_word' id='word_1_321' title='bbox 1592 2182 1701 2219; x_wconf 91' lang='lat' dir='ltr'>nullo</span> <span class='ocrx_word' id='word_1_322' title='bbox 1730 2180 1956 2231; x_wconf 82' lang='lat' dir='ltr'>superstite,</span> 
     </span>
     <span class='ocr_line' id='line_1_34' title="bbox 245 2235 1951 2292; baseline 0.003 -20"><span class='ocrx_word' id='word_1_323' title='bbox 245 2235 397 2273; x_wconf 85' lang='lat' dir='ltr'>intruso</span> <span class='ocrx_word' id='word_1_324' title='bbox 423 2237 479 2286; x_wconf 92' lang='lat' dir='ltr'>(id</span> <span class='ocrx_word' id='word_1_325' title='bbox 504 2246 579 2285; x_wconf 85' lang='lat' dir='ltr'>est,</span> <span class='ocrx_word' id='word_1_326' title='bbox 606 2239 775 2277; x_wconf 86' lang='lat' dir='ltr'>Urbano</span> <span class='ocrx_word' id='word_1_327' title='bbox 800 2240 873 2290; x_wconf 84' lang='lat' dir='ltr'>VI)</span> <span class='ocrx_word' id='word_1_328' title='bbox 897 2241 1051 2290; x_wconf 69' lang='lat' dir='ltr'>favente</span> <span class='ocrx_word' id='word_1_329' title='bbox 1074 2242 1258 2291; x_wconf 82' lang='lat' dir='ltr'>religioso</span> <span class='ocrx_word' id='word_1_330' title='bbox 1281 2243 1456 2292; x_wconf 76' lang='lat' dir='ltr'>professo</span> <span class='ocrx_word' id='word_1_331' title='bbox 1479 2256 1657 2292; x_wconf 64' lang='lat' dir='ltr'>expresse</span> <span class='ocrx_word' id='word_1_332' title='bbox 1680 2249 1715 2278; x_wconf 90' lang='lat' dir='ltr'>et</span> <span class='ocrx_word' id='word_1_333' title='bbox 1735 2248 1951 2291; x_wconf 85' lang='lat' dir='ltr'>spontanee</span> 
     </span>
     <span class='ocr_line' id='line_1_35' title="bbox 243 2295 1954 2351; baseline 0.002 -19"><span class='ocrx_word' id='word_1_334' title='bbox 243 2310 288 2332; x_wconf 86' lang='lat' dir='ltr'>ac</span> <span class='ocrx_word' id='word_1_335' title='bbox 312 2295 567 2346; x_wconf 81' lang='lat' dir='ltr'>dispensante</span> <span class='ocrx_word' id='word_1_336' title='bbox 592 2298 635 2335; x_wconf 91' lang='lat' dir='ltr'>in</span> <span class='ocrx_word' id='word_1_337' title='bbox 657 2299 808 2337; x_wconf 84' lang='lat' dir='ltr'>scelesti</span> <span class='ocrx_word' id='word_1_338' title='bbox 832 2301 1032 2350; x_wconf 80' lang='lat' dir='ltr'>conjugio,</span> <span class='ocrx_word' id='word_1_339' title='bbox 1057 2316 1132 2339; x_wconf 88' lang='lat' dir='ltr'>sua</span> <span class='ocrx_word' id='word_1_340' title='bbox 1156 2302 1367 2351; x_wconf 77' lang='lat' dir='ltr'>tyrannide</span> <span class='ocrx_word' id='word_1_341' title='bbox 1390 2301 1494 2339; x_wconf 66' lang='lat' dir='ltr'>venit</span> <span class='ocrx_word' id='word_1_342' title='bbox 1517 2302 1569 2339; x_wconf 84' lang='lat' dir='ltr'>ad</span> <span class='ocrx_word' id='word_1_343' title='bbox 1591 2300 1785 2350; x_wconf 72' lang='lat' dir='ltr'>regimen,</span> <span class='ocrx_word' id='word_1_344' title='bbox 1810 2314 1856 2337; x_wconf 73' lang='lat' dir='ltr'>ex</span> <span class='ocrx_word' id='word_1_345' title='bbox 1879 2313 1954 2349; x_wconf 79' lang='lat' dir='ltr'>quo</span> 
     </span>
     <span class='ocr_line' id='line_1_36' title="bbox 245 2354 1955 2419; baseline 0.003 -28"><span class='ocrx_word' id='word_1_346' title='bbox 245 2354 341 2419; x_wconf 75' lang='lat' dir='ltr'>fides</span> <span class='ocrx_word' id='word_1_347' title='bbox 367 2356 540 2394; x_wconf 85' lang='lat' dir='ltr'>Ecclesie</span> <span class='ocrx_word' id='word_1_348' title='bbox 568 2357 658 2395; x_wconf 85' lang='lat' dir='ltr'>inde</span> <span class='ocrx_word' id='word_1_349' title='bbox 684 2359 905 2409; x_wconf 72' lang='lat' dir='ltr'>expellitur.</span> <span class='ocrx_word' id='word_1_350' title='bbox 936 2361 1043 2398; x_wconf 87' lang='lat' dir='ltr'>Nam</span> <span class='ocrx_word' id='word_1_351' title='bbox 1071 2361 1191 2411; x_wconf 83' lang='lat' dir='ltr'>Angli</span> <span class='ocrx_word' id='word_1_352' title='bbox 1217 2361 1498 2411; x_wconf 83' lang='lat' dir='ltr'>sequebantur</span> <span class='ocrx_word' id='word_1_353' title='bbox 1523 2369 1661 2411; x_wconf 86' lang='lat' dir='ltr'>partes</span> <span class='ocrx_word' id='word_1_354' title='bbox 1691 2359 1862 2398; x_wconf 84' lang='lat' dir='ltr'>Urbani.</span> <span class='ocrx_word' id='word_1_355' title='bbox 1892 2359 1955 2397; x_wconf 84' lang='lat' dir='ltr'>Ex</span> 
     </span>
     <span class='ocr_line' id='line_1_37' title="bbox 245 2414 1953 2484; baseline 0.003 -33"><span class='ocrx_word' id='word_1_356' title='bbox 245 2414 436 2464; x_wconf 88' lang='lat' dir='ltr'>conjugio</span> <span class='ocrx_word' id='word_1_357' title='bbox 453 2430 574 2466; x_wconf 87' lang='lat' dir='ltr'>porro</span> <span class='ocrx_word' id='word_1_358' title='bbox 594 2417 808 2484; x_wconf 79' lang='lat' dir='ltr'>philippae</span> <span class='ocrx_word' id='word_1_359' title='bbox 828 2434 921 2458; x_wconf 88' lang='lat' dir='ltr'>cum</span> <span class='ocrx_word' id='word_1_360' title='bbox 941 2421 1100 2459; x_wconf 83' lang='lat' dir='ltr'>Joanne</span> <span class='ocrx_word' id='word_1_361' title='bbox 1119 2429 1310 2459; x_wconf 83' lang='lat' dir='ltr'>secutum</span> <span class='ocrx_word' id='word_1_362' title='bbox 1328 2429 1389 2459; x_wconf 89' lang='lat' dir='ltr'>est</span> <span class='ocrx_word' id='word_1_363' title='bbox 1407 2419 1685 2469; x_wconf 85' lang='lat' dir='ltr'>transfugium</span> <span class='ocrx_word' id='word_1_364' title='bbox 1702 2433 1725 2457; x_wconf 89' lang='lat' dir='ltr'>a</span> <span class='ocrx_word' id='word_1_365' title='bbox 1744 2419 1953 2457; x_wconf 88' lang='lat' dir='ltr'>Clemente</span> 
     </span>
     <span class='ocr_line' id='line_1_38' title="bbox 244 2474 867 2527; baseline 0.013 -18"><span class='ocrx_word' id='word_1_366' title='bbox 244 2486 351 2523; x_wconf 88' lang='lat' dir='ltr'>papa</span> <span class='ocrx_word' id='word_1_367' title='bbox 377 2474 430 2512; x_wconf 89' lang='lat' dir='ltr'>ad</span> <span class='ocrx_word' id='word_1_368' title='bbox 456 2475 740 2515; x_wconf 89' lang='lat' dir='ltr'>adversarium</span> <span class='ocrx_word' id='word_1_369' title='bbox 766 2478 867 2527; x_wconf 88' lang='lat' dir='ltr'>ejus.</span> 
     </span>
    </p>

    <p class='ocr_par' dir='ltr' id='par_1_7' title="bbox 245 2533 1954 3005">
     <span class='ocr_line' id='line_1_39' title="bbox 334 2533 1954 2585; baseline 0.002 -14.079"><span class='ocrx_word' id='word_1_370' title='bbox 334 2533 465 2581; x_wconf 86' lang='lat'>.,495</span> <span class='ocrx_word' id='word_1_371' title='bbox 498 2534 564 2584; x_wconf 86' lang='lat' dir='ltr'>lig.</span> <span class='ocrx_word' id='word_1_372' title='bbox 599 2536 634 2574; x_wconf 90' lang='lat'>9.</span> <span class='ocrx_word' id='word_1_373' title='bbox 669 2537 927 2576; x_wconf 83' lang='lat' dir='ltr'>CAPTIVAVIT</span> <span class='ocrx_word' id='word_1_374' title='bbox 970 2542 1293 2578; x_wconf 83' lang='lat' dir='ltr'>BARNABONEM.</span> <span class='ocrx_word' id='word_1_375' title='bbox 1329 2539 1429 2577; x_wconf 88' lang='lat' dir='ltr'>Vide</span> <span class='ocrx_word' id='word_1_376' title='bbox 1476 2538 1765 2585; x_wconf 88' lang='lat' dir='ltr'>Froissartum,</span> <span class='ocrx_word' id='word_1_377' title='bbox 1798 2537 1879 2575; x_wconf 88' lang='lat' dir='ltr'>vol.</span> <span class='ocrx_word' id='word_1_378' title='bbox 1910 2551 1954 2584; x_wconf 88' lang='lat'>11,</span> 
     </span>
     <span class='ocr_line' id='line_1_40' title="bbox 245 2595 1953 2649; baseline 0.004 -22"><span class='ocrx_word' id='word_1_379' title='bbox 245 2604 333 2641; x_wconf 85' lang='lat' dir='ltr'>cap.</span> <span class='ocrx_word' id='word_1_380' title='bbox 378 2607 453 2630; x_wconf 60' lang='grc' dir='ltr'>(ΠΛ</span> <span class='ocrx_word' id='word_1_381' title='bbox 457 2608 499 2631; x_wconf 85' lang='grc'>111</span> <span class='ocrx_word' id='word_1_382' title='bbox 539 2595 617 2644; x_wconf 77' lang='lat' dir='ltr'>[ed.</span> <span class='ocrx_word' id='word_1_383' title='bbox 663 2596 847 2647; x_wconf 85' lang='lat' dir='ltr'>Kervyn,</span> <span class='ocrx_word' id='word_1_384' title='bbox 888 2606 919 2636; x_wconf 94' lang='lat' dir='ltr'>t.</span> <span class='ocrx_word' id='word_1_385' title='bbox 961 2613 1003 2646; x_wconf 83' lang='lat' dir='ltr'>x,</span> <span class='ocrx_word' id='word_1_386' title='bbox 1043 2614 1083 2649; x_wconf 86' lang='lat' dir='ltr'>p.</span> <span class='ocrx_word' id='word_1_387' title='bbox 1124 2599 1216 2637; x_wconf 82' lang='lat'><strong>324-</strong></span> <span class='ocrx_word' id='word_1_388' title='bbox 1222 2598 1316 2648; x_wconf 81' lang='lat'>328]</span> <span class='ocrx_word' id='word_1_389' title='bbox 1365 2607 1405 2636; x_wconf 92' lang='lat' dir='ltr'>et</span> <span class='ocrx_word' id='word_1_390' title='bbox 1457 2597 1687 2636; x_wconf 86' lang='lat' dir='ltr'>Antonium</span> <span class='ocrx_word' id='word_1_391' title='bbox 1735 2597 1953 2647; x_wconf 88' lang='lat' dir='ltr'>Campum,</span> 
     </span>
     <span class='ocr_line' id='line_1_41' title="bbox 245 2649 1952 2708; baseline 0.004 -22"><span class='ocrx_word' id='word_1_392' title='bbox 245 2649 313 2688; x_wconf 88' lang='lat' dir='ltr'>lib.</span> <span class='ocrx_word' id='word_1_393' title='bbox 342 2651 404 2689; x_wconf 92' lang='lat' dir='ltr'>III</span> <span class='ocrx_word' id='word_1_394' title='bbox 426 2652 632 2692; x_wconf 84' lang='lat' dir='ltr'>Historiae</span> <span class='ocrx_word' id='word_1_395' title='bbox 655 2655 852 2704; x_wconf 87' lang='lat' dir='ltr'>Cremon.,</span> <span class='ocrx_word' id='word_1_396' title='bbox 875 2657 928 2695; x_wconf 85' lang='lat' dir='ltr'>ad</span> <span class='ocrx_word' id='word_1_397' title='bbox 949 2672 1014 2696; x_wconf 90' lang='lat' dir='ltr'>an.</span> <span class='ocrx_word' id='word_1_398' title='bbox 1040 2658 1154 2696; x_wconf 74' lang='lat'>1385.</span> <span class='ocrx_word' id='word_1_399' title='bbox 1183 2658 1317 2708; x_wconf 87' lang='lat' dir='ltr'>Hujus</span> <span class='ocrx_word' id='word_1_400' title='bbox 1336 2658 1420 2696; x_wconf 75' lang='lat' dir='ltr'>rei²</span> <span class='ocrx_word' id='word_1_401' title='bbox 1445 2657 1639 2695; x_wconf 89' lang='lat' dir='ltr'>nuntium</span> <span class='ocrx_word' id='word_1_402' title='bbox 1668 2657 1843 2694; x_wconf 88' lang='lat' dir='ltr'>allatum</span> <span class='ocrx_word' id='word_1_403' title='bbox 1867 2670 1952 2694; x_wconf 90' lang='lat' dir='ltr'>esse</span> 
     </span>
     <span class='ocr_line' id='line_1_42' title="bbox 247 2688 1953 2765; baseline 0.004 -20"><span class='ocrx_word' id='word_1_404' title='bbox 247 2709 501 2749; x_wconf 74' lang='lat' dir='ltr'>Avenionem</span> <span class='ocrx_word' id='word_1_405' title='bbox 536 2713 588 2751; x_wconf 90' lang='lat' dir='ltr'>ad</span> <span class='ocrx_word' id='word_1_406' title='bbox 623 2728 777 2765; x_wconf 87' lang='lat' dir='ltr'>papam</span> <span class='ocrx_word' id='word_1_407' title='bbox 813 2688 1066 2756; x_wconf 86' lang='lat' dir='ltr'>Clementem</span> <span class='ocrx_word' id='word_1_408' title='bbox 1100 2731 1209 2755; x_wconf 87' lang='lat' dir='ltr'>anno</span> <span class='ocrx_word' id='word_1_409' title='bbox 1244 2717 1458 2755; x_wconf 89' lang='lat' dir='ltr'>millesimo</span> <span class='ocrx_word' id='word_1_410' title='bbox 1495 2715 1852 2762; x_wconf 88' lang='lat' dir='ltr'>MCCCLXXXV,</span> <span class='ocrx_word' id='word_1_411' title='bbox 1889 2714 1953 2752; x_wconf 90' lang='lat' dir='ltr'>die</span> 
     </span>
     <span class='ocr_line' id='line_1_43' title="bbox 247 2767 1930 2827; baseline 0.005 -23"><span class='ocrx_word' id='word_1_412' title='bbox 247 2767 490 2808; x_wconf 85' lang='lat' dir='ltr'>duodecima</span> <span class='ocrx_word' id='word_1_413' title='bbox 518 2772 629 2820; x_wconf 87' lang='lat' dir='ltr'>maii,</span> <span class='ocrx_word' id='word_1_414' title='bbox 657 2783 779 2813; x_wconf 84' lang='lat' dir='ltr'>notat</span> <span class='ocrx_word' id='word_1_415' title='bbox 804 2775 1019 2827; x_wconf 86' lang='lat' dir='ltr'>episcopus</span> <span class='ocrx_word' id='word_1_416' title='bbox 1048 2776 1310 2816; x_wconf 87' lang='lat' dir='ltr'>Carnotensis</span> <span class='ocrx_word' id='word_1_417' title='bbox 1337 2776 1379 2814; x_wconf 89' lang='lat' dir='ltr'>in</span> <span class='ocrx_word' id='word_1_418' title='bbox 1404 2791 1477 2815; x_wconf 90' lang='lat' dir='ltr'>suo</span> <span class='ocrx_word' id='word_1_419' title='bbox 1513 2775 1658 2814; x_wconf 86' lang='lat' dir='ltr'>Diario</span> <span class='ocrx_word' id='word_1_420' title='bbox 1689 2775 1744 2825; x_wconf 85' lang='lat' dir='ltr'>[p.</span> <span class='ocrx_word' id='word_1_421' title='bbox 1774 2773 1930 2824; x_wconf 82' lang='lat' dir='ltr'>108],e</span> 
     </span>
     <span class='ocr_line' id='line_1_44' title="bbox 248 2826 1952 2886; baseline 0.004 -23"><span class='ocrx_word' id='word_1_422' title='bbox 248 2826 310 2864; x_wconf 84' lang='lat' dir='ltr'>die</span> <span class='ocrx_word' id='word_1_423' title='bbox 332 2837 448 2866; x_wconf 80' lang='lat' dir='ltr'>sexta</span> <span class='ocrx_word' id='word_1_424' title='bbox 469 2830 649 2879; x_wconf 84' lang='lat' dir='ltr'>januarii</span> <span class='ocrx_word' id='word_1_425' title='bbox 669 2835 878 2884; x_wconf 88' lang='lat' dir='ltr'>sequentis</span> <span class='ocrx_word' id='word_1_426' title='bbox 901 2836 1074 2874; x_wconf 87' lang='lat' dir='ltr'>Mariam</span> <span class='ocrx_word' id='word_1_427' title='bbox 1094 2836 1277 2886; x_wconf 82' lang='lat' dir='ltr'>reginam</span> <span class='ocrx_word' id='word_1_428' title='bbox 1299 2835 1471 2883; x_wconf 85' lang='lat' dir='ltr'>Siciliae,</span> <span class='ocrx_word' id='word_1_429' title='bbox 1494 2849 1598 2885; x_wconf 89' lang='lat' dir='ltr'>quae</span> <span class='ocrx_word' id='word_1_430' title='bbox 1617 2843 1710 2872; x_wconf 90' lang='lat' dir='ltr'>tum</span> <span class='ocrx_word' id='word_1_431' title='bbox 1730 2842 1819 2872; x_wconf 88' lang='lat' dir='ltr'>erat</span> <span class='ocrx_word' id='word_1_432' title='bbox 1839 2832 1952 2883; x_wconf 88' lang='lat' dir='ltr'>apud</span> 
     </span>
     <span class='ocr_line' id='line_1_45' title="bbox 248 2885 1951 2943; baseline 0.005 -22"><span class='ocrx_word' id='word_1_433' title='bbox 248 2885 553 2927; x_wconf 82' lang='lat' dir='ltr'>Villamnovam</span> <span class='ocrx_word' id='word_1_434' title='bbox 590 2906 712 2942; x_wconf 88' lang='lat' dir='ltr'>supra</span> <span class='ocrx_word' id='word_1_435' title='bbox 754 2894 1018 2943; x_wconf 84' lang='lat' dir='ltr'>Rhodanum,</span> <span class='ocrx_word' id='word_1_436' title='bbox 1056 2896 1232 2934; x_wconf 86' lang='lat' dir='ltr'>audiisse</span> <span class='ocrx_word' id='word_1_437' title='bbox 1271 2904 1447 2933; x_wconf 91' lang='lat' dir='ltr'>mortem</span> <span class='ocrx_word' id='word_1_438' title='bbox 1470 2894 1505 2932; x_wconf 91' lang='lat' dir='ltr'>ei</span> <span class='ocrx_word' id='word_1_439' title='bbox 1542 2893 1724 2932; x_wconf 87' lang='lat' dir='ltr'>evenisse</span> <span class='ocrx_word' id='word_1_440' title='bbox 1762 2892 1826 2931; x_wconf 90' lang='lat' dir='ltr'>die</span> <span class='ocrx_word' id='word_1_441' title='bbox 1864 2906 1951 2929; x_wconf 86' lang='lat' dir='ltr'>xv11</span> 
     </span>
     <span class='ocr_line' id='line_1_46' title="bbox 248 2944 1953 3005; baseline 0.004 -24"><span class='ocrx_word' id='word_1_442' title='bbox 248 2944 472 2985; x_wconf 73' lang='lat' dir='ltr'>decembris</span> <span class='ocrx_word' id='word_1_443' title='bbox 505 2949 559 2999; x_wconf 85' lang='lat' dir='ltr'>[p.</span> <span class='ocrx_word' id='word_1_444' title='bbox 582 2950 692 3002; x_wconf 80' lang='lat'>218].</span> <span class='ocrx_word' id='word_1_445' title='bbox 715 2952 846 2992; x_wconf 86' lang='lat' dir='ltr'>Causa</span> <span class='ocrx_word' id='word_1_446' title='bbox 866 2962 1007 2993; x_wconf 87' lang='lat' dir='ltr'>autem</span> <span class='ocrx_word' id='word_1_447' title='bbox 1029 2955 1080 2993; x_wconf 87' lang='lat' dir='ltr'>ob</span> <span class='ocrx_word' id='word_1_448' title='bbox 1102 2969 1227 3005; x_wconf 89' lang='lat' dir='ltr'>quam</span> <span class='ocrx_word' id='word_1_449' title='bbox 1247 2954 1462 3005; x_wconf 88' lang='lat' dir='ltr'>episcopus</span> <span class='ocrx_word' id='word_1_450' title='bbox 1484 2952 1761 2999; x_wconf 86' lang='lat' dir='ltr'>Carnotensis,</span> <span class='ocrx_word' id='word_1_451' title='bbox 1780 2951 1850 3002; x_wconf 86' lang='lat' dir='ltr'>qui</span> <span class='ocrx_word' id='word_1_452' title='bbox 1870 2965 1953 2988; x_wconf 91' lang='lat' dir='ltr'>non</span> 
     </span>
    </p>
   </div>
   <div class='ocr_carea' id='block_1_3' title="bbox 297 3074 1868 3180">
    <p class='ocr_par' dir='ltr' id='par_1_8' title="bbox 297 3074 1868 3180">
     <span class='ocr_line' id='line_1_47' title="bbox 297 3074 1492 3124; baseline 0.009 -19"><span class='ocrx_word' id='word_1_453' title='bbox 297 3074 327 3105; x_wconf 92' lang='grc'>1.</span> <span class='ocrx_word' id='word_1_454' title='bbox 360 3075 627 3122; x_wconf 72' lang='lat' dir='ltr'>Bibliothcque</span> <span class='ocrx_word' id='word_1_455' title='bbox 650 3081 693 3113; x_wconf 85' lang='lat' dir='ltr'>de</span> <span class='ocrx_word' id='word_1_456' title='bbox 716 3082 915 3123; x_wconf 87' lang='lat' dir='ltr'>Grenoble,</span> <span class='ocrx_word' id='word_1_457' title='bbox 938 3096 1005 3118; x_wconf 90' lang='lat' dir='ltr'>ms.</span> <span class='ocrx_word' id='word_1_458' title='bbox 1028 3083 1109 3124; x_wconf 83' lang='grc'>988,</span> <span class='ocrx_word' id='word_1_459' title='bbox 1131 3085 1194 3117; x_wconf 84' lang='lat' dir='ltr'>fol.</span> <span class='ocrx_word' id='word_1_460' title='bbox 1217 3085 1286 3118; x_wconf 86' lang='grc'>136</span> <span class='ocrx_word' id='word_1_461' title='bbox 1307 3084 1425 3116; x_wconf 72' lang='grc'>10-151</span> <span class='ocrx_word' id='word_1_462' title='bbox 1449 3088 1492 3116; x_wconf 85' lang='lat' dir='ltr'>r0.</span> 
     </span>
     <span class='ocr_line' id='line_1_48' title="bbox 298 3127 1868 3180; baseline 0.005 -22"><span class='ocrx_word' id='word_1_463' title='bbox 298 3127 329 3159; x_wconf 82' lang='lat'>2.</span> <span class='ocrx_word' id='word_1_464' title='bbox 351 3127 624 3165; x_wconf 74' lang='lat' dir='ltr'>L&#39;evenement</span> <span class='ocrx_word' id='word_1_465' title='bbox 642 3145 678 3166; x_wconf 90' lang='lat' dir='ltr'>se</span> <span class='ocrx_word' id='word_1_466' title='bbox 697 3136 887 3177; x_wconf 83' lang='lat' dir='ltr'>produisit</span> <span class='ocrx_word' id='word_1_467' title='bbox 904 3137 936 3170; x_wconf 85' lang='lat' dir='ltr'>le</span> <span class='ocrx_word' id='word_1_468' title='bbox 955 3139 974 3170; x_wconf 90' lang='lat'>5</span> <span class='ocrx_word' id='word_1_469' title='bbox 997 3138 1073 3170; x_wconf 87' lang='lat' dir='ltr'>mai</span> <span class='ocrx_word' id='word_1_470' title='bbox 1091 3139 1185 3171; x_wconf 81' lang='lat'>1385</span> <span class='ocrx_word' id='word_1_471' title='bbox 1204 3137 1262 3179; x_wconf 91' lang='lat' dir='ltr'>(N.</span> <span class='ocrx_word' id='word_1_472' title='bbox 1282 3137 1423 3176; x_wconf 78' lang='lat' dir='ltr'>Valois,</span> <span class='ocrx_word' id='word_1_473' title='bbox 1443 3148 1500 3180; x_wconf 89' lang='lat' dir='ltr'>op.</span> <span class='ocrx_word' id='word_1_474' title='bbox 1520 3136 1591 3174; x_wconf 64' lang='lat' dir='ltr'>cit„</span> <span class='ocrx_word' id='word_1_475' title='bbox 1612 3141 1694 3174; x_wconf 77' lang='lat' dir='ltr'>t.11,</span> <span class='ocrx_word' id='word_1_476' title='bbox 1714 3146 1748 3178; x_wconf 93' lang='lat' dir='ltr'>p.</span> <span class='ocrx_word' id='word_1_477' title='bbox 1768 3135 1868 3171; x_wconf 68' lang='lat'>136).</span> 
     </span>
    </p>
   </div>
  </div>
 </body>
</html>
