2083 3458
78 250 226 306 [1245]
595 266 812 291 PAPARUM
847 265 1232 290 AVENIONENSIUM
1684 249 1763 291 769

65 363 147 387 sem
184 349 300 386 daret
336 348 540 398 Philippo,
575 347 782 399 rescripsit
818 348 1033 398 Gregorius
1069 362 1176 385 anno
1213 348 1571 395 MCCCLXXVH,
1607 347 1671 386 die
1706 363 1763 386 ΧΠ

65 407 305 455 decembris,
342 421 424 444 non
459 407 637 457 cogitare
672 422 713 446 se
749 408 797 445 de
833 407 1017 446 creandis
1054 407 1344 455 cardinalibus,
1380 407 1511 445 multo
1546 406 1679 445 minus
1716 407 1764 445 de

65 467 299 518 patriarcha
316 466 565 516 Aquileiensi
580 466 621 503 in
637 481 731 505 eum
747 467 918 517 gradum
935 467 1160 514 evehendo,
1176 475 1268 504 tum
1282 474 1451 517 propter
1465 467 1551 516 ejus
1568 474 1764 514 aetatem,

64 536 155 567 tum
169 534 338 577 propter
352 525 451 563 alias
468 540 627 573 causas,
642 540 774 576 neque
790 526 1035 564 conveniens
1052 540 1136 564 esse
1151 534 1198 563 ut
1214 525 1262 563 de
1278 525 1477 563 beneficio
1492 540 1575 563 non
1588 533 1763 563 vacante

64 585 326 637 sponsionem
358 584 496 623 faciat.
532 585 664 633 Quam
697 585 879 635 Gregorii
909 585 1126 635 epistolam
1157 584 1306 623 vidisse
1338 584 1464 623 etiam
1496 584 1763 634 Spondanum

65 653 229 683 constat
254 659 304 682 ex
328 643 388 682 his
416 658 519 694 quae
545 643 629 695 ipse
656 644 812 691 scribit,
834 658 900 683 an.
929 644 1044 691 1377,
1070 644 1086 675 Q
1107 644 1169 691 21,
1189 643 1261 681 ubi
1286 643 1334 681 de
1359 644 1435 682 hoc
1456 643 1645 693 Philippo
1665 643 1763 693 agit.

67 704 224 743 Urbani
247 703 404 753 itaque,
428 702 490 741 uti
517 703 710 750 diximus,
735 712 873 753 partes
899 703 1113 753 amplexus
1141 702 1368 754 Philippus,
1393 703 1445 740 ab
1471 718 1517 740 eo
1543 702 1676 741 factus
1702 711 1764 741 est

65 763 281 802 cardinalis
310 777 418 800 anno
448 763 830 809 MCCCLXXVIH,
861 762 923 800 die
952 777 1053 800 xv111
1081 761 1345 812 septembris3
1374 761 1497 811 idque
1526 762 1684 799 factum
1711 761 1763 799 ab

69 823 234 861 Urbano
250 821 358 860 idem
375 821 635 872 Spondanus,
653 836 718 860 an.
738 822 853 869 1378,
877 822 893 870 ξ
911 822 975 869 21,
991 821 1225 871 suspicatur
1241 836 1321 871 quo
1338 821 1393 859 sic
1414 821 1613 859 Karolum
1628 835 1763 870 regem

66 883 317 921 Francorum
351 882 641 927 demereretur,
675 896 746 919 seu
779 881 963 920 nondum
989 880 1200 930 Philippus
1225 879 1308 930 regi
1335 881 1452 930 plene
1477 879 1761 918 reconciliatus

68 942 242 979 Romam
263 939 493 990 confugerit
513 940 565 977 ad
588 941 816 987 Urbanum,
838 939 902 978 cui
922 939 1079 978 sciebat
1098 954 1233 989 regem
1253 938 1474 977 adversari.
1499 940 1584 989 Ego
1604 938 1761 977 facilius

64 1000 305 1040 crediderim
338 1000 553 1038 Urbanum
585 999 802 1037 nobilitate
833 998 910 1036 viri
939 1007 1190 1049 permotum,
1221 1007 1312 1036 tum
1343 998 1469 1047 etiam
1501 998 1684 1036 fortassis
1716 1006 1763 1035 ut

65 1060 240 1110 gratiam
260 1059 362 1109 regis
385 1074 431 1097 eo
453 1058 631 1097 facinore
653 1058 730 1096 sibi
752 1058 1001 1105 conciliaret,
1023 1057 1258 1108 Philippum
1281 1057 1482 1107 dignitate
1503 1056 1760 1095 cardinalitia

65 1133 241 1158 ornasse.
272 1119 378 1156 Puto
406 1117 515 1156 enim
542 1132 634 1156 eum
672 1132 754 1155 non
781 1117 931 1155 vidisse
959 1132 1094 1167 regem
1122 1117 1174 1154 ab
1202 1132 1248 1155 eo
1276 1125 1461 1167 tempore
1484 1131 1564 1166 quo
1586 1131 1605 1154 e
1632 1115 1761 1154 Gallia

63 1178 242 1229 primum
273 1177 460 1225 excessit,
490 1185 531 1215 et
561 1185 742 1227 sempter
771 1176 968 1215 mansisse
985 1176 1026 1214 in
1057 1176 1167 1214 curia
1191 1176 1391 1214 Romana.
1417 1175 1511 1213 Fuit
1531 1183 1672 1213 autem
1697 1174 1761 1213 ille

63 1237 368 1276 addictissimus
397 1237 578 1283 Urbano,
603 1245 650 1274 ut
674 1244 793 1286 patet
816 1251 867 1274 ex
891 1235 1087 1274 relatione
1117 1235 1304 1274 Roderici
1328 1234 1525 1273 Bernardi
1550 1235 1601 1272 ad
1626 1248 1761 1284 regem

64 1297 263 1335 Castellae
285 1297 333 1335 de
354 1296 415 1334 his
438 1310 541 1346 quae
564 1295 709 1334 missus
731 1296 782 1333 ab
804 1310 850 1333 eo
871 1303 1010 1345 egerat
1034 1295 1187 1333 Romae
1209 1302 1250 1332 et
1271 1294 1381 1344 apud
1404 1293 1673 1332 Avenionem.
1697 1293 1760 1331 Sic

63 1357 172 1395 enim
197 1356 277 1394 illic
304 1355 505 1406 scriptum
538 1363 600 1393 est
619 1355 658 1393 l:
686 1356 865 1392 Preterea
893 1354 1078 1392 (lominus
1105 1355 1148 1391 de
1175 1353 1411 1400 AlanconiO,
1439 1362 1537 1400 etc.;
1564 1361 1611 1390 ut
1637 1366 1758 1402 supra

63 1431 102 1466 p.
133 1415 247 1463 1110,
275 1429 403 1465 usque
432 1428 552 1465 super
580 1414 652 1452 isto
681 1414 846 1463 negotio.
880 1414 977 1451 Item
1004 1413 1279 1463 subsequenter
1296 1412 1450 1450 addidit
1477 1413 1577 1462 quod
1596 1426 1666 1449 nos
1687 1411 1760 1449 alii

63 1475 257 1513 dabamus
281 1474 459 1524 capitula
484 1481 518 1511 et
543 1473 758 1524 positiones
784 1481 818 1511 et
851 1473 1038 1511 articulos
1062 1472 1234 1510 senatori
1260 1480 1294 1509 et
1318 1472 1412 1510 aliis
1433 1470 1763 1509 Bandarensibus

61 1548 180 1584 super
200 1534 302 1584 facto
324 1533 523 1571 electionis
545 1541 579 1571 et
600 1533 695 1571 aliis
717 1532 1037 1581 contingentibus
1059 1540 1164 1579 tunc,
1186 1539 1221 1569 et
1244 1531 1463 1569 mirabatur
1485 1532 1529 1568 de
1550 1530 1762 1580 prudentia

62 1602 194 1631 nostra
212 1607 330 1643 quare
349 1593 424 1630 ista
440 1592 701 1641 faciebamus,
720 1600 755 1630 et
773 1591 862 1642 quis
880 1591 1082 1629 constituit
1100 1606 1170 1628 nos
1186 1591 1339 1640 judices
1359 1590 1401 1627 in
1421 1590 1493 1627 isto
1512 1589 1677 1637 negotio.
1698 1589 1763 1626 Ad

64 1653 138 1691 ista
163 1652 438 1702 respondimus
464 1652 566 1701 quod
590 1652 719 1701 primo
744 1652 856 1689 electo
880 1651 1201 1701 supplicavimus
1226 1658 1267 1688 ut
1292 1650 1397 1687 daret
1424 1649 1537 1686 nobis
1562 1648 1762 1687 licentiam

64 1721 104 1750 ut
127 1712 432 1761 informaremur
455 1712 498 1748 de
522 1711 678 1749 veritate
701 1719 896 1759 gestorum
918 1710 980 1747 hic
1004 1710 1046 1747 in
1075 1710 1191 1756 Ifrbe,
1215 1717 1248 1747 et
1272 1708 1356 1759 ipse
1372 1708 1558 1746 concessit
1577 1707 1704 1754 nobis,
1728 1715 1762 1744 et

63 1771 166 1809 dedit
181 1771 295 1808 nobis
310 1771 493 1820 officiales
508 1771 560 1808 ad
575 1770 779 1808 citandum
795 1784 889 1819 quos
906 1770 1103 1816 vellemus,
1120 1777 1154 1806 et
1168 1783 1213 1806 ec
1228 1768 1488 1818 permissione
1506 1766 1621 1804 istius
1637 1766 1760 1816 primi

62 1830 167 1868 electi
184 1830 431 1880 faciebamus
451 1829 538 1868 ista.
560 1830 745 1867 Attamen
765 1844 843 1866 non
862 1829 1042 1867 dedimus
1060 1828 1247 1866 articulos
1267 1841 1333 1865 nec
1352 1827 1530 1877 capitula
1547 1839 1667 1876 super
1686 1825 1761 1863 ista

63 1889 226 1927 materia
255 1889 335 1927 nisi
363 1889 534 1927 senatori
566 1888 745 1927 Johanni
775 1888 956 1935 Sancliii,
982 1888 1049 1938 qui
1078 1887 1179 1925 dixit
1207 1887 1320 1924 nobis
1344 1885 1445 1936 quod
1472 1886 1654 1923 daremus
1681 1884 1760 1921 sibi

61 1949 238 1999 capitula
257 1962 376 1998 super
395 1948 540 1998 quibus
560 1948 785 1986 volebamus
807 1947 1030 1997 informari.
1053 1947 1103 1984 Et
1123 1946 1217 1996 quia
1236 1946 1350 1984 aliter
1370 1959 1448 1982 non
1468 1953 1692 1995 poteramus
1711 1943 1761 1981 ab

62 2022 103 2045 eo
132 2008 270 2046 habere
301 2007 621 2056 informationem
651 2016 858 2057 gestorum,
887 2006 967 2044 sibi
998 2006 1177 2044 dedimus
1206 2005 1354 2055 aliqua.
1392 1996 1697 2053 Verumptamen
1727 2002 1761 2039 si

62 2066 218 2117 primus
237 2067 376 2104 electus
394 2075 428 2104 et
447 2066 531 2116 ipse
550 2067 732 2109 nolebant
751 2067 852 2116 quod
869 2066 1128 2116 reciperemus
1149 2064 1465 2114 informationem
1488 2071 1680 2111 gestorum
1699 2061 1760 2098 liic

63 2127 106 2164 in
130 2126 245 2174 Urbe,
265 2126 334 2163 ubi
351 2126 480 2175 fuerat
497 2126 627 2164 electio
645 2126 848 2172 celebrata,
867 2125 968 2175 quod
985 2125 1158 2175 sequenti
1177 2124 1239 2161 die
1256 2124 1515 2160 recederemus
1530 2136 1618 2159 cum
1635 2121 1758 2170 galea.

65 2185 177 2223 Tunc
200 2185 279 2234 fuit
303 2185 540 2235 pacificatus
565 2185 691 2223 dictus
717 2185 903 2222 dominus
928 2184 1147 2222 cardinalis
1172 2184 1216 2221 de
1242 2182 1484 2228 Alanconi03
1512 2181 1578 2230 qui
1604 2188 1760 2230 propter

61 2245 244 2282 honorem
257 2252 375 2282 vestre
387 2244 609 2282 serenitatis
621 2244 700 2293 fuit
714 2244 828 2281 nobis
843 2243 1040 2293 gratiosus
1053 2251 1087 2280 et
1100 2242 1266 2280 curialis
1281 2241 1323 2279 in
1337 2241 1444 2288 aliis,
1460 2241 1526 2277 sed
1540 2239 1582 2277 in
1597 2238 1760 2276 materia

60 2304 258 2341 scismatis
276 2312 357 2342 erat
374 2304 533 2341 odiosus
561 2303 684 2341 nimis
702 2312 735 2341 et
754 2304 921 2341 multum
945 2303 1157 2351 rigorosus.
1181 2300 1442 2339 Destinatam
1460 2299 1495 2337 ei
1514 2298 1635 2336 fuisse
1654 2298 1760 2346 lega—

61 2363 216 2401 tionem
251 2362 466 2401 Flandriae
499 2363 551 2400 ab
587 2363 755 2400 Urbano
788 2362 830 2399 in
862 2361 988 2399 initiis
1023 2360 1084 2399 sui
1117 2359 1386 2410 pontificatus
1420 2365 1601 2396 testatur
1634 2356 1760 2394 frater

62 2422 300 2468 Menendus,
328 2421 542 2471 episcopus
563 2421 850 2468 Cordubensis,
871 2421 982 2471 apud
1007 2420 1228 2458 Odoricum
1259 2417 1537 2467 Raynaldum,
1554 2430 1619 2454 an.
1645 2415 1759 2461 1379,

121 2540 240 2577 Anno
261 2539 362 2577 1389
390 2547 479 2577 erat
507 2539 666 2589 legatus
697 2539 882 2588 ejusdem
917 2537 1073 2576 Urbani
1100 2537 1141 2574 in
1169 2536 1356 2587 partibus
1386 2532 1759 2585 Erphordensibus,

62 2606 108 2636 ut
122 2599 243 2637 docet
256 2597 439 2636 Historia
453 2598 497 2635 de
510 2598 778 2647 Landgraviis
797 2597 1043 2646 Thuringiae
1067 2595 1177 2634 edita
1192 2609 1214 2633 a
1231 2596 1268 2633 J.
1286 2593 1460 2644 Pistorio
1487 2593 1579 2642 [Ed.
1596 2593 1758 2638 Struve‚

64 2669 92 2697 t.
108 2673 135 2705 1,
149 2672 190 2707 p.
209 2657 309 2695 1355
323 2657 349 2707 ].

114 2716 233 2753 Anno
258 2716 494 2754 MCCCXCI
517 2715 707 2753 interfuit
731 2713 1034 2753 canonizationi
1056 2721 1223 2751 sanctae
1246 2711 1434 2761 Brigidae
1459 2711 1507 2749 de
1532 2709 1688 2756 suecia,
1712 2717 1760 2747 ut

62 2775 181 2813 docet
201 2776 345 2813 Petrus
367 2774 513 2812 Amelii
531 2774 572 2812 in
590 2774 693 2812 libro
709 2775 769 2811 De
786 2773 1018 2811 ceremoniis
1038 2773 1078 2810 S.
1099 2773 1146 2810 R.
1167 2772 1230 2819 E„
1249 2785 1337 2821 cap.
1360 2785 1466 2816 cL111‚
1485 2784 1525 2820 p.
1546 2768 1635 2807 537.

116 2834 276 2872 Extant
300 2833 342 2871 in
367 2833 504 2871 codice
529 2833 607 2872 842
632 2832 772 2871 Sancti
798 2831 973 2871 Victoris
1000 2830 1236 2869 Parisiensis
1258 2830 1272 2853 2
1304 2829 1500 2879 epistolae
1525 2836 1606 2866 tres
1641 2826 1757 2865 istius

62 2893 278 2931 cardinalis
299 2892 351 2930 ad
375 2891 699 2930 Universitatem
722 2891 990 2929 Parisiensem
1010 2889 1052 2927 in
1073 2903 1194 2928 causa
1214 2887 1460 2935 schismatis,
1481 2901 1574 2925 cum
1593 2900 1758 2936 respon-

110 3027 142 3060 1.
172 3026 213 3059 B.
241 3026 298 3066 N.‚
323 3037 390 3059 ms.
415 3025 512 3058 latin
535 3024 666 3065 11745,
690 3025 754 3058 fol.
778 3025 823 3057 19
846 3029 897 3057 v0.

111 3080 142 3112 2.
173 3079 213 3112 Β.
240 3079 297 3119 Ν.,
329 3090 396 3112 ms.
428 3078 524 3111 latin
556 3077 684 3117 14643,
708 3078 772 3111 fol.
791 3078 835 3110 26
857 3082 901 3117 r⁰‚
925 3078 969 3110 35
992 3081 1036 3116 r0‚
1060 3077 1105 3109 35
1128 3080 1178 3117 νο,
1201 3076 1246 3109 39
1269 3080 1310 3108 v⁰
1330 3082 1368 3108 et
1391 3073 1758 3108 Denifle-Chatelain

65 3131 366 3176 (Chartularium‚
392 3138 418 3164 t.
441 3143 493 3171 111,
518 3143 552 3164 n.
578 3131 699 3174 1694).

718 3206 866 3236 1'3ALUZE
885 3223 932 3227 —
952 3205 987 3235 II
1002 3204 1111 3236 —-·25
