2083 3458
111 203 234 258 [796]
638 217 854 245 PAPARUM
890 219 1278 245 AVENJONENsrUM
1718 205 1802 249 299

97 303 326 349 confirmet,
345 302 464 341 affert
481 302 772 340 auctoritatem
790 302 970 351 Catalogi
988 303 1248 352 theologorum
1270 302 1549 340 Universitatis
1569 304 1799 354 Tolosanae,

97 361 167 398 ubi
189 360 316 398 istum
338 360 535 399 recenseri
558 360 617 398 ait
639 360 745 398 inter
768 361 1021 408 Carmelitas,
1046 370 1086 400 et
1110 360 1367 412 epitaphium
1390 362 1603 411 sepulchro
1627 363 1728 412 ejus,
1752 373 1799 402 ut

96 427 275 457 testatur
297 419 488 458 Claudius
513 420 560 457 de
584 418 685 457 Ville
708 419 749 456 in
771 419 874 457 libro
896 421 1155 458 Heroicorum
1177 419 1471 470 epitaphiorum
1493 422 1684 470 secundo,
1709 424 1799 462 ads-

94 478 306 528 scriptum,
338 479 447 528 quod
476 479 531 516 sic
560 478 686 515 habet
716 494 723 515 :
754 478 834 516 Hie
859 478 960 527 jacet
987 479 1222 517 Benedictus
1250 493 1361 529 quem
1389 479 1595 518 Carmelus
1622 482 1797 531 protulit,

93 536 290 575 Casstnus
315 537 428 584 aluit,
461 537 679 574 Vaticanus
711 538 920 576 coronavit.
950 538 1101 576 Verum
1128 539 1203 576 hae
1237 537 1501 588 probationes
1537 539 1686 578 nullius
1712 555 1797 580 mo-

91 596 219 633 menti
245 611 328 634 esse
354 596 559 634 videntur.
587 595 802 644 Catctlogus
827 596 934 633 enim
960 597 1221 646 theologorum
1246 597 1531 635 Tolosanorum
1554 612 1635 636 non
1663 607 1796 638 osten-

89 654 201 692 ditur
231 671 239 692 :
270 663 310 693 et
338 655 433 693 licet
463 654 760 701 ostenderetur,
790 655 924 692 adhuc
954 663 1093 693 tamen
1123 664 1352 706 superesset
1380 655 1715 706 investigandum
1744 673 1796 697 an

89 713 265 764 scriptus
296 714 401 752 foret
430 728 531 752 aevo
561 712 787 759 Benedicti,
818 721 858 751 et
888 727 910 750 a
941 728 1020 763 qua
1051 729 1188 753 manu.
1223 714 1366 762 Quoad
1396 715 1655 765 epitaphium
1684 732 1794 761 vero,

88 786 246 810 merum
266 781 545 811 commentum
565 780 639 819 est,
659 771 700 808 in
721 786 800 821 quo
816 771 916 809 nihil
936 773 1033 811 veri.
1052 774 1267 811 Praeterea
1288 781 1445 811 certum
1464 782 1526 811 est
1543 774 1645 813 illud
1661 777 1793 826 sepul-

88 831 183 869 chro
203 831 288 881 ejus
308 831 562 882 adscriptum
581 845 662 868 non
682 830 816 869 fuisse.
838 830 954 869 Adde
972 832 1257 870 testimonium
1274 831 1400 882 ipsius
1418 832 1645 882 Benedicti,
1666 835 1735 885 qui
1752 835 1794 873 in

86 889 212 928 literis
247 905 347 940 quas
380 890 422 928 in
455 889 621 929 exordio
655 889 716 927 sui
748 889 1018 939 pontificatus
1053 890 1215 940 scripsit
1247 891 1299 928 ad
1346 890 1643 941 Cistercienses‚
1692 908 1793 944 quas

87 949 280 999 Ughellus
305 949 433 987 edidit
455 949 496 986 in
519 957 633 987 tomo
657 947 788 998 primo
816 948 956 986 Italiae
978 963 1112 987 sacrae
1135 958 1175 987 et
1198 949 1240 987 in
1263 950 1373 987 bulla
1393 950 1405 971 ¹
1430 950 1478 988 de
1501 951 1793 992 reformatione

85 1007 237 1046 ordinis
259 1008 534 1046 Cisterciensis
563 1015 738 1045 testatur
759 1022 799 1045 se
821 1008 872 1045 ab
894 1008 1171 1046 adolescentia
1192 1022 1264 1046 sua
1288 1009 1499 1047 sustulisse
1519 1009 1664 1060 jugum
1688 1011 1792 1061 ejus-

85 1066 177 1104 dem
204 1067 355 1105 ordinis
381 1075 422 1105 et
446 1067 489 1104 in
513 1081 559 1104 eo
584 1066 816 1115 juventutis
843 1081 938 1104 suae
965 1075 1152 1117 tempora
1178 1068 1377 1117 peregisse
1403 1067 1572 1118 ejusque
1599 1070 1792 1109 effectum

83 1124 204 1164 fuisse
228 1126 453 1165 alumnum.
479 1126 756 1164 Confirmatur
778 1125 889 1163 istud
913 1140 961 1163 ex
984 1126 1161 1164 secunda
1185 1134 1225 1164 et
1248 1141 1298 1164 ex
1321 1126 1465 1175 quinta
1494 1127 1585 1165 Vita
1608 1128 1791 1178 ejusdem

82 1185 308 1233 Benedicti,
338 1185 379 1222 in
409 1185 556 1235 quibus
586 1184 785 1234 scriptum
814 1193 888 1230 est,
918 1200 956 1235 p.
988 1185 1076 1233 210,
1107 1185 1195 1232 226,
1226 1200 1319 1223 eum
1347 1193 1530 1235 tempore
1558 1187 1790 1236 pubertatis

82 1258 177 1282 suae
204 1244 430 1294 ingressum
456 1259 539 1282 esse
568 1243 864 1281 monasterium
887 1244 1143 1282 Bolbonense
1171 1244 1444 1282 Cisterciensis
1473 1245 1623 1284 ordinis
1650 1255 1691 1284 et
1716 1247 1789 1286 ibi-

82 1303 175 1340 dem
191 1303 330 1341 fecisse
345 1303 652 1353 professionem,
669 1311 710 1340 et
733 1317 783 1340 ex
800 1302 968 1341 Nicolao
985 1302 1171 1353 Speciali,
1187 1303 1256 1342 lib.
1276 1303 1393 1349 VIII,
1411 1317 1498 1353 cap.
1519 1319 1542 1341 v
1561 1304 1789 1355 muratori,

82 1369 111 1400 t.
140 1377 181 1406 x,
208 1363 281 1401 col.
310 1361 442 1411 1080]‚
470 1362 538 1412 qui
564 1362 621 1399 ait
647 1376 740 1399 eum
765 1361 887 1399 fuisse
913 1363 1118 1400 nutritum
1143 1362 1184 1399 in
1219 1362 1358 1399 ordine
1384 1361 1653 1411 Cisterciensi,
1679 1379 1790 1414 quem

83 1420 356 1459 Cisterciensis
377 1422 467 1458 ordo
490 1421 715 1459 nutriverat.
741 1420 926 1470 Denique
948 1435 1029 1458 non
1051 1420 1129 1458 fuit
1152 1420 1284 1458 factus
1307 1421 1500 1470 magister
1520 1421 1562 1459 in
1582 1423 1788 1473 theologia

81 1478 121 1516 in
147 1480 358 1518 academia
384 1481 598 1527 Tolosana,
626 1480 694 1517 sed
721 1479 763 1517 in
789 1479 1018 1525 parisiensi,
1044 1488 1091 1517 ut
1115 1480 1264 1529 legitur
1288 1479 1329 1517 in
1356 1479 1500 1529 quinta
1532 1481 1623 1518 Vita
1647 1481 1787 1532 ipsius,

82 1553 120 1588 p.
147 1538 234 1577 226.
264 1540 325 1577 Ex
350 1539 497 1589 quibus
523 1539 774 1588 argumentis
798 1538 962 1576 insimul
988 1539 1165 1577 collectis
1192 1538 1324 1588 colligi
1348 1538 1512 1577 videtur
1537 1548 1646 1577 certo
1670 1555 1787 1591 posse

83 1612 175 1635 eum
209 1598 434 1636 admodum
465 1598 660 1647 juvenem
694 1597 816 1635 fuisse
850 1599 1099 1636 monachum
1133 1598 1453 1643 Cisterciensem‚
1488 1599 1672 1648 adeoque
1705 1615 1787 1638 non

84 1655 206 1694 fuisse
228 1657 505 1696 Carmelitam.

136 1716 177 1754 P.
204 1715 291 1763 195,
315 1715 380 1765 lig.
407 1716 467 1754 12.
496 1717 706 1754 PAmqus.
737 1716 766 1753 Il
790 1716 932 1754 habita
955 1717 990 1754 le
1014 1724 1192 1754 convent
1216 1716 1284 1754 des
1302 1716 1547 1754 Bernardins
1574 1717 1784 1766 (Daumet‚

81 1788 119 1812 n.
144 1774 249 1816 463).

135 1834 177 1872 Ρ.
206 1833 292 1881 195,
324 1833 390 1884 lig.
428 1834 486 1873 14.
526 1834 746 1871 MAGISTER
779 1848 822 1871 IN
858 1848 990 1872 SACRA
1024 1848 1278 1872 THEOLOGIA.
1307 1834 1466 1871 Extant
1498 1834 1609 1884 apud
1643 1835 1785 1873 Odori-

80 1905 172 1930 cum
205 1893 468 1942 Raynaldum
497 1893 537 1930 in
567 1893 799 1930 Annalibus
827 1893 1099 1930 ecclesiasticis
1129 1893 1333 1943 quaedam
1362 1893 1448 1942 ejus
1478 1893 1784 1932 lucubrationes

78 1951 330 2001 theologicae
358 1952 405 1990 de
431 1960 677 2002 paupertate
706 1951 854 1989 Christi
881 1960 921 1990 et
948 1952 1240 2002 Apostolorum
1267 1960 1307 1990 et
1334 1952 1382 1990 de
1409 1951 1564 1992 visione
1591 1952 1783 1991 beatifica

78 2018 326 2048 sanctorum.
347 2011 540 2049 Testatur
558 2019 698 2049 autem
717 2011 881 2049 Carolus
901 2011 949 2048 de
971 2011 1091 2049 Visch
1107 2010 1149 2048 in
1167 2010 1411 2048 Bibliotheca
1427 2010 1663 2060 scriptorum
1680 2012 1782 2049 ordi-

78 2068 141 2105 nis
165 2069 438 2107 Cisterciensis
465 2069 517 2120 [p.
544 2068 608 2119 37]
636 2069 833 2120 scriptam
856 2070 907 2107 ad
932 2084 972 2107 se
999 2069 1120 2108 fuisse
1153 2070 1204 2107 ab
1232 2070 1402 2119 Ughello
1427 2070 1643 2119 epistolam
1678 2085 1782 2120 quae

76 2127 195 2166 docet
224 2143 324 2178 opus
354 2129 402 2167 de
431 2128 586 2167 visione
614 2128 807 2167 beatifica
836 2137 877 2167 et
904 2129 992 2167 aliis
1022 2128 1309 2167 controversiis
1337 2128 1573 2178 theologicis
1604 2128 1780 2166 divisum

74 2185 115 2223 in
147 2201 217 2224 sex
249 2195 454 2225 tractatus
486 2195 626 2225 extare
658 2187 699 2225 in
732 2186 980 2225 bibliotheca
1013 2187 1267 2234 Vaticana23
1302 2188 1411 2237 quod
1444 2187 1569 2225 etiam
1601 2195 1780 2226 testatur

76 2245 273 2284 Odoricus
296 2246 551 2295 Raynafflus,
572 2260 636 2286 an.
660 2246 774 2293 1342,
802 2246 818 2295 ἓ
839 2246 874 2285 4.
899 2246 1058 2284 Dicitur
1078 2255 1288 2296 praeterea
1309 2245 1513 2296 scripsisse
1534 2245 1779 2284 Commenta-

75 2303 180 2342 rium
210 2305 252 2342 in
280 2305 528 2354 evangelium
556 2305 752 2343 Matthaei
769 2306 797 2353 ³,
829 2306 938 2355 quod
968 2305 1151 2344 extitisse
1182 2305 1277 2343 olim
1305 2305 1347 2342 in
1376 2304 1624 2343 bibliotheca
1651 2305 1778 2343 Bene-

74 2362 173 2401 dicti
196 2364 305 2401 XIII
328 2365 447 2402 docet
469 2364 683 2414 Catologus
704 2364 895 2402 librorum
917 2364 987 2414 qui
1008 2364 1049 2402 in
1071 2378 1117 2402 ea
1140 2364 1235 2402 olim
1257 2364 1470 2402 extabant.
1495 2364 1691 2401 Censetur
1711 2363 1778 2402 ille

74 2422 194 2460 hodie
213 2421 255 2460 in
275 2422 411 2461 codice
430 2421 534 2460 2743
552 2422 824 2462 bibliothecae
845 2423 1102 2461 Colbertinae
1117 2422 1145 2470 4,
1161 2422 1202 2460 in
1223 2438 1316 2473 quo,
1332 2422 1400 2461 fol.
1414 2422 1437 2460 8
1451 2426 1507 2470 vo,
1528 2421 1583 2460 sic
1602 2422 1774 2471 legitur:

75 2480 214 2518 Prima
238 2496 332 2530 pars
354 2482 507 2531 postille
531 2481 682 2520 domini
705 2482 907 2520 Benedicti
926 2482 1021 2519 XII
1033 2495 1154 2532 super
1168 2481 1403 2528 Nlatthewm
1428 2495 1498 2530 que
1514 2480 1699 2518 distincta
1721 2487 1777 2518 est

74 2553 142 2588 per
164 2539 381 2577 CXXXII
403 2549 599 2580 tractatus.
624 2541 675 2579 Et
696 2541 764 2578 hoc
787 2541 965 2578 volumen
988 2541 1156 2578 continet
1177 2555 1202 2578 α
1222 2540 1352 2590 primo
1376 2553 1494 2589 usque
1516 2539 1549 2576 L
1571 2546 1776 2577 tractatum

74 2597 275 2637 inclusive.
310 2599 407 2636 Item
434 2599 548 2637 atiud
571 2600 750 2637 volumen
779 2599 952 2649 ejusdem
972 2600 1126 2649 postille
1155 2599 1385 2636 continuum
1406 2598 1623 2648 precedenti
1649 2598 1774 2635 consi-

72 2656 181 2694 milis
205 2657 326 2695 littere
349 2666 383 2695 et
403 2658 531 2707 forma
555 2658 757 2696 continens
781 2673 804 2696 α
827 2658 887 2695 LI
910 2666 1073 2696 tractatu
1100 2672 1218 2707 usque
1241 2658 1292 2695 acl
1312 2656 1545 2694 LXXXIX
1570 2655 1771 2695 inclusive.

76 2715 169 2753 Item
200 2724 416 2766 sequuntur
444 2731 510 2754 sem
539 2717 741 2754 volumina
770 2717 943 2766 ejusdem
974 2717 1126 2766 postille
1150 2716 1312 2754 alterius
1340 2715 1461 2764 forme
1490 2723 1523 2752 et
1552 2715 1673 2752 littere
1703 2729 1774 2764 que

118 2864 150 2897 1.
169 2864 420 2907 Cocquelines‚
438 2870 465 2897 t.
480 2863 547 2905 111²,
564 2876 599 2908 p.
618 2865 698 2899 203.

121 2917 152 2950 2.
182 2917 230 2950 Μ.
247 2917 358 2950 Vidal
372 2929 393 2950 a
407 2918 499 2950 ecrit
512 2929 584 2950 une
599 2918 727 2951 Notice
739 2929 803 2950 sur
816 2917 864 2950 les
878 2928 1013 2950 oezwres
1028 2917 1074 2949 du
1089 2928 1184 2960 pape
1197 2916 1325 2949 Benott
1338 2916 1424 2948 XII
1442 2915 1574 2959 (Revue
1587 2915 1771 2951 dfhistoire

70 2969 345 3013 ecclesias-tique,
369 2976 395 3003 t.
420 2982 456 3003 vr
482 2970 615 3014 (1905),
638 2982 673 3014 p.
698 2971 866 3009 557-565,
891 2970 1076 3013 785-810),
1099 2969 1175 3002 fort
1196 2969 1391 3012 complete.

79 3039 82 3045 f
119 3023 152 3055 3.
182 3022 303 3063 Vidal,
326 3027 391 3056 art.
413 3023 489 3063 cite,
512 3034 546 3066 p.
569 3023 739 3057 799-806.

119 3076 152 3109 4.
182 3076 221 3109 Β.
245 3075 302 3115 Ν.,
323 3087 390 3109 ms.
411 3075 505 3108 latin
524 3075 618 3110 5156
635 3076 679 3109 A.
