2083 3458
286 203 369 244 410
940 219 1092 247 NOTAE
1126 222 1186 246 AD
1221 222 1348 248 VITAs
1863 205 1987 263 [898]

286 305 329 342 de
357 304 499 343 Sancto
533 304 738 352 Germano,
766 304 1010 351 Aniciensis‚
1039 312 1073 342 et
1098 303 1266 341 Nicolao
1293 303 1475 354 Capocie,
1505 306 1548 343 de
1576 306 1718 344 Sancto
1745 302 1988 355 Andomaro,

287 364 537 401 illorinensis
554 364 730 411 diocesis,
743 363 1011 401 Ecclesiaram
1030 363 1255 412 prepositis.
1281 363 1501 402 Mittantur
1517 365 1568 402 acl
1583 361 1802 403 Ecclesiam
1814 364 1989 414 Mogun-

288 423 427 470 tinam,
453 423 567 471 cujus
591 422 885 460 administratio
908 422 964 459 eis
980 422 1246 470 committitur,
1270 437 1342 472 pro
1355 423 1629 472 reformatione
1665 420 1796 474 ipsius
1818 422 1991 461 Ecclesie

285 490 319 519 et
344 482 446 519 alias
472 496 543 531 pro
573 481 669 519 bono
695 490 799 519 statii
825 490 859 519 et
881 481 1022 518 honore
1048 481 1223 530 ejusdem
1238 482 1409 519 Ecclesie
1435 484 1724 521 conservandis.
1753 483 1870 530 Item,
1900 497 1988 534 cap.

287 555 384 578 xuv
408 556 415 578 :
439 540 612 579 Eisdem.
636 540 872 578 Conceditur
892 540 948 577 eis
969 541 1070 590 quod
1092 540 1172 590 ipsi
1193 549 1226 578 et
1245 541 1467 590 familiares
1487 543 1552 580 sui
1573 542 1727 592 possint
1748 542 1991 592 participare

286 614 374 637 cum
402 599 696 649 archiepiscopo
729 599 954 637 Treverensi
983 607 1017 637 et
1045 599 1139 637 aliis
1168 600 1348 650 personis
1379 601 1422 638 in
1452 601 1532 639 illis
1561 602 1744 651 partibus
1772 616 1990 639 excommu-

287 659 441 697 nicatis.
465 659 519 696 Et
537 659 579 696 in
598 658 786 696 Rubricis
804 659 1019 698 literarum
1039 659 1087 697 de
1108 659 1218 697 curia
1247 659 1432 709 ejusdem
1460 661 1570 709 anni,
1601 675 1688 711 cap.
1721 676 1791 699 x111
1814 677 1821 698 :
1852 661 1989 710 Magi-

284 717 376 755 stris
410 717 585 766 Gziigoni
614 718 657 755 de
686 718 828 755 Sancto
859 717 1066 765 Germano,
1090 718 1335 766 Aniciensis,
1362 727 1395 756 et
1420 719 1586 757 Nicolao
1611 719 1781 770 Capocie
1801 721 1846 758 de
1872 720 1987 768 Urbe,

285 776 422 814 Sancti
461 777 696 824 Andomari,
731 777 980 814 Morinensis
1020 777 1197 825 diocesis,
1225 778 1494 816 Ecclesiamm
1524 780 1749 830 prepositis,
1782 779 1992 830 apostolice

285 835 398 873 Sedis
439 835 613 882 nunciis,
645 837 697 873 ad
737 836 955 874 Ecclesiam
996 845 1031 874 et
1079 837 1328 886 provinciam
1369 838 1726 887 Magantinensem
1771 838 1990 877 destinatis.

282 894 411 932 Datur
431 894 488 932 eis
508 895 668 932 licentia
688 896 740 933 acl
758 896 886 933 sedem
906 896 1081 933 eamdem
1101 896 1290 934 redeundi
1306 896 1334 934 1.

337 954 456 991 Anno
473 954 702 1002 MCCCXL,
720 955 823 993 obiit
839 955 1020 993 Joannes
1038 955 1086 993 de
1105 955 1221 993 Diest
1237 956 1451 1006 episcopus
1468 956 1755 1006 Trajectensis.
1773 958 1879 996 Tum
1894 971 1991 995 vero

281 1012 528 1051 Benedictus
561 1013 647 1051 XII
680 1013 774 1052 huic
817 1014 1022 1052 Ecclesiae
1054 1014 1270 1065 providit2
1304 1015 1353 1053 de
1388 1015 1556 1054 Nicolao
1591 1016 1781 1067 Capocio,
1816 1016 1885 1066 qui
1928 1016 1991 1055 die

284 1086 388 1110 xxv1
414 1072 593 1122 januarii
619 1073 716 1110 anni
744 1073 985 1112 MCCCXLI
1013 1073 1110 1112 fecit
1137 1074 1278 1112 solitas
1306 1075 1594 1125 promissiones
1624 1090 1808 1115 camerae
1836 1075 1992 1114 domini

281 1145 413 1181 papae
440 1140 482 1169 et
507 1132 674 1182 collegio
701 1132 962 1172 dominorum
990 1133 1274 1181 cardinalium,
1301 1142 1348 1171 ut
1375 1134 1496 1172 docet
1519 1134 1622 1173 liber
1647 1134 1949 1184 Obligationum
1961 1134 1990 1173 3.

282 1190 498 1229 Consensit
517 1191 660 1241 itaque
682 1192 908 1242 provisioni
932 1192 980 1230 de
1005 1207 1045 1230 se
1069 1192 1217 1231 factae.
1243 1193 1392 1231 Postea
1414 1201 1556 1232 tamen
1579 1194 1824 1232 renuntiavit
1844 1194 1992 1244 episco-

282 1249 397 1299 patui
425 1258 601 1299 patenter
631 1250 674 1288 in
702 1251 862 1301 publico
891 1252 1136 1299 consistoriO,
1166 1260 1213 1289 ut
1251 1252 1310 1290 ait
1340 1253 1520 1291 Joannes
1552 1253 1600 1291 de
1629 1254 1755 1302 Beka,
1787 1252 1843 1304 [p.
1876 1253 1990 1303 117].

283 1308 466 1348 Clemens
493 1309 551 1347 VI
576 1318 761 1349 recenter
786 1310 921 1349 factus
947 1325 1057 1361 papa
1083 1311 1178 1349 huic
1212 1312 1298 1349 sedi
1322 1312 1521 1362 praefecit
1548 1313 1753 1352 Joannem
1780 1313 1828 1351 de
1854 1312 1991 1351 Arkel.

335 1368 454 1407 Anno
473 1369 798 1407 MCCCXLVIII
817 1378 993 1408 exeunte
1010 1370 1038 1418 4,
1057 1378 1104 1408 ut
1121 1370 1300 1419 videtur,
1318 1371 1453 1410 factus
1471 1379 1533 1410 est
1550 1372 1764 1423 episcopus
1785 1372 1990 1422 Urgellen-

282 1427 346 1466 sis.
374 1428 539 1466 Etenim
561 1437 710 1467 extant
733 1429 844 1479 apud
868 1430 1091 1469 Gariellum
1117 1429 1160 1467 in
1189 1430 1297 1468 Serie
1324 1431 1600 1481 episcoporum
1622 1431 1992 1481 Magalonensium,

282 1500 367 1536 par.
396 1487 449 1533 ΙΙ,
472 1502 510 1537 p.
536 1487 598 1535 29,
622 1496 715 1526 acta
739 1489 945 1538 quaedam
967 1489 1155 1527 confecta
1178 1489 1381 1528 Avenioni
1403 1504 1511 1528 anno
1534 1505 1556 1528 a
1579 1491 1803 1529 nativitate
1827 1490 1993 1530 Domini

283 1545 579 1595 MCCCXLIX,
617 1547 681 1586 die
717 1562 852 1586 xxvm
886 1548 1079 1597 januarii,
1115 1548 1186 1586 ubi
1220 1548 1328 1587 inter
1362 1557 1488 1588 testes
1524 1550 1764 1589 nominatur
1800 1550 1992 1588 Nicolaus

281 1605 434 1644 electus
456 1606 715 1656 Urgellensis.
739 1607 885 1645 Merito
906 1616 1047 1646 autem
1068 1622 1134 1646 eos
1154 1609 1419 1658 reprehendit
1440 1609 1673 1659 Stephanus
1697 1609 1900 1648 Ferrerius
1923 1609 1990 1659 qui

281 1672 405 1714 putat
430 1679 524 1704 eum
546 1665 669 1704 fuisse
693 1667 932 1717 episcopum
954 1667 1264 1706 vercellensem.
1289 1668 1463 1706 Gravius
1489 1669 1643 1706 erravit
1664 1668 1991 1716 Ghirardaccius,

282 1723 351 1762 lib.
377 1724 506 1762 XXII
526 1725 678 1764 Histor.
702 1726 872 1773 Borion„
895 1741 933 1776 p.
959 1726 1047 1775 175,
1069 1726 1140 1774 illi,
1164 1727 1232 1776 qui
1254 1727 1468 1777 episcopus
1491 1736 1592 1775 erat,
1614 1728 1799 1766 tribuens
1821 1728 1992 1766 titulum

284 1782 445 1821 diaconi
467 1784 685 1822 cardinalis
710 1785 885 1824 Sanctae
910 1785 1062 1824 Mariae
1084 1785 1126 1823 in
1150 1786 1217 1823 via
1240 1786 1339 1834 lata,
1366 1787 1435 1836 qui
1458 1787 1659 1837 pertinuit
1681 1795 1773 1826 tum
1796 1787 1848 1825 ad
1873 1787 1992 1825 Nico-

283 1842 394 1879 laum
419 1842 468 1881 de
490 1843 627 1882 Bessa.
656 1844 799 1882 Dictus
824 1853 886 1883 est
908 1845 1031 1895 vulgo
1056 1845 1272 1883 cardinalis
1298 1846 1557 1895 Urgellensss,
1582 1855 1629 1884 ut
1651 1854 1770 1897 patet
1793 1846 1919 1885 etiam
1943 1861 1993 1884 ex

285 1901 445 1939 Joanne
464 1902 665 1951 Columbi‚
683 1903 751 1942 lib.
777 1904 853 1952 III,
870 1904 930 1941 De
949 1904 1065 1953 gestis
1084 1904 1376 1954 Episcoporiim
1400 1905 1713 1953 Valentinoram,
1732 1905 1803 1943 ubi
1820 1906 1991 1955 loquens

284 1959 333 1998 de
367 1962 708 2000 conventionibus
744 1971 913 2013 propter
947 1964 1123 2002 Cristam
1159 1964 1358 2014 oppidum
1404 1965 1523 2003 editis
1559 1979 1667 2003 anno
1703 1965 1992 2003 MCCCCLVII

283 2019 390 2058 inter
407 2020 621 2061 Aimarum
640 2022 943 2062 pictaviensem
961 2031 1002 2061 et
1021 2023 1278 2061 Ludovicum
1295 2023 1343 2062 de
1355 2023 1501 2062 Villars
1514 2025 1752 2075 episcopum
1768 2023 1990 2071 Valentin.‚

284 2079 343 2116 ait
374 2080 661 2120 Innocentium
688 2081 746 2119 VI
774 2082 982 2130 statuisse,
1010 2090 1173 2132 praeter
1201 2090 1348 2130 cetera,
1377 2083 1439 2120 uti
1466 2083 1656 2122 Aimarus
1685 2083 1841 2133 aliquid
1868 2097 1991 2133 supra

284 2137 365 2175 duo
386 2147 520 2177 castra
539 2139 824 2180 Bordellorum
844 2155 890 2179 ac
909 2141 1117 2179 Besoduni
1138 2141 1256 2179 daret
1275 2142 1466 2192 episcopo
1485 2157 1559 2192 pro
1581 2143 1785 2181 sententia
1807 2142 1991 2180 cardina-

282 2197 383 2236 lium
405 2198 747 2248 petragoricensis
768 2208 810 2238 et
832 2200 1076 2250 Urgellensis
1098 2201 1162 2238 vel
1184 2201 1495 2250 Magalonensis.

336 2256 456 2295 Anno
477 2257 649 2296 MCCCL
670 2259 803 2297 factus
825 2268 887 2297 est
905 2260 1122 2310 presbyter
1142 2260 1358 2298 cardinalis
1379 2260 1491 2298 tituli
1512 2260 1651 2299 Sancti
1672 2261 1818 2299 Vitalis
1835 2259 1865 2299 5.

338 2316 456 2354 Anno
473 2316 719 2366 MCCCLVI,
735 2318 787 2356 ab
806 2319 1047 2357 Innocentio
1062 2319 1119 2356 VI
1135 2319 1282 2358 missus
1298 2327 1359 2357 est
1372 2319 1414 2357 in
1430 2319 1605 2359 Galliam
1621 2334 1714 2358 cum
1729 2319 1989 2369 Talayrando

334 2453 364 2485 ‘l.
386 2452 454 2485 Les
475 2453 696 2487 documents
717 2461 784 2487 ont
802 2457 860 2489 ete
879 2456 1100 2499 repertories
1120 2468 1188 2499 par
1206 2456 1327 2496 Vidal‚
1349 2468 1383 2489 n.
1405 2457 1510 2496 4875,
1532 2456 1625 2490 4975
1645 2462 1683 2489 et
1702 2457 1807 2490 5157.
1830 2456 1883 2490 La
1902 2457 1989 2491 mis-

286 2504 367 2537 sion
384 2506 447 2538 des
465 2518 601 2539 nonces
619 2508 816 2541 consistait
834 2509 854 2541 a
872 2509 1020 2542 obtenir
1037 2510 1080 2541 de
1098 2509 1282 2549 Baudoin,
1302 2510 1535 2553 archeveque
1554 2510 1597 2543 de
1616 2510 1763 2550 Treves‚
1781 2509 1987 2544 l’abandon

285 2558 334 2590 du
357 2558 454 2602 siege
479 2560 522 2591 de
547 2560 726 2603 Mayence
751 2562 842 2605 qu’il
866 2562 1123 2595 administrait
1145 2562 1356 2596 indfiment.
1379 2562 1480 2596 Nous
1504 2575 1666 2596 sommes
1690 2563 1901 2607 renseignes
1925 2575 1989 2597 sur

284 2611 350 2643 elle
370 2623 437 2654 par
455 2613 505 2645 les
525 2614 747 2647 documents
767 2615 911 2658 publies
931 2627 999 2659 par
1017 2616 1059 2648 A.
1081 2615 1231 2659 Stengel
1254 2616 1373 2659 (Nova
1389 2616 1645 2656 Alemannffle,
1663 2622 1689 2650 t.
1704 2628 1728 2656 1,
1745 2628 1781 2650 n.
1798 2617 1880 2656 431,
1900 2617 1987 2650 443-

285 2664 365 2703 445,
390 2665 471 2705 449,
495 2666 576 2705 453,
600 2667 681 2707 455,
705 2668 786 2707 467,
810 2669 880 2701 486
903 2675 940 2701 et
963 2681 996 2712 p.
1022 2669 1118 2713 353).
1146 2669 1294 2702 Nicolas
1318 2669 1476 2713 Capocci
1498 2681 1534 2702 se
1558 2669 1729 2702 trouvait
1751 2669 1772 2702 a
1795 2669 1931 2703 Treves
1954 2670 1986 2703 le

287 2717 330 2749 18
355 2729 452 2750 mars
476 2719 567 2752 1337
592 2726 630 2752 et
652 2721 844 2754 surement
867 2722 888 2753 a
912 2722 1085 2765 Avignon
1107 2723 1139 2755 le
1172 2723 1214 2755 25
1246 2723 1450 2755 novembre
1478 2722 1529 2766 (iit
1550 2734 1592 2763 s.‚
1617 2734 1652 2766 p.
1679 2723 1748 2756 280
1771 2728 1809 2756 et
1831 2722 1929 2767 308).
1957 2723 1985 2756 Il

287 2769 400 2809 avait,
424 2771 623 2811 ‹l’ailleurs‚
646 2785 731 2815 recu
752 2774 1031 2808 l'autorisation
1053 2775 1116 2818 d'y
1136 2776 1294 2815 revenh,
1316 2776 1347 2808 le
1369 2776 1413 2808 12
1435 2776 1526 2809 aofit
1551 2775 1685 2819 (Vidal‚
1707 2787 1742 2809 n.
1766 2775 1886 2820 5157).

336 2823 366 2855 2.
391 2823 439 2855 Le
462 2825 506 2857 10
527 2825 674 2867 janvier
694 2827 784 2860 1341
814 2827 947 2871 (Vidal,
971 2840 1006 2861 n.
1030 2828 1151 2872 8400).

334 2876 366 2907 3.
390 2876 511 2916 Vidal,
534 2884 560 2910 t.
582 2890 658 2921 11,p.
682 2880 762 2913 433.

336 2928 366 2960 4.
389 2928 436 2960 Le
456 2930 499 2962 13
518 2930 599 2972 juin
618 2932 711 2965 1348
734 2933 878 2975 (Euhe1‚
898 2934 1128 2974 Hierarchia,
1149 2941 1175 2968 t.
1194 2947 1217 2975 1,
1238 2947 1273 2978 p.
1295 2935 1390 2978 510).
1404 2934 1474 2968 Sur
1491 2935 1541 2968 les
1560 2934 1745 2969 benefices
1765 2936 1809 2968 de
1823 2934 1984 2975 Nicolas,

290 2980 368 3013 voir
389 2980 530 3022 Mollat‚
554 2995 588 3016 n.
612 2985 691 3024 636,
714 2986 843 3026 15099,
865 2987 995 3027 15977,
1017 2988 1152 3027 40167;
1175 2987 1296 3028 Vidal,
1319 2994 1345 3021 t.
1365 2999 1416 3028 111,
1439 2999 1473 3032 p.
1496 2989 1576 3021 176.

337 3034 367 3065 5.
388 3034 415 3065 Il
433 3046 476 3066 ne
493 3043 598 3076 rccut
614 3049 652 3070 ce
669 3038 755 3071 titre
774 3039 947 3082 qu'apres
963 3052 1030 3073 son
1047 3041 1188 3074 arrivee
1206 3041 1226 3073 ἐι
1242 3041 1276 3074 la
1293 3041 1391 3074 curie
1408 3041 1471 3084 qui
1487 3047 1552 3074 eut
1567 3041 1640 3075 lieu
1655 3041 1687 3074 Ie
1704 3042 1724 3074 3
1740 3041 1876 3074 sevrier
1891 3041 1980 3074 1351

289 3084 433 3125 (Eubel,
455 3087 681 3129 Hier-archia,
699 3097 724 3124 t.
742 3103 765 3130 1,
784 3104 818 3135 p.
837 3092 909 3136 19).
