2083 3458
94 183 218 239 [598]
622 196 840 222 PAPARUM
876 193 1263 221 AVENIONENSIUM
1735 181 1786 222 67

83 281 298 320 Ecclesiam
327 280 370 317 in
397 279 576 317 decretali
602 279 715 318 Exiit
742 279 812 330 qui
847 278 1024 319 seminat
1048 279 1268 328 definitum.
1298 279 1382 329 Quo
1408 279 1522 328 sactO,
1550 294 1595 317 ac
1620 279 1656 317 si
1682 294 1786 317 asse·

82 341 224 379 ruisset
239 340 404 377 heresim
421 340 548 377 dictus
565 339 689 386 lector,
706 339 883 389 prefatus
899 338 1111 388 inquisitor
1124 338 1248 376 eidem
1265 339 1437 388 precepit
1452 346 1492 376 ut
1509 338 1654 376 dictum
1668 353 1786 376 suum

81 400 213 438 statim
233 399 276 437 in
293 398 492 449 presentia
509 398 688 435 omnium
707 406 908 436 revocaret.
929 397 1008 448 Qui
1026 398 1140 435 lector
1157 411 1332 435 revocare
1350 397 1476 435 noluit
1494 412 1642 448 quoquo
1661 398 1784 437 modo.

83 459 160 498 Sed
180 458 274 509 quia
295 457 502 507 cogebatur
523 471 697 495 revocare
721 457 822 495 illud
843 458 945 507 quod
965 465 1047 495 erat
1066 471 1212 494 sanum
1234 465 1269 494 et
1289 457 1521 495 catholicum
1544 465 1577 494 et
1599 465 1786 506 tanquam

81 519 155 556 tale
177 532 247 568 per
270 517 487 555 Ecclesiam
513 516 740 566 diffinitum,
759 525 793 554 et
817 516 958 554 timens
976 531 1021 554 ex
1045 516 1114 554 hoc
1137 524 1271 554 contra
1292 515 1491 566 justitiam
1517 516 1786 566 multipliciter

79 576 304 627 aggravari,
319 577 372 614 ad
395 576 531 614 Sedem
554 576 824 626 Apostolicam
840 575 1107 622 sollempniter
1119 575 1348 626 appellavit,
1364 583 1398 613 et
1420 590 1508 613 cum
1521 575 1786 626 appellatione

79 651 154 674 sua
177 635 281 674 venit
303 636 414 686 apud
436 634 690 682 Avinionem,
717 634 786 672 ubi
810 634 1008 685 predictus
1032 634 1217 673 dominus
1243 635 1446 672 Johannes
1469 649 1579 685 papa
1601 649 1689 672 cum
1711 649 1786 672 sua

81 695 192 734 curia
219 694 424 742 residebat,
453 702 487 732 et
516 694 559 731 in
587 694 816 732 consistorio
845 708 974 731 coram
1002 708 1056 741 eo,
1084 694 1169 744 jam
1196 702 1326 732 tamen
1356 694 1566 743 informato
1594 694 1638 731 de
1666 708 1784 744 oppo-

80 754 168 803 sito,
189 754 410 805 comparuit
433 762 467 791 et
489 753 696 804 proposuit
716 753 842 791 dictus
866 754 990 791 lector.
1011 753 1090 803 Qui
1114 753 1300 791 dominus
1323 768 1433 803 papa
1456 753 1653 803 prefatum
1677 753 1785 790 lecto-

81 828 160 852 rem
176 813 268 863 ]‘ecit
286 812 329 850 in
346 828 421 850 sua
439 812 550 850 curia
568 812 768 860 arrestari,
788 820 821 850 et
838 812 995 862 publice
1014 813 1114 850 hanc
1131 812 1339 863 proposuit
1356 812 1594 863 questionem
1612 812 1785 850 videlicet

83 881 214 911 utrum
238 872 488 923 pertinaciter
512 872 707 922 affirmare
728 871 949 909 Dominum
982 872 1147 909 leesum
1171 871 1374 910 Christum
1398 872 1559 922 ejusque
1591 872 1786 922 apostolos

83 947 161 970 non
179 931 365 970 habuisse
383 931 519 981 aliqua
539 931 581 968 in
599 931 765 982 speciali
785 946 853 968 nec
871 931 989 968 etiam
1010 931 1052 968 in
1071 931 1271 969 communi
1287 931 1385 980 joret
1402 930 1611 969 hereticum
1629 945 1784 968 censen-

83 992 177 1030 dum
203 999 237 1029 et
262 991 432 1040 sormam
461 990 591 1041 ipsius
619 990 834 1041 questionis
863 990 906 1028 in
932 990 1092 1040 scriptis
1120 991 1305 1028 omnibus
1333 990 1495 1041 prelatis
1522 999 1556 1028 et
1583 989 1785 1039 magistris

84 1051 126 1089 in
143 1050 334 1100 theologia
354 1050 396 1087 in
413 1065 488 1087 sua
505 1050 617 1087 curia
635 1050 892 1088 existentibus
909 1050 1012 1087 tradi
1029 1049 1130 1099 fecit.
1157 1050 1298 1087 Volens
1317 1050 1440 1099 igitur
1457 1050 1583 1087 dictus
1601 1049 1785 1087 (lominus

85 1110 287 1148 ,lohannes
297 1124 407 1160 papa
422 1110 466 1147 de
480 1109 583 1147 dicta
597 1109 795 1159 questione
808 1117 842 1147 et
856 1109 1093 1159 quibusdam
1108 1109 1202 1147 aliis
1217 1109 1400 1158 diffinire,
1413 1109 1639 1159 oppositum
1652 1123 1785 1146 eorum

82 1183 153 1219 que
180 1169 222 1207 in
248 1169 351 1206 dicta
376 1168 555 1206 decretali
582 1168 696 1206 Exiit
722 1168 846 1206 extitit
873 1168 1101 1218 diffinitum,
1122 1176 1163 1206 ut
1186 1176 1319 1218 postea
1344 1169 1474 1218 patuit
1499 1183 1567 1218 per
1594 1168 1782 1218 effectum.

84 1229 200 1267 Hanc
218 1227 431 1266 historiam
447 1227 644 1266 Odorieus
666 1228 905 1277 Raynaldus
925 1228 976 1265 ad
996 1242 1150 1265 annum
1172 1227 1285 1269 1322,
1309 1228 1324 1258 9
1344 1228 1405 1274 53,
1422 1227 1516 1273 suis,
1533 1242 1613 1265 non
1630 1226 1785 1265 Nicolai

81 1287 228 1335 verbis,
259 1287 420 1334 recitat,
453 1287 641 1337 quamvis
674 1302 766 1325 eum
798 1287 939 1325 laudet
970 1295 1193 1325 auctorem.
1230 1287 1311 1325 Nos
1342 1287 1429 1337 ipsa
1464 1286 1619 1325 Nicolai
1660 1286 1783 1324 verba

82 1347 307 1385 describere
336 1346 568 1385 maluimus.
589 1347 690 1385 Cum
718 1361 812 1396 ergo
840 1361 890 1384 ex
918 1346 1096 1384 minimis
1125 1360 1367 1396 magnarum
1391 1360 1510 1396 saepe
1537 1360 1671 1384 rerum
1701 1359 1784 1383 mo·

81 1414 220 1445 menta
239 1406 461 1456 pendeant,
482 1406 533 1443 ab
553 1405 613 1444 his
634 1405 789 1455 exiguis
809 1405 937 1443 initiis
958 1405 1035 1444 orti
1055 1413 1151 1444 sunt
1171 1405 1308 1454 magni
1328 1405 1383 1443 illi
1404 1413 1539 1443 motus
1560 1405 1629 1454 qui
1648 1412 1784 1442 totum

83 1465 163 1504 fere
189 1465 373 1503 ordinem
400 1464 604 1503 Minorum
630 1473 670 1503 et
696 1480 792 1503 mox
816 1465 871 1503 eis
898 1464 1107 1503 faventem
1134 1465 1389 1502 Ludovicum
1421 1465 1471 1502 {V
1496 1464 1785 1515 imperatorem

81 1525 342 1563 concitarunt
359 1525 556 1563 adversus
575 1525 779 1563 Joannem
800 1524 928 1562 XXII
948 1538 1112 1575 papam.
1135 1525 1258 1562 Porro
1276 1524 1449 1574 Begardi
1468 1524 1524 1561 illi
1544 1523 1786 1561 dicebantur

81 1584 207 1622 etiam
227 1583 412 1634 Beguini,
433 1584 669 1631 Fratricelli,
689 1584 752 1622 vel
776 1583 920 1622 fratres
945 1584 992 1622 de
1016 1583 1271 1634 paenitentia
1295 1584 1343 1621 de
1366 1583 1488 1621 tertio
1512 1583 1650 1621 ordine
1675 1582 1784 1620 beati

83 1643 299 1681 Francisci.
338 1643 549 1681 Dederunt
584 1651 723 1681 autem
759 1643 852 1681 huie
888 1651 1022 1682 sectae
1058 1643 1223 1681 initium
1257 1643 1445 1693 postillae
1470 1643 1579 1681 Petri
1615 1641 1785 1679 Joannis

82 1702 190 1741 Olivi
202 1702 418 1741 Minoritae
430 1702 472 1740 in
485 1702 790 1753 Apocalypsim,
803 1711 850 1740 ut
863 1703 982 1740 docet
995 1702 1120 1740 etiam
1134 1702 1325 1740 Nicolaus
1341 1701 1543 1752 Eymerioi
1555 1701 1596 1740 in
1608 1701 1785 1739 secunda

81 1770 197 1812 parte
217 1759 427 1799 Directorii
453 1762 752 1812 Inquisitorum,
769 1762 1006 1812 quaestione
1028 1777 1098 1808 xv,
1115 1777 1154 1812 p.
1171 1761 1259 1800 205.
1285 1762 1372 1810 Qua
1390 1762 1438 1799 de
1462 1776 1501 1799 re
1529 1760 1621 1799 vide
1637 1774 1742 1810 quae
1763 1773 1784 1797 a

82 1821 197 1859 nobis
233 1820 343 1859 edita
378 1829 475 1859 sunt
509 1836 559 1859 ex
592 1821 721 1860 veteri
759 1821 895 1860 codice
930 1836 1004 1859 ms.
1031 1821 1072 1859 in
1097 1821 1200 1859 libro
1222 1821 1402 1860 secundo
1425 1821 1785 1862 Miscellaneorum,

82 1895 121 1931 p.
141 1880 216 1918 258
231 1889 271 1919 et
290 1880 557 1930 sequentibus
573 1881 599 1919 ¹.
619 1881 723 1918 Tum
750 1881 798 1918 de
815 1881 975 1919 Joanne
994 1881 1042 1918 de
1057 1881 1182 1918 Belna
1197 1881 1223 1927 ²,
1240 1880 1333 1918 vide
1358 1894 1463 1930 quae
1478 1880 1557 1918 illic
1580 1879 1785 1924 dicuntur,

83 1954 121 1990 p.
145 1939 218 1977 257
245 1947 286 1978 et
308 1939 395 1977 274.

137 1999 179 2037 P.
214 1999 276 2045 20,
310 1998 375 2048 lig.
412 1999 473 2037 13.
509 2000 788 2037 CELESTINUS.
838 2000 893 2037 La
928 1999 1035 2037 bulle
1070 1999 1119 2037 de
1152 1998 1439 2037 canonisation
1472 2006 1533 2036 est
1578 1998 1697 2035 datee
1732 1997 1784 2033 du

84 2057 106 2095 5
122 2058 204 2096 mai
222 2058 323 2096 1313
342 2057 532 2107 (Clement
554 2058 599 2106 V,
618 2073 656 2096 n.
676 2058 808 2107 9668).

138 2117 180 2155 Ρ.
220 2117 283 2164 20,
321 2116 387 2166 lig.
427 2117 489 2155 33.
531 2117 880 2156 PENTECOSTES3.
921 2118 1023 2155 Vide
1063 2117 1394 2155 continuatorem
1434 2116 1583 2166 Nangii
1630 2115 1681 2153 ad
1719 2129 1784 2152 au.

40 2175 42 2177 ·
86 2175 333 2214 Moccxm
355 2177 401 2227 [t.
421 2191 446 2223 1,
466 2191 505 2226 p.
526 2176 634 2227 395}

139 2235 181 2273 P.
205 2235 267 2282 22,
290 2235 356 2285 lig.
383 2236 417 2273 7.
443 2236 713 2274 FLANDRIAM.
732 2236 807 2274 Sur
828 2236 865 2273 la
889 2250 1113 2286 campagne
1137 2236 1185 2273 de
1210 2235 1382 2273 Flandre
1396 2234 1484 2272 voir
1503 2234 1785 2272 Funok-Breu-

22 2290 27 2295 ’
86 2301 198 2341 tano,
214 2295 288 2332 Les
303 2294 477 2344 origines
493 2295 536 2332 de
551 2295 589 2332 la
606 2309 740 2344 guerre
756 2296 800 2332 de
817 2295 915 2333 Cent
930 2296 1030 2343 Ans,
1046 2310 1086 2345 p.
1104 2295 1288 2333 630-642.

140 2353 183 2392 Ρ.
202 2353 265 2401 22,
283 2353 350 2403 lig.
371 2354 432 2392 21.
453 2354 703 2392 CONFESSOR
730 2369 850 2393 suus.
869 2355 1101 2393 Bernardus
1122 2355 1170 2392 de
1198 2352 1542 2403 Montepuloiano.
1563 2351 1664 2389 Vide
1682 2350 1785 2388 infra

89 2411 365 2521 [¹2·P1·2{³3’{l3g]
387 2472 421 2510 1.
447 2471 698 2510 NlCHOLAus
732 2487 986 2511 CARDINALIS
1019 2480 1290 2522 cognomento
1315 2471 1363 2509 de
1387 2469 1631 2508 Freauvilla.
1656 2468 1732 2506 Sed
1755 2467 1786 2505 is

87 2543 169 2568 non
194 2531 359 2569 videtur
385 2530 508 2569 fuisse
535 2532 656 2570 solus.
685 2532 960 2570 Continuator
985 2532 1093 2570 enim
1121 2531 1271 2581 Nangii
1299 2531 1344 2581 [t.
1370 2544 1397 2577 1,
1416 2544 1456 2579 p.
1483 2528 1574 2578 402]
1600 2528 1648 2565 de
1674 2541 1720 2564 ea
1747 2541 1786 2564 re

135 2716 166 2749 1.
181 2716 312 2750 Surles
327 2716 523 2760 Spirituels
538 2717 618 2749 voir
632 2716 674 2749 N.
686 2717 824 2757 Valois,
840 2717 1134 2760 JacquesDuese,
1149 2726 1246 2757 pape
1255 2725 1342 2748 sous
1353 2713 1383 2746 le
1395 2724 1477 2746 nom
1490 2714 1530 2746 de
1541 2712 1635 2745 Jean
1648 2709 1787 2749 XXII,

87 2769 178 2802 dans
203 2769 251 2802 H.
277 2770 332 2808 L.,
359 2776 385 2802 t.
412 2782 550 2809 xxxw,
577 2782 611 2813 p.
638 2771 809 2809 426-470‚
836 2782 913 2803 mes
946 2770 1069 2813 Papes
1101 2769 1324 2811 d'Avignou,
1351 2780 1385 2811 p.
1411 2767 1456 2800 39
1481 2773 1518 2799 et
1545 2766 1612 2798 414
1640 2771 1677 2797 et
1704 2765 1789 2797 Ber-

87 2823 179 2855 nard
195 2822 278 2862 Gui,
294 2823 463 2856 Practica
479 2824 744 2866 inquisitionis,
760 2824 817 2856 ed.
834 2822 979 2862 Mollat,
996 2828 1022 2856 t.
1048 2834 1072 2861 1,
1094 2834 1127 2865 p.
1144 2820 1314 2854 108-193.

137 2876 167 2909 2.
194 2875 264 2909 Sur
288 2877 385 2909 Jean
411 2877 453 2909 de
480 2877 630 2909 Beaune
656 2877 737 2909 voir
761 2877 796 2910 J.
824 2877 872 2909 M.
898 2877 1021 2916 Vidal,
1047 2876 1214 2908 Bullaire
1238 2874 1280 2907 de
1303 2873 1562 2916 l'Inquisition
1592 2869 1786 2911 srancaise,

87 2939 121 2971 p.
139 2929 219 2969 539,
236 2936 274 2962 et
288 2929 337 2962 Le
353 2929 538 2962 Tribunal
551 2930 815 2973 d'Inquisition
832 2930 874 2962 de
888 2929 1067 2968 Pamiers,
1085 2941 1119 2972 p.
1136 2929 1217 2962 301.

135 2983 167 3015 3.
185 2982 256 3015 Sur
270 2983 321 3015 les
334 2982 428 3015 fetes
446 2984 489 3016 de
508 2983 623 3019 Paris,
637 2983 661 3015 il
673 2983 757 3016 faut
773 2984 901 3026 plutot
917 2983 1108 3015 consulter
1119 2981 1297 3023 Geost'roy
1311 2980 1354 3012 de
1374 2978 1475 3011 Paris
1492 2977 1552 3020 (H.
1571 2976 1628 3015 F.,
1647 2983 1672 3009 t.
1692 2988 1787 3015 xxu,

88 3046 122 3077 p.
143 3035 313 3079 135-139)
335 3036 399 3079 qui
418 3048 438 3068 a
456 3036 553 3069 servi
572 3037 616 3069 de
634 3048 764 3069 source
783 3037 803 3068 a
821 3036 918 3069 Jean
938 3036 981 3069 de
1001 3034 1269 3071 saint-Victor,
1292 3032 1371 3065 voir
1389 3031 1487 3064 aussi
1509 3031 1546 3064 P.
1578 3031 1786 3073 Lehugeur,

88 3087 250 3122 Histoire
267 3090 308 3122 de
323 3089 500 3133 Philippe
517 3090 547 3122 le
563 3090 677 3132 Long,
697 3101 732 3133 p.
752 3090 808 3129 13,
828 3090 884 3122 14.
