2083 3458
254 228 331 269 138
902 241 1053 266 NOTAE
1088 241 1148 265 AD
1183 240 1311 265 VITAS
1836 225 1960 281 [654]

247 326 361 363 alius.
398 325 488 363 Non
522 332 623 374 puto
657 323 764 361 enim
797 322 849 360 ad
882 330 1035 360 ceteros
1069 320 1263 358 transisse
1286 319 1379 357 odia
1409 320 1612 360 Bonifacii
1644 321 1841 359 adversus
1870 334 1961 359 eam

246 392 421 434 gentem.

301 444 417 481 Hanc
444 450 629 481 nostram
656 440 1044 491 interpretationem
1073 438 1295 477 confirmat
1323 446 1469 476 auctor
1496 453 1672 477 coaevus
1701 439 1771 489 qui
1797 439 1962 489 scripsit

245 502 468 540 Chronicon
490 501 589 539 illud
614 501 723 550 quod
746 499 944 537 tribuitur
968 498 1142 536 Odorico
1167 497 1216 535 de
1240 497 1462 546 Forojulio.
1485 498 1587 536 Cum
1610 498 1719 536 enim
1742 498 1891 548 egisset
1913 498 1962 537 de

245 562 440 600 electione
474 569 515 599 et
549 559 853 598 consecratione
880 557 1094 596 Benedicti
1129 557 1205 604 XI,
1239 556 1358 595 addit
1384 556 1410 594 ¹:
1445 557 1497 595 Et
1521 557 1744 595 cardinales
1776 565 1811 595 et
1841 557 1962 595 amici

245 620 574 658 Columnensium
593 618 719 668 aliqui
740 617 943 655 instabant
961 631 1050 654 cum
1068 631 1178 666 papa
1198 624 1239 654 ut
1257 616 1480 654 cardinales
1499 616 1695 667 depositos
1717 616 1912 655 Jacobum
1930 624 1964 654 et

246 681 406 717 Petrum
427 679 640 716 restitueret
662 678 704 715 in
726 677 892 726 gradum
913 676 1144 726 pristinum.
1168 675 1219 712 Et
1241 675 1304 713 ille
1325 675 1447 713 laicos
1468 676 1649 714 restituit.
1670 676 1722 714 Et
1741 676 1963 714 cardinales

245 739 432 776 contrarii
465 745 744 787 suggesserunt
777 750 880 786 pape
915 743 955 773 ut
989 736 1216 772 nullatenus
1250 734 1472 772 cardinales
1505 735 1721 773 restitueret
1753 735 1962 786 depositos,

245 799 339 847 quia
361 797 579 847 periculum
606 796 825 834 maximum
849 794 1058 844 generabat
1082 794 1124 831 in
1146 802 1284 831 sancta
1305 794 1484 832 Ecclesia
1506 795 1680 832 venturis
1707 794 1961 845 temporibus.

245 858 294 894 Et
317 857 553 894 Benedictus
576 870 685 905 papa
710 855 765 892 ita
787 869 867 892 esse
890 854 1124 901 deliberans,
1150 868 1238 891 cum
1263 853 1306 891 in
1329 853 1456 891 Roma
1478 862 1585 891 tutus
1607 862 1709 892 stare
1726 868 1805 891 non
1823 862 1963 904 posset,

245 917 348 953 venit
379 916 421 953 in
459 915 686 961 Perusiam,
727 922 761 951 et
800 912 1331 951 ibi”e.rcommunicationem
1369 921 1403 950 et
1430 913 1665 951 sententiam
1704 913 1904 951 renovavit
1932 921 1964 950 et

244 975 492 1024 confirmavit
525 982 657 1011 contra
691 973 975 1011 Columnenses
1009 972 1166 1010 clericos
1199 980 1234 1009 et
1266 972 1400 1020 laicos,
1437 972 1504 1022 qui
1538 981 1672 1010 contra
1704 972 1965 1022 Bonifacium

245 1049 393 1085 papam
426 1033 759 1083 conspiraverant,
793 1041 827 1070 et
858 1032 948 1082 capi
979 1031 1151 1081 fecerant
1181 1045 1283 1079 eum,
1317 1039 1351 1069 et
1382 1032 1557 1069 thesauri
1589 1031 1761 1070 Ecclesie
1793 1031 1964 1082 dispersi

241 1096 401 1142 juerant
423 1107 491 1143 per
514 1107 587 1130 eos.
1925 1092 1937 1101 “

298 1153 448 1191 Contra
479 1152 692 1202 Philippus
722 1159 763 1189 et
793 1151 1012 1188 Eduardus
1043 1150 1295 1190 Francorum
1315 1150 1622 1200 Anglorumque
1651 1165 1764 1200 reges
1794 1150 1964 1188 summis

244 1211 390 1250 studiis
421 1211 779 1261 prosequebantur
810 1210 975 1248 eosdem
1007 1209 1232 1248 cardinales
1264 1218 1312 1247 ut
1342 1217 1461 1260 patet
1492 1224 1542 1248 ex
1579 1209 1753 1260 epistola
1786 1209 1965 1260 Philippi

244 1271 296 1309 ad
321 1271 573 1309 Clementem
597 1270 639 1308 in
664 1269 830 1307 archivo
855 1269 963 1319 regio
990 1268 1208 1307 parisiensi
1227 1268 1253 1316 2,
1290 1277 1330 1307 et
1355 1283 1405 1307 ex
1429 1283 1475 1307 ea
1501 1283 1626 1319 quam
1665 1269 1883 1307 Eduardus
1911 1269 1963 1307 ad

244 1330 435 1368 eumdem
456 1343 609 1379 papam
631 1329 805 1379 scripsit,
827 1343 931 1378 quae
953 1328 1065 1366 edita
1085 1336 1147 1366 est
1161 1328 1203 1366 in
1224 1336 1339 1366 tomo
1354 1328 1479 1366 tertio
1498 1328 1746 1366 Libertatum
1766 1328 1965 1366 Ecclesiae

245 1389 508 1438 Anglicanae,
531 1403 570 1438 p.
595 1388 709 1426 1158.

298 1449 341 1486 Ρ.
363 1448 425 1495 62,
445 1448 510 1498 lig.
532 1448 567 1486 3.
590 1448 757 1486 LAicos.
779 1447 876 1484 Voir
897 1447 1064 1496 Digard,
1085 1461 1123 1485 n.
1147 1446 1247 1484 1567
1269 1447 1393 1496 (bulle
1413 1447 1468 1484 du
1487 1446 1538 1484 24
1556 1447 1704 1486 sevrier
1724 1447 1855 1496 1296).

298 1508 340 1545 Ρ.
365 1507 426 1555 62,
448 1507 514 1556 lig.
539 1507 599 1545 12.
621 1507 877 1545 BITURICAM.
900 1506 1002 1544 Vide
1024 1514 1053 1544 t.
1076 1521 1101 1553 1,
1125 1506 1308 1544 Labbaei
1340 1506 1491 1556 [Novae
1514 1506 1782 1544 Bibliothecae
1803 1521 1964 1544 manus-

243 1566 499 1617 criptoruml,
523 1581 561 1617 p.
587 1566 675 1604 318.

299 1627 341 1664 P.
368 1626 430 1673 62,
454 1626 519 1676 lig.
559 1625 619 1663 12.
655 1626 917 1663 LEMOVICAS.
951 1625 1185 1663 Bernardus
1222 1624 1421 1665 Guidonis
1454 1625 1496 1663 in
1529 1625 1701 1663 historia
1735 1633 1963 1664 conventus

246 1685 546 1724 Lemovicensis
572 1684 724 1723 ordinis
751 1684 1089 1722 praedicatorum
1107 1683 1122 1706 3
1149 1700 1156 1722 :
1191 1684 1313 1722 Anno
1333 1684 1502 1722 Domini
1535 1684 1772 1732 MCCCVI,
1800 1685 1843 1722 in
1868 1684 1964 1734 festo

248 1744 346 1782 beati
385 1744 544 1793 Georgii
577 1744 763 1794 martyris
806 1743 871 1794 [23
904 1743 1047 1794 av>ril],
1082 1758 1153 1793 que
1184 1744 1264 1793 fuit
1298 1743 1340 1781 in
1368 1744 1545 1792 sabbato,
1573 1744 1760 1781 dominus
1784 1743 1965 1781 Clemens

246 1819 355 1854 papa
381 1804 414 1840 V
434 1818 523 1841 cum
544 1812 623 1841 octo
645 1803 920 1841 cardinalibus
946 1803 1051 1840 venit
1075 1803 1337 1850 Lemovicum,
1368 1811 1403 1840 et
1418 1804 1471 1841 ad
1495 1803 1654 1841 domum
1677 1803 1848 1852 fratrum
1872 1804 1965 1841 Pre-

246 1863 463 1901 dicatorum
497 1862 709 1900 declinavit
740 1862 827 1900 sine
861 1862 1089 1900 diverticulo
1123 1863 1175 1900 ad
1209 1863 1463 1901 manendum.
1506 1862 1585 1901 Ubi
1619 1863 1807 1900 concessit
1839 1862 1966 1913 priori

247 1922 430 1972 presenti,
448 1922 580 1971 agenti
598 1922 747 1971 gratias
762 1930 796 1959 et
810 1922 968 1972 petenti,
987 1922 1089 1971 quod
1103 1922 1300 1971 consessor
1315 1936 1427 1972 quem
1442 1922 1522 1959 sibi
1537 1921 1694 1971 eligeret
1707 1930 1742 1960 et
1757 1921 1842 1972 ipse
1857 1921 1968 1972 prior

245 1996 365 2031 super
383 1981 523 2030 fratres
544 1989 578 2018 et
598 1981 834 2030 consessores
865 1995 959 2031 quos
982 1981 1066 2031 ipse
1086 1981 1197 2031 prior
1234 1981 1429 2031 fratribus
1449 1981 1663 2031 deputaret,
1691 1995 1762 2031 pro
1785 1996 1867 2019 una
1887 1981 1967 2019 vice

246 2041 420 2078 eamdem
441 2048 475 2077 et
496 2048 646 2078 tantam
667 2040 851 2078 haberent
874 2040 916 2077 in
938 2040 1124 2078 omnibus
1145 2049 1371 2091 potestatem
1395 2040 1438 2078 in
1457 2040 1541 2090 foro
1562 2040 1814 2091 penitentiali
1840 2040 1967 2078 absol-

246 2099 361 2137 vendi
385 2108 418 2136 et
441 2099 703 2149 dispensandi
726 2100 776 2137 ab
800 2099 986 2137 omnibus
1010 2099 1139 2149 culpis
1162 2108 1196 2137 et
1217 2099 1333 2150 penis
1356 2099 1455 2137 citra
1476 2099 1756 2150 purgatorium
1779 2107 1968 2150 quantam

249 2158 332 2208 ipse
362 2173 482 2208 papa.
519 2159 569 2196 In
599 2159 769 2196 crastino
800 2173 899 2206 perc,
933 2158 975 2196 in
1006 2174 1078 2209 quo
1107 2159 1187 2208 fuit
1216 2159 1299 2196 dies
1329 2159 1543 2206 dominica,
1575 2159 1704 2197 littera
1733 2159 1968 2196 dominicali

249 2218 296 2265 Β,
327 2218 428 2255 idem
454 2232 576 2267 papa,
606 2218 762 2255 visitato
788 2218 905 2267 prius
932 2232 1089 2267 corpore
1115 2218 1243 2256 sancti
1271 2218 1494 2266 Martialis,
1522 2226 1557 2256 et
1586 2217 1849 2256 benedictione
1876 2218 1968 2256 data

250 2277 396 2327 populo
417 2284 647 2325 congregato
670 2277 712 2314 in
732 2277 862 2327 platea
878 2277 1014 2315 Sancti
1037 2277 1208 2325 Geraldi,
1225 2277 1380 2315 recessit
1394 2278 1505 2328 apud
1520 2277 1814 2316 Solemniacum
1834 2290 1968 2315 versus

251 2336 517 2384 Burdegalam
538 2335 716 2384 dirigens
738 2350 894 2385 gressus
915 2351 1019 2375 suos.
1082 2342 1085 2345 '

304 2395 346 2432 P.
371 2394 432 2441 65,
464 2394 528 2444 lig.
561 2394 596 2433 2.
631 2395 823 2433 Efflmus.
856 2395 959 2433 Vide
993 2395 1276 2445 Spondanum,
1309 2410 1374 2434 an.
1409 2395 1524 2443 1308,
1551 2396 1568 2445 ἕ
1599 2396 1641 2442 5;
1671 2395 1966 2446 Waddingum,

250 2468 315 2491 an.
339 2453 451 2500 1308,
478 2454 494 2501 ξ
513 2454 535 2491 6
565 2454 608 2503 [t.
630 2468 684 2501 v1,
703 2469 741 2504 p.
764 2454 861 2504 105]
883 2462 924 2492 et
942 2454 1165 2494 Odoricum
1182 2455 1462 2505 Raynaldum,
1479 2469 1543 2493 an.
1565 2455 1680 2502 1308,
1703 2454 1799 2504 §26‚
1819 2454 1868 2492 29
1886 2454 1913 2493 4.

300 2585 330 2616 1.
365 2585 401 2617 13.
427 2585 483 2620 N.
507 2597 572 2617 ms.
595 2585 690 2617 latin
713 2585 819 2625 5006,
842 2586 865 2618 l'.
893 2587 958 2619 170
980 2590 1024 2619 ΓΟ.

302 2637 331 2669 2.
367 2638 510 2677 Ιὶᾶἰιηο,
537 2645 562 2671 ῐ.
586 2651 636 2675 111,
662 2650 695 2681 p.
721 2639 777 2671 49.
812 2658 859 2661 —
892 2639 944 2671 La
967 2640 1186 2683 biographie
1210 2641 1273 2673 dos
1298 2640 1507 2673 cardinaux
1539 2640 1705 2673 Colonna
1728 2652 1748 2673 a
1772 2642 1829 2674 ete
1852 2640 1964 2674 ecrite

254 2703 342 2722 avc(-
363 2691 443 2722 scin
466 2703 532 2734 par
552 2692 591 2723 L.
616 2692 769 2731 Molilcr,
791 2704 848 2735 op.
871 2694 942 2732 cit,
966 2693 1059 2725 mais
1080 2693 1104 2725 il
1125 2693 1209 2726 faut
1229 2694 1265 2726 la
1285 2694 1491 2737 completer
1510 2706 1579 2737 par
1598 2694 1685 2727 celle
1707 2694 1796 2738 qu'a
1816 2694 1964 2738 publice

259 2744 296 2775 1¹..
319 2744 612 2780 N‹=111nan¹1‚s)1'c
627 2744 791 2777 Colonua
808 2747 883 2778 und
898 2746 972 2778 ihre
986 2746 1126 2779 Politik
1140 2758 1207 2779 von
1220 2747 1370 2780 derZeit
1385 2746 1569 2780 Nikolaus
1583 2747 1642 2779 IV
1656 2747 1710 2780 bis
1722 2759 1804 2780 zum
1815 2747 1965 2790 Abzuge

255 2797 425 2835 Lmlwigs
443 2798 737 2839 (les-Bayser·11(ws
750 2798 852 2837 Rom,
872 2799 1090 2834 ‘1288—1328.
1111 2799 1380 2843 Langensalza,
1400 2801 1511 2840 19163
1531 2800 1612 2833 voir
1627 2800 1725 2833 aussi
1741 2800 1780 2833 E.
1804 2800 1962 2840 Jordan,

258 2850 383 2888 [lunga
407 2862 587 2891 promessa
609 2851 684 2882 coll’
708 2853 865 2884 attendet·
884 2858 986 2891 cot-lo,
1011 2853 1103 2885 dans
1124 2853 1288 2886 Bullctin
1310 2854 1447 2888 italien,
1470 2860 1497 2886 t.
1520 2866 1613 2886 xvm
1639 2853 1772 2896 (1918),
1795 2865 1830 2897 p.
1853 2854 1963 2887 45-60

256 2908 285 2931 με
318 2903 352 2933 li.
377 2903 693 2939 §lau-tin-(Lhabol,
716 2905 970 2937 (fonirtlnaion
992 2907 1012 2937 ἁ
1034 2906 1207 2939 l’ln'stoire
1226 2908 1267 2939 de.
1286 2907 1320 2939 la
1338 2907 1479 2949 samille
1498 2907 1664 2940 Colonna
1683 2908 1723 2940 de
1742 2906 1854 2939 Rome
1872 2907 1964 2940 dans

256 2967 307 2984 svs
329 2961 495 2997 sapsam-ts
517 2968 597 2987 ιιιψι·
619 2957 651 2988 la
677 2957 825 2995 France,
851 2959 942 2989 ‹lans
966 2958 1371 2992 ΓΑηηιιαίιῬ-Βιιίἰθίίη
1393 2961 1433 2993 de
1455 2960 1489 2992 la
1511 2960 1645 2993 Societe
1667 2961 1707 2993 dc
1728 2960 1902 2993 l'hisloire
1923 2961 1964 2993 de

259 3008 403 3041 lsi-amm,
429 3015 450 3039 Ι.
477 3021 544 3040 mn
570 3010 702 3050 (1920).
727 3023 757 3052 μ.
780 3011 949 3045 ’154-158,
974 3012 1050 3044 185.

304 3064 333 3091 ἶὶ.
365 3061 560 3100 ΤυιιΙωιιμ-ιλ,
586 3074 650 3094 nis.
678 3062 757 3097 lm),
785 3064 843 3095 fol.
875 3065 949 3103 133,
976 3068 1025 3097 νο.

308 3114 334 3143 ἰ.
361 3114 517 3145 (temam
541 3115 578 3153 1',
600 3127 631 3147 n.
652 3117 856 3148 :3550-:3563
879 3116 1007 3158 (bullcs
1027 3118 1075 3149 du
1093 3118 1146 3149 ‘18¹'
1162 3118 1254 3150 avril
1272 3119 1393 3161 1308).
