2083 3458
286 236 369 278 294
937 249 1089 275 NOTAE
1123 249 1184 274 AD
1219 248 1346 273 VITAS
1868 233 1995 298 [792]

287 337 525 388 episcopum
551 335 839 381 Albanensem,
868 333 1165 382 Raymundum
1191 332 1239 371 de
1265 332 1520 381 Mostuejolis
1545 332 1835 383 presbyterum
1869 333 1997 371 cardi-

288 396 421 434 nalem
452 394 562 433 tituli
596 394 735 432 Sancti
768 392 948 439 Eusebii,
981 392 1149 430 Petrum
1178 390 1398 429 Bertrandi
1428 392 1716 442 presbyterum
1748 392 1996 431 cardinalem

287 455 398 493 tituli
422 454 563 492 Sancti
587 453 819 499 Clementis,
842 451 1120 490 Bertrandum
1144 450 1192 489 de
1216 450 1545 489 Montefaventio
1570 450 1788 489 diaconum
1813 451 1998 489 cardina-

287 515 366 552 lem
392 513 566 551 Sanctae
584 512 735 550 Mariae
761 511 803 549 in
823 510 992 560 Aquiro,
1019 518 1060 548 et
1086 509 1315 547 Arnaldum
1335 509 1383 548 de
1402 509 1478 547 Via
1502 510 1723 548 diaconum
1748 510 1998 549 cardinalem

285 572 397 611 tituli
425 571 564 610 Sancti
592 570 820 617 Eustachii,
847 576 1041 619 nepotem
1066 569 1167 607 item
1191 582 1337 619 papae.

340 632 382 670 P.
416 631 502 679 175,
532 631 598 681 lig.
640 630 700 669 14,
743 630 969 667 HENRICUS
1013 643 1105 666 DUX
1145 628 1354 666 BAvAmE.
1400 628 1599 667 Henricus
1644 628 1902 666 Rebdorffius
1945 629 1997 667 ad

284 705 441 729 annum
461 689 800 728 MCCCXXXIII
833 689 885 738 [p.
909 687 1007 738 519]
1032 704 1039 725 :
1062 687 1199 725 Oritur
1216 687 1327 736 fama
1348 687 1391 724 in
1409 688 1625 725 Alemania
1645 688 1746 737 quod
1763 687 1998 725 Luclewicus

286 764 404 799 regno
424 749 565 787 occulte
584 747 875 786 renunciaverit
891 747 1066 784 Henrico
1085 746 1176 784 (luci
1197 746 1400 796 inferioris
1419 747 1602 794 Bavarie,
1627 747 1864 797 supplicans
1889 747 2000 797 prin—

285 808 444 858 cipibus
463 817 504 846 ut
521 808 644 845 eiclem
662 807 835 844 Henrico
854 806 965 855 regni
985 805 1308 855 gubernationem
1326 806 1559 844 committere
1577 806 1848 855 dignarentur.
1870 806 1999 857 Super

286 882 358 918 quo
379 882 489 917 papa
513 867 715 904 Johannes
736 866 957 904 consolatus
986 873 1052 913 est,
1076 865 1170 915 quia
1190 866 1242 903 acl
1261 865 1460 904 Ludewici
1489 865 1772 916 depositionem
1802 865 2000 904 nitebatur

285 927 458 965 omnino,
477 926 553 964 Sed
573 926 805 963 Luclewicus
829 925 1051 962 immediate
1072 924 1212 962 audita
1230 924 1341 974 fama
1358 925 1548 962 revocavit
1570 925 1650 973 hoc,
1675 925 1808 962 dicens
1830 939 1869 962 se
1896 940 1997 962 nun-

286 1000 402 1036 quam
427 985 617 1035 cogitasse
637 999 754 1034 regno
772 984 1018 1023 renunciare.
1040 984 1206 1034 Propter
1223 984 1324 1034 quod
1344 984 1428 1034 ipse
1450 984 1611 1033 gravius
1631 983 1803 1034 predicto
1824 984 2000 1022 Henrico

285 1045 386 1095 cepit
418 1044 634 1084 inimicari.
673 1045 719 1082 In
749 1043 879 1082 veteri
912 1043 1051 1085 codice
1081 1043 1284 1081 Vaticano
1317 1044 1428 1094 apud
1460 1043 1683 1082 Odoricum
1718 1043 1997 1093 Raynaldum,

286 1118 393 1142 anno
424 1104 538 1152 1334,
574 1104 590 1152 ἓ
619 1103 682 1152 33,
714 1103 921 1153 Neapoleo
951 1102 1168 1141 cardinalis
1198 1103 1457 1141 Ludovicum
1486 1103 1691 1141 monuisse
1727 1117 1799 1153 per
1827 1103 1997 1142 fratrem

286 1164 530 1202 Gualterum
560 1163 798 1201 Minoritam
816 1162 831 1184 1
861 1162 1012 1200 dicitur
1042 1162 1143 1213 quod
1171 1162 1364 1200 custodiat
1392 1177 1431 1200 se
1460 1177 1484 1199 a
1513 1177 1599 1211 rege
1627 1162 1812 1200 Bohemie
1841 1171 1875 1200 et
1905 1163 1998 1200 (luce

283 1222 471 1270 Henrico,
496 1231 530 1260 et
553 1223 654 1272 quod
677 1237 756 1259 non
779 1222 951 1271 confidat
973 1221 1043 1269 eis,
1069 1221 1163 1271 quia
1187 1221 1370 1259 dixerunt
1393 1222 1494 1271 quod
1516 1230 1691 1270 cogerent
1714 1236 1802 1259 cum
1824 1221 2000 1272 potentia

287 1282 560 1332 imperatorem
590 1282 642 1319 acl
672 1281 996 1319 renuntiandum.
1034 1281 1132 1318 Item
1163 1281 1265 1331 quod
1296 1282 1507 1331 imperator
1537 1280 1683 1319 scribat
1713 1281 1796 1330 regi
1828 1280 1999 1319 Francie

284 1341 386 1391 quocl
405 1341 510 1390 salsa
530 1350 624 1379 sunt
645 1355 715 1391 que
738 1341 924 1378 dicuntur
946 1341 1047 1390 quod
1069 1340 1153 1390 ipse
1176 1341 1387 1390 imperator
1409 1340 1499 1378 velit
1519 1340 1763 1379 renunciare.
1792 1340 1838 1378 In
1861 1340 1998 1379 codice

283 1415 380 1439 vero
396 1399 474 1438 506¹
488 1400 761 1438 bibliothecae
779 1399 1037 1438 Colbertinae
1057 1399 1084 1447 ²,
1102 1399 1170 1438 fol.
1189 1399 1278 1448 219,
1295 1407 1389 1450 post
1412 1399 1597 1438 libellum
1614 1399 1775 1450 Opicini
1794 1400 1843 1438 de
1860 1399 1997 1438 Canis-

282 1459 355 1497 tris
379 1460 422 1497 cle
444 1459 757 1510 praeeminentia
777 1459 1006 1510 spiritualis
1030 1459 1189 1509 imperii
1210 1459 1290 1497 ista
1312 1460 1505 1509 leguntur
1529 1475 1535 1496 :
1560 1459 1698 1496 Primo
1720 1473 1808 1497 cum
1831 1459 1997 1496 diverso-

284 1533 373 1556 rum
389 1527 625 1557 tractatuum
640 1518 775 1556 relatio
792 1519 1008 1556 arduorum
1029 1518 1209 1568 plurium
1224 1527 1258 1556 et
1275 1518 1453 1567 gravium
1471 1518 1662 1556 devenerit
1681 1519 1732 1555 ad
1751 1518 1999 1556 audientiam

289 1578 404 1616 Italie
427 1578 503 1627 lige
527 1587 760 1626 consortum,
786 1579 953 1615 multum
976 1577 1116 1615 mirari
1140 1586 1344 1627 coguntur.
1372 1577 1423 1615 In
1445 1577 1590 1628 primis
1613 1577 1707 1627 quia
1729 1577 1785 1615 eis
1807 1577 2000 1628 scriptum

285 1645 340 1674 est
370 1638 471 1687 quod
499 1638 655 1675 Bavaro
685 1637 954 1685 renunciante,
986 1646 1020 1675 et
1051 1637 1138 1687 ipso
1168 1652 1254 1686 rege
1283 1637 1498 1675 Alamanie
1528 1645 1762 1684 remanente,
1795 1637 2000 1674 dominum

286 1696 480 1734 Enricum
505 1697 640 1735 ducem
664 1696 847 1745 Bavarie,
875 1696 969 1734 (licti
993 1696 1143 1734 Bavari
1170 1704 1346 1747 nepotem
1370 1705 1403 1734 et
1427 1696 1645 1734 excellentis
1670 1696 1871 1746 principis
1896 1696 1999 1745 regis

287 1756 447 1793 Boemie
473 1770 670 1805 generum,
698 1756 971 1806 imperatorem
996 1756 1105 1805 elegi.

341 1815 383 1854 P.
416 1815 503 1863 176,
532 1816 597 1865 lig.
630 1815 689 1854 18.
720 1816 976 1854 TRINITATIS.
1008 1815 1110 1854 Vide
1140 1816 1308 1853 Petrum
1338 1815 1491 1864 d'Ailly
1517 1814 1559 1852 in
1588 1815 1694 1853 calce
1724 1815 1919 1853 sermonis
1949 1815 1998 1853 de

286 1874 489 1913 Trinitate
527 1875 668 1924 [Bal.].
694 1897 747 1901 —
772 1875 861 1913 Une
887 1875 998 1912 main
1025 1875 1079 1912 du
1106 1882 1195 1912 xlve
1222 1874 1338 1913 siecle
1364 1889 1387 1912 a
1412 1875 1541 1912 insere
1568 1874 1668 1912 dans
1694 1889 1751 1911 un
1775 1874 1924 1912 recueil
1950 1874 1998 1912 de

286 1948 467 1972 sermons
488 1934 791 1984 (Bibliotheque
811 1935 859 1973 de
882 1935 921 1972 la
943 1934 1037 1972 ville
1064 1934 1111 1973 de
1133 1935 1349 1982 Toulouse,
1368 1948 1441 1973 ms.
1462 1932 1550 1981 343,
1570 1934 1637 1972 fol.
1665 1933 1738 1971 132
1758 1934 1807 1982 ΓΟ)
1827 1935 1884 1972 les
1910 1948 1997 1972 ren-

287 1992 559 2042 seignements
597 1993 783 2031 suivants
824 2010 830 2031 :
871 1993 975 2032 Scito
1012 2002 1142 2031 autem
1179 1994 1280 2043 quod
1314 2007 1420 2031 anno
1454 1993 1620 2030 Domini
1657 1991 1773 2040 1331,
1813 1992 1998 2030 dominus

288 2051 491 2089 Johannes
513 2052 663 2100 XXII,
689 2053 733 2090 de
756 2053 920 2090 consilio
941 2053 1111 2102 fratrum
1133 2067 1308 2100 suorum,
1334 2052 1532 2090 ordinavit
1553 2061 1586 2090 et
1607 2052 1745 2089 statuit
1767 2052 1868 2102 quod
1890 2052 1997 2089 [lein-

286 2125 374 2160 ceps
395 2111 578 2149 Romana
597 2120 631 2149 et
652 2112 889 2150 universalis
903 2112 1080 2150 Ecclesia
1099 2112 1241 2162 faceret
1258 2112 1401 2161 festum
1415 2112 1530 2149 solem
1536 2111 1768 2165 pnissinum
1784 2112 1829 2148 de
1848 2125 2000 2161 semper

290 2169 487 2208 benedicta
510 2171 704 2212 Trinitate
724 2171 953 2209 divinarum
972 2186 1233 2222 personarum
1252 2180 1286 2209 et
1305 2171 1437 2209 {livine
1457 2170 1618 2208 essentie
1640 2170 1788 2208 unitate
1810 2170 1853 2207 in
1873 2169 1999 2207 tribus

287 2228 437 2266 divinis
463 2230 654 2280 personis.
686 2230 832 2268 Statuit
857 2239 988 2268 autem
1015 2231 1116 2281 quocl
1135 2231 1318 2268 Romana
1338 2230 1514 2268 Ecclesia
1537 2238 1570 2267 et
1596 2244 1728 2266 omnes
1755 2229 1821 2279 qui
1843 2229 1999 2278 faciunt

286 2288 457 2337 officium
489 2289 793 2327 ecclesiasticum
824 2290 1041 2328 secundum
1073 2305 1159 2327 eam
1190 2289 1342 2339 saciant
1374 2289 1592 2340 predictum
1622 2289 1763 2338 festum
1799 2288 1999 2326 dominica

287 2347 419 2396 prima
446 2357 533 2398 post
560 2349 836 2387 Pentlzecosten
864 2358 897 2387 et
923 2349 1010 2387 sine
1032 2349 1190 2397 octavis,
1213 2364 1292 2386 non
1321 2348 1552 2398 improbans
1574 2356 1703 2386 tamen
1724 2362 1786 2384 eos
1815 2347 1882 2397 qui
1911 2361 1999 2385 cum

286 2407 430 2443 octavis
454 2416 488 2445 et
510 2407 645 2457 aliqua
669 2408 752 2446 alia
776 2408 975 2446 (lominica
999 2408 1098 2446 anni
1121 2408 1265 2458 festum
1288 2408 1481 2446 celebrant
1503 2407 1742 2445 antedictum
1768 2406 1999 2456 (Catalogue

290 2467 445 2513 general
473 2467 537 2503 (les
567 2481 656 2505 mss.
690 2468 753 2504 cles
786 2466 1063 2518 bibliotlteques
1099 2467 1323 2518 publiques,
1355 2467 1481 2511 Paris,
1514 2466 1628 2513 1885,
1658 2473 1688 2504 t.
1720 2480 1789 2513 VII,
1819 2480 1858 2516 p.
1892 2465 1996 2514 198).

342 2525 383 2563 Ρ,
406 2525 493 2573 176,
514 2525 577 2575 lig.
600 2526 660 2564 21.
683 2527 745 2564 UT
765 2541 906 2564 ExTRA
935 2541 990 2564 DE
1010 2541 1158 2574 FERIIS,
1177 2527 1217 2564 id
1245 2535 1319 2573 est,
1339 2535 1385 2564 ut
1411 2526 1588 2563 habetur
1604 2525 1644 2562 in
1674 2539 1761 2574 cap.
1782 2524 1995 2574 Quoniam,

285 2582 344 2619 De
365 2583 491 2632 seriis,
516 2585 557 2621 in
578 2585 848 2623 Decretalibus
886 2586 956 2623 ubi
980 2586 1213 2624 Alexander
1240 2586 1301 2623 ΙΙΙ
1325 2586 1384 2623 ita
1409 2585 1549 2623 scribit
1572 2583 1822 2622 Terdonensi
1845 2583 1997 2622 archie-

288 2642 454 2692 piscopo
493 2659 500 2680 :
538 2644 744 2682 Praeterea
777 2645 970 2693 festivitas
1005 2654 1162 2683 sanctae
1201 2644 1412 2682 Trinitatis
1446 2644 1662 2681 secundum
1697 2642 1998 2680 consuetudines

290 2700 533 2739 diversarum
557 2703 762 2751 regionum
786 2719 810 2741 a
834 2704 1071 2754 quibusdam
1090 2704 1289 2742 consuevit
1312 2704 1356 2741 in
1379 2703 1523 2741 octavis
1548 2703 1802 2749 Pentecostes,
1829 2701 1880 2745 ab
1903 2701 1998 2739 aliis

338 2856 369 2887 1.
388 2856 436 2888 Lc
450 2864 603 2900 rapport
622 2859 670 2889 du
693 2859 785 2892 frere
803 2859 986 2892 Gauthicr
1001 2860 1022 2891 a
1037 2860 1170 2893 Michel
1188 2860 1231 2892 de
1249 2860 1384 2893 Cesene
1403 2865 1459 2892 ost
1478 2859 1570 2891 dans
1587 2858 1623 2892 C.
1648 2856 1788 2896 Hofler,
1807 2855 1891 2893 Aus
1907 2857 1998 2891 Αῳιζ-

290 2919 395 2949 gnon,
422 2921 455 2951 p.
487 2911 522 2941 11
556 2910 861 2954 (Abliandlungen
888 2913 947 2945 cler
966 2914 1197 2956 lconigliclien
1222 2913 1450 2947 bo'lzmisclzen
1479 2911 1708 2954 Gesellscliast
1744 2910 1804 2943 der
1836 2914 1997 2949 Wissen-

290 2961 462 3003 sclmsten,
488 2963 552 2994 VR*
572 2964 673 3001 serio,
695 2970 720 2997 1.
740 2977 776 3004 11,
798 2965 918 3004 1869).

342 3016 370 3046 2.
396 3015 434 3047 13.
463 3015 518 3051 N„
542 3027 609 3048 ms.
634 3017 727 3049 latin
749 3018 853 3057 4046,
877 3019 938 3052 sol.
966 3020 1033 3052 219
1056 3024 1105 3053 τί).
1129 3039 1177 3042 --
1198 3019 1247 3052 Le
1270 3026 1374 3053 texte
1396 3032 1441 3053 cn
1464 3020 1557 3053 aete
1580 3019 1705 3063 publie
1721 3033 1789 3065 par
1801 3022 1837 3056 C.
1855 3021 1994 3055 Maller.

287 3065 360 3097 Der
386 3067 527 3109 Ix'ampj
553 3069 725 3112 Ludwigs
752 3072 809 3103 (les
834 3072 983 3111 Baiern,
1013 3079 1038 3105 t.
1066 3085 1089 3111 1,
1118 3085 1151 3116 p.
1181 3073 1350 3106 394-405.
1378 3093 1427 3096 ψ
1451 3073 1522 3106 Sur
1556 3072 1606 3106 les
1633 3074 1886 3115 &venementffi
1916 3073 1997 3107 voir

291 3117 328 3151 P.
354 3118 531 3152 Fournicr
555 3122 616 3162 (Le
635 3134 805 3165 royaume
825 3124 977 3164 d'Arles‚
1001 3137 1034 3169 p.
1058 3126 1228 3168 388-405)
1262 3132 1299 3159 ct
1319 3126 1449 3159 Mtillor
1473 3127 1540 3170 (op.
1563 3128 1634 3166 cit,
1657 3133 1683 3161 t.
1703 3140 1727 3168 1,
1750 3140 1784 3171 p.
1807 3127 1994 3170 309-346).
