2083 3458
266 220 348 262 888
916 233 1069 258 NOTAE
1105 233 1165 258 AD
1201 233 1328 258 VITAs
1824 216 1976 273 [1376]

263 333 457 359 censurae
485 318 722 358 academiae
751 316 990 356 Parisiensis
1018 317 1216 355 adversus
1243 316 1545 367 propositiones
1575 331 1763 356 erroneas
1790 317 1978 368 ejusdem

264 378 436 417 „Ioannis
472 378 520 417 de
556 377 800 416 Montesono
835 384 956 415 extat
988 376 1031 414 in
1065 376 1174 416 calce
1209 375 1398 426 magistri
1431 376 1735 415 sententiarum
1767 385 1976 416 tractatus

262 438 448 489 ejusdem
466 437 722 484 academiae3
741 451 791 475 ex
809 451 891 487 quo
909 444 1077 475 constat
1094 436 1340 486 magistrum
1359 436 1590 486 generalem
1607 444 1648 475 et
1664 445 1976 487 procuratorem

260 498 491 548 generalem
513 505 554 535 et
575 496 796 535 nonnullos
817 496 965 534 fratres
988 495 1140 534 ordinis
1164 495 1505 534 praedicatorum
1523 509 1546 533 a
1567 495 1774 534 sententia
1796 495 1978 547 episcopi

263 556 501 596 Parisiensis
532 556 619 594 lata
652 556 705 594 ad
737 555 985 594 instantiam
1016 555 1203 606 ejusdem
1234 554 1485 603 academiae,
1519 569 1645 606 quam
1677 570 1749 594 nos
1782 570 1856 594 suo
1886 556 1976 595 loco

263 616 413 656 edituri
442 630 584 654 sumus
602 615 631 664 1,
662 615 891 666 appellasse
921 615 974 653 ad
1005 615 1152 654 Sedem
1181 615 1469 666 apostolicam.
1497 615 1575 654 Sed
1604 616 1715 654 hunc
1743 623 1976 654 tractatum

264 676 413 715 nullius
454 675 657 714 momenti
696 689 782 714 esse
824 675 986 722 debere,
1028 674 1184 712 nullam
1225 673 1522 713 auctoritatem
1562 675 1714 713 habere
1760 675 1977 714 contendit

268 737 314 774 R.
346 736 389 775 P.
421 736 603 774 Joannes
633 734 798 773 Casalas
828 734 1008 773 scribens
1038 734 1236 773 adversus
1268 734 1439 772 Petrum
1468 748 1490 771 a
1521 734 1811 782 Valle-clausa,
1840 749 1880 785 p.
1911 734 1974 783 49,

261 803 480 846 propterea
515 794 626 845 quod
658 808 823 842 nomen,
857 793 1037 844 dignitas
1070 801 1112 832 et
1144 793 1340 832 meritum
1373 793 1554 832 auctoris
1587 808 1670 832 non
1716 794 1976 833 adnotantur

264 855 305 892 in
321 855 459 902 titulo,
478 862 518 893 et
539 853 636 904 quia
654 853 790 892 editus
808 853 888 892 fuit
905 867 1015 891 anno
1032 853 1159 891 MDX
1176 853 1362 891 Basileae
1376 853 1463 903 jam
1478 868 1503 891 a
1534 853 1610 903 fide
1625 853 1817 892 catholica
1832 862 1974 892 secreto

265 914 459 952 deviantis
487 914 665 964 brevique
689 913 847 964 publice
871 913 1129 952 discessurae.
1157 912 1378 952 Nesciebat
1403 912 1535 951 bonus
1560 912 1626 951 ille
1651 912 1714 951 vir
1732 914 1843 952 hunc
1866 921 1974 953 trac-

263 982 401 1012 tatum
429 982 551 1012 antea
580 973 741 1012 editum
768 972 893 1012 fuisse
914 972 1097 1012 Venetiis
1126 987 1236 1010 anno
1262 972 1670 1011 MCCCCLXXXIX
1692 980 1734 1011 et
1760 981 1975 1024 praeterea

263 1048 346 1072 esse
387 1034 598 1072 decretum
636 1032 873 1072 academiae
913 1031 1168 1079 Parisi'ensis,
1191 1031 1428 1070 istiusmodi
1445 1046 1567 1082 porro
1603 1032 1872 1081 tractatibus,
1903 1047 1974 1071 seu

261 1093 435 1132 decretis
463 1108 546 1131 non
571 1094 698 1131 solere
725 1091 881 1143 apponi
906 1106 1058 1130 nomen
1084 1106 1216 1142 neque
1244 1091 1493 1142 dignitatem
1520 1091 1714 1131 auctoris.

317 1150 363 1191 P.'
376 1152 466 1200 502,
482 1152 549 1203 lig.
566 1152 627 1191 11.
644 1152 837 1190 MULTUM
853 1162 1120 1191 PnocEssuM.
1140 1152 1225 1190 Ista
1239 1151 1338 1190 satis
1353 1151 1514 1201 liquent
1528 1150 1638 1190 exiis
1652 1165 1757 1202 quae
1771 1152 1972 1190 hactenus

262 1212 374 1251 dicta
396 1220 508 1259 sunt,
530 1220 571 1251 et
594 1227 644 1251 ex
665 1211 840 1262 epistola
863 1210 1032 1250 Wesseli
1054 1211 1346 1262 Groningensis
1369 1211 1422 1249 ad
1445 1211 1651 1250 ,Jacobum
1675 1211 1831 1259 Hoeck,
1855 1212 1972 1250 deca-

264 1286 363 1309 num
389 1272 768 1321 Naeldwycensem,
795 1285 884 1322 cap.
908 1285 969 1319 1x,
994 1270 1066 1309 ubi
1089 1270 1234 1310 scribit
1259 1271 1465 1309 Joannem
1488 1271 1713 1309 Gersonem
1737 1270 1972 1310 interfuisse

263 1331 601 1370 condemnationi
628 1330 800 1369 Joannis
828 1331 877 1369 de
906 1329 1165 1378 Montesono,
1193 1338 1234 1369 et
1260 1329 1374 1368 illam
1392 1329 1611 1369 asseruisse
1632 1330 1791 1380 justam
1817 1345 1903 1369 esse
1931 1338 1973 1369 et

262 1390 500 1429 universum
541 1390 725 1430 ordinem
756 1389 1096 1429 praedicatorum
1134 1390 1186 1428 ab
1219 1389 1501 1428 Universitate
1533 1389 1753 1429 Parisiensi
1774 1399 1971 1441 quatuor-

263 1450 395 1489 decim
421 1450 537 1489 annis
565 1450 793 1489 abscissum
819 1449 957 1498 fuisse,
985 1464 1031 1488 eo
1059 1449 1169 1500 quod
1197 1464 1338 1488 eorum
1365 1449 1623 1488 baccalaurei
1650 1449 1780 1488 dictos
1817 1464 1970 1488 errores

263 1510 418 1548 nollent
438 1510 629 1560 abjurare
651 1510 735 1548 zelo
754 1510 936 1560 quodam
952 1509 1164 1548 doctrinae
1179 1509 1310 1548 sancti
1328 1510 1524 1547 Thomae.
1544 1508 1807 1560 Displicuis'se
1827 1518 1971 1548 tamen

259 1569 393 1608 eidem
423 1569 593 1608 Gersoni
622 1568 943 1608 diuturnitatem
970 1569 1094 1619 hujus
1123 1568 1428 1607 controversiae
1456 1568 1541 1619 ipse
1571 1569 1692 1607 docet
1719 1568 1761 1606 in
1790 1569 1969 1608 declara-

259 1628 369 1668 tione
409 1629 701 1680 compendiosa
740 1629 980 1668 defectuum
1017 1627 1202 1667 virorum
1239 1627 1624 1676 ecclesiasticorum,
1663 1628 1736 1667 ubi
1773 1628 1832 1667 ait
1872 1644 1879 1666 :
1920 1628 1971 1667 Et

258 1688 440 1738 corrigite
476 1688 716 1739 opinionum
752 1688 985 1736 discordias,
1023 1696 1153 1738 utpote
1212 1688 1256 1726 de
1302 1687 1552 1738 conceptione
1593 1687 1766 1738 virginis
1803 1687 1970 1738 gloriose

258 1756 292 1786 et
307 1748 519 1786 similium.
541 1747 754 1786 Sententia
771 1762 893 1798 porro
911 1748 965 1786 ab
981 1747 1173 1798 episcopo
1193 1746 1413 1785 Parisiensi
1433 1748 1518 1785 lata
1541 1747 1738 1786 adversus
1763 1748 1968 1786 Joannem

258 1807 307 1845 de
322 1808 565 1845 Montesono
581 1816 699 1846 extat
712 1807 754 1845 in
767 1807 899 1845 veteri
913 1807 1050 1846 codice
1065 1821 1139 1845 ms.
1156 1806 1368 1845 facultatis
1383 1806 1638 1856 theologicae
1654 1806 1892 1846 Parisiensis
1913 1806 1941 1846 ².

312 1867 355 1905 P.
390 1866 478 1914 502,
512 1866 577 1917 lig.
614 1867 675 1905 14.
710 1867 871 1904 FIERET
903 1881 1086 1905 FESTUM.
1123 1866 1181 1904 De
1215 1865 1366 1917 origine
1400 1866 1495 1905 festi
1525 1866 1649 1916 hujus
1680 1867 1800 1917 plura
1839 1867 1968 1905 habet

256 1926 457 1964 Baronius
492 1926 534 1964 in
568 1926 676 1965 notis
711 1926 763 1964 ad
799 1926 1137 1976 Affartyrologium
1170 1926 1410 1964 Romanum.
1450 1925 1665 1976 Gregorius
1704 1926 1765 1964 IX
1798 1925 1841 1964 in
1876 1940 1964 1977 cap.

258 1985 517 2035 Conquestus,
546 1986 604 2023 De
631 1985 758 2035 feriis,
788 2000 1032 2024 enumerans
1064 1985 1147 2024 dies
1179 1985 1304 2024 festos
1336 1985 1485 2035 quibus
1525 1985 1811 2035 conquiescere
1843 1986 1967 2024 debet

257 2044 461 2094 judicialis
490 2045 702 2096 strepitus,
730 2045 838 2084 inter
866 2060 932 2084 eos
961 2044 1080 2096 ponit
1108 2044 1358 2083 festivitates
1390 2059 1528 2083 omnes
1558 2044 1724 2095 virginis
1752 2044 1963 2095 gloriosae,

257 2104 327 2142 sed
360 2118 426 2142 eas
460 2119 541 2142 non
573 2104 780 2155 exprimit.
806 2105 986 2143 Joannes
1015 2104 1203 2143 Andreae
1229 2103 1288 2142 ait
1319 2104 1406 2142 illas
1437 2119 1521 2143 esse
1548 2113 1740 2154 quatuor,
1768 2104 1965 2143 nimirum

258 2163 632 2202 Annuntiationem
654 2164 696 2202 in
710 2179 817 2211 vere,
834 2164 1174 2214 Assumptionem
1189 2163 1231 2201 in
1246 2172 1419 2211 aestate,
1435 2163 1714 2202 Nativitatem
1736 2163 1778 2202 in
1798 2172 1963 2202 autum-

257 2237 323 2270 no,
350 2222 688 2262 purificationem
722 2223 764 2261 in
787 2224 948 2273 hyeme.
974 2224 1138 2261 Festum
1159 2231 1291 2261 autem
1324 2223 1508 2273 passivae
1541 2223 1809 2273 conceptionis
1846 2223 1964 2262 istius

256 2282 426 2331 virginis
448 2282 510 2320 liic
528 2297 606 2320 non
625 2283 857 2331 includitur,
875 2282 1027 2333 inquit,
1046 2283 1133 2320 licet
1151 2282 1194 2320 in
1212 2283 1347 2321 multis
1365 2282 1461 2320 locis
1482 2283 1690 2320 celebretur
1705 2297 1749 2320 ea:
1764 2282 1963 2321 devotione

256 2355 334 2378 non
354 2341 630 2391 improbanda.
652 2342 764 2381 Citat
784 2351 925 2381 autem
946 2342 1269 2392 Speculatorem,
1292 2342 1407 2391 cujus
1429 2342 1529 2380 haec
1548 2350 1646 2380 sunt
1666 2340 1792 2380 verba
1813 2342 1865 2380 ad
1885 2343 1962 2381 hoc

255 2400 363 2439 idem
380 2410 506 2451 caput
524 2417 530 2439 :
551 2400 645 2439 Non
660 2402 746 2439 dico
762 2403 806 2440 de
818 2402 915 2452 festo
931 2401 1200 2452 conceptionis
1213 2401 1312 2451 ejus,
1331 2401 1426 2451 quia
1440 2410 1626 2451 concepta
1639 2401 1720 2451 suit
1735 2401 1778 2439 in
1792 2409 1961 2451 peccato,

256 2460 342 2497 licet
365 2460 407 2497 in
430 2461 565 2498 multis
587 2461 682 2499 locis
704 2462 926 2509 celebretur,
950 2475 1018 2499 nec
1039 2462 1156 2499 talem
1171 2461 1413 2499 devotionem
1438 2461 1613 2511 reprobo,
1635 2460 1763 2498 Addit
1782 2462 1960 2500 Joannes

259 2519 443 2557 Andreae
469 2536 475 2557 :
505 2520 566 2557 Tu
588 2528 718 2558 tamen
741 2520 850 2558 dicas
873 2520 1164 2570 conceptionem
1188 2520 1312 2567 illam,
1338 2534 1435 2570 quae
1454 2519 1534 2569 suit
1554 2534 1600 2558 ex
1616 2520 1790 2558 humano
1812 2520 1962 2558 semine

259 2592 337 2615 non
366 2580 640 2627 venerandam,
670 2588 704 2617 et
731 2580 800 2618 hoc
828 2580 1039 2618 tenendum
1068 2580 1170 2630 quod
1195 2579 1275 2629 fuit
1297 2580 1340 2617 in
1369 2579 1561 2628 originali
1590 2587 1787 2629 concepta,
1821 2587 1861 2617 ut
1882 2588 1960 2618 not.

259 2637 301 2673 de
328 2646 550 2686 consecrat,
577 2639 665 2678 dist.
698 2639 785 2688 ΙΙΙ,
812 2654 898 2689 cap.
926 2639 959 2686 Ι,
976 2639 1043 2676 sed
1062 2647 1149 2689 post
1163 2638 1454 2689 conceptionem
1474 2637 1697 2676 immediate
1711 2638 1962 2688 sanctificata

260 2704 292 2732 et
317 2696 362 2733 ob
388 2697 455 2733 hoc
480 2698 569 2735 colit
593 2698 771 2736 Ecclesia
796 2698 1018 2736 nativitatis
1040 2698 1197 2748 festum.
1226 2698 1368 2736 Glossa
1398 2697 1439 2735 in
1466 2698 1558 2747 cap.
1591 2698 1960 2747 pronuntiandum,

261 2754 353 2792 (list.
387 2756 462 2802 ΙΙΙ,
489 2757 547 2794 De
574 2766 796 2805 consecrat,
825 2757 884 2795 ait
911 2757 1011 2802 nihil
1037 2757 1080 2795 in
1107 2772 1152 2795 eo
1181 2756 1261 2796 dici
1288 2757 1470 2795 de·festo
1498 2756 1778 2806 conceptionis
1812 2757 1960 2796 beatae

262 2813 424 2861 Mariae,
445 2816 538 2864 quia
557 2816 832 2854 celebrandum
851 2831 930 2854 non
948 2825 1020 2864 est,
1042 2824 1075 2854 et
1093 2816 1186 2854 haec
1203 2824 1259 2854 est
1277 2816 1390 2863 ratic,
1412 2816 1506 2866 quia
1527 2816 1570 2853 in
1588 2815 1757 2865 peccatis
1777 2825 1961 2866 concepta

257 2872 334 2919 suit
354 2872 455 2910 sicut
475 2882 508 2911 et
529 2875 639 2912 ceteri
660 2876 787 2913 sancti
809 2884 967 2926 excepta
989 2875 1299 2928 unicapersona
1321 2875 1483 2913 Christi.
1511 2872 1694 2925 Denique
1717 2874 1844 2913 etiam
1864 2885 1960 2925 post

315 3006 339 3036 l.
372 3006 519 3045 Haluze,
552 3013 576 3039 t.
605 3019 655 3047 iv,
714 3035 719 3041 .
751 3009 832 3042 304.

311 3060 339 3088 2.
369 3058 414 3090 Ut
433 3070 459 3090 S.
481 3078 529 3081 —-
548 3060 637 3093 Voir
657 3020 719 3094 Silii*
738 3062 770 3095 le
792 3065 921 3106 proces
941 3062 1099 3095 instruit
1118 3068 1248 3096 contre
1269 3063 1368 3096 Jean
1389 3063 1433 3096 de
1454 3063 1618 3096 Monzon
1640 3064 1786 3097 Denifle
1807 3071 1845 3097 et
1866 3064 1961 3098 Cha-

265 3110 376 3141 t‹·l:11'n
402 3111 702 3154 (C'hartularium‚
733 3121 759 3148 t.
788 3127 839 3156 111,
869 3128 903 3159 p.
935 3116 1123 3161 486-533).
