2083 3458
250 180 327 221 592
895 193 1047 217 NOTAE
1082 193 1141 217 AD
1176 192 1304 217 viTAs
1797 178 1949 234 [1070]
2051 57 2083 287 s

237 289 277 318 et
307 280 546 318 Camrcensi
575 294 647 329 pro
677 278 961 316 contractibus
990 278 1185 315 usurariis
1211 286 1256 330 ,et
1284 292 1357 327 pro
1386 279 1759 328 trangressionibus
1790 279 1951 317 ordina·
2044 324 2045 329 Ἰ

236 341 399 378 tionum
426 340 630 388 regiarum
658 352 780 388 super
808 351 928 375 cursu
955 331 1232 375 monetarum.

293 398 538 436 Institutum
572 397 866 435 canonicorum
897 396 1147 446 regularium
1180 396 1332 434 ordinis
1364 395 1498 434 sancti
1528 396 1751 447 Augustini
1775 397 1950 448 arripuit
2033 378 2038 432 l

235 459 276 495 in
292 458 473 496 Ecclesia
493 456 695 503 Brivensi,
718 464 759 494 et
789 469 887 493 mox
907 455 1113 503 Tolosam,
1135 463 1183 492 ut
1203 455 1396 503 arbitror,
1417 456 1564 494 missus
1586 456 1759 495 daturus
1781 471 1949 506 operam
2031 448 2032 452 Ἰ

234 517 381 555 studiis
397 516 625 559 literarum,
642 516 724 553 illic
740 515 875 553 factus
893 523 955 553 est
972 515 1117 552 doctor
1134 514 1406 553 decretorum.
1426 515 1522 553 Fuit
1538 523 1680 554 autem
1696 516 1824 555 etiam
1839 516 1949 566 prior

234 576 420 626 ejusdem
440 575 644 613 Ecclesiae
666 574 875 612 Brivensis
899 588 1007 611 anno
1039 574 1256 611 millesimo
1280 573 1605 622 CCCXXXVII,
1629 583 1677 612 ut
1694 573 1826 613 ‘fidem
1849 575 1950 613 facit

233 644 353 674 vetus
387 635 713 672 instrumentum
747 634 907 671 editum
939 633 1047 671 inter
1080 633 1246 671 easdem
1278 633 1553 677 Probatzfones,
1587 649 1626 684 p.
1670 634 1733 673 83.
1770 635 1834 671 Ex
1867 649 1949 684 quo

234 695 352 732 facile
369 702 431 732 est
448 693 666 732 emendare
683 707 861 731 errorem
875 693 944 742 qui
959 692 1177 743 irrepsitin
1190 692 1347 730 bullam
1359 692 1373 714 1
1387 693 1612 742 quamdam
1630 693 1802 732 Joannis
1818 692 1949 732 XXII
2018 695 2020 731 l

232 754 389 792 editam
411 767 433 791 a
456 753 703 802 VVaddingo,
719 760 749 791 t.
769 767 823 790 vn
844 752 887 789 in
909 752 1085 801 Regesto,
1108 766 1147 802 p.
1166 751 1256 799 445,
1279 751 1350 789 ubi
1372 753 1478 791 male
1499 760 1675 791 vocatur
1694 753 1949 792 Bertrandus
1975 747 1980 755 ¹

233 813 281 851 de
306 813 510 851 Caimaco.
538 813 597 850 Eo
620 826 742 863 porro
765 812 807 849 in
830 825 998 849 munere
1022 825 1297 849 successorem
1320 811 1470 849 habuit
1493 811 1662 850 Petrum
1687 812 1735 850 de
1752 812 1948 862 Cosnaco‚

233 881 428 923 nepotem
453 886 588 919 suum,
624 879 769 921 postea
804 871 1043 921 episcopum
1078 870 1342 908 Tutelensem
1361 869 1388 918 2,
1417 879 1462 909 ut
1498 879 1616 921 patet
1641 886 1691 909 ex
1717 871 1835 909 Sexta.
1870 872 1950 910 vita

238 931 395 970 Urbani
435 931 481 978 V,
517 946 556 981 p.
594 930 683 969 408.

286 992 435 1029 Postea
451 991 586 1028 factus
613 998 675 1028 est
699 990 915 1040 episcopus
941 989 1243 1028 Convenarum.
1261 989 1319 1027 De
1342 1003 1451 1027 anno
1478 1004 1561 1027 non
1577 998 1742 1027 constat
1753 989 1779 1027 3.
1804 991 1950 1029 Arnal-

232 1050 306 1089 dus
330 1050 595 1097 Oihenartus,
614 1050 684 1100 qui
703 1058 785 1087 tres
810 1064 860 1087 ex
884 1049 965 1093 isto
986 1049 1199 1099 episcopos
1220 1048 1336 1096 facit,
1361 1049 1528 1086 exordia
1547 1049 1820 1099 pontificatus
1839 1049 1947 1088 illius

230 1111 355 1148 refert
384 1110 437 1147 ad
464 1123 622 1147 annum
651 1109 895 1147 MCCCLIII
925 1116 966 1146 et
994 1108 1145 1146 sedisse
1174 1108 1234 1146 ait
1261 1108 1303 1145 in
1332 1121 1378 1146 ea
1408 1109 1605 1146 cathedra
1638 1109 1756 1146 annis
1786 1109 1947 1159 aliquot

231 1169 513 1219 sequentibus.
540 1168 849 1207 Sammarthani
883 1167 927 1217 [t.
951 1183 977 1213 Ι,
1002 1168 1075 1206 col.
1102 1167 1228 1216 1102]
1253 1167 1439 1205 scribunt
1470 1168 1637 1217 gessisse
1668 1168 1783 1205 illum
1811 1168 1946 1207 Eccle-

232 1229 335 1267 siam
354 1229 644 1266 Convenarum
661 1228 830 1266 ineunte
849 1241 958 1265 anno
977 1227 1193 1266 millesimo
1213 1226 1403 1275 CCCLII,
1423 1227 1576 1276 liquere
1595 1242 1645 1265 ex
1664 1228 1945 1266 transactione

231 1288 335 1325 inita
356 1302 401 1326 eo
421 1302 529 1325 anno
546 1286 676 1337 [παπ]
701 1288 764 1325 die
785 1301 906 1325 xxvii
923 1286 1106 1336 januarii
1130 1286 1239 1324 inter
1258 1286 1429 1325 Petrum
1448 1286 1497 1324 de
1517 1286 1719 1337 Mirepoix
1738 1295 1779 1325 et
1798 1286 1944 1325 Arnal-

232 1347 331 1386 dum
359 1347 557 1385 d'Anton.
588 1347 675 1396 Ego
704 1361 801 1385 vero
828 1346 986 1397 reperio
1014 1346 1057 1383 in
1082 1345 1211 1384 literis
1240 1345 1408 1384 Mathae
1437 1346 1670 1384 comitissae
1699 1346 1807 1384 datis
1835 1360 1944 1388 anno

232 1407 465 1453 MCCCLII,
493 1406 557 1444 die
584 1421 642 1444 ΧΗ
667 1406 818 1445 mensis
846 1405 1087 1452 decembris,
1112 1405 1385 1452 Bernardum,
1410 1419 1484 1455 pro
1510 1419 1591 1455 quo
1616 1405 1802 1443 fortassis
1827 1420 1944 1456 repo-

231 1466 414 1508 nendum
433 1475 495 1504 est
515 1480 666 1505 nomen
684 1460 919 1511 Bertrandi,
940 1465 1064 1502 fuisse
1084 1473 1176 1503 tum
1195 1465 1436 1514 episcopum
1456 1464 1758 1504 Convenarum.
1781 1465 1944 1503 Extant

232 1526 324 1563 illae
348 1526 456 1564 inter
481 1525 743 1563 Probationes
768 1524 956 1562 historiae
984 1524 1271 1570 Turennensis,
1297 1539 1336 1574 p.
1361 1523 1424 1563 92.

284 1585 404 1622 Anno
436 1585 685 1632 MCCCLVI,
718 1584 782 1622 die
813 1584 946 1634 prima
976 1584 1126 1622 mensis
1156 1583 1262 1633 julii,
1295 1591 1384 1622 erat
1413 1583 1634 1631 Avenioni,
1665 1592 1713 1620 ut
1744 1592 1862 1633 patet
1893 1598 1944 1623 ex

230 1644 512 1682 transactione
550 1653 642 1683 tum
689 1644 792 1681 inita
830 1643 938 1681 inter
963 1638 1193 1693 capitulum
1234 1642 1439 1681 Ecclesiae
1479 1643 1727 1681 cathedralis
1766 1642 1943 1681 Avenio-

230 1704 364 1741 nensis
385 1712 425 1742 et
445 1704 552 1742 cives
572 1704 912 1750 Tarasconenses,
934 1716 1060 1752 quam
1079 1702 1167 1739 vidi
1185 1702 1227 1739 in
1246 1702 1411 1751 Regesto
1429 1702 1527 1739 anni
1546 1702 1653 1740 sexti
1671 1702 1943 1752 pontificatus

234 1762 465 1801 Innocentii
496 1763 566 1801 Vl.

284 1823 441 1861 Eodem
458 1837 566 1860 anno
585 1831 761 1860 exeunte
779 1822 925 1860 missus
944 1829 1005 1859 est
1023 1821 1195 1858 nuncius
1214 1821 1467 1871 apostolieae
1486 1820 1600 1859 Sedis
1618 1821 1660 1858 in
1679 1821 1947 1871 Hispaniam;

228 1882 417 1929 Bzovius,
443 1896 550 1919 anno
576 1881 690 1929 1350,
722 1882 738 1930 ξ
765 1881 831 1927 13;
858 1881 1056 1919 Odoricus
1083 1880 1338 1929 Raynaldus,
1364 1894 1472 1917 anno
1497 1880 1653 1927 eodem,
1685 1880 1702 1928 ἓ
1726 1880 1787 1919 37.

287 1941 350 1977 Ex
385 1955 430 1979 ea
467 1941 671 1991 legatione
707 1940 839 1979 redux
875 1940 1087 1978 Avenione
1136 1947 1226 1977 erat
1261 1953 1370 1976 anno
1407 1939 1700 1986 MCCCLXIV,
1738 1939 1802 1978 die
1839 1954 1944 1979 xxvi

232 2000 381 2038 mensis
413 2000 524 2047 maii,
557 2014 650 2038 eum
681 2007 871 2049 ageretur
901 1999 950 2037 de
981 1997 1258 2037 executione4
1285 1998 1528 2037 testamenti
1562 1998 1747 2048 Hugonis
1782 1998 1945 2049 Rogerii

233 2059 450 2097 cardinalis
487 2059 732 2107 Tutelensis,
768 2059 839 2109 qui
865 2059 993 2096 istum
1017 2058 1295 2096 Bertrandum
1330 2058 1621 2097 nominaverat
1654 2058 1762 2096 inter
1788 2066 1943 2096 ceteros

232 2127 470 2157 executores
498 2119 684 2168 ejusdem
710 2118 969 2165 testamenti,
997 2126 1039 2155 et
1065 2131 1174 2155 anno
1202 2117 1528 2156 MCCCLXVIII
1555 2117 1746 2165 interfuit
1773 2117 1944 2156 concilio

233 2178 433 2216 Vaurensi
451 2178 466 2200 5
487 2178 614 2216 trium
635 2178 958 2228 provinciarum,
982 2177 1092 2227 quod
1123 2191 1145 2214 a
1167 2176 1284 2215 nobis
1307 2177 1467 2214 editum
1497 2185 1559 2215 est
1589 2176 1631 2213 in
1652 2176 1794 2214 Codice
1815 2177 1942 2215 eonci-

233 2237 377 2275 liorum
411 2238 564 2275 Galliae
593 2237 883 2275 Narbonensis.

286 2297 404 2334 Anno
430 2297 689 2335 MCCCLXX
714 2297 906 2335 Urbanus
932 2297 966 2333 V
988 2309 1082 2334 eum
1104 2309 1267 2333 rursum
1290 2295 1404 2333 misit
1426 2295 1467 2332 in
1493 2294 1757 2345 Hispaniam,
1792 2295 1942 2339 Surita.

231 2356 298 2394 lib.
327 2356 390 2393 III
417 2356 621 2404 Indicum;
642 2357 786 2405 Bzov.,
811 2370 875 2394 an.
903 2355 1019 2402 1370,
1041 2355 1057 2404 ἓ
1083 2354 1150 2400 10;
1176 2354 1292 2401 1371,
1315 2355 1331 2403 ἓ
1357 2354 1423 2401 13;
1451 2354 1709 2403 Raynaldus,
1733 2368 1798 2392 an.
1825 2354 1940 2401 1370,

239 2415 255 2463 ἓ
289 2415 350 2462 18,
385 2416 500 2462 1371,
540 2416 555 2464 ἓ
588 2416 623 2453 4.

284 2542 310 2574 1.
345 2542 473 2580 Eubel,
497 2542 539 2575 Β.
564 2542 620 2581 F.‚
644 2549 669 2575 t.
694 2554 728 2578 v,
752 2554 785 2575 n.
810 2542 878 2575 979
899 2548 937 2574 et
958 2542 1039 2575 995.

282 2595 310 2627 2.
343 2594 391 2627 Le
411 2596 452 2627 27
472 2596 564 2627 aout
582 2597 674 2628 1376
697 2596 842 2638 (Eubel,
862 2595 1093 2635 Hierarclzia,
1114 2601 1140 2628 t.
1158 2608 1182 2634 1,
1202 2606 1237 2638 p,
1257 2594 1354 2637 505),
1374 2593 1467 2626 mais
1485 2594 1510 2626 il
1528 2593 1622 2626 etait
1640 2594 1660 2625 a
1678 2600 1776 2626 cette
1795 2595 1939 2637 epoque

231 2647 458 2681 archidiacre
477 2649 520 2681 de
538 2648 700 2681 Savenes
718 2641 925 2692 enl’Eglisc
944 2648 1102 2687 d’Auch,
1121 2660 1159 2681 ee
1178 2648 1241 2691 qui
1258 2647 1397 2680 semble
1413 2647 1510 2690 jeter
1525 2659 1576 2679 un
1601 2648 1715 2679 doute
1732 2658 1795 2679 sur
1812 2646 1941 2680 siden--

233 2700 419 2734 tisication
440 2702 583 2735 donnee
605 2714 673 2745 par
692 2702 841 2735 Baluze.

278 2756 308 2786 3.
340 2754 525 2787 Bertrand
543 2756 585 2787 ds·
605 2756 745 2787 Cosnae
764 2755 823 2787 fut
839 2757 989 2788 nomme
1008 2767 1055 2787 au
1072 2754 1169 2797 siege
1198 2754 1241 2787 de
1270 2753 1507 2797 Comminges
1535 2754 1566 2786 le
1592 2754 1635 2786 ’17
1663 2754 1815 2786 octobre
1847 2754 1936 2787 1352

234 2806 377 2846 (Eubel,
401 2807 630 2847 Hierarcliia,
654 2814 679 2841 t.
702 2822 724 2847 ι,
748 2820 782 2851 p.
807 2808 903 2852 207),
921 2811 1028 2851 apres
1050 2807 1155 2841 avoir
1177 2809 1315 2851 occupe
1337 2807 1430 2839 celui
1453 2808 1496 2839 de
1518 2806 1682 2840 Lombez
1705 2807 1725 2839 a
1746 2806 1866 2850 partir
1887 2807 1935 2839 du

231 2860 272 2891 17
294 2861 505 2902 septembre
528 2862 620 2894 1348
646 2862 790 2903 (Eubel,
816 2862 918 2901 ibid.⁷
936 2874 970 2905 p.
988 2861 1085 2904 310).
1104 2861 1152 2893 Le
1177 2861 1220 2893 20
1241 2860 1497 2899 sewun-1347,
1514 2860 1539 2893 il
1559 2865 1666 2902 recut
1680 2860 1731 2892 les
1747 2859 1937 2892 fonctions

231 2912 271 2943 de
299 2913 469 2945 tri-sorier
494 2914 688 2957 pontificat
717 2914 895 2957 (Schffler,
921 2915 1073 2947 ζῙοΙιαηη
1095 2914 1234 2953 XXII,
1260 2925 1293 2957 p.
1320 2913 1353 2955 7)
1381 2925 1453 2956 que
1480 2913 1669 2956 Raynaud
1694 2913 1737 2945 de
1763 2913 1936 2958 Maubcr-

230 2972 314 2997 nai-t
337 2968 460 3004 gez-cra
483 2967 512 2998 le
537 2968 580 2999 24
602 2968 749 3009 janvicr
771 2969 862 3001 1353
889 2967 1250 3010 (Samaran-Mollat‚
1280 2967 1335 2999 La
1357 2966 1508 3009 fiscalite'
1530 2966 1750 3010 pontificale,
1775 2978 1809 3009 p.
1836 2966 1932 3007 170).

278 3018 307 3049 4.
334 3019 477 3057 lssaluze,
500 3026 524 3051 t.
544 3031 594 3056 xv,
616 3033 649 3063 p.
677 3022 841 3054 127—113‘1.

278 3072 307 3101 5.
340 3072 469 3110 Mami,
496 3077 521 3105 t.
549 3085 656 3111 xxw,
683 3074 749 3106 col.
776 3075 945 3107 473—548.
