2083 3458
124 215 276 270 [1098]
644 232 859 257 PAPARUM
895 232 1277 257 AVENIONENSIUM
1602 266 1608 276 ι
1723 218 1801 259 62].

165 315 311 351 Postea
334 313 558 351 cardinales
583 314 651 363 qui
674 322 791 352 erant
812 315 853 352 in
876 314 1044 352 civitate
1068 315 1306 353 Fundorum
1328 324 1554 354 evocarunt
1579 316 1741 354 Italicos
1764 324 1806 354 et

108 372 150 409 in
179 386 319 411 eorum
347 372 579 422 praesentia
608 374 817 422 elegerunt
848 374 1076 413 Robertum
1105 374 1353 413 cardinalem
1383 375 1706 423 Gebennensem,
1736 375 1805 425 qui

111 432 293 471 Clemens
315 431 395 468 VII
416 431 554 469 vocari
575 432 719 470 voluit.
742 432 893 471 Verum
913 446 1009 470 sane
1031 441 1091 470 est
1112 433 1336 471 cardinales
1362 433 1523 471 Italicos
1545 448 1627 472 non
1647 434 1804 472 dedisse

111 505 229 529 voces
249 504 341 528 suas
361 490 574 537 Clementi,
593 491 663 528 sed
682 499 822 529 tamen
841 499 998 530 certum
1017 500 1079 529 est
1097 506 1162 529 eos
1182 506 1264 529 non
1282 492 1591 531 contradixisse.
1611 493 1806 531 Testatur

109 550 220 588 istud
251 549 395 587 Petrus
427 548 637 587 Flandrini
667 549 862 588 diaconus
893 550 1110 588 cardinalis
1140 550 1279 589 Sancti
1310 551 1522 589 Eustachii
1551 552 1592 589 in
1620 560 1805 590 tractatu

108 610 167 646 De
179 609 281 657 jacto
294 608 520 646 schismatis
534 616 568 645 et
583 608 859 657 impressionis
873 609 933 646 his
949 609 1083 647 verbis
1102 624 1109 646 :
1126 609 1291 660 Propter
1305 611 1407 660 quod
1419 610 1570 648 domini
1585 611 1806 649 cardinales

110 675 370 706 convenerunt
389 667 432 704 in
450 666 604 705 civitate
623 667 843 714 Fundana;
865 668 934 706 ubi
953 668 1125 706 dominis
1150 668 1317 706 Ytalicis
1335 669 1608 707 cardinalibus
1640 671 1806 708 multum

108 726 329 764 sollicitatis
358 727 402 763 de
430 726 692 764 conveniendo
722 727 867 764 ibidem
895 736 928 764 et
955 741 1023 777 per
1053 728 1192 764 multos
1221 728 1302 765 dies
1339 729 1560 777 effectam,
1590 737 1623 766 et
1650 730 1805 767 demum

109 785 369 833 venientibus‘,
393 793 428 823 et
449 785 585 823 multis
607 786 723 835 prius
747 786 846 823 inter
866 800 905 823 se
928 786 1076 823 habitis
1098 786 1372 834 contractibus,
1396 788 1464 824 sed
1485 802 1563 824 non
1586 788 1806 826 valentibus

108 846 351 891 concordare,
380 844 628 894 presentibus
657 845 758 894 ipsis
786 845 959 882 dominis
987 845 1261 883 cardinalibus
1299 845 1479 892 Ytalicis‚
1517 861 1648 884 omnes
1686 847 1804 884 ultra-

109 904 287 942 montani
305 903 527 941 cardinales
544 904 732 951 facientes
749 903 868 941 etiam
887 904 989 941 ultra
1007 904 1106 941 duas
1124 912 1266 953 partes,
1286 919 1374 942 cum
1395 913 1521 942 essent
1537 906 1657 943 XIII
1675 914 1708 943 et
1732 905 1805 943 alii

109 977 188 1000 non
202 972 314 1000 erant
330 962 411 999 nisi
428 970 515 1009 tres,
534 962 616 999 illis
632 962 759 1000 tribus
775 963 893 1001 etiam
910 977 987 1000 non
1004 963 1373 1010 contradicentibus,
1390 965 1586 1013 elegerunt
1601 965 1806 1002 dominum

108 1030 283 1060 nostrum
304 1023 545 1060 modernum.

166 1081 295 1120 Immo
345 1080 562 1119 cardinalis
614 1080 661 1118 de
711 1081 927 1118 Britannia
977 1080 1017 1117 in
1059 1095 1131 1118 sua
1171 1076 1425 1130 depositione
1457 1082 1471 1104 1
1503 1083 1677 1120 asseruit
1717 1082 1804 1120 illos

109 1140 250 1178 fecisse
292 1140 566 1178 reverentiam
607 1140 808 1178 Clementi
840 1148 934 1189 post
974 1139 1060 1188 ejus
1095 1139 1335 1178 electionem
1366 1148 1407 1177 et
1438 1149 1688 1191 protestatos
1720 1155 1804 1179 esse

109 1200 219 1249 quod
250 1199 283 1237 si
318 1199 574 1248 contingeret
601 1213 666 1236 eos
694 1199 885 1237 accedere
912 1198 964 1235 ad
991 1198 1106 1237 illum
1133 1198 1201 1247 qui
1228 1207 1290 1236 est
1318 1199 1486 1246 Romae,
1514 1215 1595 1238 non
1620 1200 1804 1238 intende—

108 1259 209 1296 bant
236 1272 328 1297 eum
348 1258 497 1296 habere
515 1272 588 1307 pro
606 1272 727 1307 papa.

162 1318 305 1355 Petrus
333 1317 380 1354 de
407 1317 643 1363 Sortenaco,
670 1316 887 1354 cardinalis
914 1316 1179 1363 Vivariensis,
1199 1316 1474 1366 interrogatus
1493 1332 1515 1355 a
1535 1318 1678 1367 legatis
1701 1317 1804 1367 regis

108 1377 305 1415 Castellae
329 1376 434 1414 dixit
453 1375 469 1398 2
490 1376 598 1425 quod
630 1376 670 1413 in
701 1375 897 1414 electione
919 1375 1138 1413 Clementis
1164 1376 1295 1413 Italici
1317 1391 1395 1413 non
1413 1377 1576 1425 suerunt
1594 1376 1711 1414 locuti
1731 1376 1804 1414 ali-

109 1436 215 1486 quid,
241 1436 309 1473 sed
333 1444 419 1485 post
444 1443 574 1473 actum
601 1435 716 1472 illum
742 1435 926 1472 dominus
953 1436 996 1472 de
1029 1434 1190 1472 Ursinis
1214 1435 1294 1483 suit
1319 1443 1552 1484 protestatus
1577 1450 1706 1473 coram
1733 1435 1804 1472 isto

108 1495 318 1541 cardinali,
355 1495 395 1532 id
432 1503 507 1539 est,
545 1508 682 1532 corani
719 1494 923 1532 cardinale
962 1493 1204 1540 Vivariensi,
1241 1502 1274 1531 et
1309 1509 1438 1531 coram
1474 1495 1630 1532 domino
1667 1494 1804 1532 Sancti

108 1553 317 1592 Eustachii
342 1555 443 1604 quod
466 1554 501 1590 si
529 1553 663 1603 ipsum
690 1553 745 1590 ire
770 1554 937 1590 Romam
963 1553 1212 1602 contingeret,
1241 1567 1315 1590 non
1346 1553 1568 1591 intendebat
1600 1568 1668 1603 per
1693 1567 1803 1603 quos-

108 1628 270 1663 cumque
288 1621 398 1650 actus
417 1627 512 1663 quos
529 1613 671 1661 faceret
688 1612 809 1649 Rome
828 1613 966 1649 habere
986 1613 1032 1649 Β.
1056 1612 1098 1649 in
1117 1626 1266 1661 papam
1296 1627 1362 1649 nec
1391 1612 1433 1649 in
1460 1627 1548 1650 eum
1575 1612 1801 1649 consentire.

111 1673 207 1710 Item
231 1672 416 1710 dominus
440 1673 484 1709 cle
508 1671 712 1709 Florentia
735 1671 906 1708 similem
930 1671 1246 1721 protestationem
1268 1671 1359 1720 fecit
1382 1686 1511 1708 coram
1534 1671 1628 1709 aliis
1652 1671 1804 1708 duobus

107 1732 392 1770 cardinalibus.
427 1732 524 1769 Item
552 1731 653 1781 quod
681 1730 741 1767 illi
770 1731 845 1767 duo
874 1730 1095 1767 cardinales
1124 1730 1368 1767 intraverant
1395 1745 1483 1767 cum
1510 1731 1668 1768 domino
1696 1745 1804 1779 papa

107 1791 302 1828 Clemente
322 1798 409 1840 post
431 1790 541 1828 illam
560 1790 783 1827 electionem
806 1789 848 1826 in
869 1790 948 1826 loco
969 1797 1122 1835 secrete,
1144 1798 1177 1826 et
1197 1789 1464 1838 promiserunt
1482 1789 1561 1826 sibi
1583 1790 1683 1839 quod
1703 1803 1803 1826 nun-

108 1865 225 1900 quam
242 1850 353 1887 alteri
371 1850 609 1893 adhererent,
629 1857 662 1886 et
678 1849 923 1896 juraverunt,
942 1857 976 1885 et
991 1848 1049 1885 sic
1064 1849 1250 1897 jecerunt,
1269 1856 1303 1885 et
1319 1848 1452 1885 statim
1470 1856 1718 1895 recesserunt,
1738 1862 1805 1885 nec

109 1909 261 1947 iverunt
291 1910 468 1946 Romam.
502 1909 646 1946 Petrus
680 1907 889 1945 Flandrini
921 1907 1137 1945 cardinalis
1169 1907 1308 1944 Sancti
1341 1907 1552 1944 Eustachii
1583 1907 1630 1944 de
1661 1907 1802 1944 eadem

107 1968 325 2007 Clementis
349 1968 544 2006 electione
568 1982 689 2016 agens
714 1967 858 2004 asserit
880 1966 994 2005 illum
1018 1966 1286 2004 concordibus
1311 1966 1578 2003 cardinalium
1602 1965 1803 2015 suffragiis

106 2029 282 2066 electum
305 2027 441 2074 fuisse,
465 2026 633 2076 ezceptis
658 2026 739 2063 illis
762 2026 901 2072 tribus,
924 2025 964 2063 id
988 2033 1063 2072 est,
1091 2025 1256 2072 Italicis,
1288 2033 1329 2062 et
1360 2039 1456 2062 mox
1487 2024 1634 2062 addit-”¹
1658 2041 1665 2061 :
1693 2025 1803 2061 Tunc

107 2087 292 2124 dominus
316 2087 360 2124 de
390 2085 552 2123 Ursinis
577 2085 678 2123 dixit
701 2086 802 2135 quod
824 2086 876 2122 ad
897 2084 1232 2134 supplicationem
1255 2092 1290 2121 et
1314 2084 1547 2121 instantiam
1570 2083 1634 2121 sui
1660 2084 1804 2120 nollent

108 2146 311 2195 publicare
328 2145 437 2183 illam
452 2145 674 2182 electionem
690 2159 810 2194 usque
826 2144 869 2181 in
883 2143 1114 2189 crastinum,
1131 2143 1233 2180 alias
1249 2151 1435 2192 ponerent
1448 2157 1536 2180 eum
1551 2151 1584 2180 et
1598 2142 1803 2180 attinentes

106 2205 185 2242 sibi
211 2205 254 2242 in
276 2205 463 2254 periculo.
490 2205 540 2241 Et
562 2204 618 2240 sic
640 2204 790 2252 jactum
811 2203 901 2252 suit.
928 2203 978 2239 Et
1001 2210 1234 2251 protestatus
1255 2201 1334 2250 fuit
1358 2202 1541 2239 dominus
1565 2202 1608 2238 de
1642 2200 1803 2238 Ursinis

107 2264 158 2301 ad
180 2271 331 2314 partem
355 2264 456 2313 quod
477 2263 512 2300 si
539 2263 609 2300 iret
632 2263 683 2300 ad
705 2262 845 2309 alium,
872 2276 950 2298 non
976 2260 1200 2298 intendebat
1222 2260 1438 2297 consentire
1457 2268 1497 2297 ut
1521 2260 1563 2297 in
1583 2274 1744 2309 papam,
1769 2267 1803 2296 et

106 2322 289 2372 promisit
318 2323 446 2360 venire
475 2323 527 2360 ad
555 2321 760 2359 dominum
789 2321 1034 2358 Clementem.

161 2382 419 2420 Cardinalem
440 2381 488 2419 de
511 2381 667 2419 Ursinis
688 2395 728 2418 se
750 2380 974 2418 declarasse
994 2393 1068 2429 pro
1088 2386 1204 2428 parte
1226 2378 1443 2416 Clementis
1465 2386 1505 2415 et
1525 2377 1627 2415 sacri
1647 2377 1801 2426 collegii

107 2441 148 2478 in
167 2448 301 2479 castro
321 2440 461 2478 Sancti
480 2440 652 2477 Joannis
672 2440 719 2478 de
739 2439 896 2477 Tarcho
916 2438 1035 2475 docet
1052 2438 1161 2475 idem
1180 2437 1323 2474 Petrus
1346 2436 1554 2474 Flandrini
1571 2436 1611 2473 in
1629 2436 1800 2485 epistola

108 2499 345 2549 responsiva
380 2499 432 2536 ad
468 2499 592 2536 dubia
627 2496 922 2548 archiepiscopi
956 2496 1143 2534 Toletani
1177 2495 1219 2532 in
1253 2495 1389 2533 codice
1423 2494 1501 2533 815
1529 2495 1801 2533 bibliothecae

108 2559 366 2596 Colbertinae
385 2558 423 2596 4:
456 2558 507 2595 Et
536 2558 594 2595 sic
615 2557 733 2595 etiam
757 2557 858 2594 dizit
880 2555 998 2593 michi
1022 2554 1206 2592 dominus
1230 2569 1336 2591 meus
1356 2554 1551 2603 quondam
1570 2555 1614 2591 de
1642 2553 1802 2592 Ursinis

109 2618 151 2654 in
176 2626 300 2655 castro
326 2616 463 2655 Sancti
492 2616 692 2654 Johannz's
717 2617 760 2653 de
789 2615 951 2660 Tarcho,
980 2614 1048 2651 ubi
1073 2612 1339 2659 convenimus,
1361 2614 1453 2650 dum
1475 2613 1518 2650 de
1543 2613 1611 2650 hoc
1637 2612 1802 2650 invicem

107 2677 382 2726 conferremus
421 2675 534 2713 Idem
569 2676 712 2713 Petrus
749 2673 958 2711 Flandrini
991 2673 1032 2709 in
1066 2671 1319 2721 depositione
1352 2685 1424 2708 sua
1467 2671 1521 2709 sic
1563 2671 1757 2720 scripsit5
1793 2686 1801 2708 z

158 2830 187 2862 1.
217 2830 257 2863 Β.
282 2829 339 2868 N.
362 2840 428 2861 ms.
451 2828 545 2860 latin
565 2827 695 2868 11745,
718 2828 779 2860 fol.
802 2829 846 2860 37
867 2832 911 2861 r⁰.

179 2882 282 2915 ..Ms
314 2882 398 2921 cite,
429 2881 491 2914 fol.
523 2881 564 2913 41
599 2885 648 2914 v0.

181 2935 284 2968 Ms.
314 2934 398 2973 cite,
427 2933 488 2966 fol.
517 2934 562 2966 40
591 2938 641 2966 νῦ.

181 2989 257 3021 .Β.
288 2988 344 3027 N.‚
372 2998 439 3020 ms.
466 2987 562 3019 latin
587 2986 692 3025 1470,
719 2986 781 3018 fol.
811 2987 853 3019 53
879 2989 923 3025 ΓΟ,
951 2991 988 3018 et
1014 2984 1326 3024 Bliemctzrieder,
1354 2984 1591 3017 Literarische
1630 2983 1801 3023 Polemik,

113 3042 259 3127 p..¹3llstl3.
284 3094 340 3133 N.‚
363 3104 429 3126 ms.
452 3092 545 3124 latin
567 3090 694 3131 11745,
717 3091 778 3124 fol.
801 3091 845 3123 40
865 3095 908 3124 r0.

155 2856 187 3021 35>th
