2083 3458
283 222 356 262 123
924 231 1073 256 NoTAE
1109 230 1167 254 AD
1204 228 1330 254 virAs
1852 211 1980 267 [645]

279 321 501 359 ,xrualdum
523 334 568 356 co
589 333 695 356 anno
717 316 930 354 decessisse
953 315 999 352 de
1021 313 1231 364 provincia
1252 321 1293 350 et
1312 312 1477 351 rediisse
1498 312 1752 350 Avenionem
1772 312 1824 349 ad
1844 311 1982 361 ponti-

280 382 406 417 ficem.
436 379 477 416 ld
501 377 621 423 enim,
642 384 805 427 praeter
827 383 958 413 cetera
981 372 1231 419 testimonia,
1255 372 1402 409 diserte
1426 372 1545 410 docet
1566 371 1802 410 Albertinus
1825 371 1979 408 Mussa-

279 448 355 484 tus,
373 439 439 476 lib.
463 438 561 475 LDe
583 436 698 485 gestis
712 434 879 472 Henrici
900 433 997 479 VII,
1018 432 1130 481 imp,
1153 445 1240 481 cap.
1263 445 1307 468 1x
1344 431 1570 481 [Muratori,
1586 438 1615 469 t.
1639 446 1679 477 x,
1702 431 1775 468 col.
1795 428 1885 478 330]
1918 429 1983 467 his

277 498 409 536 verbis
439 514 445 535 ε
483 497 529 533 In
558 494 756 544 rescriptis
782 492 978 531 cardinali
1014 491 1148 528 clatum
1174 490 1238 527 cui
1270 491 1480 539 Pellagrue
1514 504 1726 539 cognomen
1752 497 1845 536 erat,
1871 489 1984 539 apud

280 557 499 594 Bononiam.
519 563 609 592 tunc
628 553 862 604 apostolicae
882 551 994 590 Sedis
1015 551 1150 598 legato,
1171 549 1236 599 qui
1259 558 1293 587 et
1310 549 1538 587 Ferrariam
1557 549 1795 599 expugnatis
1823 547 1984 585 Venetis

278 616 317 653 in
340 615 534 653 Ecclesiae
549 614 733 651 ditionem
751 612 957 660 redegerat,
975 618 1015 648 ut
1031 609 1186 646 obviam
1201 609 1282 658 regi
1300 617 1471 659 pergeret
1487 617 1520 646 et
1541 616 1795 646 commeatum
1810 607 1983 658 preberet

279 676 317 713 in
343 688 474 712 omnes
498 673 581 710 vias
604 680 637 710 et
660 680 779 709 actus.
804 670 881 720 Qui
905 670 1119 717 Pellagruu
1139 668 1190 706 i-is
1215 668 1410 706 intendere
1427 668 1608 714 creditus,
1630 667 1754 705 literis
1779 666 1821 704 in
1847 674 1984 717 aperto

277 735 333 771 sic
372 732 663 773 nuntiantibus,
704 730 852 767 diverso
883 737 1012 766 tamen
1051 728 1188 765 itinere
1218 727 1461 765 Avenionem
1502 728 1553 765 acl
1584 741 1733 778 papam
1771 725 1977 763 contendit.

286 794 326 830 [d
357 793 488 842 ipsum
524 791 647 828 tradit
685 790 834 827 citatus
862 788 980 825 Liber
1009 787 1310 836 obligationum,
1337 787 1376 824 in
1406 801 1486 836 quo
1522 786 1771 824 adnotatum
1799 793 1861 823 est
1888 780 1982 823 eum

279 853 516 890 redeuntem
545 850 592 887 de
616 863 687 886 sua
717 848 918 897 legatione
946 847 1119 885 intrasse
1153 846 1306 884 curiam
1330 846 1392 883 die
1417 846 1574 884 decima
1605 845 1829 883 decembris
1850 844 1877 882 Ἰ.
1903 844 1983 882 Sed

279 926 330 949 311
355 911 535 948 Clemens
558 922 664 959 papa
683 908 772 945 ideo
791 921 884 945 eum
901 907 952 944 ab
982 905 1123 943 Italica
1141 905 1343 954 legatione
1363 905 1619 943 revocaverit
1637 904 1732 954 quia
1751 911 1985 942 commotus

279 978 365 1008 erat
395 970 588 1006 adversus
627 981 732 1013 eum,
763 981 832 1004 seu
861 966 955 1015 quia
985 979 1106 1003 causa
1137 966 1187 1003 ob
1226 979 1350 1014 quam
1383 965 1529 1002 missus
1567 965 1702 1002 fuerat
1733 963 1851 1001 finita
1879 970 1984 1010 erat,

279 1030 341 1067 vel
364 1028 457 1077 quia
477 1028 533 1064 ita
555 1026 758 1065 Arnaldus
779 1025 1078 1077 postulaverat,
1099 1024 1232 1062 adhuc
1252 1024 1294 1062 in
1317 1024 1488 1062 obscuro
1509 1032 1582 1062 est.
1607 1024 1752 1073 Itaque
1774 1022 1982 1073 superflua

278 1102 440 1138 prorsus
465 1086 562 1123 mihi
583 1086 747 1123 videtur
767 1093 857 1122 tota
880 1084 948 1122 illa
972 1083 1277 1133 argumentatio
1301 1097 1425 1133 quam
1451 1082 1571 1121 isthic
1592 1083 1789 1120 adversus
1811 1081 1984 1132 Pignam

278 1147 548 1184 instituerunt
570 1144 895 1191 Ghirardaccius,
918 1158 957 1193 p.
982 1143 1070 1190 553,
1090 1151 1131 1181 et
1153 1143 1221 1192 qui
1245 1157 1294 1181 ex
1319 1142 1606 1182 Ghirardaccio
1629 1141 1802 1192 accepit,
1825 1141 1984 1190 Augus·

280 1206 389 1244 tinus
418 1204 614 1243 Oldoinus
639 1204 681 1242 in
709 1203 800 1241 Vita
823 1203 940 1240 istius
966 1202 1135 1240 Arnaldi
1174 1202 1218 1251 [t.
1244 1217 1284 1244 11,
1311 1202 1383 1240 col.
1407 1201 1521 1252 645}

344 1266 547 1313 lngressus
572 1263 696 1312 igitur
720 1262 923 1300 Arnaldus
950 1262 1027 1300 iter
1052 1276 1282 1308 romanum,
1310 1261 1561 1299 Florentiam
1587 1260 1777 1311 pervenit
1803 1259 1866 1298 die
1894 1273 1984 1296 xx11

281 1323 463 1374 augusti:
495 1323 670 1371 hincque
699 1322 841 1368 redux,
869 1336 1030 1359 rursum
1063 1321 1142 1358 fuit
1172 1320 1401 1359 Florentiae
1433 1320 1496 1358 die
1531 1335 1634 1357 xxx]
1661 1318 1904 1369 septembris
1939 1326 1987 1356 ut

281 1382 482 1432 colligitur
505 1397 555 1419 ex
580 1382 739 1419 Joanne
765 1381 941 1420 Villanio
965 1380 1192 1431 [Muratori,
1220 1388 1250 1418 t.
1280 1395 1365 1427 x111,
1392 1380 1464 1418 col.
1491 1379 1565 1416 441
1590 1387 1631 1417 et
1660 1378 1749 1426 446,
1771 1378 1840 1416 lib.
1863 1376 1983 1426 VIII]

281 1456 368 1492 cap.
399 1456 480 1479 cxv
517 1449 556 1478 et
591 1440 659 1479 lib.
692 1441 765 1487 IX,
794 1454 881 1490 cap.
920 1455 961 1477 1v
994 1439 1089 1478 licet
1127 1439 1207 1477 ista
1245 1439 1396 1477 referat
1430 1439 1570 1477 ordine
1609 1445 1887 1489 praepostero.
1929 1436 1990 1474 Ibi

284 1502 488 1547 Robertus
521 1515 591 1537 rex
618 1499 788 1547 Siciliae,
824 1499 887 1537 cui
927 1499 1111 1537 Clemens
1144 1512 1252 1549 papa
1285 1498 1546 1536 commiserat
1585 1496 1990 1535 administrationem

284 1559 579 1598 Romandiolae
627 1567 668 1597 et
709 1558 929 1596 comitatus
969 1558 1207 1605 Britonorii,
1243 1557 1362 1596 certis
1396 1557 1645 1607 quibusdam
1686 1556 1994 1594 conditionibus

284 1619 470 1669 adjectis,
492 1618 705 1667 ratificavit
723 1618 967 1668 supradicta,
987 1625 1035 1655 ut
1053 1617 1201 1667 legitur
1221 1617 1263 1655 in
1280 1617 1383 1655 libro
1404 1616 1574 1654 Arnaldi
1596 1616 1817 1655 Camerarii
1836 1615 1864 1663 ²,
1882 1623 1916 1653 et
1938 1615 1993 1652 ita

281 1678 431 1728 juravit
471 1678 513 1715 in
551 1677 748 1727 presentia
785 1677 937 1715 domini
972 1677 1022 1715 A.
1062 1677 1168 1714 tituli.
1210 1677 1350 1715 Sancte
1388 1676 1522 1713 Marte
1562 1676 1605 1713 in
1642 1675 1805 1713 Porticu
1834 1674 1994 1713 diaconi

285 1737 515 1783 cardinalis,
539 1736 651 1774 Sedis
687 1736 897 1786 apostolice
918 1736 1047 1786 legati.
1068 1736 1220 1774 Datum
1244 1735 1441 1773 Florentie
1463 1749 1569 1772 anno
1590 1734 1757 1772 Domini
1778 1733 1996 1778 MCCCX,

285 1797 345 1834 die
377 1807 435 1831 ΓΠ
472 1796 648 1834 octobris.
683 1796 838 1834 Memor
869 1804 1010 1834 autem
1038 1796 1243 1833 Arnaldus
1275 1794 1499 1841 officiorum
1529 1802 1570 1832 et
1600 1793 1888 1832 observantiae
1918 1792 1996 1831 sibi

289 1870 310 1893 a
352 1855 596 1893 Florentinis
634 1863 723 1892 tum
762 1855 1054 1905 impensorum,
1091 1869 1199 1893 anno
1232 1854 1420 1904 sequenti
1466 1854 1519 1891 ad
1551 1868 1617 1891 eos
1653 1853 1767 1891 misit
1801 1852 1996 1902 reliquias

283 1914 415 1953 sancti
434 1914 650 1952 Barnabae
671 1914 861 1964 apostoli,
883 1928 1035 1964 eaeque
1056 1915 1108 1952 ad
1131 1914 1219 1952 illos
1250 1928 1471 1964 pervenere
1503 1913 1566 1951 die
1598 1927 1670 1950 x111
1704 1912 1863 1962 aprilis;
1900 1912 1989 1949 Joa.

283 1974 445 2015 Villam,
477 1974 545 2011 lib.
582 1974 655 2020 IX,
688 1987 775 2023 cap.
808 1988 880 2011 xm
923 1973 1152 2023 [Muratori.
1179 1981 1207 2011 t.
1230 1988 1315 2019 xm,
1336 1972 1408 2010 col.
1430 1972 1545 2022 450],
1572 1971 1835 2021 Boninsegni,
1866 1971 1936 2009 lib.
1961 1971 1994 2018 I,

284 2049 321 2083 p.
345 2033 430 2070 135.

338 2092 493 2129 Eodem
515 2105 622 2129 anno
646 2091 838 2139 MCCCX,
862 2091 925 2129 die
949 2099 1097 2141 quarta
1119 2091 1387 2142 septembris„
1397 2091 1504 2129 cives
1519 2089 1796 2131 Bononienses
1812 2089 1996 2128 Arnaldo

286 2150 482 2188 cardinali
509 2151 643 2200 legato
670 2152 957 2200 persolverunt
980 2151 1088 2189 mille
1115 2150 1240 2189 libras
1269 2165 1319 2188 ex
1344 2150 1392 2188 iis
1421 2150 1552 2188 tribus
1580 2149 1687 2187 mille
1716 2163 1817 2198 quas
1845 2149 1910 2187 ille
1938 2148 1994 2186 eis

285 2218 430 2247 mutuo
454 2209 625 2246 dederat
651 2209 693 2250 in
715 2218 904 2260 sumptus
928 2210 1021 2248 belli
1046 2210 1276 2255 Imolensis3
1303 2208 1580 2256 Ghirardacci‚
1602 2223 1641 2259 p.
1666 2208 1754 2246 547.

339 2269 456 2306 Anno
484 2268 700 2315 MCCCXI,
723 2269 787 2307 die
813 2269 970 2307 decima
989 2269 1098 2315 maii,
1123 2269 1229 2307 cives
1249 2268 1526 2310 Bononienses
1544 2268 1587 2306 in
1612 2281 1827 2306 commune
1851 2281 1993 2305 consu-

287 2328 427 2374 lentes,
461 2336 502 2365 et
534 2327 838 2367 considerantes
870 2328 984 2366 varia
1015 2328 1225 2369 interdum
1256 2342 1458 2377 emergere
1485 2326 1649 2377 negotia
1682 2340 1785 2377 quae
1816 2334 1996 2377 patrono

288 2386 497 2436 indigeant
534 2394 574 2424 et
611 2386 772 2424 fautOre
809 2387 986 2437 potenti,
1014 2387 1256 2437 praesertim
1284 2387 1325 2425 in
1363 2387 1473 2425 curia
1510 2400 1694 2433 romana,
1724 2393 1994 2424 decreverunt

289 2445 364 2482 sibi
395 2453 671 2495 protectorem
701 2454 948 2496 perpetuum
989 2446 1212 2484 adsciscere
1245 2446 1473 2484 Arnaldum
1518 2445 1767 2483 cardinalem
1799 2444 1847 2482 de
1881 2444 1993 2482 Pela-

290 2518 400 2551 grua,
445 2504 559 2553 eique
611 2513 827 2555 propterea
871 2505 1176 2543 constituerunt
1217 2505 1455 2555 pensionem
1497 2518 1678 2543 annuam
1721 2504 1994 2542 ducentorum

294 2564 535 2603 llorcnorum
558 2577 792 2603 aureorum:
818 2564 1094 2611 Ghirardacci‚
1116 2579 1155 2615 p.
1181 2564 1268 2603 553.

343 2622 522 2659 Credunt
555 2623 735 2672 plerique
767 2622 881 2660 illum
915 2623 1036 2661 fuisse
1069 2623 1295 2674 principem
1328 2622 1542 2673 legationis
1574 2622 1680 2660 illius
1714 2635 1817 2671 quae
1851 2621 1994 2660 eodem

291 2695 396 2717 anno
418 2680 539 2717 missa
561 2690 621 2718 est
644 2681 819 2719 Romam
845 2682 896 2720 ad
918 2682 1198 2723 coronandum
1221 2682 1443 2720 Henricum
1464 2682 1545 2719 VII
1565 2681 1869 2732 imperatorem,
1891 2680 1995 2718 adeo

294 2747 337 2773 ιιι,
367 2739 562 2776 ilenricus
590 2740 847 2789 Spondanus,
874 2755 937 2782 an.
968 2741 1081 2788 1311,
1115 2742 1130 2790 ξ
1154 2741 1212 2781 16,
1240 2749 1281 2779 et
1307 2741 1376 2791 qui
1402 2755 1495 2779 eum
1517 2740 1763 2790 descripsere
1790 2740 1993 2778 5311111131·-

297 2798 407 2833 iliani
432 2798 468 2835 in
496 2797 682 2847 Catalogo
706 2800 1090 2850 archiepiscoporum
1114 2800 1408 2838 Arelatensium
1431 2799 1734 2850 reprehendant
1757 2798 1994 2839 Ciaconium

294 2855 338 2903 [t.
378 2870 401 2901 1,
427 2857 497 2893 col.
522 2857 618 2906 380]
645 2858 889 2896 scribentem
911 2859 1138 2897 Arnaldum
1170 2859 1217 2897 de
1248 2859 1470 2909 Felguerio,
1494 2867 1541 2896 ut
1571 2859 1656 2909 ipse
1681 2866 1817 2903 vocat,
1841 2856 1992 2908 episco-

295 2928 387 2962 pum
416 2915 677 2953 sabinvnsmn
704 2917 823 2955 fuisse
847 2917 1072 2967 principem
1097 2918 1218 2967 hujus
1243 2917 1469 2967 legationis.
1500 2918 1546 2955 In
1570 2932 1650 2967 quo
1674 2916 1829 2967 egregie
1853 2930 1994 2954 omnes

348 3042 372 3072 1.
395 3042 551 3074 clement
576 3043 612 3081 l',
632 3044 854 3086 ,vlppendica
876 3056 908 3087 p.
930 3045 972 3078 93
992 3051 1029 3077 ct
1048 3046 1127 3078 225).

346 3096 374 3125 L’.
402 3095 436 3126 11.
466 3094 517 3132 Νη
542 3107 606 3127 ius.
631 3096 723 3128 131111
745 3096 848 3135 5181,
872 3098 894 3129 f.
918 3098 961 3130 69
984 3102 1033 3131 v0.
