2083 3458
236 238 316 280 136
881 248 1033 274 NOTAE
1068 247 1128 272 AD
1164 246 1292 272 VITAS
1814 229 1941 285 [652]

234 344 321 374 tate
347 334 676 384 archiepiscopus
703 331 942 378 Genuensis,
964 329 1033 380 qui
1050 329 1281 380 putabatur
1306 343 1391 367 esse
1416 328 1571 367 amicus
1598 327 1947 373 Columnensium,

235 403 341 434 esset
361 394 472 445 apud
493 407 586 431 eum
607 393 649 430 in
670 392 732 430 die
755 392 949 437 cinerum,
973 390 1207 438 cineresque
1227 401 1310 426 una
1332 402 1424 426 cum
1444 387 1532 426 aliis
1553 388 1748 438 praelatis
1778 387 1830 426 ab
1859 387 1949 437 ipso

234 454 437 504 suscipere
459 453 583 491 vellet
604 451 646 491 in
668 451 815 501 capite,
837 449 1073 487 Bonifacius
1097 447 1273 488 cinerem
1293 447 1337 486 in
1358 447 1494 485 oculos
1518 448 1604 497 ejus
1625 447 1782 498 jecerit,
1805 445 1950 485 addita

234 512 482 552 contumelia
506 528 512 549 :
536 511 735 548 Memento
755 509 850 559 quia
876 508 1099 546 Gibellinus
1119 521 1158 544 es
1177 515 1211 544 et
1230 521 1319 544 cum
1345 506 1557 544 Gibellinis
1579 507 1622 544 in
1641 506 1810 545 cinerem
1830 519 1951 543 rever-

235 572 337 610 teris.
363 572 504 621 Neque
526 570 587 608 his
610 577 843 615 contentus,
866 567 992 606 etiam
1012 567 1128 605 illum
1149 565 1506 616 archiepiscopatu
1526 566 1711 616 privavit
1729 566 1755 605 1.
1780 566 1845 603 Ex
1863 565 1950 603 lau-

236 632 342 669 datis
360 644 483 681 supra
501 628 772 675 collectaneis,-
790 643 828 678 p.
848 626 936 674 202,
955 635 996 664 et
1012 634 1041 664 t.
1060 641 1101 663 1v
1121 625 1263 663 ΙιῖαῖιόνἸ
1279 638 1426 673 sacrae,
1443 640 1481 675 p.
1500 625 1590 664 889.

289 691 451 728 Mortuo
472 688 617 729 deinde
635 687 862 733 Bonifacio,
883 686 979 736 quia
992 700 1075 724 non
1093 684 1261 723 eaedem
1289 692 1408 723 erant
1427 698 1572 723 causae
1591 685 1745 722 irarum
1763 684 1806 723 in
1822 684 1950 722 Bene-

236 750 345 788 dicto
367 749 428 786 XI
448 748 534 798 ejus
555 761 796 794 successore,
816 746 848 783 is
868 760 939 795 per
958 759 1046 795 cap.
1064 745 1231 782 Dudum
1249 744 1298 782 de
1318 744 1527 782 schismat.
1547 744 1590 783 in
1608 744 1822 791 Extravag.
1850 755 1951 780 com-

235 808 375 845 manib
393 807 420 846 2.
456 806 796 845 constitutionem
821 804 1024 843 Bonifacii
1049 804 1179 841 latam
1200 803 1396 841 adversus
1424 811 1588 853 gentem
1615 802 1952 841 Columnensium

236 867 512 906 revocavh3et
536 865 691 903 vhdbus
716 863 928 910 vacuavin
954 877 1086 913 neque
1111 863 1364 901 tannniloca
1390 876 1463 900 sua
1486 862 1668 901 reddhht
1703 862 1764 901 Ins
1790 861 1951 900 duobus

238 926 529 965 cardinalibus.
558 924 743 962 Tandem
771 924 954 963 Clemens
982 922 1017 960 V
1043 922 1086 960 in
1120 922 1340 973 pristinam
1367 921 1628 972 dignitatem,
1656 922 1765 960 unde
1793 921 1952 960 decide·

235 994 341 1033 rant,
369 999 434 1024 eos
460 984 646 1022 restituit
671 997 780 1025 anno
808 982 995 1020 MCCCV.

289 1046 445 1083 Putant
481 1043 663 1094 plerique
699 1042 788 1080 illos
825 1056 908 1080 non
945 1041 1068 1079 fuisse
1104 1040 1321 1079 restitutos
1358 1040 1612 1091 simpliciter,
1650 1040 1721 1079 sed
1758 1040 1806 1078 de
1843 1054 1952 1078 novo

235 1112 391 1143 creatos
420 1102 644 1141 cardinales
673 1115 695 1139 a
724 1102 944 1139 Clemente.
976 1100 1095 1149 Quod
1122 1114 1195 1150 ego
1222 1099 1390 1138 minime
1416 1114 1560 1138 verum
1587 1114 1672 1138 esse
1698 1108 1816 1150 puto.
1845 1099 1954 1137 Nam

236 1163 267 1201 si
287 1163 470 1201 Clemens
490 1162 577 1199 illos
597 1161 761 1199 noviter
781 1168 970 1207 creasset,
990 1159 1103 1197 haud
1123 1159 1245 1198 dubie
1266 1159 1409 1197 titulos
1428 1159 1505 1197 illis
1527 1159 1719 1207 dedisset,
1741 1158 1852 1209 quod
1871 1172 1954 1199 non

236 1222 343 1261 fecit.
376 1221 542 1259 Etenim
568 1220 611 1259 in
638 1219 921 1258 vetustissimo
960 1219 1148 1269 catalogo
1187 1218 1458 1260 cardinalium
1495 1219 1729 1257 viventium
1756 1219 1798 1257 in
1825 1217 1954 1256 initiis

235 1281 419 1331 ejusdem
446 1280 665 1318 Clementis
692 1279 804 1318 edito
830 1279 872 1317 in
899 1287 1013 1317 tomo
1040 1278 1164 1317 tertio
1190 1278 1437 1316 Libertatum
1462 1278 1662 1316 Ecclesiae
1687 1277 1953 1327 Anglicunae,

234 1355 273 1391 p.
295 1340 408 1387 1155,
427 1339 469 1377 hi
487 1339 568 1377 duo
587 1338 813 1378 cardinales
831 1346 1096 1376 recensentur
1115 1337 1295 1388 quidem,
1315 1337 1385 1376 sed
1404 1352 1497 1376 cum
1514 1346 1614 1376 nota
1634 1352 1738 1388 quae
1757 1337 1956 1378 admonet

234 1400 321 1438 illos
344 1399 466 1437 fuis-se
488 1398 573 1438 sine
594 1398 732 1448 aliquo
753 1398 891 1445 titulo,
913 1405 955 1436 et
974 1397 1017 1435 in
1038 1397 1212 1448 epistola
1233 1396 1439 1446 encyclica
1462 1411 1588 1447 quam
1609 1397 1836 1435 cardinales
1862 1395 1956 1434 Itali

235 1459 486 1509 scripserunt
503 1466 598 1508 post
617 1471 823 1507 egressum
841 1472 861 1495 e
881 1456 1067 1495 conclavi
1086 1456 1462 1507 Carpentoratensi,
1483 1470 1575 1494 cum
1594 1456 1706 1494 tituli
1726 1464 1956 1495 ceterorum

236 1518 506 1556 cardinaHUJn
534 1517 778 1564 referantur,
811 1516 992 1554 Jacobus
1023 1524 1165 1554 tarmen
1194 1523 1235 1554 et
1266 1516 1411 1554 Petrus
1443 1516 1491 1554 de
1522 1516 1721 1554 Colunnna
1751 1522 1956 1554 vocantur

236 1585 402 1615 tantum
436 1576 598 1615 diaconi
632 1575 857 1615 cardinales
892 1575 1048 1625 absque
1081 1575 1163 1613 ullo
1197 1575 1320 1613 titulo
1336 1574 1364 1622 3,
1399 1575 1575 1625 denique
1608 1575 1650 1613 in
1683 1575 1795 1613 bulla
1830 1575 1956 1613 Joan-

236 1637 296 1674 nis
326 1636 468 1683 XXII,
498 1636 597 1673 data
625 1650 727 1673 xvm
755 1635 834 1673 kal.
874 1634 1119 1685 septembris
1147 1648 1255 1673 anno
1291 1634 1425 1685 primo
1464 1634 1528 1684 [15
1565 1637 1666 1672 aosit
1695 1634 1819 1684 1317]
1851 1647 1956 1684 quae

238 1704 355 1734 extat
379 1693 894 1745 apud.VVaddingun14[L
921 1709 975 1742 vn
1003 1693 1173 1744 p.4SOL
1199 1694 1379 1732 Jacobus
1404 1693 1695 1732 eodenilnodo
1716 1693 1957 1733 nonnnatur

239 1755 433 1793 diaconus
460 1753 690 1792 cardinalis.
722 1753 845 1791 Ratio
871 1753 930 1791 ita
956 1753 1103 1803 agendi
1129 1761 1231 1800 erat,
1259 1753 1354 1803 quia
1382 1767 1475 1791 cum
1498 1753 1735 1791 Bonifacius
1761 1753 1850 1791 illos
1876 1752 1956 1803 pri-

238 1822 375 1852 vasset
395 1813 668 1860 cardinalatu,
688 1821 735 1850 ut
754 1827 820 1851 eos
840 1812 1004 1862 gravius
1023 1820 1160 1850 ureret
1178 1820 1219 1850 et
1238 1826 1402 1850 omnem
1420 1812 1618 1851 redeundi
1637 1812 1749 1850 viam
1768 1812 1822 1851 eis
1841 1826 1957 1862 prae-

240 1873 434 1920 cluderet,
456 1872 689 1913 diaconiam
721 1872 896 1910 Sanctae
918 1871 1070 1910 Mariae
1101 1872 1143 1910 in
1164 1871 1239 1909 Via
1259 1872 1359 1918 lata,
1383 1885 1487 1921 quae
1505 1872 1743 1922 pertinebat
1763 1872 1816 1910 ad
1838 1872 1957 1910 Jaco-

240 1947 345 1980 cum,
372 1932 547 1970 contulit
570 1932 612 1969 in
637 1932 792 1970 Lucam
816 1931 864 1969 de
891 1931 1035 1978 Flisco,
1061 1931 1293 1970 diaconiam
1317 1945 1414 1969 vero
1440 1931 1579 1969 Sancti
1598 1931 1827 1979 Eustachii,
1853 1944 1958 1981 quae

242 1992 350 2030 Petri
373 1991 521 2038 fuerat,
544 1991 585 2029 in
611 1990 864 2029 Richardum
887 1991 1112 2029 Petronum
1136 1990 1184 2028 de
1207 1990 1333 2028 Senis.
1361 1991 1543 2040 Uterque
1560 1998 1701 2029 autem
1717 1990 1890 2029 vivebat
1911 2003 1958 2028 ea

241 2058 489 2101 tempestate
515 2064 595 2100 qua
622 2050 803 2088 Jacobus
828 2058 869 2088 et
894 2050 1039 2088 Petrus
1063 2049 1223 2088 reducti
1247 2058 1344 2087 sunt
1367 2049 1409 2088 in
1434 2050 1648 2099 collegium
1673 2049 1956 2088 cardinalium.

243 2110 348 2147 Nam
372 2109 601 2148 Richardus
624 2109 728 2147 obiit
748 2123 856 2147 anno
878 2116 1046 2150 tantum
1066 2109 1322 2156 MCCCXIV,
1341 2108 1404 2147 die
1426 2109 1584 2147 decima
1602 2109 1809 2157 februarii,
1828 2109 1958 2147 Lucas

242 2184 337 2207 vero
363 2183 472 2207 anno
498 2168 842 2216 MCCCXXXVI,
870 2168 933 2206 die
959 2168 1106 2206 ultima
1131 2168 1323 2218 januarii.

296 2228 461 2266 Certum
495 2235 556 2266 est
591 2228 760 2266 Petrum
793 2235 890 2265 ante
925 2241 1050 2277 quam
1083 2241 1106 2265 a
1139 2227 1352 2266 Bonifacio
1386 2227 1492 2265 VIII
1526 2227 1801 2278 deponeretur
1834 2227 1958 2265 fuisse

244 2287 463 2325 diaconum
479 2287 730 2325 cardinalem
745 2286 857 2324 tituli
873 2286 1014 2327 Sancti
1036 2286 1265 2325 Eustachii.
1293 2287 1348 2324 Et
1368 2294 1508 2325 tamen
1524 2286 1566 2327 in
1587 2286 1959 2337 subscriptionibus

246 2346 378 2384 bullae
413 2345 583 2384 Joannis
619 2346 748 2383 XXII
783 2346 831 2383 de
864 2346 1086 2396 privilegiis
1120 2345 1359 2384 monasterii
1393 2345 1677 2384 Grisioviensis
1710 2346 1753 2384 in
1786 2344 1961 2384 dioecesi

247 2405 584 2452 Wratislaviensi,
623 2419 727 2455 quae
764 2404 875 2443 edita
912 2413 974 2443 est
1010 2405 1122 2455 apud
1159 2405 1385 2455 Gasparem
1423 2405 1685 2454 Jongelinum
1726 2405 1766 2443 in
1804 2404 1962 2443 Notitia

246 2464 499 2501 abbatiarum
521 2464 674 2501 ordinis
696 2463 971 2502 Cisterciensis
1005 2464 1049 2514 [t.
1076 2479 1114 2511 v,
1138 2479 1176 2514 p.
1202 2464 1274 2514 64]
1301 2472 1341 2502 et
1363 2464 1405 2502 in
1429 2464 1686 2505 collectaneis
1710 2464 1758 2502 de
1777 2463 1962 2502 Dissidio

248 2522 451 2571 Bonisacii
494 2522 606 2560 VIII
641 2531 674 2560 et
709 2523 897 2573 Philippi
933 2523 1071 2561 Palem·
1107 2523 1263 2574 reperio
1298 2523 1413 2561 illum
1450 2537 1559 2562 anno
1595 2523 1885 2562 MCCCXVIII
1922 2530 1963 2561 et

247 2595 355 2622 anno
380 2581 643 2619 MCCCXXV
668 2582 825 2619 dictum
851 2582 972 2620 fuisse
999 2582 1247 2624 cardinalem
1274 2582 1412 2624 Sancti
1436 2582 1592 2632 Angeli.
1623 2583 1753 2621 Immo
1781 2583 1962 2623 Joannes

249 2640 435 2678 Andreae
461 2641 502 2678 in
528 2640 809 2681 additionibus
836 2641 887 2679 ad
908 2649 1100 2691 quartam
1115 2649 1277 2692 partem
1304 2641 1464 2692 Speculi
1487 2642 1675 2680 Durandi
1691 2642 1733 2680 in
1759 2642 1881 2680 titulo
1914 2641 1962 2696 de

301 2800 330 2831 ’1.
364 2800 565 2832 Pom-hetto
591 2800 744 2842 Spinola
768 2800 914 2844 resigna
938 2813 1006 2834 son
1031 2802 1260 2835 archeveche
1285 2802 1316 2835 le
1343 2803 1362 2836 8
1388 2814 1487 2835 mars
1513 2803 1606 2836 1300
1631 2808 1736 2836 entre
1761 2803 1813 2836 les
1838 2802 1960 2835 mains

254 2854 295 2882 ‹11-
315 2853 488 2884 Monil'avc
509 2852 600 2885 VIII
617 2853 681 2895 qui
696 2853 727 2885 le
743 2853 794 2886 lui
809 2854 970 2887 restitua
984 2855 1016 2887 le
1033 2855 1076 2887 17
1094 2855 1185 2888 aout
1200 2855 1290 2888 1301
1313 2855 1481 2899 (Digard,
1498 2867 1533 2889 11.
1551 2856 1657 2896 3877,
1675 2856 1768 2889 4119
1784 2861 1822 2889 et
1836 2856 1958 2900 4120).

260 2906 368 2937 linire
402 2912 532 2947 iemps,
563 2906 586 2937 il
615 2906 760 2938 n⁷avait
788 2918 833 2939 eu
862 2919 933 2950 quc
961 2907 1299 2941 l'administration
1327 2909 1371 2942 de
1392 2901 1543 2952 l'Eglise
1567 2909 1610 2941 de
1640 2908 1760 2942 Genes
1792 2909 1960 2953 (Digard‚

258 2971 288 2990 ιι,
316 2958 420 2990 4324.
450 2959 555 2997 4325,
582 2959 686 2996 4380,
717 2960 837 3003 lissi).

305 3014 334 3042 2.
367 3011 444 3042 Lib.
466 3011 497 3042 V
530 3011 588 3043 tii.
608 3024 658 3050 iv,
680 3024 759 3055 cap.
780 3013 935 3045 unicum
953 3019 990 3046 et
1010 3013 1239 3057 Grandjcan,
1260 3026 1294 3048 n.
1316 3015 1409 3048 1135
1433 3015 1489 3058 (23
1510 3015 1705 3049 decembre
1725 3015 1846 3059 1303).

304 3068 335 3095 23.
371 3064 513 3102 Malum,
535 3070 558 3096 t.
578 3077 627 3103 111,
650 3077 682 3107 Ι).
705 3066 782 3098 235,

303 3117 335 3148 si.
372 3116 497 3155 liubel,
528 3116 571 3148 B.
608 3118 659 3157 l‹'.,
691 3124 716 3149 t.
750 3130 796 3158 νι,
829 3131 862 3151 11.
896 3120 975 3159 281,
1008 3132 1041 3163 p.
1073 3120 1153 3153 124.
