2083 3458
273 197 353 238 272
920 209 1073 236 NOTAE
1107 210 1168 235 AD
1202 209 1330 235 VITAS
1853 194 1977 250 [770]

271 310 339 334 neo
376 304 502 333 nostro
531 309 616 344 rege
646 294 953 343 chzjombamm,
983 292 1141 330 domino
1171 291 1549 343 Montispessulani,
1579 294 1791 344 quamdam
1823 302 1981 344 pratam

269 370 357 394 cum
378 354 530 393 duobus
551 353 750 391 casalibus
772 352 1087 390 molendinorum
1107 366 1226 402 quam
1245 360 1279 390 et
1298 366 1369 403 que
1390 352 1492 390 idem
1512 353 1833 402 consanguineus
1855 361 1982 391 noster

269 414 434 452 habebat
455 413 565 464 apud
585 413 711 450 locum
733 412 776 449 de
797 411 964 461 Paluda,
987 411 1091 449 alias
1112 411 1260 449 dictum
1281 411 1325 449 de
1345 411 1471 459 Latis,
1494 420 1570 451 etc.

326 473 369 511 In
389 473 531 512 eodem
548 472 722 521 Regesw,
742 485 829 521 cap.
851 484 1015 518 CCLXVI,
1034 477 1181 509 extant
1196 470 1338 510 literae
1355 470 1540 521 ejusdem
1557 470 1736 522 Philippi
1753 470 1802 509 de
1819 471 1980 509 admor-

269 532 462 571 tisatione
493 539 659 570 centum
686 530 886 569 librarum
915 538 1048 568 terrae
1077 543 1150 579 pro
1181 529 1395 568 dotatione
1425 530 1601 568 duarum
1631 530 1881 581 capellarum
1909 545 1981 580 per

270 591 483 630 dominum
514 584 762 629 cardinalem
791 589 840 627 de
866 589 997 627 Puteo
1020 588 1343 637 fundandarum,
1373 589 1495 629 datae
1523 590 1633 640 apud
1659 589 1859 628 Sanctum
1885 589 1979 628 Ger-

269 665 438 688 manum
466 650 508 687 in
531 649 629 687 Laia
655 663 762 686 anno
783 647 1076 695 MCCCXLIV‚
1100 661 1238 687 mense
1260 649 1391 698 aprili.
1420 648 1692 695 Fundationis
1720 657 1861 687 autem
1887 656 1980 687 acta

269 710 379 748 edita
407 718 503 747 sunt
531 723 553 746 a
582 709 702 747 Petro
731 707 906 746 Gariello
933 706 974 744 in
1003 706 1367 758 Serie‘praesulum
1391 708 1760 757 Magulonmsium,
1785 715 1893 758 part.
1926 707 1979 755 II,

267 784 292 820 p
321 828 507 866 Mortuus
527 827 539 849 1
565 834 627 865 est
651 840 758 864 anno
784 825 1124 873 MCCCXLVIII,
1151 825 1215 864 die
1240 840 1345 864 xxvl
1369 826 1481 874 maii,
1506 834 1554 864 ut
1579 827 1699 865 docet
1725 825 1979 865 Contelorius

279 887 332 937 [p.
353 887 441 937 31].
463 886 510 924 Ei
527 900 624 924 vero
639 884 831 923 morienti
846 884 1056 923 adstitisse
1070 884 1300 923 Arnaldum
1316 885 1364 924 de
1379 885 1570 933 Verdala,
1588 886 1828 936 episcopum
1843 885 1981 935 Maga-

265 947 488 994 lonensem,
506 945 637 983 tradit
651 944 805 983 ibidem
823 944 1035 983 Gariellus.
1056 944 1174 992 Quod
1192 942 1462 983 confirmatur
1478 959 1528 983 ex
1543 945 1655 983 bulla
1671 944 1891 983 Clementis
1907 944 1980 993 VI,

269 1006 423 1044 directa
456 1004 742 1043 executoribus
775 1004 1018 1042 testamenti
1052 1003 1238 1054 ejusdem
1282 1004 1466 1051 huberti,
1509 1018 1613 1054 quae
1655 1004 1755 1042 data
1796 1012 1858 1042 est
1899 1004 1979 1041 kal.

272 1065 313 1116 [1]
335 1064 512 1102 octobris
535 1077 642 1101 anno
665 1063 841 1113 septimo
874 1062 1187 1113 [1348].·Extat
1209 1063 1321 1113 apud
1341 1064 1532 1102 eumdem
1555 1064 1792 1112 Gariellum,
1814 1077 1854 1114 p.
1878 1062 1939 1101 19.

322 1123 570 1172 P.'167,fig.
605 1122 667 1161 33.
705 1122 766 1160 IX
800 1136 1030 1160 KALENDAS
1067 1136 1190 1161 JUN11.
1225 1122 1367 1161 Melius
1403 1122 1445 1160 in
1479 1123 1591 1161 bulla
1627 1122 1800 1161 „Ioannis
1837 1122 1981 1169 XXII,

268 1183 379 1234 apud
397 1183 619 1221 Odoricum
639 1182 917 1232 Raynaldum,
937 1195 1045 1220 anno
1064 1181 1179 1229 1331,
1204 1181 1221 1230 ἓ
1238 1181 1301 1230 33,
1320 1190 1361 1220 et
1378 1182 1490 1232 apud
1508 1182 1787 1221 Contelorium
1816 1181 1871 1233 [p.
1890 1180 1981 1232 32],

269 1257 338 1280 vm
363 1243 442 1280 kal.
465 1241 571 1292 junii
590 1242 615 1280 ².

322 1302 366 1339 P.
400 1300 486 1350 168,
516 1302 583 1350 lig.
617 1301 650 1340 1.
682 1301 1038 1348 TALAYRANDUM‚
1057 1301 1194 1339 virum
1216 1300 1538 1349 celeberrimum,
1561 1301 1742 1339 multum
1758 1300 1982 1338 laudatum

269 1375 291 1398 a
309 1360 575 1411 scriptoribus
591 1360 698 1399 illius
718 1360 821 1408 aevi,
840 1359 1060 1410 praecipue
1076 1374 1173 1398 vero
1192 1374 1214 1397 a
1233 1360 1449 1398 Francisco
1464 1360 1701 1409 petrarcha,
1721 1360 1791 1398 sed
1807 1358 1981 1410 pessime

270 1420 539 1458 dilaceratum
561 1433 584 1457 a
607 1419 800 1458 Mathaeo
823 1418 1013 1458 Villanio.
1039 1419 1230 1458 Ceterum
1253 1433 1346 1457 cum
1367 1420 1499 1457 multa
1523 1419 1571 1458 de
1595 1433 1640 1458 eo
1674 1419 1791 1458 nobis
1825 1418 1981 1457 incum-

269 1479 372 1517 bant
400 1478 586 1526 dicenda,
616 1478 822 1517 ordiemur
849 1473 901 1516 ab
931 1478 1084 1528 origine
1113 1479 1213 1528 ejus,
1243 1487 1334 1517 tum
1360 1478 1502 1517 laudes
1531 1479 1619 1529 ejus
1648 1492 1912 1528 exequemur,
1941 1485 1982 1516 et

270 1552 367 1576 mox
393 1538 501 1576 bona
532 1538 611 1576 fide
639 1539 859 1577 referemus
890 1551 994 1588 quae
1023 1538 1219 1576 adversus
1248 1538 1404 1577 famam
1432 1538 1518 1588 ejus
1546 1538 1659 1588 jacta
1688 1545 1786 1576 sunt
1813 1551 1836 1576 a
1864 1537 1982 1575 malis

270 1597 517 1645 hominibus,
549 1597 723 1647 denique
751 1611 813 1635 res
843 1596 953 1636 abeo
967 1605 1101 1647 gestas
1115 1597 1389 1636 describemus
1404 1596 1543 1636 ordine
1556 1605 1790 1647 temporum
1803 1604 1982 1637 servato.

325 1657 554 1695 Rhetorum
578 1656 792 1707 disciplina
817 1664 891 1704 est,
915 1656 1053 1706 inquit
1079 1656 1368 1706 HieronymuS,
1395 1656 1446 1694 ab
1471 1657 1558 1695 avis
1583 1665 1624 1695 et
1647 1656 1782 1695 atavis
1807 1664 1848 1695 et
1872 1655 1984 1694 omni

271 1724 378 1754 retro
404 1716 621 1754 nobilitate
649 1730 791 1754 ornare
819 1729 942 1765 quem
966 1715 1121 1754 laudes.
1151 1715 1312 1754 Scilicet
1337 1730 1446 1753 nunc
1472 1716 1572 1754 mihi
1596 1716 1822 1766 repetenda
1848 1723 1984 1754 essent

273 1775 378 1813 clara
396 1775 562 1813 nomina
580 1783 768 1813 veterum
786 1775 985 1813 comitum
1002 1774 1413 1825 Petragoricensium,
1430 1774 1507 1813 nisi
1523 1775 1596 1813 hos
1613 1775 1810 1813 terminos
1827 1775 1983 1825 posuis·
2006 1792 2009 1796 ·

272 1848 404 1878 semus
435 1835 496 1872 his
529 1833 646 1872 Notis
675 1834 825 1873 nostris
856 1848 907 1872 ne
937 1833 979 1871 in
1009 1834 1258 1873 immensum
1289 1842 1522 1873 excurrant.
1559 1834 1706 1884 Itaque
1741 1834 1985 1873 ultimorum

272 1901 505 1944 temporum
529 1901 570 1932 et
592 1893 843 1944 Talayrandi
865 1893 1149 1944 proximorum
1172 1893 1343 1932 historia
1368 1894 1566 1942 contenti,
1591 1907 1614 1931 a
1638 1894 1780 1932 ceteris
1805 1893 1984 1932 abstine-

273 1952 418 2001 bimus,
447 1966 538 1991 eam
566 1967 706 1991 curam
731 1952 1009 2003 relinquentes
1034 1953 1084 1991 iis
1113 1952 1182 2003 qui
1210 1952 1464 2003 genealogias
1492 1952 1841 1991 nobilissimarum
1867 1953 1985 1991 fami-

272 2011 419 2048 liarum
460 2026 672 2062 suscepere
714 2011 1015 2050 describendas.
1987 2059 1990 2062 ,

329 2070 381 2108 At
401 2070 579 2120 primum
602 2071 768 2121 quidem
787 2072 820 2110 is
843 2071 912 2121 qui
930 2071 1093 2122 scripsit
1110 2071 1342 2121 antiquitus
1364 2070 1479 2109 Gesta
1492 2071 1769 2121 episcoporum
1783 2070 1983 2109 Autissio-

274 2129 499 2167 dorensium
520 2144 614 2169 eum
635 2138 760 2168 vocat
780 2131 916 2168 virum
938 2130 1242 2169 nobilissimum
1256 2130 1283 2169 3.
1310 2130 1489 2168 Joannes
1512 2145 1609 2168 vero
1633 2130 1763 2168 XXII
1786 2130 1835 2168 de
1856 2129 1985 2168 nobili

272 2189 461 2238 prosapia
499 2190 683 2238 genitum
719 2204 805 2228 esse
840 2197 1021 2228 testatur
1055 2189 1098 2228 in
1133 2189 1245 2227 bulla
1277 2203 1357 2239 qua
1392 2190 1509 2227 illum
1544 2190 1743 2240 praefecit
1780 2188 1984 2228 Ecclesiae

275 2247 554 2287 Lemovicensi
571 2248 597 2287 4.
627 2249 672 2286 In
695 2248 869 2299 epistola
892 2248 1112 2287 Clementis
1135 2249 1193 2286 VI
1217 2249 1266 2286 ad
1292 2248 1551 2287 Ludovicum
1572 2262 1708 2298 regem
1733 2248 1983 2298 Hungariae‚

274 2306 425 2357 scripta
459 2320 567 2345 anno
602 2307 894 2356 MCCCXLVI,
929 2308 1080 2346 dicitur
1114 2308 1158 2345 de
1191 2308 1365 2358 preclaro
1398 2315 1432 2346 et
1464 2307 1627 2358 antiquo
1662 2308 1806 2357 genere
1830 2307 1987 2346 trahens·

271 2365 465 2414 originem
483 2366 508 2406 5.
552 2366 597 2404 In
634 2366 827 2404 Chronico
864 2366 1069 2417 Aymerici
1107 2367 1155 2406 de
1194 2368 1374 2417 Peyraco
1393 2367 1421 2416 ⁶,
1458 2366 1621 2405 abbatis
1659 2365 1986 2416 Moyssiacensis,

323 2496 355 2528 1.
377 2495 426 2529 Le
446 2508 556 2529 sceau
576 2496 762 2531 d’Imbert
781 2509 803 2531 a
821 2499 880 2531 ete
900 2497 1019 2531 decrit
1037 2509 1106 2542 par
1126 2498 1255 2531 Douet
1274 2497 1425 2541 d’Arcq,
1447 2497 1643 2532 collection
1661 2498 1702 2530 de
1719 2508 1861 2538 sceaux,
1882 2503 1909 2531 t.
1928 2495 1983 2537 111,

277 2560 310 2581 n.
333 2549 435 2582 6182.
458 2549 528 2582 Sur
546 2550 609 2590 lui,
632 2550 712 2583 voir
732 2550 907 2595 Furgeot,
927 2551 1035 2585 Actes
1055 2551 1104 2584 du
1123 2551 1322 2594 parlement
1340 2551 1381 2585 de
1398 2551 1520 2590 Paris,
1542 2562 1577 2584 n.
1601 2551 1705 2590 2872,
1726 2551 1838 2591 3775;
1859 2550 1983 2591 Vidal,

278 2608 302 2634 t.
322 2614 372 2641 111,
393 2613 427 2645 p.
448 2603 534 2642 1193
556 2603 689 2644 Gffller,
708 2604 887 2638 Benedikt
902 2604 1001 2645 XII,
1021 2616 1057 2648 p.
1078 2605 1164 2645 265;
1185 2603 1351 2645 Schafer‚
1369 2604 1549 2638 Benedilct
1564 2604 1663 2644 XII,
1683 2616 1718 2648 p.
1739 2604 1820 2637 886.

326 2655 356 2687 2.
379 2654 605 2699 Tallcyrand
627 2656 753 2690 obtint
772 2657 808 2690 la
828 2669 990 2702 pourpre
1012 2657 1235 2691 cardinalice
1257 2663 1376 2691 avant
1397 2663 1495 2691 cette
1517 2657 1616 2697 date,
1639 2669 1712 2697 car,
1731 2657 1764 2690 le
1786 2657 1829 2690 25
1850 2655 1926 2690 mai
1946 2662 1983 2690 et

279 2708 308 2739 lc
334 2708 376 2739 22
400 2708 481 2751 juin
504 2709 608 2749 1331,
636 2710 734 2743 deux
757 2710 875 2744 bulles
898 2711 935 2744 la
957 2710 1009 2743 lui
1033 2710 1264 2751 attribuent3
1288 2711 1389 2744 l’une
1411 2711 1463 2744 lui
1488 2711 1611 2744 donne
1633 2711 1669 2744 la
1693 2710 1914 2743 commende
1938 2710 1983 2743 de

278 2760 412 2803 l’cglisc
435 2761 658 2802 d'Auxerr03
679 2762 815 2796 l’autre
837 2764 925 2797 celle
947 2764 997 2797 du
1018 2764 1218 2797 canonicat
1239 2770 1277 2797 et
1298 2765 1399 2797 dela
1418 2764 1607 2808 prebende
1629 2764 1673 2796 de
1696 2763 1870 2797 Chartres
1891 2773 1983 2796 avec

278 2812 564 2848 l'archidiacone
593 2816 637 2848 de
667 2815 795 2849 Dreux
827 2816 983 2860 (Mollat,
1013 2828 1048 2850 n.
1079 2817 1197 2851 53692
1225 2823 1264 2851 et
1292 2817 1443 2862 54044);
1473 2817 1567 2850 mais
1597 2817 1618 2849 a
1646 2829 1703 2850 ces
1732 2821 1920 2850 moments
1948 2815 1981 2848 le

279 2865 443 2898 vardinal
461 2878 504 2899 nc
523 2868 714 2910 posscdait
730 2880 796 2913 pas
816 2870 859 2902 de
877 2869 977 2903 titre.

327 2919 358 2951 3.
381 2919 445 2952 Ph.
467 2919 605 2960 Labbc,
626 2921 750 2954 Novae
771 2922 1011 2963 bibliothecae,
1032 2928 1057 2956 t.
1076 2934 1100 2963 1,
1120 2935 1155 2967 p.
1177 2923 1257 2957 510.

327 2971 358 3003 li.
391 2971 438 3004 Le
462 2973 506 3004 10
530 2974 680 3007 octobre
703 2975 796 3008 1324
823 2975 978 3018 (Mollat,
1003 2987 1038 3009 n.
1064 2976 1209 3020 20813).

329 3024 359 3056 5.
392 3024 552 3065 Izinaldi,
579 3027 625 3058 ad
652 3038 710 3060 an.
737 3028 841 3068 1346,
873 3028 889 3072 §
914 3030 970 3063 56.

330 3076 360 3108 6.
391 3077 429 3109 L’.
459 3077 514 3116 N.,
542 3090 607 3112 ms.
635 3079 730 3112 latin
754 3080 846 3114 4991
870 3081 915 3118 A.
