<?xml version="1.0" encoding="UTF-8"?>
<!DOCTYPE html PUBLIC "-//W3C//DTD XHTML 1.0 Transitional//EN"
    "http://www.w3.org/TR/xhtml1/DTD/xhtml1-transitional.dtd">
<html xmlns="http://www.w3.org/1999/xhtml" xml:lang="en" lang="en">
 <head>
  <title>
</title>
<meta http-equiv="Content-Type" content="text/html;charset=utf-8" />
  <meta name='ocr-system' content='tesseract 3.04.00' />
  <meta name='ocr-capabilities' content='ocr_page ocr_carea ocr_par ocr_line ocrx_word'/>
</head>
<body>
  <div class='ocr_page' id='page_1' title='image "./vitaepaparumaven02balu_0847.png"; bbox 0 0 2083 3458; ppageno 0'>
   <div class='ocr_carea' id='block_1_1' title="bbox 94 239 1779 293">
    <p class='ocr_par' dir='ltr' id='par_1_1' title="bbox 94 239 1779 293">
     <span class='ocr_line' id='line_1_1' title="bbox 94 239 1779 293; baseline 0 -14"><span class='ocrx_word' id='word_1_1' title='bbox 94 239 245 293; x_wconf 74' lang='lat'><strong>[1322]</strong></span> <span class='ocrx_word' id='word_1_2' title='bbox 612 255 830 282; x_wconf 80' lang='lat' dir='ltr'><strong>PAPARUM</strong></span> <span class='ocrx_word' id='word_1_3' title='bbox 866 254 1251 281; x_wconf 69' lang='lat' dir='ltr'>AVENIONENSIUM</span> <span class='ocrx_word' id='word_1_4' title='bbox 1698 239 1779 280; x_wconf 83' lang='grc'>837</span> 
     </span>
    </p>
   </div>
   <div class='ocr_carea' id='block_1_2' title="bbox 76 335 1779 2694">
    <p class='ocr_par' dir='ltr' id='par_1_2' title="bbox 76 335 1778 861">
     <span class='ocr_line' id='line_1_2' title="bbox 79 335 1778 388; baseline 0.001 -15"><span class='ocrx_word' id='word_1_5' title='bbox 79 335 156 385; x_wconf 75' lang='lat' dir='ltr'>fait</span> <span class='ocrx_word' id='word_1_6' title='bbox 182 337 226 374; x_wconf 84' lang='lat' dir='ltr'>de</span> <span class='ocrx_word' id='word_1_7' title='bbox 254 337 409 374; x_wconf 75' lang='lat' dir='ltr'>l’um&#39;on</span> <span class='ocrx_word' id='word_1_8' title='bbox 437 340 480 375; x_wconf 81' lang='lat' dir='ltr'>de</span> <span class='ocrx_word' id='word_1_9' title='bbox 508 339 673 388; x_wconf 77' lang='lat' dir='ltr'>l&#39;Eglise</span> <span class='ocrx_word' id='word_1_10' title='bbox 700 339 811 376; x_wconf 79' lang='lat' dir='ltr'>estoit</span> <span class='ocrx_word' id='word_1_11' title='bbox 840 338 936 375; x_wconf 82' lang='lat' dir='ltr'>mise</span> <span class='ocrx_word' id='word_1_12' title='bbox 963 353 1008 376; x_wconf 83' lang='lat' dir='ltr'>en</span> <span class='ocrx_word' id='word_1_13' title='bbox 1039 340 1138 377; x_wconf 67' lang='lat' dir='ltr'>deust·</span> <span class='ocrx_word' id='word_1_14' title='bbox 1166 340 1331 386; x_wconf 76' lang='lat' dir='ltr'>cedules,</span> <span class='ocrx_word' id='word_1_15' title='bbox 1359 347 1393 376; x_wconf 87' lang='lat' dir='ltr'>et</span> <span class='ocrx_word' id='word_1_16' title='bbox 1419 353 1490 388; x_wconf 78' lang='lat' dir='ltr'>que</span> <span class='ocrx_word' id='word_1_17' title='bbox 1517 339 1687 376; x_wconf 72' lang='lat' dir='ltr'>clzacune</span> <span class='ocrx_word' id='word_1_18' title='bbox 1715 340 1778 376; x_wconf 79' lang='lat' dir='ltr'>des</span> 
     </span>
     <span class='ocr_line' id='line_1_3' title="bbox 81 395 1778 448; baseline 0.001 -15"><span class='ocrx_word' id='word_1_19' title='bbox 81 395 228 444; x_wconf 80' lang='lat' dir='ltr'>parties</span> <span class='ocrx_word' id='word_1_20' title='bbox 249 396 340 433; x_wconf 75' lang='lat' dir='ltr'>mist</span> <span class='ocrx_word' id='word_1_21' title='bbox 357 411 402 434; x_wconf 81' lang='lat' dir='ltr'>en</span> <span class='ocrx_word' id='word_1_22' title='bbox 426 412 500 434; x_wconf 77' lang='lat' dir='ltr'>une</span> <span class='ocrx_word' id='word_1_23' title='bbox 519 399 649 436; x_wconf 74' lang='lat' dir='ltr'>ce&#39;dule</span> <span class='ocrx_word' id='word_1_24' title='bbox 667 413 712 436; x_wconf 84' lang='lat' dir='ltr'>Sa</span> <span class='ocrx_word' id='word_1_25' title='bbox 731 399 813 435; x_wconf 68' lang='lat' dir='ltr'>voie</span> <span class='ocrx_word' id='word_1_26' title='bbox 832 406 866 434; x_wconf 84' lang='lat' dir='ltr'>et</span> <span class='ocrx_word' id='word_1_27' title='bbox 882 412 950 434; x_wconf 76' lang='lat' dir='ltr'>son</span> <span class='ocrx_word' id='word_1_28' title='bbox 973 398 1154 447; x_wconf 80' lang='lat' dir='ltr'>opinion,</span> <span class='ocrx_word' id='word_1_29' title='bbox 1174 407 1208 436; x_wconf 82' lang='lat' dir='ltr'>et</span> <span class='ocrx_word' id='word_1_30' title='bbox 1226 399 1303 436; x_wconf 80' lang='lat' dir='ltr'>lors</span> <span class='ocrx_word' id='word_1_31' title='bbox 1320 399 1381 448; x_wconf 75' lang='lat' dir='ltr'>sul</span> <span class='ocrx_word' id='word_1_32' title='bbox 1399 399 1518 435; x_wconf 72' lang='lat' dir='ltr'>esleve</span> <span class='ocrx_word' id='word_1_33' title='bbox 1537 399 1569 435; x_wconf 88' lang='lat' dir='ltr'>le</span> <span class='ocrx_word' id='word_1_34' title='bbox 1588 413 1699 448; x_wconf 78' lang='lat' dir='ltr'>corps</span> <span class='ocrx_word' id='word_1_35' title='bbox 1726 400 1778 435; x_wconf 76' lang='lat' dir='ltr'>(la</span> 
     </span>
     <span class='ocr_line' id='line_1_4' title="bbox 79 454 1778 507; baseline 0.002 -16"><span class='ocrx_word' id='word_1_36' title='bbox 79 454 187 492; x_wconf 76' lang='lat' dir='ltr'>saint</span> <span class='ocrx_word' id='word_1_37' title='bbox 209 455 402 502; x_wconf 77' lang='lat' dir='ltr'><em>cardinal,</em></span> <span class='ocrx_word' id='word_1_38' title='bbox 426 465 460 494; x_wconf 75' lang='lat' dir='ltr'>et</span> <span class='ocrx_word' id='word_1_39' title='bbox 482 458 518 495; x_wconf 73' lang='lat' dir='ltr'>la</span> <span class='ocrx_word' id='word_1_40' title='bbox 543 459 777 495; x_wconf 60' lang='lat' dir='ltr'>devotemem</span> <span class='ocrx_word' id='word_1_41' title='bbox 801 457 917 494; x_wconf 76' lang='lat' dir='ltr'>mises</span> <span class='ocrx_word' id='word_1_42' title='bbox 941 458 993 493; x_wconf 80' lang='lat' dir='ltr'>les</span> <span class='ocrx_word' id='word_1_43' title='bbox 1017 458 1118 494; x_wconf 67' lang='lat' dir='ltr'>deuse</span> <span class='ocrx_word' id='word_1_44' title='bbox 1139 458 1303 505; x_wconf 71' lang='lat' dir='ltr'>ce&#39;slules,</span> <span class='ocrx_word' id='word_1_45' title='bbox 1328 457 1427 507; x_wconf 79' lang='lat' dir='ltr'>qu’il</span> <span class='ocrx_word' id='word_1_46' title='bbox 1448 457 1593 494; x_wconf 63' lang='lat' dir='ltr'>vouloit</span> <span class='ocrx_word' id='word_1_47' title='bbox 1615 458 1778 507; x_wconf 82' lang='lat' dir='ltr'><em>prendre</em></span> 
     </span>
     <span class='ocr_line' id='line_1_5' title="bbox 80 514 1776 565; baseline 0.001 -15"><span class='ocrx_word' id='word_1_48' title='bbox 80 527 150 550; x_wconf 75' lang='lat' dir='ltr'>sur</span> <span class='ocrx_word' id='word_1_49' title='bbox 163 528 208 551; x_wconf 79' lang='lat' dir='ltr'>sa</span> <span class='ocrx_word' id='word_1_50' title='bbox 225 514 285 551; x_wconf 71' lang='lat' dir='ltr'>vie</span> <span class='ocrx_word' id='word_1_51' title='bbox 301 529 372 564; x_wconf 76' lang='lat' dir='ltr'>que</span> <span class='ocrx_word' id='word_1_52' title='bbox 390 516 422 552; x_wconf 90' lang='lat' dir='ltr'>le</span> <span class='ocrx_word' id='word_1_53' title='bbox 438 516 546 554; x_wconf 76' lang='lat' dir='ltr'>saint</span> <span class='ocrx_word' id='word_1_54' title='bbox 561 516 756 563; x_wconf 75' lang='lat' dir='ltr'><em>cardinal,</em></span> <span class='ocrx_word' id='word_1_55' title='bbox 774 516 841 565; x_wconf 73' lang='lat' dir='ltr'>qui</span> <span class='ocrx_word' id='word_1_56' title='bbox 859 524 943 553; x_wconf 79' lang='lat' dir='ltr'>tant</span> <span class='ocrx_word' id='word_1_57' title='bbox 957 530 1003 553; x_wconf 83' lang='lat' dir='ltr'>en</span> <span class='ocrx_word' id='word_1_58' title='bbox 1019 530 1062 553; x_wconf 74' lang='lat' dir='ltr'>Sa</span> <span class='ocrx_word' id='word_1_59' title='bbox 1081 517 1140 553; x_wconf 66' lang='lat' dir='ltr'>vie</span> <span class='ocrx_word' id='word_1_60' title='bbox 1156 517 1261 554; x_wconf 71' lang='lat' dir='ltr'>avoit</span> <span class='ocrx_word' id='word_1_61' title='bbox 1276 531 1323 554; x_wconf 72' lang='lat' dir='ltr'>eu.</span> <span class='ocrx_word' id='word_1_62' title='bbox 1340 525 1430 554; x_wconf 79' lang='lat' dir='ltr'>cette</span> <span class='ocrx_word' id='word_1_63' title='bbox 1448 517 1604 554; x_wconf 68' lang='lat' dir='ltr'>muliere</span> <span class='ocrx_word' id='word_1_64' title='bbox 1622 520 1642 553; x_wconf 78' lang='grc' dir='ltr'><em>ἀ</em></span> <span class='ocrx_word' id='word_1_65' title='bbox 1661 531 1776 563; x_wconf 73' lang='lat' dir='ltr'>coeur,</span> 
     </span>
     <span class='ocr_line' id='line_1_6' title="bbox 78 573 1778 626; baseline 0.002 -17"><span class='ocrx_word' id='word_1_66' title='bbox 78 587 104 622; x_wconf 78' lang='lat' dir='ltr'><strong><em>y</em></strong></span> <span class='ocrx_word' id='word_1_67' title='bbox 128 573 374 611; x_wconf 81' lang='lat' dir='ltr'>monstreroit</span> <span class='ocrx_word' id='word_1_68' title='bbox 396 589 526 612; x_wconf 77' lang='lat' dir='ltr'>aucun</span> <span class='ocrx_word' id='word_1_69' title='bbox 554 576 711 613; x_wconf 83' lang='lat' dir='ltr'>miracle</span> <span class='ocrx_word' id='word_1_70' title='bbox 734 584 768 613; x_wconf 75' lang='lat' dir='ltr'>el</span> <span class='ocrx_word' id='word_1_71' title='bbox 791 575 1030 612; x_wconf 61' lang='lat' dir='ltr'>declaration</span> <span class='ocrx_word' id='word_1_72' title='bbox 1054 576 1216 625; x_wconf 80' lang='lat' dir='ltr'>laquelle</span> <span class='ocrx_word' id='word_1_73' title='bbox 1240 576 1408 626; x_wconf 80' lang='lat' dir='ltr'>opinion</span> <span class='ocrx_word' id='word_1_74' title='bbox 1431 584 1465 613; x_wconf 80' lang='lat' dir='ltr'>et</span> <span class='ocrx_word' id='word_1_75' title='bbox 1487 590 1578 625; x_wconf 63' lang='lat' dir='ltr'>voye.</span> <span class='ocrx_word' id='word_1_76' title='bbox 1602 575 1718 612; x_wconf 66' lang='lat' dir='ltr'>servit</span> <span class='ocrx_word' id='word_1_77' title='bbox 1741 576 1778 612; x_wconf 89' lang='lat' dir='ltr'>la</span> 
     </span>
     <span class='ocr_line' id='line_1_7' title="bbox 81 631 1777 684; baseline 0.002 -16"><span class='ocrx_word' id='word_1_78' title='bbox 81 631 279 669; x_wconf 81' lang='lat' dir='ltr'>meilleure</span> <span class='ocrx_word' id='word_1_79' title='bbox 301 641 335 670; x_wconf 81' lang='lat' dir='ltr'>et</span> <span class='ocrx_word' id='word_1_80' title='bbox 356 634 448 682; x_wconf 78' lang='lat' dir='ltr'>plus</span> <span class='ocrx_word' id='word_1_81' title='bbox 470 635 678 683; x_wconf 80' lang='lat' dir='ltr'>profitable</span> <span class='ocrx_word' id='word_1_82' title='bbox 700 649 801 684; x_wconf 80' lang='lat' dir='ltr'>pour</span> <span class='ocrx_word' id='word_1_83' title='bbox 822 634 950 671; x_wconf 78' lang='lat' dir='ltr'><em>sainte</em></span> <span class='ocrx_word' id='word_1_84' title='bbox 973 634 1121 683; x_wconf 76' lang='lat' dir='ltr'>Eglise.</span> <span class='ocrx_word' id='word_1_85' title='bbox 1147 636 1321 673; x_wconf 89' lang='lat' dir='ltr'>Factum</span> <span class='ocrx_word' id='word_1_86' title='bbox 1343 650 1426 673; x_wconf 91' lang='lat' dir='ltr'>esse</span> <span class='ocrx_word' id='word_1_87' title='bbox 1452 635 1561 684; x_wconf 87' lang='lat' dir='ltr'>quod</span> <span class='ocrx_word' id='word_1_88' title='bbox 1586 634 1777 684; x_wconf 76' lang='lat' dir='ltr'>Aegidius</span> 
     </span>
     <span class='ocr_line' id='line_1_8' title="bbox 80 691 1778 744; baseline 0.001 -16"><span class='ocrx_word' id='word_1_89' title='bbox 80 691 128 729; x_wconf 91' lang='lat' dir='ltr'>de</span> <span class='ocrx_word' id='word_1_90' title='bbox 157 691 320 742; x_wconf 84' lang='lat' dir='ltr'>Campis</span> <span class='ocrx_word' id='word_1_91' title='bbox 349 702 621 743; x_wconf 81' lang='lat' dir='ltr'>proposuerat</span> <span class='ocrx_word' id='word_1_92' title='bbox 650 694 697 731; x_wconf 88' lang='lat' dir='ltr'>de</span> <span class='ocrx_word' id='word_1_93' title='bbox 725 693 924 743; x_wconf 90' lang='lat' dir='ltr'>ponendis</span> <span class='ocrx_word' id='word_1_94' title='bbox 955 693 1114 731; x_wconf 88' lang='lat' dir='ltr'>duabus</span> <span class='ocrx_word' id='word_1_95' title='bbox 1143 694 1294 732; x_wconf 82' lang='lat' dir='ltr'>cedulis</span> <span class='ocrx_word' id='word_1_96' title='bbox 1323 709 1444 744; x_wconf 89' lang='lat' dir='ltr'>super</span> <span class='ocrx_word' id='word_1_97' title='bbox 1472 708 1616 743; x_wconf 85' lang='lat' dir='ltr'>corpus</span> <span class='ocrx_word' id='word_1_98' title='bbox 1645 693 1778 731; x_wconf 83' lang='lat' dir='ltr'>sancti</span> 
     </span>
     <span class='ocr_line' id='line_1_9' title="bbox 79 749 1776 799; baseline 0.001 -12"><span class='ocrx_word' id='word_1_99' title='bbox 79 749 296 789; x_wconf 83' lang='lat' dir='ltr'>cardinalis</span> <span class='ocrx_word' id='word_1_100' title='bbox 329 751 471 790; x_wconf 79' lang='lat' dir='ltr'>scribit</span> <span class='ocrx_word' id='word_1_101' title='bbox 505 753 684 791; x_wconf 83' lang='lat' dir='ltr'>Joannes</span> <span class='ocrx_word' id='word_1_102' title='bbox 720 752 931 790; x_wconf 72' lang='lat' dir='ltr'>Juvenalis</span> <span class='ocrx_word' id='word_1_103' title='bbox 965 752 1013 790; x_wconf 87' lang='lat' dir='ltr'>de</span> <span class='ocrx_word' id='word_1_104' title='bbox 1049 753 1203 791; x_wconf 82' lang='lat' dir='ltr'><strong>Ursinis</strong></span> <span class='ocrx_word' id='word_1_105' title='bbox 1236 753 1277 790; x_wconf 92' lang='lat' dir='ltr'>in</span> <span class='ocrx_word' id='word_1_106' title='bbox 1309 753 1490 790; x_wconf 79' lang='lat' dir='ltr'>Historia</span> <span class='ocrx_word' id='word_1_107' title='bbox 1526 753 1666 790; x_wconf 80' lang='lat' dir='ltr'>Karoli</span> <span class='ocrx_word' id='word_1_108' title='bbox 1706 753 1776 799; x_wconf 65' lang='lat' dir='ltr'>VI,</span> 
     </span>
     <span class='ocr_line' id='line_1_10' title="bbox 76 809 621 861; baseline 0.007 -15"><span class='ocrx_word' id='word_1_109' title='bbox 76 824 116 859; x_wconf 87' lang='lat' dir='ltr'>p.</span> <span class='ocrx_word' id='word_1_110' title='bbox 144 809 232 857; x_wconf 86' lang='lat'><strong>112,</strong></span> <span class='ocrx_word' id='word_1_111' title='bbox 259 809 450 848; x_wconf 84' lang='lat' dir='ltr'>editionis</span> <span class='ocrx_word' id='word_1_112' title='bbox 476 812 621 861; x_wconf 82' lang='lat' dir='ltr'>regiae.</span> 
     </span>
    </p>

    <p class='ocr_par' dir='ltr' id='par_1_3' title="bbox 77 863 1779 1157">
     <span class='ocr_line' id='line_1_11' title="bbox 133 863 1779 920; baseline 0.002 -15"><span class='ocrx_word' id='word_1_113' title='bbox 133 869 231 918; x_wconf 87' lang='lat' dir='ltr'>Ejus</span> <span class='ocrx_word' id='word_1_114' title='bbox 253 869 340 907; x_wconf 87' lang='lat' dir='ltr'>vita</span> <span class='ocrx_word' id='word_1_115' title='bbox 359 869 373 892; x_wconf 79' lang='lat'>1</span> <span class='ocrx_word' id='word_1_116' title='bbox 395 870 446 907; x_wconf 89' lang='lat' dir='ltr'>ab</span> <span class='ocrx_word' id='word_1_117' title='bbox 468 879 635 909; x_wconf 86' lang='lat' dir='ltr'>auctore</span> <span class='ocrx_word' id='word_1_118' title='bbox 657 879 880 909; x_wconf 85' lang='lat' dir='ltr'>coaetaneo</span> <span class='ocrx_word' id='word_1_119' title='bbox 901 870 1052 920; x_wconf 87' lang='lat' dir='ltr'>scripta</span> <span class='ocrx_word' id='word_1_120' title='bbox 1075 880 1192 909; x_wconf 83' lang='lat' dir='ltr'>extat</span> <span class='ocrx_word' id='word_1_121' title='bbox 1212 872 1319 909; x_wconf 88' lang='lat' dir='ltr'>inter</span> <span class='ocrx_word' id='word_1_122' title='bbox 1343 871 1475 908; x_wconf 55' lang='lat' dir='ltr'>Floras</span> <span class='ocrx_word' id='word_1_123' title='bbox 1496 863 1779 908; x_wconf 62' lang='lat' dir='ltr'>sardinalium</span> 
     </span>
     <span class='ocr_line' id='line_1_12' title="bbox 77 927 1775 978; baseline 0.001 -13"><span class='ocrx_word' id='word_1_124' title='bbox 77 927 258 978; x_wconf 83' lang='lat' dir='ltr'>episcopi</span> <span class='ocrx_word' id='word_1_125' title='bbox 284 928 526 972; x_wconf 79' lang='lat' dir='ltr'>Aeduensis.</span> <span class='ocrx_word' id='word_1_126' title='bbox 554 939 595 967; x_wconf 85' lang='lat' dir='ltr'>et</span> <span class='ocrx_word' id='word_1_127' title='bbox 622 930 728 968; x_wconf 87' lang='lat' dir='ltr'>inter</span> <span class='ocrx_word' id='word_1_128' title='bbox 754 929 1014 967; x_wconf 72' lang='lat' dir='ltr'>Probationes</span> <span class='ocrx_word' id='word_1_129' title='bbox 1040 930 1226 968; x_wconf 76' lang='lat' dir='ltr'>historiae</span> <span class='ocrx_word' id='word_1_130' title='bbox 1262 930 1529 968; x_wconf 78' lang='lat' dir='ltr'>cardinalium</span> <span class='ocrx_word' id='word_1_131' title='bbox 1563 930 1775 967; x_wconf 72' lang='lat' dir='ltr'><em>Gallorum.</em></span> 
     </span>
     <span class='ocr_line' id='line_1_13' title="bbox 81 986 1777 1039; baseline 0.001 -15"><span class='ocrx_word' id='word_1_132' title='bbox 81 986 282 1026; x_wconf 85' lang='lat' dir='ltr'>Habuisse</span> <span class='ocrx_word' id='word_1_133' title='bbox 303 1002 397 1026; x_wconf 89' lang='lat' dir='ltr'>eum</span> <span class='ocrx_word' id='word_1_134' title='bbox 418 988 459 1025; x_wconf 91' lang='lat' dir='ltr'>in</span> <span class='ocrx_word' id='word_1_135' title='bbox 481 989 603 1028; x_wconf 90' lang='lat' dir='ltr'>domo</span> <span class='ocrx_word' id='word_1_136' title='bbox 624 1003 696 1027; x_wconf 87' lang='lat' dir='ltr'>sua</span> <span class='ocrx_word' id='word_1_137' title='bbox 719 989 977 1039; x_wconf 80' lang='lat' dir='ltr'>capellanum</span> <span class='ocrx_word' id='word_1_138' title='bbox 998 988 1108 1027; x_wconf 81' lang='lat' dir='ltr'>vitae</span> <span class='ocrx_word' id='word_1_139' title='bbox 1131 989 1411 1027; x_wconf 88' lang='lat' dir='ltr'>sanctissimae</span> <span class='ocrx_word' id='word_1_140' title='bbox 1434 989 1569 1026; x_wconf 66' lang='lat' dir='ltr'>virum</span> <span class='ocrx_word' id='word_1_141' title='bbox 1591 988 1777 1026; x_wconf 88' lang='lat' dir='ltr'>doctrina</span> 
     </span>
     <span class='ocr_line' id='line_1_14' title="bbox 77 1045 1775 1097; baseline 0 -13"><span class='ocrx_word' id='word_1_142' title='bbox 77 1054 119 1084; x_wconf 88' lang='lat' dir='ltr'>et</span> <span class='ocrx_word' id='word_1_143' title='bbox 145 1046 366 1097; x_wconf 86' lang='lat' dir='ltr'>prudentia</span> <span class='ocrx_word' id='word_1_144' title='bbox 395 1047 596 1097; x_wconf 75' lang='lat' dir='ltr'>insignem</span> <span class='ocrx_word' id='word_1_145' title='bbox 626 1049 830 1086; x_wconf 55' lang='lat' dir='ltr'>„loannem</span> <span class='ocrx_word' id='word_1_146' title='bbox 859 1048 907 1085; x_wconf 89' lang='lat' dir='ltr'>de</span> <span class='ocrx_word' id='word_1_147' title='bbox 939 1048 1135 1086; x_wconf 88' lang='lat' dir='ltr'>Varennis</span> <span class='ocrx_word' id='word_1_148' title='bbox 1155 1048 1170 1071; x_wconf 77' lang='lat'><strong>2</strong></span> <span class='ocrx_word' id='word_1_149' title='bbox 1197 1057 1377 1086; x_wconf 89' lang='lat' dir='ltr'>testatur</span> <span class='ocrx_word' id='word_1_150' title='bbox 1399 1045 1655 1086; x_wconf 42' lang='lat' dir='ltr'>*Froissartus</span> <span class='ocrx_word' id='word_1_151' title='bbox 1697 1047 1775 1097; x_wconf 84' lang='lat' dir='ltr'>[e&#39;d.</span> 
     </span>
     <span class='ocr_line' id='line_1_15' title="bbox 83 1105 688 1157; baseline 0.005 -15"><span class='ocrx_word' id='word_1_152' title='bbox 83 1105 267 1155; x_wconf 68' lang='lat' dir='ltr'>Kervym</span> <span class='ocrx_word' id='word_1_153' title='bbox 283 1114 314 1145; x_wconf 89' lang='lat' dir='ltr'>t.</span> <span class='ocrx_word' id='word_1_154' title='bbox 333 1121 405 1154; x_wconf 85' lang='lat' dir='ltr'>xv,</span> <span class='ocrx_word' id='word_1_155' title='bbox 422 1122 461 1156; x_wconf 91' lang='lat' dir='ltr'>p.</span> <span class='ocrx_word' id='word_1_156' title='bbox 483 1107 688 1157; x_wconf 57' lang='lat'><strong>132433}</strong></span> 
     </span>
    </p>

    <p class='ocr_par' dir='ltr' id='par_1_4' title="bbox 77 1164 1776 2459">
     <span class='ocr_line' id='line_1_16' title="bbox 132 1164 1775 1216; baseline 0 -14"><span class='ocrx_word' id='word_1_157' title='bbox 132 1165 176 1203; x_wconf 92' lang='lat' dir='ltr'>P.</span> <span class='ocrx_word' id='word_1_158' title='bbox 198 1164 288 1212; x_wconf 88' lang='grc'>491,</span> <span class='ocrx_word' id='word_1_159' title='bbox 309 1165 375 1215; x_wconf 82' lang='lat' dir='ltr'>lig.</span> <span class='ocrx_word' id='word_1_160' title='bbox 398 1167 434 1204; x_wconf 92' lang='lat'>4.</span> <span class='ocrx_word' id='word_1_161' title='bbox 460 1166 536 1203; x_wconf 69' lang='lat' dir='ltr'>Dm</span> <span class='ocrx_word' id='word_1_162' title='bbox 562 1181 619 1203; x_wconf 77' lang='lat' dir='ltr'>xx</span> <span class='ocrx_word' id='word_1_163' title='bbox 651 1181 805 1204; x_wconf 84' lang='lat' dir='ltr'>MENSIS</span> <span class='ocrx_word' id='word_1_164' title='bbox 837 1180 1113 1204; x_wconf 52' lang='lat' dir='ltr'>SEPTEMBRls.</span> <span class='ocrx_word' id='word_1_165' title='bbox 1141 1168 1201 1204; x_wconf 85' lang='lat' dir='ltr'>Ita</span> <span class='ocrx_word' id='word_1_166' title='bbox 1225 1167 1350 1204; x_wconf 86' lang='lat' dir='ltr'>etiam</span> <span class='ocrx_word' id='word_1_167' title='bbox 1372 1166 1411 1203; x_wconf 89' lang='lat' dir='ltr'>in</span> <span class='ocrx_word' id='word_1_168' title='bbox 1430 1166 1573 1203; x_wconf 81' lang='lat' dir='ltr'>Diario</span> <span class='ocrx_word' id='word_1_169' title='bbox 1597 1166 1775 1216; x_wconf 72' lang='lat' dir='ltr'>episcopi</span> 
     </span>
     <span class='ocr_line' id='line_1_17' title="bbox 80 1225 1774 1275; baseline 0 -14"><span class='ocrx_word' id='word_1_170' title='bbox 80 1225 339 1263; x_wconf 85' lang='lat' dir='ltr'>Carnotensis</span> <span class='ocrx_word' id='word_1_171' title='bbox 376 1225 430 1275; x_wconf 87' lang='lat' dir='ltr'>[p.</span> <span class='ocrx_word' id='word_1_172' title='bbox 458 1225 541 1275; x_wconf 81' lang='grc'>56].</span> <span class='ocrx_word' id='word_1_173' title='bbox 581 1226 642 1263; x_wconf 81' lang='lat' dir='ltr'>Ex</span> <span class='ocrx_word' id='word_1_174' title='bbox 668 1240 748 1275; x_wconf 88' lang='lat' dir='ltr'>quo</span> <span class='ocrx_word' id='word_1_175' title='bbox 776 1225 891 1263; x_wconf 88' lang='lat' dir='ltr'>facile</span> <span class='ocrx_word' id='word_1_176' title='bbox 918 1225 1121 1275; x_wconf 82' lang='lat' dir='ltr'>colligitur</span> <span class='ocrx_word' id='word_1_177' title='bbox 1146 1240 1277 1264; x_wconf 83' lang='lat' dir='ltr'>errare</span> <span class='ocrx_word' id='word_1_178' title='bbox 1294 1225 1309 1247; x_wconf 79' lang='lat'>3</span> <span class='ocrx_word' id='word_1_179' title='bbox 1334 1241 1399 1264; x_wconf 86' lang='lat' dir='ltr'>eos</span> <span class='ocrx_word' id='word_1_180' title='bbox 1424 1226 1492 1275; x_wconf 85' lang='lat' dir='ltr'>qui</span> <span class='ocrx_word' id='word_1_181' title='bbox 1518 1225 1774 1262; x_wconf 72' lang='lat' dir='ltr'>Ludovicum</span> 
     </span>
     <span class='ocr_line' id='line_1_18' title="bbox 78 1283 1773 1334; baseline -0.001 -13"><span class='ocrx_word' id='word_1_182' title='bbox 78 1298 213 1333; x_wconf 84' lang='lat' dir='ltr'>regem</span> <span class='ocrx_word' id='word_1_183' title='bbox 237 1283 393 1322; x_wconf 81' lang='lat' dir='ltr'>Siciliae</span> <span class='ocrx_word' id='word_1_184' title='bbox 417 1284 534 1322; x_wconf 85' lang='lat' dir='ltr'>aiunt</span> <span class='ocrx_word' id='word_1_185' title='bbox 557 1285 810 1324; x_wconf 82' lang='lat' dir='ltr'>exstinctum</span> <span class='ocrx_word' id='word_1_186' title='bbox 833 1284 955 1322; x_wconf 88' lang='lat' dir='ltr'>fuisse</span> <span class='ocrx_word' id='word_1_187' title='bbox 980 1284 1042 1322; x_wconf 88' lang='lat' dir='ltr'>die</span> <span class='ocrx_word' id='word_1_188' title='bbox 1067 1285 1222 1322; x_wconf 84' lang='lat' dir='ltr'>decima</span> <span class='ocrx_word' id='word_1_189' title='bbox 1247 1285 1430 1334; x_wconf 84' lang='lat' dir='ltr'>ejusdem</span> <span class='ocrx_word' id='word_1_190' title='bbox 1455 1284 1617 1330; x_wconf 77' lang='lat' dir='ltr'>mensis,</span> <span class='ocrx_word' id='word_1_191' title='bbox 1642 1293 1682 1321; x_wconf 89' lang='lat' dir='ltr'>et</span> <span class='ocrx_word' id='word_1_192' title='bbox 1705 1283 1773 1333; x_wconf 89' lang='lat' dir='ltr'>qui</span> 
     </span>
     <span class='ocr_line' id='line_1_19' title="bbox 78 1343 1772 1393; baseline -0.001 -13"><span class='ocrx_word' id='word_1_193' title='bbox 78 1357 172 1383; x_wconf 90' lang='lat' dir='ltr'>eum</span> <span class='ocrx_word' id='word_1_194' title='bbox 192 1351 346 1393; x_wconf 85' lang='lat' dir='ltr'>putant</span> <span class='ocrx_word' id='word_1_195' title='bbox 365 1358 474 1381; x_wconf 82' lang='lat' dir='ltr'>anno</span> <span class='ocrx_word' id='word_1_196' title='bbox 496 1344 710 1383; x_wconf 87' lang='lat' dir='ltr'>millesimo</span> <span class='ocrx_word' id='word_1_197' title='bbox 729 1343 1028 1382; x_wconf 78' lang='lat' dir='ltr'>CCCLXXXV</span> <span class='ocrx_word' id='word_1_198' title='bbox 1051 1344 1264 1382; x_wconf 87' lang='lat' dir='ltr'>interiisse.</span> <span class='ocrx_word' id='word_1_199' title='bbox 1292 1344 1469 1382; x_wconf 77' lang='lat' dir='ltr'>Nuntius</span> <span class='ocrx_word' id='word_1_200' title='bbox 1491 1352 1629 1381; x_wconf 78' lang='lat' dir='ltr'>autem</span> <span class='ocrx_word' id='word_1_201' title='bbox 1654 1343 1772 1391; x_wconf 82' lang='lat' dir='ltr'>hujus</span> 
     </span>
     <span class='ocr_line' id='line_1_20' title="bbox 78 1401 1772 1453; baseline -0.001 -14"><span class='ocrx_word' id='word_1_202' title='bbox 78 1401 221 1440; x_wconf 88' lang='lat' dir='ltr'>mortis</span> <span class='ocrx_word' id='word_1_203' title='bbox 235 1402 424 1452; x_wconf 78' lang='lat' dir='ltr'>pervenit</span> <span class='ocrx_word' id='word_1_204' title='bbox 438 1403 719 1453; x_wconf 68' lang='lat' dir='ltr'>Juliomagum</span> <span class='ocrx_word' id='word_1_205' title='bbox 737 1403 1054 1452; x_wconf 67' lang='lat' dir='ltr'>Andegavorum</span> <span class='ocrx_word' id='word_1_206' title='bbox 1068 1403 1131 1441; x_wconf 89' lang='lat' dir='ltr'>die</span> <span class='ocrx_word' id='word_1_207' title='bbox 1148 1419 1250 1440; x_wconf 67' lang='lat' dir='ltr'>xxx-1</span> <span class='ocrx_word' id='word_1_208' title='bbox 1265 1403 1472 1453; x_wconf 76' lang='lat' dir='ltr'>sequentis</span> <span class='ocrx_word' id='word_1_209' title='bbox 1496 1402 1643 1440; x_wconf 85' lang='lat' dir='ltr'>mensis</span> <span class='ocrx_word' id='word_1_210' title='bbox 1664 1410 1772 1440; x_wconf 74' lang='lat' dir='ltr'>octo-</span> 
     </span>
     <span class='ocr_line' id='line_1_21' title="bbox 77 1461 1773 1512; baseline -0.001 -13"><span class='ocrx_word' id='word_1_211' title='bbox 77 1461 172 1499; x_wconf 86' lang='lat' dir='ltr'>bris.</span> <span class='ocrx_word' id='word_1_212' title='bbox 201 1462 279 1500; x_wconf 84' lang='lat' dir='ltr'>Sed</span> <span class='ocrx_word' id='word_1_213' title='bbox 314 1462 480 1508; x_wconf 77' lang='lat' dir='ltr'>interim</span> <span class='ocrx_word' id='word_1_214' title='bbox 505 1463 590 1500; x_wconf 85' lang='lat' dir='ltr'>dux</span> <span class='ocrx_word' id='word_1_215' title='bbox 615 1462 879 1500; x_wconf 84' lang='lat' dir='ltr'>Bituricensis</span> <span class='ocrx_word' id='word_1_216' title='bbox 905 1462 1028 1511; x_wconf 81' lang='lat' dir='ltr'>jussit</span> <span class='ocrx_word' id='word_1_217' title='bbox 1054 1477 1101 1500; x_wconf 86' lang='lat' dir='ltr'>ne</span> <span class='ocrx_word' id='word_1_218' title='bbox 1129 1463 1218 1512; x_wconf 86' lang='lat' dir='ltr'>quis</span> <span class='ocrx_word' id='word_1_219' title='bbox 1245 1477 1336 1500; x_wconf 87' lang='lat' dir='ltr'>eam</span> <span class='ocrx_word' id='word_1_220' title='bbox 1362 1462 1571 1500; x_wconf 77' lang='lat' dir='ltr'>nuntiaret</span> <span class='ocrx_word' id='word_1_221' title='bbox 1600 1461 1773 1510; x_wconf 52' lang='lat' dir='ltr'>reginae.</span> 
     </span>
     <span class='ocr_line' id='line_1_22' title="bbox 77 1520 1775 1571; baseline -0.001 -13"><span class='ocrx_word' id='word_1_222' title='bbox 77 1520 164 1570; x_wconf 83' lang='lat' dir='ltr'>ejus</span> <span class='ocrx_word' id='word_1_223' title='bbox 194 1520 324 1559; x_wconf 86' lang='lat' dir='ltr'>uxori.</span> <span class='ocrx_word' id='word_1_224' title='bbox 357 1521 483 1559; x_wconf 60' lang='lat' dir='ltr'>Seivit</span> <span class='ocrx_word' id='word_1_225' title='bbox 513 1530 668 1568; x_wconf 82' lang='lat' dir='ltr'>tamen,</span> <span class='ocrx_word' id='word_1_226' title='bbox 700 1522 834 1559; x_wconf 84' lang='lat' dir='ltr'>nescio</span> <span class='ocrx_word' id='word_1_227' title='bbox 865 1536 945 1571; x_wconf 87' lang='lat' dir='ltr'>quo</span> <span class='ocrx_word' id='word_1_228' title='bbox 975 1536 1084 1567; x_wconf 73' lang='lat' dir='ltr'>casu,</span> <span class='ocrx_word' id='word_1_229' title='bbox 1116 1521 1178 1559; x_wconf 89' lang='lat' dir='ltr'>die</span> <span class='ocrx_word' id='word_1_230' title='bbox 1209 1522 1386 1559; x_wconf 83' lang='lat' dir='ltr'>secunda</span> <span class='ocrx_word' id='word_1_231' title='bbox 1418 1520 1650 1559; x_wconf 65' lang='lat' dir='ltr'>novembris</span> <span class='ocrx_word' id='word_1_232' title='bbox 1683 1529 1775 1570; x_wconf 71' lang='lat' dir='ltr'>post</span> 
     </span>
     <span class='ocr_line' id='line_1_23' title="bbox 77 1580 1774 1631; baseline -0.001 -13"><span class='ocrx_word' id='word_1_233' title='bbox 77 1580 310 1630; x_wconf 79' lang='lat' dir='ltr'>prandium.</span> <span class='ocrx_word' id='word_1_234' title='bbox 338 1581 440 1619; x_wconf 86' lang='lat' dir='ltr'>Eam</span> <span class='ocrx_word' id='word_1_235' title='bbox 464 1596 536 1631; x_wconf 84' lang='lat' dir='ltr'>pro</span> <span class='ocrx_word' id='word_1_236' title='bbox 561 1581 666 1619; x_wconf 67' lang='lat' dir='ltr'>virili</span> <span class='ocrx_word' id='word_1_237' title='bbox 689 1596 759 1619; x_wconf 89' lang='lat' dir='ltr'>sua</span> <span class='ocrx_word' id='word_1_238' title='bbox 785 1581 985 1619; x_wconf 83' lang='lat' dir='ltr'>consolati</span> <span class='ocrx_word' id='word_1_239' title='bbox 1009 1589 1105 1618; x_wconf 87' lang='lat' dir='ltr'>sunt</span> <span class='ocrx_word' id='word_1_240' title='bbox 1130 1581 1342 1631; x_wconf 86' lang='lat' dir='ltr'>episcopus</span> <span class='ocrx_word' id='word_1_241' title='bbox 1367 1580 1641 1623; x_wconf 73' lang='lat' dir='ltr'>Carnotensis,</span> <span class='ocrx_word' id='word_1_242' title='bbox 1668 1580 1774 1617; x_wconf 76' lang='lat' dir='ltr'>Guil-</span> 
     </span>
     <span class='ocr_line' id='line_1_24' title="bbox 77 1639 1775 1690; baseline -0.001 -14"><span class='ocrx_word' id='word_1_243' title='bbox 77 1639 220 1678; x_wconf 86' lang='lat' dir='ltr'>lelmus</span> <span class='ocrx_word' id='word_1_244' title='bbox 245 1639 293 1678; x_wconf 85' lang='lat' dir='ltr'>de</span> <span class='ocrx_word' id='word_1_245' title='bbox 318 1640 513 1687; x_wconf 86' lang='lat' dir='ltr'>Credone,</span> <span class='ocrx_word' id='word_1_246' title='bbox 537 1640 732 1690; x_wconf 80' lang='lat' dir='ltr'>magister</span> <span class='ocrx_word' id='word_1_247' title='bbox 757 1641 935 1677; x_wconf 55' lang='lat' dir='ltr'>„loannes</span> <span class='ocrx_word' id='word_1_248' title='bbox 959 1641 1155 1689; x_wconf 80' lang='lat' dir='ltr'>Begutus,</span> <span class='ocrx_word' id='word_1_249' title='bbox 1179 1641 1307 1678; x_wconf 85' lang='lat' dir='ltr'>abbas</span> <span class='ocrx_word' id='word_1_250' title='bbox 1333 1640 1471 1678; x_wconf 86' lang='lat' dir='ltr'>Sancti</span> <span class='ocrx_word' id='word_1_251' title='bbox 1497 1639 1645 1679; x_wconf 79' lang='lat' dir='ltr'>Albini.</span> <span class='ocrx_word' id='word_1_252' title='bbox 1674 1640 1775 1688; x_wconf 73' lang='lat' dir='ltr'>epis-</span> 
     </span>
     <span class='ocr_line' id='line_1_25' title="bbox 78 1699 1775 1749; baseline -0.001 -13"><span class='ocrx_word' id='word_1_253' title='bbox 78 1713 202 1749; x_wconf 87' lang='lat' dir='ltr'>copus</span> <span class='ocrx_word' id='word_1_254' title='bbox 221 1699 542 1749; x_wconf 68' lang='lat' dir='ltr'>Andegavensis‚</span> <span class='ocrx_word' id='word_1_255' title='bbox 558 1709 599 1737; x_wconf 87' lang='lat' dir='ltr'>et</span> <span class='ocrx_word' id='word_1_256' title='bbox 616 1700 875 1737; x_wconf 83' lang='lat' dir='ltr'>Theohaldus</span> <span class='ocrx_word' id='word_1_257' title='bbox 894 1700 1133 1749; x_wconf 77' lang='lat' dir='ltr'>cognomine</span> <span class='ocrx_word' id='word_1_258' title='bbox 1151 1700 1331 1737; x_wconf 70' lang='lat' dir='ltr'>Levi-aut.</span> <span class='ocrx_word' id='word_1_259' title='bbox 1352 1699 1550 1738; x_wconf 86' lang='lat' dir='ltr'>Dominus</span> <span class='ocrx_word' id='word_1_260' title='bbox 1568 1699 1615 1735; x_wconf 89' lang='lat' dir='ltr'>de</span> <span class='ocrx_word' id='word_1_261' title='bbox 1634 1699 1775 1735; x_wconf 74' lang='lat' dir='ltr'>Castro</span> 
     </span>
     <span class='ocr_line' id='line_1_26' title="bbox 79 1757 1774 1809; baseline -0.001 -14"><span class='ocrx_word' id='word_1_262' title='bbox 79 1758 325 1805; x_wconf 76' lang='lat' dir='ltr'>Fromondo‚</span> <span class='ocrx_word' id='word_1_263' title='bbox 352 1759 414 1797; x_wconf 75' lang='lat' dir='ltr'>vir</span> <span class='ocrx_word' id='word_1_264' title='bbox 440 1759 701 1798; x_wconf 79' lang='lat' dir='ltr'>nihilominus</span> <span class='ocrx_word' id='word_1_265' title='bbox 729 1773 970 1807; x_wconf 71' lang='lat' dir='ltr'>magnarum</span> <span class='ocrx_word' id='word_1_266' title='bbox 998 1759 1179 1809; x_wconf 85' lang='lat' dir='ltr'>partium</span> <span class='ocrx_word' id='word_1_267' title='bbox 1204 1759 1245 1796; x_wconf 94' lang='lat' dir='ltr'>in</span> <span class='ocrx_word' id='word_1_268' title='bbox 1270 1759 1362 1796; x_wconf 87' lang='lat' dir='ltr'>aula</span> <span class='ocrx_word' id='word_1_269' title='bbox 1389 1758 1574 1807; x_wconf 85' lang='lat' dir='ltr'>ejusdem</span> <span class='ocrx_word' id='word_1_270' title='bbox 1599 1757 1774 1806; x_wconf 78' lang='lat' dir='ltr'>reginae,</span> 
     </span>
     <span class='ocr_line' id='line_1_27' title="bbox 77 1816 1774 1868; baseline -0.002 -13"><span class='ocrx_word' id='word_1_271' title='bbox 77 1817 128 1855; x_wconf 87' lang='lat' dir='ltr'>ad</span> <span class='ocrx_word' id='word_1_272' title='bbox 152 1831 243 1857; x_wconf 87' lang='lat' dir='ltr'>eam</span> <span class='ocrx_word' id='word_1_273' title='bbox 265 1827 480 1868; x_wconf 78' lang='lat' dir='ltr'>propterea</span> <span class='ocrx_word' id='word_1_274' title='bbox 506 1818 687 1864; x_wconf 66' lang='lat' dir='ltr'>veniens,</span> <span class='ocrx_word' id='word_1_275' title='bbox 713 1818 812 1855; x_wconf 89' lang='lat' dir='ltr'>nihil</span> <span class='ocrx_word' id='word_1_276' title='bbox 835 1819 883 1856; x_wconf 92' lang='lat' dir='ltr'>de</span> <span class='ocrx_word' id='word_1_277' title='bbox 908 1817 1200 1865; x_wconf 79' lang='lat' dir='ltr'>consolatione,</span> <span class='ocrx_word' id='word_1_278' title='bbox 1225 1826 1387 1868; x_wconf 82' lang='lat' dir='ltr'>praeter</span> <span class='ocrx_word' id='word_1_279' title='bbox 1408 1818 1611 1866; x_wconf 71' lang='lat' dir='ltr'>lacrymas</span> <span class='ocrx_word' id='word_1_280' title='bbox 1635 1816 1774 1854; x_wconf 87' lang='lat' dir='ltr'>mulie·</span> 
     </span>
     <span class='ocr_line' id='line_1_28' title="bbox 78 1876 1776 1927; baseline -0.001 -14"><span class='ocrx_word' id='word_1_281' title='bbox 78 1876 139 1915; x_wconf 89' lang='lat' dir='ltr'>bri</span> <span class='ocrx_word' id='word_1_282' title='bbox 161 1890 270 1915; x_wconf 88' lang='lat' dir='ltr'>more</span> <span class='ocrx_word' id='word_1_283' title='bbox 294 1877 418 1915; x_wconf 84' lang='lat' dir='ltr'>fusas.</span> <span class='ocrx_word' id='word_1_284' title='bbox 443 1878 494 1914; x_wconf 84' lang='lat' dir='ltr'>Le</span> <span class='ocrx_word' id='word_1_285' title='bbox 514 1878 592 1914; x_wconf 74' lang='lat' dir='ltr'>sire</span> <span class='ocrx_word' id='word_1_286' title='bbox 614 1879 657 1914; x_wconf 76' lang='lat' dir='ltr'>(le</span> <span class='ocrx_word' id='word_1_287' title='bbox 679 1878 1061 1926; x_wconf 74' lang='lat' dir='ltr'>Cliasteausrormmt.</span> <span class='ocrx_word' id='word_1_288' title='bbox 1084 1877 1219 1927; x_wconf 86' lang='lat' dir='ltr'>inquit</span> <span class='ocrx_word' id='word_1_289' title='bbox 1241 1877 1281 1914; x_wconf 90' lang='lat' dir='ltr'>in</span> <span class='ocrx_word' id='word_1_290' title='bbox 1304 1892 1376 1914; x_wconf 90' lang='lat' dir='ltr'>suo</span> <span class='ocrx_word' id='word_1_291' title='bbox 1396 1877 1540 1914; x_wconf 78' lang='lat' dir='ltr'>Diario</span> <span class='ocrx_word' id='word_1_292' title='bbox 1562 1876 1776 1926; x_wconf 71' lang='lat' dir='ltr'>episcopus</span> 
     </span>
     <span class='ocr_line' id='line_1_29' title="bbox 79 1935 1774 1986; baseline -0.001 -13"><span class='ocrx_word' id='word_1_293' title='bbox 79 1936 354 1983; x_wconf 84' lang='lat' dir='ltr'>Carnotensis,</span> <span class='ocrx_word' id='word_1_294' title='bbox 374 1937 458 1974; x_wconf 67' lang='lat' dir='ltr'>wint</span> <span class='ocrx_word' id='word_1_295' title='bbox 476 1938 579 1973; x_wconf 66' lang='lat' dir='ltr'>venir</span> <span class='ocrx_word' id='word_1_296' title='bbox 600 1938 802 1977; x_wconf 69' lang='lat' dir='ltr'>Madame,</span> <span class='ocrx_word' id='word_1_297' title='bbox 819 1946 852 1974; x_wconf 81' lang='lat' dir='ltr'>el</span> <span class='ocrx_word' id='word_1_298' title='bbox 867 1938 1007 1986; x_wconf 79' lang='lat' dir='ltr'>ploura</span> <span class='ocrx_word' id='word_1_299' title='bbox 1027 1951 1171 1974; x_wconf 80' lang='lat' dir='ltr'>comme</span> <span class='ocrx_word' id='word_1_300' title='bbox 1193 1951 1268 1974; x_wconf 79' lang='lat' dir='ltr'>une</span> <span class='ocrx_word' id='word_1_301' title='bbox 1283 1950 1468 1974; x_wconf 84' lang='lat' dir='ltr'>commere</span> <span class='ocrx_word' id='word_1_302' title='bbox 1483 1944 1556 1973; x_wconf 74' lang='lat' dir='ltr'>cres</span> <span class='ocrx_word' id='word_1_303' title='bbox 1571 1935 1774 1980; x_wconf 62' lang='lat' dir='ltr'>nicement,</span> 
     </span>
     <span class='ocr_line' id='line_1_30' title="bbox 77 1994 1774 2046; baseline -0.001 -14"><span class='ocrx_word' id='word_1_304' title='bbox 77 2009 171 2032; x_wconf 76' lang='lat' dir='ltr'>sans</span> <span class='ocrx_word' id='word_1_305' title='bbox 199 1995 280 2033; x_wconf 75' lang='lat' dir='ltr'>dire</span> <span class='ocrx_word' id='word_1_306' title='bbox 307 2004 383 2033; x_wconf 86' lang='lat' dir='ltr'>mot</span> <span class='ocrx_word' id='word_1_307' title='bbox 409 1996 453 2033; x_wconf 79' lang='lat' dir='ltr'>de</span> <span class='ocrx_word' id='word_1_308' title='bbox 480 1997 668 2045; x_wconf 77' lang='lat' dir='ltr'>reconsort</span> <span class='ocrx_word' id='word_1_309' title='bbox 706 1996 908 2045; x_wconf 66' lang='lat' dir='ltr'>[Journal.</span> <span class='ocrx_word' id='word_1_310' title='bbox 934 2011 974 2046; x_wconf 92' lang='lat' dir='ltr'>p.</span> <span class='ocrx_word' id='word_1_311' title='bbox 1004 1996 1085 2046; x_wconf 67' lang='grc'>57].</span> <span class='ocrx_word' id='word_1_312' title='bbox 1115 1996 1177 2033; x_wconf 86' lang='lat' dir='ltr'>Ad</span> <span class='ocrx_word' id='word_1_313' title='bbox 1215 2010 1306 2034; x_wconf 89' lang='lat' dir='ltr'>eam</span> <span class='ocrx_word' id='word_1_314' title='bbox 1332 1995 1547 2034; x_wconf 78' lang='lat' dir='ltr'>visendam</span> <span class='ocrx_word' id='word_1_315' title='bbox 1572 1994 1774 2031; x_wconf 76' lang='lat' dir='ltr'>advenere</span> 
     </span>
     <span class='ocr_line' id='line_1_31' title="bbox 78 2052 1775 2105; baseline -0.001 -14"><span class='ocrx_word' id='word_1_316' title='bbox 78 2054 140 2092; x_wconf 81' lang='lat' dir='ltr'>die</span> <span class='ocrx_word' id='word_1_317' title='bbox 169 2069 241 2091; x_wconf 82' lang='lat' dir='ltr'>xlv</span> <span class='ocrx_word' id='word_1_318' title='bbox 271 2055 503 2093; x_wconf 69' lang='lat' dir='ltr'>novembris</span> <span class='ocrx_word' id='word_1_319' title='bbox 532 2055 811 2105; x_wconf 73' lang='lat' dir='ltr'>Juliomagum</span> <span class='ocrx_word' id='word_1_320' title='bbox 842 2055 925 2092; x_wconf 85' lang='lat' dir='ltr'>dux</span> <span class='ocrx_word' id='word_1_321' title='bbox 951 2055 1215 2093; x_wconf 87' lang='lat' dir='ltr'>Bituricensis</span> <span class='ocrx_word' id='word_1_322' title='bbox 1246 2063 1284 2092; x_wconf 87' lang='lat' dir='ltr'>et</span> <span class='ocrx_word' id='word_1_323' title='bbox 1312 2054 1479 2093; x_wconf 82' lang='lat' dir='ltr'>comites</span> <span class='ocrx_word' id='word_1_324' title='bbox 1507 2052 1706 2091; x_wconf 87' lang='lat' dir='ltr'>Blesensis</span> <span class='ocrx_word' id='word_1_325' title='bbox 1734 2060 1775 2090; x_wconf 88' lang='lat' dir='ltr'>et</span> 
     </span>
     <span class='ocr_line' id='line_1_32' title="bbox 78 2113 1774 2164; baseline -0.002 -13"><span class='ocrx_word' id='word_1_326' title='bbox 78 2113 345 2164; x_wconf 81' lang='lat' dir='ltr'>Stampensis.</span> <span class='ocrx_word' id='word_1_327' title='bbox 391 2114 462 2152; x_wconf 82' lang='lat' dir='ltr'>Die</span> <span class='ocrx_word' id='word_1_328' title='bbox 486 2114 674 2154; x_wconf 85' lang='lat' dir='ltr'>mercurii</span> <span class='ocrx_word' id='word_1_329' title='bbox 698 2129 768 2151; x_wconf 59' lang='grc' dir='ltr'>ΧΥ]</span> <span class='ocrx_word' id='word_1_330' title='bbox 788 2122 980 2152; x_wconf 78' lang='lat' dir='ltr'>cantatae</span> <span class='ocrx_word' id='word_1_331' title='bbox 997 2123 1093 2152; x_wconf 87' lang='lat' dir='ltr'>sunt</span> <span class='ocrx_word' id='word_1_332' title='bbox 1115 2115 1313 2153; x_wconf 88' lang='lat' dir='ltr'>solemnes</span> <span class='ocrx_word' id='word_1_333' title='bbox 1337 2113 1497 2163; x_wconf 78' lang='lat' dir='ltr'>vigiliae</span> <span class='ocrx_word' id='word_1_334' title='bbox 1517 2120 1774 2150; x_wconf 86' lang='lat' dir='ltr'>mortuorum</span> 
     </span>
     <span class='ocr_line' id='line_1_33' title="bbox 77 2172 1773 2224; baseline -0.002 -14"><span class='ocrx_word' id='word_1_335' title='bbox 77 2172 118 2210; x_wconf 91' lang='lat' dir='ltr'>in</span> <span class='ocrx_word' id='word_1_336' title='bbox 144 2172 312 2211; x_wconf 82' lang='lat' dir='ltr'>ecclesia</span> <span class='ocrx_word' id='word_1_337' title='bbox 339 2173 565 2211; x_wconf 77' lang='lat' dir='ltr'>cathedrali</span> <span class='ocrx_word' id='word_1_338' title='bbox 593 2174 733 2211; x_wconf 77' lang='lat' dir='ltr'>Sancti</span> <span class='ocrx_word' id='word_1_339' title='bbox 761 2173 941 2211; x_wconf 82' lang='lat' dir='ltr'>Mauritii</span> <span class='ocrx_word' id='word_1_340' title='bbox 968 2188 1038 2223; x_wconf 88' lang='lat' dir='ltr'>per</span> <span class='ocrx_word' id='word_1_341' title='bbox 1063 2173 1300 2224; x_wconf 86' lang='lat' dir='ltr'>episcopum</span> <span class='ocrx_word' id='word_1_342' title='bbox 1328 2173 1633 2217; x_wconf 76' lang='lat' dir='ltr'>carnotensem,</span> <span class='ocrx_word' id='word_1_343' title='bbox 1661 2184 1773 2220; x_wconf 85' lang='lat' dir='ltr'>prae-</span> 
     </span>
     <span class='ocr_line' id='line_1_34' title="bbox 77 2229 1773 2283; baseline -0.002 -14"><span class='ocrx_word' id='word_1_344' title='bbox 77 2240 190 2269; x_wconf 83' lang='lat' dir='ltr'>sente</span> <span class='ocrx_word' id='word_1_345' title='bbox 208 2232 308 2269; x_wconf 86' lang='lat' dir='ltr'>duce</span> <span class='ocrx_word' id='word_1_346' title='bbox 324 2232 584 2279; x_wconf 79' lang='lat' dir='ltr'>Bituriccnsi‚</span> <span class='ocrx_word' id='word_1_347' title='bbox 601 2247 673 2283; x_wconf 90' lang='lat' dir='ltr'>pro</span> <span class='ocrx_word' id='word_1_348' title='bbox 689 2233 827 2270; x_wconf 88' lang='lat' dir='ltr'>anima</span> <span class='ocrx_word' id='word_1_349' title='bbox 842 2232 942 2282; x_wconf 78' lang='lat' dir='ltr'>regis</span> <span class='ocrx_word' id='word_1_350' title='bbox 958 2232 1169 2270; x_wconf 70' lang='lat' dir='ltr'>Ludovici.</span> <span class='ocrx_word' id='word_1_351' title='bbox 1186 2233 1352 2269; x_wconf 85' lang='lat' dir='ltr'>Postera</span> <span class='ocrx_word' id='word_1_352' title='bbox 1366 2231 1428 2269; x_wconf 88' lang='lat' dir='ltr'>die</span> <span class='ocrx_word' id='word_1_353' title='bbox 1441 2231 1547 2269; x_wconf 87' lang='lat' dir='ltr'>idem</span> <span class='ocrx_word' id='word_1_354' title='bbox 1561 2229 1773 2280; x_wconf 87' lang='lat' dir='ltr'>episcopus</span> 
     </span>
     <span class='ocr_line' id='line_1_35' title="bbox 79 2287 1772 2340; baseline -0.002 -12"><span class='ocrx_word' id='word_1_355' title='bbox 79 2291 246 2329; x_wconf 87' lang='lat' dir='ltr'>missam</span> <span class='ocrx_word' id='word_1_356' title='bbox 263 2291 463 2329; x_wconf 82' lang='lat' dir='ltr'>cantavit.</span> <span class='ocrx_word' id='word_1_357' title='bbox 487 2292 711 2329; x_wconf 84' lang='lat' dir='ltr'>Interfuere</span> <span class='ocrx_word' id='word_1_358' title='bbox 729 2291 814 2337; x_wconf 85' lang='lat' dir='ltr'>dux</span> <span class='ocrx_word' id='word_1_359' title='bbox 829 2291 1094 2329; x_wconf 80' lang='lat' dir='ltr'>Bituricensis</span> <span class='ocrx_word' id='word_1_360' title='bbox 1113 2300 1153 2329; x_wconf 85' lang='lat' dir='ltr'>et</span> <span class='ocrx_word' id='word_1_361' title='bbox 1171 2291 1339 2330; x_wconf 85' lang='lat' dir='ltr'>comites</span> <span class='ocrx_word' id='word_1_362' title='bbox 1357 2290 1540 2340; x_wconf 89' lang='lat' dir='ltr'>superius</span> <span class='ocrx_word' id='word_1_363' title='bbox 1559 2287 1772 2326; x_wconf 88' lang='lat' dir='ltr'>nominati.</span> 
     </span>
     <span class='ocr_line' id='line_1_36' title="bbox 79 2346 1774 2400; baseline -0.002 -13"><span class='ocrx_word' id='word_1_364' title='bbox 79 2350 226 2388; x_wconf 85' lang='lat' dir='ltr'>Postea</span> <span class='ocrx_word' id='word_1_365' title='bbox 255 2350 340 2387; x_wconf 85' lang='lat' dir='ltr'>dux</span> <span class='ocrx_word' id='word_1_366' title='bbox 366 2350 630 2389; x_wconf 86' lang='lat' dir='ltr'>Bituricensis</span> <span class='ocrx_word' id='word_1_367' title='bbox 661 2350 845 2389; x_wconf 84' lang='lat' dir='ltr'>discessit</span> <span class='ocrx_word' id='word_1_368' title='bbox 874 2351 1106 2400; x_wconf 82' lang='lat' dir='ltr'>Juliomago</span> <span class='ocrx_word' id='word_1_369' title='bbox 1135 2351 1197 2388; x_wconf 91' lang='lat' dir='ltr'>die</span> <span class='ocrx_word' id='word_1_370' title='bbox 1226 2349 1383 2388; x_wconf 77' lang='lat' dir='ltr'>veneris</span> <span class='ocrx_word' id='word_1_371' title='bbox 1412 2363 1512 2386; x_wconf 84' lang='lat' dir='ltr'>xvm</span> <span class='ocrx_word' id='word_1_372' title='bbox 1541 2346 1774 2385; x_wconf 83' lang='lat' dir='ltr'>novembris</span> 
     </span>
     <span class='ocr_line' id='line_1_37' title="bbox 89 2409 535 2459; baseline 0.007 -14"><span class='ocrx_word' id='word_1_373' title='bbox 89 2409 292 2459; x_wconf 72' lang='lat' dir='ltr'>[Journal,</span> <span class='ocrx_word' id='word_1_374' title='bbox 317 2424 355 2459; x_wconf 91' lang='lat' dir='ltr'>p.</span> <span class='ocrx_word' id='word_1_375' title='bbox 383 2409 535 2459; x_wconf 55' lang='lat'>5860]</span> 
     </span>
    </p>

    <p class='ocr_par' dir='ltr' id='par_1_5' title="bbox 132 2465 1720 2518">
     <span class='ocr_line' id='line_1_38' title="bbox 132 2465 1720 2518; baseline -0.002 -13"><span class='ocrx_word' id='word_1_376' title='bbox 132 2468 176 2507; x_wconf 89' lang='lat' dir='ltr'>P.</span> <span class='ocrx_word' id='word_1_377' title='bbox 197 2468 287 2516; x_wconf 82' lang='lat'><strong>491,</strong></span> <span class='ocrx_word' id='word_1_378' title='bbox 307 2468 373 2517; x_wconf 82' lang='lat' dir='ltr'>lig.</span> <span class='ocrx_word' id='word_1_379' title='bbox 396 2469 430 2507; x_wconf 89' lang='lat'>7.</span> <span class='ocrx_word' id='word_1_380' title='bbox 452 2469 656 2507; x_wconf 79' lang='lat' dir='ltr'>AMEDEO.</span> <span class='ocrx_word' id='word_1_381' title='bbox 682 2469 713 2506; x_wconf 92' lang='lat' dir='ltr'>Il</span> <span class='ocrx_word' id='word_1_382' title='bbox 732 2468 874 2518; x_wconf 76' lang='lat' dir='ltr'>expira</span> <span class='ocrx_word' id='word_1_383' title='bbox 895 2469 928 2506; x_wconf 93' lang='lat' dir='ltr'>le</span> <span class='ocrx_word' id='word_1_384' title='bbox 951 2468 1006 2505; x_wconf 72' lang='lat' dir='ltr'>1er</span> <span class='ocrx_word' id='word_1_385' title='bbox 1025 2482 1132 2506; x_wconf 89' lang='lat' dir='ltr'>mars</span> <span class='ocrx_word' id='word_1_386' title='bbox 1154 2468 1256 2506; x_wconf 78' lang='lat'><strong>1383</strong></span> <span class='ocrx_word' id='word_1_387' title='bbox 1278 2467 1446 2516; x_wconf 79' lang='lat' dir='ltr'>(Valois‚</span> <span class='ocrx_word' id='word_1_388' title='bbox 1466 2474 1497 2504; x_wconf 81' lang='lat' dir='ltr'>t.</span> <span class='ocrx_word' id='word_1_389' title='bbox 1516 2481 1557 2513; x_wconf 79' lang='grc' dir='ltr'>Π,</span> <span class='ocrx_word' id='word_1_390' title='bbox 1577 2480 1616 2516; x_wconf 90' lang='lat' dir='ltr'>p.</span> <span class='ocrx_word' id='word_1_391' title='bbox 1641 2465 1720 2511; x_wconf 83' lang='lat'>59).</span> 
     </span>
    </p>

    <p class='ocr_par' dir='ltr' id='par_1_6' title="bbox 79 2523 1775 2694">
     <span class='ocr_line' id='line_1_39' title="bbox 133 2523 1775 2576; baseline -0.003 -11"><span class='ocrx_word' id='word_1_392' title='bbox 133 2527 177 2565; x_wconf 88' lang='lat' dir='ltr'>P.</span> <span class='ocrx_word' id='word_1_393' title='bbox 193 2527 283 2574; x_wconf 84' lang='lat'><strong>491,</strong></span> <span class='ocrx_word' id='word_1_394' title='bbox 299 2527 365 2576; x_wconf 82' lang='lat' dir='ltr'>lig.</span> <span class='ocrx_word' id='word_1_395' title='bbox 382 2527 417 2566; x_wconf 85' lang='lat'>9.</span> <span class='ocrx_word' id='word_1_396' title='bbox 439 2528 734 2566; x_wconf 75' lang='lat' dir='ltr'>INFIRMITATE.</span> <span class='ocrx_word' id='word_1_397' title='bbox 752 2529 853 2566; x_wconf 88' lang='lat' dir='ltr'>Cum</span> <span class='ocrx_word' id='word_1_398' title='bbox 870 2527 1072 2565; x_wconf 81' lang='lat' dir='ltr'>Antonius</span> <span class='ocrx_word' id='word_1_399' title='bbox 1098 2528 1279 2565; x_wconf 89' lang='lat' dir='ltr'>Luschus</span> <span class='ocrx_word' id='word_1_400' title='bbox 1306 2525 1544 2564; x_wconf 89' lang='lat' dir='ltr'>Vicentinus</span> <span class='ocrx_word' id='word_1_401' title='bbox 1567 2523 1775 2562; x_wconf 87' lang='lat' dir='ltr'>acerbissi-</span> 
     </span>
     <span class='ocr_line' id='line_1_40' title="bbox 79 2585 1775 2634; baseline -0.002 -11"><span class='ocrx_word' id='word_1_402' title='bbox 79 2598 190 2623; x_wconf 88' lang='lat' dir='ltr'>mam</span> <span class='ocrx_word' id='word_1_403' title='bbox 207 2585 460 2624; x_wconf 85' lang='lat' dir='ltr'>invectivam</span> <span class='ocrx_word' id='word_1_404' title='bbox 478 2587 672 2624; x_wconf 85' lang='lat' dir='ltr'>edidisset</span> <span class='ocrx_word' id='word_1_405' title='bbox 691 2587 912 2624; x_wconf 83' lang='lat' dir='ltr'>adversum</span> <span class='ocrx_word' id='word_1_406' title='bbox 931 2586 1203 2633; x_wconf 85' lang='lat' dir='ltr'>Florentinos‚</span> <span class='ocrx_word' id='word_1_407' title='bbox 1221 2594 1261 2624; x_wconf 87' lang='lat' dir='ltr'>et</span> <span class='ocrx_word' id='word_1_408' title='bbox 1279 2594 1325 2623; x_wconf 85' lang='lat' dir='ltr'>ut</span> <span class='ocrx_word' id='word_1_409' title='bbox 1343 2600 1409 2623; x_wconf 90' lang='lat' dir='ltr'>eos</span> <span class='ocrx_word' id='word_1_410' title='bbox 1428 2592 1563 2622; x_wconf 89' lang='lat' dir='ltr'>ureret</span> <span class='ocrx_word' id='word_1_411' title='bbox 1580 2598 1652 2634; x_wconf 89' lang='lat' dir='ltr'>per</span> <span class='ocrx_word' id='word_1_412' title='bbox 1669 2597 1775 2620; x_wconf 90' lang='lat' dir='ltr'>com-</span> 
     </span>
     <span class='ocr_line' id='line_1_41' title="bbox 79 2641 1775 2694; baseline -0.004 -10"><span class='ocrx_word' id='word_1_413' title='bbox 79 2645 420 2684; x_wconf 87' lang='lat' dir='ltr'>memorationem</span> <span class='ocrx_word' id='word_1_414' title='bbox 449 2647 652 2683; x_wconf 88' lang='lat' dir='ltr'>malorum</span> <span class='ocrx_word' id='word_1_415' title='bbox 681 2654 920 2691; x_wconf 84' lang='lat' dir='ltr'>eventuum,</span> <span class='ocrx_word' id='word_1_416' title='bbox 949 2645 1056 2683; x_wconf 86' lang='lat' dir='ltr'>inter</span> <span class='ocrx_word' id='word_1_417' title='bbox 1082 2653 1216 2683; x_wconf 86' lang='lat' dir='ltr'>cetera</span> <span class='ocrx_word' id='word_1_418' title='bbox 1243 2644 1532 2694; x_wconf 81' lang='lat' dir='ltr'>exprobrasset</span> <span class='ocrx_word' id='word_1_419' title='bbox 1558 2642 1635 2680; x_wconf 89' lang='lat' dir='ltr'>iter</span> <span class='ocrx_word' id='word_1_420' title='bbox 1667 2641 1775 2679; x_wconf 85' lang='lat' dir='ltr'>Itali-</span> 
     </span>
    </p>
   </div>
   <div class='ocr_carea' id='block_1_3' title="bbox 79 2802 1781 3166">
    <p class='ocr_par' dir='ltr' id='par_1_7' title="bbox 79 2802 1781 3006">
     <span class='ocr_line' id='line_1_42' title="bbox 126 2802 1781 2847; baseline -0.002 -10"><span class='ocrx_word' id='word_1_421' title='bbox 126 2805 159 2838; x_wconf 95' lang='lat'>1.</span> <span class='ocrx_word' id='word_1_422' title='bbox 191 2804 262 2837; x_wconf 88' lang='lat' dir='ltr'>Sur</span> <span class='ocrx_word' id='word_1_423' title='bbox 291 2804 413 2837; x_wconf 81' lang='lat' dir='ltr'>Picrre</span> <span class='ocrx_word' id='word_1_424' title='bbox 443 2805 486 2836; x_wconf 83' lang='lat' dir='ltr'>dc</span> <span class='ocrx_word' id='word_1_425' title='bbox 516 2804 796 2847; x_wconf 75' lang='lat' dir='ltr'>Luxembourg.</span> <span class='ocrx_word' id='word_1_426' title='bbox 827 2804 908 2836; x_wconf 85' lang='lat' dir='ltr'>voir</span> <span class='ocrx_word' id='word_1_427' title='bbox 937 2805 979 2837; x_wconf 90' lang='lat' dir='ltr'>N.</span> <span class='ocrx_word' id='word_1_428' title='bbox 1010 2804 1136 2837; x_wconf 85' lang='lat' dir='ltr'>Valois</span> <span class='ocrx_word' id='word_1_429' title='bbox 1168 2804 1237 2847; x_wconf 82' lang='lat' dir='ltr'>(op.</span> <span class='ocrx_word' id='word_1_430' title='bbox 1267 2804 1338 2842; x_wconf 64' lang='lat' dir='ltr'>cit„</span> <span class='ocrx_word' id='word_1_431' title='bbox 1368 2810 1393 2837; x_wconf 88' lang='lat' dir='ltr'>t.</span> <span class='ocrx_word' id='word_1_432' title='bbox 1421 2816 1458 2842; x_wconf 85' lang='lat'>11,</span> <span class='ocrx_word' id='word_1_433' title='bbox 1488 2815 1522 2846; x_wconf 87' lang='lat' dir='ltr'>p.</span> <span class='ocrx_word' id='word_1_434' title='bbox 1552 2803 1650 2845; x_wconf 81' lang='lat'><strong>493),</strong></span> <span class='ocrx_word' id='word_1_435' title='bbox 1669 2802 1781 2835; x_wconf 83' lang='lat' dir='ltr'>Liber</span> 
     </span>
     <span class='ocr_line' id='line_1_43' title="bbox 81 2856 1778 2900; baseline -0.002 -9"><span class='ocrx_word' id='word_1_436' title='bbox 81 2859 236 2891; x_wconf 76' lang='lat' dir='ltr'>diurmcs</span> <span class='ocrx_word' id='word_1_437' title='bbox 255 2858 352 2890; x_wconf 86' lang='lat' dir='ltr'>Petri</span> <span class='ocrx_word' id='word_1_438' title='bbox 373 2857 528 2890; x_wconf 86' lang='lat' dir='ltr'>Bruneti</span> <span class='ocrx_word' id='word_1_439' title='bbox 551 2858 596 2900; x_wconf 77' lang='lat' dir='ltr'>(p.</span> <span class='ocrx_word' id='word_1_440' title='bbox 618 2858 686 2891; x_wconf 86' lang='lat'><strong>178</strong></span> <span class='ocrx_word' id='word_1_441' title='bbox 704 2864 739 2890; x_wconf 76' lang='lat' dir='ltr'>et</span> <span class='ocrx_word' id='word_1_442' title='bbox 760 2858 821 2891; x_wconf 87' lang='lat'>181</span> <span class='ocrx_word' id='word_1_443' title='bbox 858 2858 1027 2900; x_wconf 81' lang='lat' dir='ltr'>[Baluze]</span> <span class='ocrx_word' id='word_1_444' title='bbox 1048 2864 1084 2890; x_wconf 82' lang='lat' dir='ltr'>et</span> <span class='ocrx_word' id='word_1_445' title='bbox 1105 2857 1144 2891; x_wconf 82' lang='lat' dir='ltr'>E.</span> <span class='ocrx_word' id='word_1_446' title='bbox 1164 2857 1474 2890; x_wconf 62' lang='lat' dir='ltr'>WVickersheimer</span> <span class='ocrx_word' id='word_1_447' title='bbox 1494 2856 1573 2899; x_wconf 75' lang='lat' dir='ltr'>(Les</span> <span class='ocrx_word' id='word_1_448' title='bbox 1592 2857 1778 2899; x_wconf 77' lang='lat' dir='ltr'>guerisons</span> 
     </span>
     <span class='ocr_line' id='line_1_44' title="bbox 79 2909 1780 2953; baseline -0.002 -9"><span class='ocrx_word' id='word_1_449' title='bbox 79 2912 335 2944; x_wconf 73' lang='lat' dir='ltr'>miracalenses</span> <span class='ocrx_word' id='word_1_450' title='bbox 354 2911 402 2943; x_wconf 75' lang='grc' dir='ltr'>([ιι</span> <span class='ocrx_word' id='word_1_451' title='bbox 420 2911 587 2947; x_wconf 77' lang='lat' dir='ltr'>cardinal</span> <span class='ocrx_word' id='word_1_452' title='bbox 605 2910 730 2943; x_wconf 79' lang='lat' dir='ltr'>Pierre</span> <span class='ocrx_word' id='word_1_453' title='bbox 749 2911 790 2943; x_wconf 83' lang='lat' dir='ltr'>de</span> <span class='ocrx_word' id='word_1_454' title='bbox 807 2911 1062 2953; x_wconf 61' lang='lat' dir='ltr'>Luoeembourg</span> <span class='ocrx_word' id='word_1_455' title='bbox 1083 2910 1328 2953; x_wconf 77' lang='grc'>(1387-1390),</span> <span class='ocrx_word' id='word_1_456' title='bbox 1351 2910 1442 2942; x_wconf 85' lang='lat' dir='ltr'>dans</span> <span class='ocrx_word' id='word_1_457' title='bbox 1463 2909 1629 2952; x_wconf 78' lang='lat' dir='ltr'>Comples</span> <span class='ocrx_word' id='word_1_458' title='bbox 1646 2909 1780 2941; x_wconf 78' lang='lat' dir='ltr'>rendus</span> 
     </span>
     <span class='ocr_line' id='line_1_45' title="bbox 79 2962 1751 3006; baseline -0.001 -9"><span class='ocrx_word' id='word_1_459' title='bbox 79 2965 129 2997; x_wconf 79' lang='lat' dir='ltr'>du</span> <span class='ocrx_word' id='word_1_460' title='bbox 150 2965 202 2996; x_wconf 79' lang='lat' dir='ltr'>IIe</span> <span class='ocrx_word' id='word_1_461' title='bbox 221 2965 366 3006; x_wconf 74' lang='lat' dir='ltr'>congres</span> <span class='ocrx_word' id='word_1_462' title='bbox 388 2964 648 2997; x_wconf 75' lang='lat' dir='ltr'>international</span> <span class='ocrx_word' id='word_1_463' title='bbox 667 2964 707 2996; x_wconf 79' lang='lat' dir='ltr'>(le</span> <span class='ocrx_word' id='word_1_464' title='bbox 727 2963 900 2996; x_wconf 76' lang='lat' dir='ltr'>l’lu&#39;stoire</span> <span class='ocrx_word' id='word_1_465' title='bbox 920 2964 960 2996; x_wconf 79' lang='lat' dir='ltr'>de</span> <span class='ocrx_word' id='word_1_466' title='bbox 985 2964 1019 2996; x_wconf 82' lang='lat' dir='ltr'>la</span> <span class='ocrx_word' id='word_1_467' title='bbox 1040 2964 1227 3001; x_wconf 55' lang='lat' dir='ltr'>medecina</span> <span class='ocrx_word' id='word_1_468' title='bbox 1251 2963 1364 3003; x_wconf 78' lang='lat' dir='ltr'>Paris,</span> <span class='ocrx_word' id='word_1_469' title='bbox 1388 2963 1492 3002; x_wconf 83' lang='lat'><strong>1921,</strong></span> <span class='ocrx_word' id='word_1_470' title='bbox 1510 2974 1543 3005; x_wconf 88' lang='lat' dir='ltr'>p.</span> <span class='ocrx_word' id='word_1_471' title='bbox 1568 2962 1751 3004; x_wconf 57' lang='lat'>37¹1-389).</span> 
     </span>
    </p>

    <p class='ocr_par' dir='ltr' id='par_1_8' title="bbox 132 3016 833 3059">
     <span class='ocr_line' id='line_1_46' title="bbox 132 3016 833 3059; baseline -0.001 -9"><span class='ocrx_word' id='word_1_472' title='bbox 132 3018 162 3050; x_wconf 76' lang='lat'>2.</span> <span class='ocrx_word' id='word_1_473' title='bbox 194 3016 284 3049; x_wconf 88' lang='lat' dir='ltr'>Voir</span> <span class='ocrx_word' id='word_1_474' title='bbox 304 3017 345 3049; x_wconf 92' lang='lat' dir='ltr'>N.</span> <span class='ocrx_word' id='word_1_475' title='bbox 366 3016 493 3049; x_wconf 86' lang='lat' dir='ltr'>Valois</span> <span class='ocrx_word' id='word_1_476' title='bbox 515 3017 554 3055; x_wconf 85' lang='lat' dir='ltr'>(t.</span> <span class='ocrx_word' id='word_1_477' title='bbox 571 3028 622 3054; x_wconf 85' lang='lat'>111,</span> <span class='ocrx_word' id='word_1_478' title='bbox 641 3028 675 3059; x_wconf 93' lang='lat' dir='ltr'>p.</span> <span class='ocrx_word' id='word_1_479' title='bbox 696 3016 833 3056; x_wconf 83' lang='lat'>28-29).</span> 
     </span>
    </p>

    <p class='ocr_par' dir='ltr' id='par_1_9' title="bbox 83 3068 1781 3166">
     <span class='ocr_line' id='line_1_47' title="bbox 129 3068 1781 3112; baseline -0.002 -9"><span class='ocrx_word' id='word_1_480' title='bbox 129 3071 162 3103; x_wconf 87' lang='lat'>3.</span> <span class='ocrx_word' id='word_1_481' title='bbox 197 3070 238 3102; x_wconf 82' lang='lat' dir='ltr'>N.</span> <span class='ocrx_word' id='word_1_482' title='bbox 262 3069 389 3102; x_wconf 88' lang='lat' dir='ltr'>Valois</span> <span class='ocrx_word' id='word_1_483' title='bbox 415 3070 454 3110; x_wconf 85' lang='lat' dir='ltr'>(t.</span> <span class='ocrx_word' id='word_1_484' title='bbox 476 3081 513 3107; x_wconf 81' lang='grc' dir='ltr'>Π,</span> <span class='ocrx_word' id='word_1_485' title='bbox 536 3081 570 3112; x_wconf 89' lang='lat' dir='ltr'>p.</span> <span class='ocrx_word' id='word_1_486' title='bbox 594 3069 652 3111; x_wconf 84' lang='lat'>84)</span> <span class='ocrx_word' id='word_1_487' title='bbox 677 3080 697 3100; x_wconf 85' lang='lat' dir='ltr'>a</span> <span class='ocrx_word' id='word_1_488' title='bbox 718 3069 834 3102; x_wconf 81' lang='lat' dir='ltr'>etabli</span> <span class='ocrx_word' id='word_1_489' title='bbox 856 3081 927 3112; x_wconf 85' lang='lat' dir='ltr'>que</span> <span class='ocrx_word' id='word_1_490' title='bbox 950 3069 1062 3102; x_wconf 88' lang='lat' dir='ltr'>Louis</span> <span class='ocrx_word' id='word_1_491' title='bbox 1086 3069 1133 3101; x_wconf 81' lang='lat' dir='ltr'>Ier</span> <span class='ocrx_word' id='word_1_492' title='bbox 1152 3076 1307 3102; x_wconf 85' lang='lat' dir='ltr'>mourut</span> <span class='ocrx_word' id='word_1_493' title='bbox 1328 3069 1421 3101; x_wconf 86' lang='lat' dir='ltr'>dans</span> <span class='ocrx_word' id='word_1_494' title='bbox 1441 3069 1477 3101; x_wconf 86' lang='lat' dir='ltr'>la</span> <span class='ocrx_word' id='word_1_495' title='bbox 1497 3068 1579 3100; x_wconf 83' lang='lat' dir='ltr'>nuit</span> <span class='ocrx_word' id='word_1_496' title='bbox 1597 3068 1646 3100; x_wconf 92' lang='lat' dir='ltr'>du</span> <span class='ocrx_word' id='word_1_497' title='bbox 1669 3068 1713 3100; x_wconf 76' lang='lat'>20</span> <span class='ocrx_word' id='word_1_498' title='bbox 1734 3079 1781 3099; x_wconf 87' lang='lat' dir='ltr'>au</span> 
     </span>
     <span class='ocr_line' id='line_1_48' title="bbox 83 3123 487 3166; baseline 0 -11"><span class='ocrx_word' id='word_1_499' title='bbox 83 3123 123 3155; x_wconf 77' lang='lat'>21</span> <span class='ocrx_word' id='word_1_500' title='bbox 146 3123 361 3166; x_wconf 78' lang='lat' dir='ltr'>septembre</span> <span class='ocrx_word' id='word_1_501' title='bbox 383 3123 487 3156; x_wconf 79' lang='lat'><strong>1384.</strong></span> 
     </span>
    </p>
   </div>
  </div>
 </body>
</html>
