2083 3458
14 3321 30 3458 -spw
14 3294 16 3311 ·<
12 3277 18 3282 2

98 267 221 323 [967]
622 285 839 312 PAPARUM
873 285 1257 311 AVENIONENSIUM
1696 267 1778 308 483

85 367 254 417 capituli
272 368 465 418 generalis
482 369 762 408 ordinaverunt
778 370 878 420 quod
900 369 960 406 VI
976 369 1156 406 monachi
1175 377 1354 406 notentur
1371 368 1542 418 qualibet
1557 368 1782 417 septimana

87 435 274 476 perpetuo
311 428 378 477 qui
416 428 602 467 celebrent
639 430 783 466 missas
819 430 1052 478 praedictas.
1096 429 1193 466 Item
1231 428 1374 478 legavit
1410 428 1509 465 dicto
1548 426 1784 464 monasterio

89 487 140 524 M
158 486 281 524 libras
298 486 640 525 Barchinonenses
658 503 729 538 pro
747 489 921 526 emendis
933 488 1151 525 redditibus
1169 501 1240 537 pro
1258 487 1353 524 XII
1368 486 1560 536 pitanciis
1578 484 1783 523 conventui

90 546 184 584 dicti
205 547 433 584 monasterii
453 555 639 596 perpetuo
659 548 867 598 jaciendis,
890 556 923 585 et
943 548 1044 597 quod
1063 547 1186 584 abbas
1207 555 1240 584 et
1268 554 1477 583 conventus
1496 545 1648 594 saciant
1667 544 1784 581 anni-

91 605 308 644 versarium
341 606 510 655 quolibet
542 621 684 655 mense,
708 606 855 645 scilicet
879 607 922 644 in
943 606 1133 656 januario
1159 605 1243 642 XV
1266 605 1340 653 die,
1368 605 1409 641 in
1431 604 1632 653 februario
1658 602 1788 649 XIX²

89 665 133 702 in
161 666 301 703 martio
318 665 500 703 XXVII
517 666 591 713 die,
613 667 654 703 in
682 667 804 716 aprili
822 666 936 703 XXI
953 666 1027 713 die,
1049 665 1092 702 in
1119 664 1217 702 maii
1247 664 1332 701 XX
1351 664 1424 709 die,
1447 664 1489 700 in
1511 663 1603 712 juni
1621 661 1787 699 XXIII

91 725 165 772 die,
195 725 237 762 in
269 724 347 774 juli
372 725 580 763 XXVIII
605 726 679 773 die,
708 726 750 762 in
785 733 952 774 augusto
977 724 1144 762 XXIII
1178 724 1252 771 die,
1290 724 1332 760 in
1365 722 1573 771 septembri
1608 719 1788 758 XXVII

88 783 150 821 die
172 784 214 821 in
229 784 373 822 octobri
386 785 535 822 XIIII
548 785 622 832 die,
641 785 683 822 in
705 785 902 822 novembri
922 784 1076 822 XXVI
1096 784 1169 831 (lie,
1194 783 1236 819 in
1256 783 1379 820 decem
1389 781 1569 818 briXIX
1580 781 1652 819 die.
1667 781 1718 817 Et
1737 786 1792 816 est

90 843 262 893 qualibet
295 843 475 892 pitancia
509 844 673 881 LXXX
706 844 934 883 solidorum.
972 844 1023 881 Et
1055 851 1149 880 sunt
1182 842 1378 890 assignati
1421 841 1472 877 ad
1514 840 1582 877 hoc
1616 839 1789 876 redditus

92 902 143 939 M
162 903 280 940 solidi
301 918 421 952 super
443 912 565 941 castro
588 904 632 941 de
654 904 841 943 Pontons.
867 903 1111 953 Quicumque
1133 902 1234 939 Itane
1254 901 1493 949 scripturam
1516 898 1662 947 legerit,
1686 898 1791 935 dicat

92 961 213 1011 Pater,
231 971 358 1000 noster
376 977 448 1012 pro
469 963 608 1000 anima
627 973 714 1001 sua:

147 1021 326 1059 Jacobus
348 1037 432 1070 rex,
454 1022 660 1061 Blanchae
683 1023 854 1060 maritus
878 1031 919 1060 et
939 1030 1058 1072 pater
1078 1021 1195 1059 istius
1219 1020 1329 1057 Petri
1351 1018 1535 1064 infantis,
1559 1016 1661 1054 obiit
1682 1030 1790 1053 anno

94 1080 416 1129 MCCCXXVII,
437 1090 478 1120 et
506 1082 547 1119 in
577 1082 720 1120 eodem
750 1081 998 1119 monasterio
1030 1081 1274 1119 Sanctarum
1313 1076 1487 1116 Crucum
1517 1076 1699 1125 sepultus
1730 1082 1791 1112 est

92 1141 145 1178 ad
159 1134 267 1178 lat'us
283 1141 494 1179 sinistrum
510 1142 675 1191 majoris
692 1142 845 1189 altaris,
862 1141 964 1178 utin
986 1140 1131 1178 iisdem
1147 1138 1355 1188 Pujadesii
1370 1136 1526 1174 schedis
1543 1135 1791 1172 adnotatum

95 1209 169 1247 est,
200 1200 242 1238 in
274 1200 421 1250 quibus
453 1208 570 1238 extat
602 1201 859 1251 epitaphium
890 1214 1062 1249 sequens
1096 1215 1103 1237 :

407 1290 594 1327 Hornant
615 1289 717 1327 lianc
739 1290 916 1327 tumbam
939 1289 1006 1339 qui
1028 1287 1285 1337 simplicitate
1307 1285 1528 1323 columbam

410 1349 482 1386 Est
508 1349 687 1387 imitatus
713 1364 779 1387 rem
808 1349 982 1386 Jacobus
1008 1348 1071 1385 liic
1097 1346 1316 1385 tumulatus

412 1408 494 1445 Rex
514 1409 800 1457 Aragonensis,
825 1423 948 1446 comes
969 1416 1003 1446 et
1024 1407 1104 1444 dux
1125 1404 1476 1451 Barchinonensis,

412 1467 697 1517 Majoricensis
729 1483 806 1516 rex,
842 1482 991 1505 necnon
1024 1465 1266 1513 Ciciliensis,

414 1527 601 1565 Moribus
626 1536 659 1565 et
684 1529 761 1565 vita
787 1542 944 1565 consors
968 1541 1042 1564 sua
1068 1525 1247 1564 Blancha
1273 1524 1441 1567 munita,

418 1586 569 1624 Illustri
601 1596 693 1625 nata
725 1587 892 1634 Karulo,
922 1587 1046 1624 simul
1074 1585 1136 1623 hic
1166 1584 1372 1623 tumulata.

417 1645 499 1683 Nec
521 1646 601 1695 suit
624 1647 691 1701 bic
709 1646 843 1696 segnis
869 1647 911 1684 in
935 1645 1152 1684 subdendis
1175 1644 1255 1682 sibi
1280 1643 1426 1692 regnis,

412 1705 586 1761 ‘Subdita
615 1715 708 1744 sunt
738 1707 866 1756 itaque
895 1706 974 1743 sibi
1005 1705 1170 1742 ,Murcia
1200 1702 1480 1751 Sardiniaque,

417 1765 573 1803 Floruit
603 1765 666 1803 hic
697 1766 868 1815 quinque
899 1765 1031 1814 regnis
1064 1779 1132 1814 per
1162 1772 1315 1812 tempus
1349 1761 1532 1810 utrisque.

417 1825 603 1862 Restituit
629 1825 751 1873 gratis
777 1825 853 1863 tria
876 1825 943 1874 jus
968 1838 1128 1861 servans
1154 1822 1321 1860 deitatis,

417 1883 497 1921 Hic
517 1883 681 1922 humilis
702 1885 823 1931 corde,
847 1885 993 1934 peccati
1015 1884 1188 1920 mundus
1209 1897 1231 1919 a
1252 1881 1374 1928 sorde,

417 1943 661 1991 Misericors,
693 1945 865 1981 mundus
893 1944 1040 1991 animo,
1069 1956 1244 1980 sermone
1270 1940 1482 1990 facundus,

421 2003 596 2040 „Iudiciis
631 2003 775 2052 justus,
814 2003 937 2041 armis
977 2003 1145 2051 belloque
1181 2001 1377 2047 robustus,

419 2062 577 2109 Laetus,
596 2077 675 2100 non
691 2071 859 2100 moestus
875 2063 997 2110 vultu,
1015 2062 1211 2111 mitisque,
1230 2060 1436 2104 modestae,

417 2121 510 2158 Dici
540 2122 734 2171 pacificus
763 2114 916 2169 meruit,
948 2121 1042 2171 quia
1070 2120 1182 2170 pacis
1211 2119 1375 2157 amicus,

421 2181 559 2229 Regna
580 2190 678 2219 tenet
699 2182 808 2228 caeli,
824 2181 1002 2218 Domino
1024 2187 1183 2218 testante
1206 2178 1324 2227 fideli.

423 2239 524 2277 Cum
545 2255 584 2277 se
606 2241 769 2289 collegit,
793 2241 971 2278 habitum
994 2239 1131 2277 Cister.
1157 2236 1376 2287 praeelegit.

424 2299 501 2337 Cui
524 2300 590 2350 qui
612 2308 750 2338 cuncta
771 2300 869 2349 regit
890 2307 1025 2349 parcat
1047 2313 1143 2348 quae
1166 2297 1320 2334 nescius
1341 2295 1429 2343 egit.

421 2359 572 2408 Defecit
598 2359 782 2396 membris
807 2359 979 2396 secunda
1007 2365 1111 2394 nocte
1140 2354 1358 2393 novembris

425 2419 545 2455 Anno
570 2418 777 2455 millesimo
802 2426 953 2456 centum
978 2425 1032 2455 ter
1059 2416 1116 2454 bis
1141 2429 1288 2465 quoque
1311 2414 1407 2450 deno

427 2477 677 2527 Septenoque.
700 2477 780 2514 Pia
799 2477 878 2514 sibi
897 2477 1010 2514 sistat
1030 2476 1138 2523 virgo
1159 2474 1309 2511 Maria.

530 2537 670 2575 Amen.

169 2624 334 2663 Illorum
357 2639 450 2674 ergo
476 2625 580 2663 filius
605 2625 764 2673 Petrus,
789 2626 837 2663 de
862 2639 941 2674 quo
965 2638 1072 2661 nunc
1097 2622 1213 2660 nobis
1237 2634 1368 2658 sermo
1393 2627 1467 2666 est,
1491 2630 1660 2655 uxorem
1684 2615 1804 2653 duxit

115 2683 321 2723 Joannam
345 2684 471 2722 filiam
495 2684 656 2734 Rogerii
676 2684 874 2722 Bet-nardi
896 2683 1055 2721 comitis
1080 2680 1288 2719 Fuxensis.
1315 2679 1377 2715 Ex
1398 2692 1442 2716 ea
1465 2676 1643 2725 suscepit
1664 2674 1803 2712 Alfon-

113 2757 205 2781 sum
236 2743 429 2782 comitem
462 2744 614 2782 Deniae
646 2751 686 2781 et
720 2743 997 2793 Ripacurtiae,
1032 2742 1235 2778 joannem
1267 2737 1458 2776 comitem
1490 2743 1804 2773 montanearum

116 2802 164 2840 de
197 2803 345 2850 Pratis,
386 2802 590 2840 Jacobum
637 2803 898 2849 cardinalem,
939 2801 987 2838 de
1031 2814 1111 2849 quo
1147 2799 1326 2835 dicemus
1366 2795 1472 2833 infra
1512 2807 1604 2831 cum
1637 2792 1688 2829 ad
1721 2792 1804 2829 Cle-

116 2862 263 2900 mentis
302 2862 381 2899 VII
420 2861 713 2911 pontificatum
750 2860 1067 2911 pervenerimus,
1107 2866 1148 2895 et
1186 2857 1410 2894 Leonoram
1450 2852 1572 2902 Cypri
1609 2851 1804 2900 reginam,

118 2934 222 2970 quae
255 2921 358 2959 obiit
389 2935 497 2958 anno
532 2920 827 2958 MCCCCXVII
862 2918 972 2969 apud
1004 2917 1287 2961 Barcinonem,
1322 2913 1391 2950 ubi
1423 2912 1533 2962 jacet
1565 2911 1605 2948 in
1640 2909 1806 2948 ecclesia

117 2979 295 3017 fratrum
317 2980 522 3017 Minorum
545 2993 637 3016 cum
660 2978 871 3028 epitaphio
895 2977 1003 3027 quod
1027 2975 1185 3014 editum
1207 2981 1268 3011 est
1290 2986 1312 3010 a
1336 2971 1531 3009 Michaele
1555 2968 1806 3013 Carbonem,

118 3038 187 3077 fol.
211 3038 287 3076 214
309 3038 594 3075 Chronicorum
615 3037 855 3086 Hispaniae.

173 3097 491 3148 Matrimonium,
515 3096 627 3134 istud
662 3095 773 3134 Petri
814 3094 983 3133 infantis
1020 3102 1059 3132 et
1095 3093 1280 3130 Joannae
1317 3088 1513 3126 Fuxensis
1558 3086 1808 3138 celebratum

119 3171 204 3194 esse
220 3170 327 3194 anno
344 3155 634 3193 MCCCXXXI
650 3155 748 3192 satis
767 3161 941 3192 constat.
964 3153 1021 3190 De
1037 3160 1222 3200 tempore
1238 3156 1334 3186 Vero
1351 3147 1483 3196 major
1499 3153 1560 3184 est
1576 3144 1808 3184 difficultas.
