<?xml version="1.0" encoding="UTF-8"?>
<!DOCTYPE html PUBLIC "-//W3C//DTD XHTML 1.0 Transitional//EN"
    "http://www.w3.org/TR/xhtml1/DTD/xhtml1-transitional.dtd">
<html xmlns="http://www.w3.org/1999/xhtml" xml:lang="en" lang="en">
 <head>
  <title>
</title>
<meta http-equiv="Content-Type" content="text/html;charset=utf-8" />
  <meta name='ocr-system' content='tesseract 3.04.00' />
  <meta name='ocr-capabilities' content='ocr_page ocr_carea ocr_par ocr_line ocrx_word'/>
</head>
<body>
  <div class='ocr_page' id='page_1' title='image "./vitaepaparumaven02balu_0661.png"; bbox 0 0 2083 3458; ppageno 0'>
   <div class='ocr_carea' id='block_1_1' title="bbox 132 226 1805 283">
    <p class='ocr_par' dir='ltr' id='par_1_1' title="bbox 132 226 1805 283">
     <span class='ocr_line' id='line_1_1' title="bbox 132 226 1805 283; baseline 0.005 -15"><span class='ocrx_word' id='word_1_1' title='bbox 132 226 273 283; x_wconf 71' lang='lat'>[1129]</span> <span class='ocrx_word' id='word_1_2' title='bbox 647 245 861 272; x_wconf 79' lang='lat' dir='ltr'><strong>PAPARUM</strong></span> <span class='ocrx_word' id='word_1_3' title='bbox 896 245 1280 272; x_wconf 74' lang='lat' dir='ltr'>AVENIONENSIUM</span> <span class='ocrx_word' id='word_1_4' title='bbox 1726 234 1805 276; x_wconf 84' lang='lat'>651</span> 
     </span>
    </p>
   </div>
   <div class='ocr_carea' id='block_1_2' title="bbox 119 323 1814 2797">
    <p class='ocr_par' dir='ltr' id='par_1_2' title="bbox 119 323 1808 494">
     <span class='ocr_line' id='line_1_2' title="bbox 119 323 1808 377; baseline 0.002 -14"><span class='ocrx_word' id='word_1_5' title='bbox 119 323 255 363; x_wconf 90' lang='lat' dir='ltr'>martii</span> <span class='ocrx_word' id='word_1_6' title='bbox 280 323 412 362; x_wconf 87' lang='lat' dir='ltr'>factus</span> <span class='ocrx_word' id='word_1_7' title='bbox 437 332 499 362; x_wconf 91' lang='lat' dir='ltr'>est</span> <span class='ocrx_word' id='word_1_8' title='bbox 515 324 530 347; x_wconf 79' lang='lat'>1</span> <span class='ocrx_word' id='word_1_9' title='bbox 555 325 879 376; x_wconf 85' lang='lat' dir='ltr'>archiepiscopus</span> <span class='ocrx_word' id='word_1_10' title='bbox 906 327 1306 375; x_wconf 83' lang='lat' dir='ltr'>Caesaraugustanus</span> <span class='ocrx_word' id='word_1_11' title='bbox 1331 327 1384 365; x_wconf 90' lang='lat' dir='ltr'>ad</span> <span class='ocrx_word' id='word_1_12' title='bbox 1409 341 1601 377; x_wconf 85' lang='lat' dir='ltr'>magnam</span> <span class='ocrx_word' id='word_1_13' title='bbox 1625 329 1808 367; x_wconf 76' lang='lat' dir='ltr'>cardina-</span> 
     </span>
     <span class='ocr_line' id='line_1_3' title="bbox 119 382 1805 437; baseline 0.004 -17"><span class='ocrx_word' id='word_1_14' title='bbox 119 384 215 421; x_wconf 90' lang='lat' dir='ltr'>lium</span> <span class='ocrx_word' id='word_1_15' title='bbox 250 382 505 430; x_wconf 75' lang='lat' dir='ltr'><strong>instantiam,</strong></span> <span class='ocrx_word' id='word_1_16' title='bbox 539 392 587 421; x_wconf 90' lang='lat' dir='ltr'>ut</span> <span class='ocrx_word' id='word_1_17' title='bbox 620 392 797 423; x_wconf 86' lang='lat' dir='ltr'>testatur</span> <span class='ocrx_word' id='word_1_18' title='bbox 830 385 938 424; x_wconf 88' lang='lat' dir='ltr'>idem</span> <span class='ocrx_word' id='word_1_19' title='bbox 973 386 1154 424; x_wconf 82' lang='lat' dir='ltr'>Clemens</span> <span class='ocrx_word' id='word_1_20' title='bbox 1188 385 1230 422; x_wconf 89' lang='lat' dir='ltr'>in</span> <span class='ocrx_word' id='word_1_21' title='bbox 1263 385 1469 436; x_wconf 83' lang='lat' dir='ltr'>epistola2</span> <span class='ocrx_word' id='word_1_22' title='bbox 1503 401 1583 437; x_wconf 90' lang='lat' dir='ltr'>qua</span> <span class='ocrx_word' id='word_1_23' title='bbox 1618 387 1805 427; x_wconf 86' lang='lat' dir='ltr'>eumdem</span> 
     </span>
     <span class='ocr_line' id='line_1_4' title="bbox 119 441 1206 494; baseline 0.002 -14"><span class='ocrx_word' id='word_1_24' title='bbox 119 441 467 493; x_wconf 90' lang='lat' dir='ltr'>archiepiscopum</span> <span class='ocrx_word' id='word_1_25' title='bbox 495 443 801 482; x_wconf 88' lang='lat' dir='ltr'>commendavit</span> <span class='ocrx_word' id='word_1_26' title='bbox 828 445 910 494; x_wconf 84' lang='lat' dir='ltr'>regi</span> <span class='ocrx_word' id='word_1_27' title='bbox 939 444 1206 494; x_wconf 82' lang='lat' dir='ltr'>Arragonum,</span> 
     </span>
    </p>

    <p class='ocr_par' dir='ltr' id='par_1_3' title="bbox 120 500 1807 672">
     <span class='ocr_line' id='line_1_5' title="bbox 172 500 1806 556; baseline 0.004 -18"><span class='ocrx_word' id='word_1_28' title='bbox 172 501 290 539; x_wconf 89' lang='lat' dir='ltr'>Anno</span> <span class='ocrx_word' id='word_1_29' title='bbox 322 500 596 539; x_wconf 90' lang='lat' dir='ltr'>MCCCXLVI</span> <span class='ocrx_word' id='word_1_30' title='bbox 630 502 912 541; x_wconf 80' lang='lat' dir='ltr'>consecravit³</span> <span class='ocrx_word' id='word_1_31' title='bbox 942 503 1053 554; x_wconf 88' lang='lat' dir='ltr'>apud</span> <span class='ocrx_word' id='word_1_32' title='bbox 1085 503 1339 542; x_wconf 90' lang='lat' dir='ltr'>Avenionem</span> <span class='ocrx_word' id='word_1_33' title='bbox 1372 504 1539 543; x_wconf 92' lang='lat' dir='ltr'>Petrum</span> <span class='ocrx_word' id='word_1_34' title='bbox 1570 505 1806 556; x_wconf 89' lang='lat' dir='ltr'>episcopum</span> 
     </span>
     <span class='ocr_line' id='line_1_6' title="bbox 120 560 1807 615; baseline 0.002 -16"><span class='ocrx_word' id='word_1_35' title='bbox 120 560 474 599; x_wconf 87' lang='lat' dir='ltr'>Constantiensem</span> <span class='ocrx_word' id='word_1_36' title='bbox 506 560 546 597; x_wconf 91' lang='lat' dir='ltr'>in</span> <span class='ocrx_word' id='word_1_37' title='bbox 580 562 861 611; x_wconf 77' lang='lat' dir='ltr'>patriarchatu</span> <span class='ocrx_word' id='word_1_38' title='bbox 896 562 1163 609; x_wconf 77' lang='lat' dir='ltr'>Antiocheno,</span> <span class='ocrx_word' id='word_1_39' title='bbox 1197 562 1377 612; x_wconf 85' lang='lat' dir='ltr'>itemque</span> <span class='ocrx_word' id='word_1_40' title='bbox 1414 563 1671 602; x_wconf 87' lang='lat' dir='ltr'>Franciscum</span> <span class='ocrx_word' id='word_1_41' title='bbox 1706 565 1807 615; x_wconf 86' lang='lat' dir='ltr'>epis-</span> 
     </span>
     <span class='ocr_line' id='line_1_7' title="bbox 120 619 1662 672; baseline 0.003 -14"><span class='ocrx_word' id='word_1_42' title='bbox 120 634 268 670; x_wconf 91' lang='lat' dir='ltr'>copum</span> <span class='ocrx_word' id='word_1_43' title='bbox 289 619 590 668; x_wconf 80' lang='lat' dir='ltr'>Canticensem3</span> <span class='ocrx_word' id='word_1_44' title='bbox 612 628 642 659; x_wconf 88' lang='lat' dir='ltr'>t.</span> <span class='ocrx_word' id='word_1_45' title='bbox 668 635 734 668; x_wconf 85' lang='lat' dir='ltr'>vn,</span> <span class='ocrx_word' id='word_1_46' title='bbox 756 620 987 670; x_wconf 85' lang='lat' dir='ltr'>Waddingi,</span> <span class='ocrx_word' id='word_1_47' title='bbox 1009 634 1048 671; x_wconf 88' lang='lat' dir='ltr'>p.</span> <span class='ocrx_word' id='word_1_48' title='bbox 1071 620 1159 668; x_wconf 87' lang='lat'>591,</span> <span class='ocrx_word' id='word_1_49' title='bbox 1182 620 1257 659; x_wconf 87' lang='lat'>593</span> <span class='ocrx_word' id='word_1_50' title='bbox 1278 621 1432 670; x_wconf 81' lang='lat' dir='ltr'>Regesti</span> <span class='ocrx_word' id='word_1_51' title='bbox 1452 622 1662 672; x_wconf 80' lang='lat' dir='ltr'>pontificii.</span> 
     </span>
    </p>

    <p class='ocr_par' dir='ltr' id='par_1_4' title="bbox 121 678 1807 906">
     <span class='ocr_line' id='line_1_8' title="bbox 175 678 1807 729; baseline 0.002 -13"><span class='ocrx_word' id='word_1_52' title='bbox 175 679 237 716; x_wconf 86' lang='lat' dir='ltr'>Ex</span> <span class='ocrx_word' id='word_1_53' title='bbox 282 678 475 717; x_wconf 85' lang='lat' dir='ltr'>cathedra</span> <span class='ocrx_word' id='word_1_54' title='bbox 523 679 899 729; x_wconf 84' lang='lat' dir='ltr'>Caesaraugustana</span> <span class='ocrx_word' id='word_1_55' title='bbox 967 680 1131 718; x_wconf 89' lang='lat' dir='ltr'>transiit</span> <span class='ocrx_word' id='word_1_56' title='bbox 1149 679 1165 702; x_wconf 80' lang='lat'>4</span> <span class='ocrx_word' id='word_1_57' title='bbox 1210 679 1262 717; x_wconf 89' lang='lat' dir='ltr'>ad</span> <span class='ocrx_word' id='word_1_58' title='bbox 1322 681 1628 721; x_wconf 86' lang='lat' dir='ltr'>Narbonensem</span> <span class='ocrx_word' id='word_1_59' title='bbox 1700 696 1807 720; x_wconf 87' lang='lat' dir='ltr'>anno</span> 
     </span>
     <span class='ocr_line' id='line_1_9' title="bbox 122 738 1807 788; baseline 0.002 -13"><span class='ocrx_word' id='word_1_60' title='bbox 122 738 433 784; x_wconf 89' lang='lat' dir='ltr'>MCCCXLVII‚</span> <span class='ocrx_word' id='word_1_61' title='bbox 456 752 498 775; x_wconf 92' lang='lat' dir='ltr'>1v</span> <span class='ocrx_word' id='word_1_62' title='bbox 533 738 621 788; x_wconf 84' lang='lat'>[10]</span> <span class='ocrx_word' id='word_1_63' title='bbox 645 738 735 776; x_wconf 88' lang='lat' dir='ltr'>idus</span> <span class='ocrx_word' id='word_1_64' title='bbox 758 738 947 788; x_wconf 87' lang='lat' dir='ltr'>januarii.</span> <span class='ocrx_word' id='word_1_65' title='bbox 973 738 1159 776; x_wconf 90' lang='lat' dir='ltr'>Adnotat</span> <span class='ocrx_word' id='word_1_66' title='bbox 1181 747 1321 777; x_wconf 91' lang='lat' dir='ltr'>autem</span> <span class='ocrx_word' id='word_1_67' title='bbox 1345 739 1556 778; x_wconf 86' lang='lat' dir='ltr'>Massonus</span> <span class='ocrx_word' id='word_1_68' title='bbox 1580 754 1673 780; x_wconf 91' lang='lat' dir='ltr'>eum</span> <span class='ocrx_word' id='word_1_69' title='bbox 1697 741 1807 779; x_wconf 84' lang='lat' dir='ltr'>refici</span> 
     </span>
     <span class='ocr_line' id='line_1_10' title="bbox 121 796 1807 849; baseline 0.002 -14"><span class='ocrx_word' id='word_1_70' title='bbox 121 811 167 835; x_wconf 93' lang='lat' dir='ltr'>ac</span> <span class='ocrx_word' id='word_1_71' title='bbox 189 797 349 836; x_wconf 88' lang='lat' dir='ltr'>restitui</span> <span class='ocrx_word' id='word_1_72' title='bbox 371 796 622 846; x_wconf 86' lang='lat' dir='ltr'>episcopium</span> <span class='ocrx_word' id='word_1_73' title='bbox 644 797 748 835; x_wconf 90' lang='lat' dir='ltr'>illius</span> <span class='ocrx_word' id='word_1_74' title='bbox 772 798 951 835; x_wconf 91' lang='lat' dir='ltr'>coloniae</span> <span class='ocrx_word' id='word_1_75' title='bbox 974 798 1205 848; x_wconf 87' lang='lat' dir='ltr'>sumptibus</span> <span class='ocrx_word' id='word_1_76' title='bbox 1229 798 1309 835; x_wconf 88' lang='lat' dir='ltr'>suis</span> <span class='ocrx_word' id='word_1_77' title='bbox 1332 806 1456 848; x_wconf 88' lang='lat' dir='ltr'>atque</span> <span class='ocrx_word' id='word_1_78' title='bbox 1479 798 1670 849; x_wconf 85' lang='lat' dir='ltr'>impensis</span> <span class='ocrx_word' id='word_1_79' title='bbox 1695 813 1807 839; x_wconf 79' lang='lat' dir='ltr'>man·</span> 
     </span>
     <span class='ocr_line' id='line_1_11' title="bbox 122 855 1806 906; baseline 0.002 -13"><span class='ocrx_word' id='word_1_80' title='bbox 122 856 256 903; x_wconf 83' lang='lat' dir='ltr'>dasse3</span> <span class='ocrx_word' id='word_1_81' title='bbox 283 855 392 906; x_wconf 91' lang='lat' dir='ltr'>quod</span> <span class='ocrx_word' id='word_1_82' title='bbox 416 870 559 893; x_wconf 92' lang='lat' dir='ltr'>verum</span> <span class='ocrx_word' id='word_1_83' title='bbox 583 864 657 903; x_wconf 85' lang='lat' dir='ltr'>est,</span> <span class='ocrx_word' id='word_1_84' title='bbox 682 864 908 906; x_wconf 88' lang='lat' dir='ltr'>extantque</span> <span class='ocrx_word' id='word_1_85' title='bbox 932 857 1159 896; x_wconf 86' lang='lat' dir='ltr'>etiamnum</span> <span class='ocrx_word' id='word_1_86' title='bbox 1183 858 1312 895; x_wconf 91' lang='lat' dir='ltr'>multa</span> <span class='ocrx_word' id='word_1_87' title='bbox 1337 857 1573 895; x_wconf 89' lang='lat' dir='ltr'>testimonia</span> <span class='ocrx_word' id='word_1_88' title='bbox 1596 858 1713 896; x_wconf 91' lang='lat' dir='ltr'>istius</span> <span class='ocrx_word' id='word_1_89' title='bbox 1738 858 1806 898; x_wconf 82' lang='lat' dir='ltr'>rei.</span> 
     </span>
    </p>

    <p class='ocr_par' dir='ltr' id='par_1_5' title="bbox 121 915 1812 2090">
     <span class='ocr_line' id='line_1_12' title="bbox 174 915 1807 966; baseline 0.001 -13"><span class='ocrx_word' id='word_1_90' title='bbox 174 915 292 953; x_wconf 90' lang='lat' dir='ltr'>Anno</span> <span class='ocrx_word' id='word_1_91' title='bbox 315 915 612 953; x_wconf 88' lang='lat' dir='ltr'><strong>MCCCXLVII</strong></span> <span class='ocrx_word' id='word_1_92' title='bbox 634 923 721 953; x_wconf 89' lang='lat' dir='ltr'>erat</span> <span class='ocrx_word' id='word_1_93' title='bbox 744 915 951 954; x_wconf 89' lang='lat' dir='ltr'>Avenione</span> <span class='ocrx_word' id='word_1_94' title='bbox 975 929 1054 965; x_wconf 91' lang='lat' dir='ltr'>qua</span> <span class='ocrx_word' id='word_1_95' title='bbox 1076 924 1323 965; x_wconf 84' lang='lat' dir='ltr'>tempestate</span> <span class='ocrx_word' id='word_1_96' title='bbox 1346 916 1455 966; x_wconf 92' lang='lat' dir='ltr'>apud</span> <span class='ocrx_word' id='word_1_97' title='bbox 1479 917 1728 956; x_wconf 89' lang='lat' dir='ltr'>Clementem</span> <span class='ocrx_word' id='word_1_98' title='bbox 1750 917 1807 954; x_wconf 90' lang='lat' dir='ltr'>VI</span> 
     </span>
     <span class='ocr_line' id='line_1_13' title="bbox 121 974 1806 1024; baseline 0 -11"><span class='ocrx_word' id='word_1_99' title='bbox 121 975 380 1014; x_wconf 86' lang='lat' dir='ltr'>tractabatur</span> <span class='ocrx_word' id='word_1_100' title='bbox 406 974 454 1012; x_wconf 90' lang='lat' dir='ltr'>de</span> <span class='ocrx_word' id='word_1_101' title='bbox 481 974 788 1013; x_wconf 87' lang='lat' dir='ltr'>canonizatione</span> <span class='ocrx_word' id='word_1_102' title='bbox 813 974 944 1012; x_wconf 90' lang='lat' dir='ltr'>sancti</span> <span class='ocrx_word' id='word_1_103' title='bbox 975 974 1109 1012; x_wconf 89' lang='lat' dir='ltr'>lvonis</span> <span class='ocrx_word' id='word_1_104' title='bbox 1135 975 1374 1024; x_wconf 87' lang='lat' dir='ltr'>presbyteri.</span> <span class='ocrx_word' id='word_1_105' title='bbox 1403 975 1643 1024; x_wconf 83' lang='lat' dir='ltr'>Aegrotavit</span> <span class='ocrx_word' id='word_1_106' title='bbox 1669 984 1806 1014; x_wconf 90' lang='lat' dir='ltr'>autem</span> 
     </span>
     <span class='ocr_line' id='line_1_14' title="bbox 121 1033 1808 1084; baseline 0.001 -12"><span class='ocrx_word' id='word_1_107' title='bbox 121 1043 211 1072; x_wconf 91' lang='lat' dir='ltr'>tum</span> <span class='ocrx_word' id='word_1_108' title='bbox 229 1033 475 1084; x_wconf 81' lang='lat' dir='ltr'>gravissime.</span> <span class='ocrx_word' id='word_1_109' title='bbox 494 1033 607 1070; x_wconf 92' lang='lat' dir='ltr'>Istud</span> <span class='ocrx_word' id='word_1_110' title='bbox 625 1041 825 1072; x_wconf 86' lang='lat' dir='ltr'>testatum</span> <span class='ocrx_word' id='word_1_111' title='bbox 837 1033 932 1072; x_wconf 90' lang='lat' dir='ltr'>fecit</span> <span class='ocrx_word' id='word_1_112' title='bbox 946 1033 1186 1071; x_wconf 88' lang='lat' dir='ltr'>Laurentius</span> <span class='ocrx_word' id='word_1_113' title='bbox 1200 1033 1336 1071; x_wconf 83' lang='lat' dir='ltr'>Surius</span> <span class='ocrx_word' id='word_1_114' title='bbox 1353 1034 1394 1071; x_wconf 90' lang='lat' dir='ltr'>in</span> <span class='ocrx_word' id='word_1_115' title='bbox 1409 1034 1486 1072; x_wconf 87' lang='lat' dir='ltr'>fine</span> <span class='ocrx_word' id='word_1_116' title='bbox 1504 1034 1614 1072; x_wconf 83' lang='lat' dir='ltr'>Vitae</span> <span class='ocrx_word' id='word_1_117' title='bbox 1626 1035 1808 1084; x_wconf 84' lang='lat' dir='ltr'>ejusdem</span> 
     </span>
     <span class='ocr_line' id='line_1_15' title="bbox 126 1092 1809 1143; baseline -0.001 -12"><span class='ocrx_word' id='word_1_118' title='bbox 126 1094 274 1131; x_wconf 87' lang='lat' dir='ltr'>lvonis.</span> <span class='ocrx_word' id='word_1_119' title='bbox 324 1092 442 1130; x_wconf 72' lang='lat' dir='ltr'>Gravi</span> <span class='ocrx_word' id='word_1_120' title='bbox 483 1100 566 1130; x_wconf 89' lang='lat' dir='ltr'>tum</span> <span class='ocrx_word' id='word_1_121' title='bbox 608 1093 750 1139; x_wconf 87' lang='lat' dir='ltr'>morbo,</span> <span class='ocrx_word' id='word_1_122' title='bbox 792 1093 938 1142; x_wconf 90' lang='lat' dir='ltr'>inquit,</span> <span class='ocrx_word' id='word_1_123' title='bbox 981 1093 1142 1142; x_wconf 67' lang='lat' dir='ltr'>affectus</span> <span class='ocrx_word' id='word_1_124' title='bbox 1182 1100 1262 1129; x_wconf 84' lang='lat' dir='ltr'>erat</span> <span class='ocrx_word' id='word_1_125' title='bbox 1303 1106 1421 1142; x_wconf 88' lang='lat' dir='ltr'>nepos</span> <span class='ocrx_word' id='word_1_126' title='bbox 1470 1092 1556 1142; x_wconf 87' lang='lat' dir='ltr'>ejus</span> <span class='ocrx_word' id='word_1_127' title='bbox 1608 1093 1809 1143; x_wconf 78' lang='lat' dir='ltr'>pontificis</span> 
     </span>
     <span class='ocr_line' id='line_1_16' title="bbox 124 1150 1807 1203; baseline 0 -13"><span class='ocrx_word' id='word_1_128' title='bbox 124 1153 297 1203; x_wconf 78' lang='lat' dir='ltr'>idemque</span> <span class='ocrx_word' id='word_1_129' title='bbox 328 1151 645 1201; x_wconf 80' lang='lat' dir='ltr'>archiepiscopus</span> <span class='ocrx_word' id='word_1_130' title='bbox 679 1151 963 1198; x_wconf 77' lang='lat' dir='ltr'>Narbonensis,</span> <span class='ocrx_word' id='word_1_131' title='bbox 995 1165 1177 1201; x_wconf 79' lang='lat' dir='ltr'>spemque</span> <span class='ocrx_word' id='word_1_132' title='bbox 1209 1150 1308 1188; x_wconf 75' lang='lat' dir='ltr'>vitae</span> <span class='ocrx_word' id='word_1_133' title='bbox 1339 1151 1424 1200; x_wconf 80' lang='lat' dir='ltr'>ejus</span> <span class='ocrx_word' id='word_1_134' title='bbox 1457 1152 1594 1189; x_wconf 88' lang='lat' dir='ltr'>medici</span> <span class='ocrx_word' id='word_1_135' title='bbox 1626 1161 1660 1190; x_wconf 86' lang='lat' dir='ltr'>et</span> <span class='ocrx_word' id='word_1_136' title='bbox 1691 1152 1807 1203; x_wconf 85' lang='lat' dir='ltr'>periti</span> 
     </span>
     <span class='ocr_line' id='line_1_17' title="bbox 123 1210 1807 1261; baseline -0.001 -12"><span class='ocrx_word' id='word_1_137' title='bbox 123 1212 296 1250; x_wconf 83' lang='lat' dir='ltr'>homines</span> <span class='ocrx_word' id='word_1_138' title='bbox 316 1211 547 1261; x_wconf 87' lang='lat' dir='ltr'>abjecerant.</span> <span class='ocrx_word' id='word_1_139' title='bbox 572 1210 648 1248; x_wconf 85' lang='lat' dir='ltr'>Sed</span> <span class='ocrx_word' id='word_1_140' title='bbox 667 1226 754 1248; x_wconf 87' lang='lat' dir='ltr'>cum</span> <span class='ocrx_word' id='word_1_141' title='bbox 777 1210 885 1248; x_wconf 84' lang='lat' dir='ltr'>illius</span> <span class='ocrx_word' id='word_1_142' title='bbox 905 1210 1024 1248; x_wconf 89' lang='lat' dir='ltr'>amici</span> <span class='ocrx_word' id='word_1_143' title='bbox 1042 1210 1117 1247; x_wconf 89' lang='lat' dir='ltr'>Dei</span> <span class='ocrx_word' id='word_1_144' title='bbox 1139 1218 1172 1247; x_wconf 85' lang='lat' dir='ltr'>et</span> <span class='ocrx_word' id='word_1_145' title='bbox 1195 1210 1292 1247; x_wconf 87' lang='lat' dir='ltr'>beati</span> <span class='ocrx_word' id='word_1_146' title='bbox 1317 1210 1450 1247; x_wconf 67' lang='lat' dir='ltr'>lvonis</span> <span class='ocrx_word' id='word_1_147' title='bbox 1471 1225 1582 1260; x_wconf 88' lang='lat' dir='ltr'>opem</span> <span class='ocrx_word' id='word_1_148' title='bbox 1604 1210 1807 1260; x_wconf 84' lang='lat' dir='ltr'>imploras-</span> 
     </span>
     <span class='ocr_line' id='line_1_18' title="bbox 121 1269 1809 1320; baseline -0.001 -12"><span class='ocrx_word' id='word_1_149' title='bbox 121 1279 217 1319; x_wconf 87' lang='lat' dir='ltr'>sent,</span> <span class='ocrx_word' id='word_1_150' title='bbox 241 1278 456 1320; x_wconf 83' lang='lat' dir='ltr'>certumque</span> <span class='ocrx_word' id='word_1_151' title='bbox 479 1278 608 1307; x_wconf 71' lang='lat' dir='ltr'>votum</span> <span class='ocrx_word' id='word_1_152' title='bbox 632 1270 736 1307; x_wconf 80' lang='lat' dir='ltr'>beato</span> <span class='ocrx_word' id='word_1_153' title='bbox 764 1269 874 1307; x_wconf 76' lang='lat' dir='ltr'>Ivoni</span> <span class='ocrx_word' id='word_1_154' title='bbox 898 1277 1204 1318; x_wconf 87' lang='lat' dir='ltr'>nuncupassent,</span> <span class='ocrx_word' id='word_1_155' title='bbox 1221 1269 1353 1306; x_wconf 86' lang='lat' dir='ltr'>statim</span> <span class='ocrx_word' id='word_1_156' title='bbox 1377 1269 1435 1306; x_wconf 84' lang='lat' dir='ltr'>illi</span> <span class='ocrx_word' id='word_1_157' title='bbox 1460 1269 1680 1307; x_wconf 84' lang='lat' dir='ltr'>instaurata</span> <span class='ocrx_word' id='word_1_158' title='bbox 1700 1271 1809 1308; x_wconf 81' lang='lat' dir='ltr'>salus</span> 
     </span>
     <span class='ocr_line' id='line_1_19' title="bbox 123 1328 1809 1377; baseline -0.001 -9"><span class='ocrx_word' id='word_1_159' title='bbox 123 1339 187 1369; x_wconf 86' lang='lat' dir='ltr'>est.</span> <span class='ocrx_word' id='word_1_160' title='bbox 210 1331 312 1368; x_wconf 85' lang='lat' dir='ltr'>Eam</span> <span class='ocrx_word' id='word_1_161' title='bbox 332 1329 382 1368; x_wconf 91' lang='lat' dir='ltr'>ob</span> <span class='ocrx_word' id='word_1_162' title='bbox 401 1343 567 1368; x_wconf 88' lang='lat' dir='ltr'>causam</span> <span class='ocrx_word' id='word_1_163' title='bbox 585 1343 666 1366; x_wconf 89' lang='lat' dir='ltr'>non</span> <span class='ocrx_word' id='word_1_164' title='bbox 685 1328 830 1366; x_wconf 89' lang='lat' dir='ltr'>habuit</span> <span class='ocrx_word' id='word_1_165' title='bbox 848 1328 1107 1367; x_wconf 90' lang='lat' dir='ltr'>collationem</span> <span class='ocrx_word' id='word_1_166' title='bbox 1126 1342 1251 1377; x_wconf 90' lang='lat' dir='ltr'>quam</span> <span class='ocrx_word' id='word_1_167' title='bbox 1269 1328 1415 1366; x_wconf 88' lang='lat' dir='ltr'>habere</span> <span class='ocrx_word' id='word_1_168' title='bbox 1435 1328 1612 1366; x_wconf 85' lang='lat' dir='ltr'>debebat</span> <span class='ocrx_word' id='word_1_169' title='bbox 1629 1328 1667 1366; x_wconf 89' lang='lat' dir='ltr'>in</span> <span class='ocrx_word' id='word_1_170' title='bbox 1689 1342 1809 1367; x_wconf 79' lang='lat' dir='ltr'>causa</span> 
     </span>
     <span class='ocr_line' id='line_1_20' title="bbox 122 1387 1809 1439; baseline -0.002 -11"><span class='ocrx_word' id='word_1_171' title='bbox 122 1389 306 1439; x_wconf 76' lang='lat' dir='ltr'>ejusdem</span> <span class='ocrx_word' id='word_1_172' title='bbox 328 1388 662 1435; x_wconf 85' lang='lat' dir='ltr'>canonizationis,</span> <span class='ocrx_word' id='word_1_173' title='bbox 685 1396 733 1426; x_wconf 91' lang='lat' dir='ltr'>ut</span> <span class='ocrx_word' id='word_1_174' title='bbox 754 1396 962 1426; x_wconf 86' lang='lat' dir='ltr'>testantur</span> <span class='ocrx_word' id='word_1_175' title='bbox 983 1387 1080 1425; x_wconf 90' lang='lat' dir='ltr'>socii</span> <span class='ocrx_word' id='word_1_176' title='bbox 1101 1387 1372 1433; x_wconf 89' lang='lat' dir='ltr'>Bollandiani,</span> <span class='ocrx_word' id='word_1_177' title='bbox 1395 1395 1424 1425; x_wconf 91' lang='lat' dir='ltr'>t.</span> <span class='ocrx_word' id='word_1_178' title='bbox 1448 1401 1502 1433; x_wconf 89' lang='lat' dir='ltr'>lv,</span> <span class='ocrx_word' id='word_1_179' title='bbox 1527 1387 1636 1434; x_wconf 88' lang='lat' dir='ltr'>maii,</span> <span class='ocrx_word' id='word_1_180' title='bbox 1659 1402 1696 1437; x_wconf 87' lang='lat' dir='ltr'>p.</span> <span class='ocrx_word' id='word_1_181' title='bbox 1721 1387 1809 1435; x_wconf 82' lang='grc'><strong>579,</strong></span> 
     </span>
     <span class='ocr_line' id='line_1_21' title="bbox 124 1445 1811 1497; baseline -0.002 -10"><span class='ocrx_word' id='word_1_182' title='bbox 124 1449 182 1487; x_wconf 90' lang='lat' dir='ltr'>his</span> <span class='ocrx_word' id='word_1_183' title='bbox 209 1448 342 1487; x_wconf 87' lang='lat' dir='ltr'>verbis</span> <span class='ocrx_word' id='word_1_184' title='bbox 371 1464 379 1486; x_wconf 88' lang='lat'>:</span> <span class='ocrx_word' id='word_1_185' title='bbox 407 1447 556 1497; x_wconf 79' lang='lat' dir='ltr'>Quarta</span> <span class='ocrx_word' id='word_1_186' title='bbox 582 1447 733 1485; x_wconf 80' lang='lat' dir='ltr'>collatio</span> <span class='ocrx_word' id='word_1_187' title='bbox 758 1455 812 1485; x_wconf 89' lang='lat' dir='ltr'>est</span> <span class='ocrx_word' id='word_1_188' title='bbox 837 1446 1123 1496; x_wconf 85' lang='lat' dir='ltr'>archiepiscopi</span> <span class='ocrx_word' id='word_1_189' title='bbox 1151 1445 1435 1493; x_wconf 72' lang='lat' dir='ltr'>Narbonensis,</span> <span class='ocrx_word' id='word_1_190' title='bbox 1464 1461 1539 1495; x_wconf 83' lang='lat' dir='ltr'>qua</span> <span class='ocrx_word' id='word_1_191' title='bbox 1564 1446 1811 1495; x_wconf 72' lang='lat' dir='ltr'>supplicatur</span> 
     </span>
     <span class='ocr_line' id='line_1_22' title="bbox 123 1504 1809 1558; baseline -0.002 -13"><span class='ocrx_word' id='word_1_192' title='bbox 123 1521 239 1558; x_wconf 84' lang='lat' dir='ltr'>super</span> <span class='ocrx_word' id='word_1_193' title='bbox 263 1506 557 1545; x_wconf 82' lang='lat' dir='ltr'>canonizatione</span> <span class='ocrx_word' id='word_1_194' title='bbox 584 1507 616 1545; x_wconf 85' lang='lat' dir='ltr'>b.</span> <span class='ocrx_word' id='word_1_195' title='bbox 649 1506 810 1554; x_wconf 72' lang='lat' dir='ltr'>Yvonis,</span> <span class='ocrx_word' id='word_1_196' title='bbox 836 1520 953 1556; x_wconf 83' lang='lat' dir='ltr'>quam</span> <span class='ocrx_word' id='word_1_197' title='bbox 977 1513 1132 1555; x_wconf 87' lang='lat' dir='ltr'>propter</span> <span class='ocrx_word' id='word_1_198' title='bbox 1157 1504 1426 1553; x_wconf 81' lang='lat' dir='ltr'>infirmitatem</span> <span class='ocrx_word' id='word_1_199' title='bbox 1447 1519 1522 1554; x_wconf 84' lang='lat' dir='ltr'>qua</span> <span class='ocrx_word' id='word_1_200' title='bbox 1549 1505 1650 1542; x_wconf 87' lang='lat' dir='ltr'>idem</span> <span class='ocrx_word' id='word_1_201' title='bbox 1665 1504 1809 1542; x_wconf 82' lang='lat' dir='ltr'>archie-</span> 
     </span>
     <span class='ocr_line' id='line_1_23' title="bbox 123 1564 1810 1617; baseline -0.002 -12"><span class='ocrx_word' id='word_1_202' title='bbox 123 1567 308 1617; x_wconf 88' lang='lat' dir='ltr'>piscopus</span> <span class='ocrx_word' id='word_1_203' title='bbox 329 1575 420 1605; x_wconf 87' lang='lat' dir='ltr'>tunc</span> <span class='ocrx_word' id='word_1_204' title='bbox 440 1566 623 1616; x_wconf 87' lang='lat' dir='ltr'>temporis</span> <span class='ocrx_word' id='word_1_205' title='bbox 645 1565 855 1603; x_wconf 72' lang='lat' dir='ltr'>vexabatur</span> <span class='ocrx_word' id='word_1_206' title='bbox 875 1579 953 1602; x_wconf 90' lang='lat' dir='ltr'>non</span> <span class='ocrx_word' id='word_1_207' title='bbox 973 1564 1100 1614; x_wconf 87' lang='lat' dir='ltr'>potuit</span> <span class='ocrx_word' id='word_1_208' title='bbox 1119 1564 1274 1614; x_wconf 80' lang='lat' dir='ltr'>publice</span> <span class='ocrx_word' id='word_1_209' title='bbox 1295 1564 1529 1613; x_wconf 83' lang='lat' dir='ltr'>praedicare.</span> <span class='ocrx_word' id='word_1_210' title='bbox 1562 1564 1671 1601; x_wconf 89' lang='lat' dir='ltr'>Haec</span> <span class='ocrx_word' id='word_1_211' title='bbox 1703 1564 1810 1602; x_wconf 86' lang='lat' dir='ltr'>enim</span> 
     </span>
     <span class='ocr_line' id='line_1_24' title="bbox 122 1622 1811 1676; baseline -0.004 -11"><span class='ocrx_word' id='word_1_212' title='bbox 122 1627 271 1676; x_wconf 71' lang='lat' dir='ltr'>scripta</span> <span class='ocrx_word' id='word_1_213' title='bbox 291 1634 387 1664; x_wconf 90' lang='lat' dir='ltr'>sunt</span> <span class='ocrx_word' id='word_1_214' title='bbox 404 1626 445 1663; x_wconf 88' lang='lat' dir='ltr'>in</span> <span class='ocrx_word' id='word_1_215' title='bbox 462 1625 586 1663; x_wconf 88' lang='lat' dir='ltr'>titulo</span> <span class='ocrx_word' id='word_1_216' title='bbox 604 1624 787 1674; x_wconf 84' lang='lat' dir='ltr'>ejusdem</span> <span class='ocrx_word' id='word_1_217' title='bbox 806 1624 1032 1662; x_wconf 89' lang='lat' dir='ltr'>collationis</span> <span class='ocrx_word' id='word_1_218' title='bbox 1050 1623 1092 1662; x_wconf 91' lang='lat' dir='ltr'>in</span> <span class='ocrx_word' id='word_1_219' title='bbox 1110 1623 1237 1661; x_wconf 89' lang='lat' dir='ltr'>veteri</span> <span class='ocrx_word' id='word_1_220' title='bbox 1257 1623 1391 1661; x_wconf 88' lang='lat' dir='ltr'>codice</span> <span class='ocrx_word' id='word_1_221' title='bbox 1411 1637 1491 1672; x_wconf 88' lang='lat' dir='ltr'>quo</span> <span class='ocrx_word' id='word_1_222' title='bbox 1510 1623 1584 1660; x_wconf 89' lang='lat' dir='ltr'>viri</span> <span class='ocrx_word' id='word_1_223' title='bbox 1603 1622 1811 1660; x_wconf 86' lang='lat' dir='ltr'>clarissimi</span> 
     </span>
     <span class='ocr_line' id='line_1_25' title="bbox 122 1681 1811 1733; baseline -0.002 -10"><span class='ocrx_word' id='word_1_224' title='bbox 122 1686 358 1724; x_wconf 81' lang='lat' dir='ltr'>utebantur.</span> <span class='ocrx_word' id='word_1_225' title='bbox 384 1685 439 1722; x_wconf 84' lang='lat' dir='ltr'>At</span> <span class='ocrx_word' id='word_1_226' title='bbox 461 1685 501 1722; x_wconf 89' lang='lat' dir='ltr'>in</span> <span class='ocrx_word' id='word_1_227' title='bbox 526 1684 662 1722; x_wconf 89' lang='lat' dir='ltr'>codice</span> <span class='ocrx_word' id='word_1_228' title='bbox 686 1683 841 1733; x_wconf 82' lang='lat' dir='ltr'>collegii</span> <span class='ocrx_word' id='word_1_229' title='bbox 860 1683 1065 1721; x_wconf 87' lang='lat' dir='ltr'>Choletaei</span> <span class='ocrx_word' id='word_1_230' title='bbox 1088 1682 1198 1732; x_wconf 86' lang='lat' dir='ltr'>apud</span> <span class='ocrx_word' id='word_1_231' title='bbox 1219 1682 1426 1720; x_wconf 87' lang='lat' dir='ltr'>Lutetiam</span> <span class='ocrx_word' id='word_1_232' title='bbox 1445 1681 1690 1720; x_wconf 87' lang='lat' dir='ltr'>Parisiorum</span> <span class='ocrx_word' id='word_1_233' title='bbox 1713 1681 1811 1719; x_wconf 91' lang='lat' dir='ltr'>nihil</span> 
     </span>
     <span class='ocr_line' id='line_1_26' title="bbox 122 1740 1810 1790; baseline -0.004 -7"><span class='ocrx_word' id='word_1_234' title='bbox 122 1745 238 1783; x_wconf 88' lang='lat' dir='ltr'>istius</span> <span class='ocrx_word' id='word_1_235' title='bbox 263 1745 373 1783; x_wconf 88' lang='lat' dir='ltr'>modi</span> <span class='ocrx_word' id='word_1_236' title='bbox 396 1744 571 1782; x_wconf 87' lang='lat' dir='ltr'>habetur</span> <span class='ocrx_word' id='word_1_237' title='bbox 593 1744 634 1780; x_wconf 90' lang='lat' dir='ltr'>in</span> <span class='ocrx_word' id='word_1_238' title='bbox 656 1743 793 1790; x_wconf 89' lang='lat' dir='ltr'>titulo,</span> <span class='ocrx_word' id='word_1_239' title='bbox 816 1742 886 1781; x_wconf 89' lang='lat' dir='ltr'>sed</span> <span class='ocrx_word' id='word_1_240' title='bbox 910 1743 1007 1780; x_wconf 88' lang='lat' dir='ltr'>haec</span> <span class='ocrx_word' id='word_1_241' title='bbox 1030 1750 1197 1779; x_wconf 88' lang='lat' dir='ltr'>tantum</span> <span class='ocrx_word' id='word_1_242' title='bbox 1221 1757 1228 1778; x_wconf 89' lang='lat'><strong>:</strong></span> <span class='ocrx_word' id='word_1_243' title='bbox 1254 1740 1351 1778; x_wconf 87' lang='lat' dir='ltr'>Alia</span> <span class='ocrx_word' id='word_1_244' title='bbox 1373 1740 1524 1778; x_wconf 80' lang='lat' dir='ltr'>collatio</span> <span class='ocrx_word' id='word_1_245' title='bbox 1550 1755 1620 1789; x_wconf 92' lang='lat' dir='ltr'>pro</span> <span class='ocrx_word' id='word_1_246' title='bbox 1651 1740 1810 1777; x_wconf 83' lang='lat' dir='ltr'>canoni·</span> 
     </span>
     <span class='ocr_line' id='line_1_27' title="bbox 122 1798 1806 1853; baseline -0.004 -11"><span class='ocrx_word' id='word_1_247' title='bbox 122 1804 271 1842; x_wconf 86' lang='lat' dir='ltr'>zatione</span> <span class='ocrx_word' id='word_1_248' title='bbox 301 1803 474 1853; x_wconf 85' lang='lat' dir='ltr'>ejusdem</span> <span class='ocrx_word' id='word_1_249' title='bbox 504 1802 654 1840; x_wconf 87' lang='lat' dir='ltr'>domini</span> <span class='ocrx_word' id='word_1_250' title='bbox 692 1801 853 1848; x_wconf 72' lang='lat' dir='ltr'>Yvonis,</span> <span class='ocrx_word' id='word_1_251' title='bbox 885 1801 1035 1838; x_wconf 88' lang='lat' dir='ltr'>domini</span> <span class='ocrx_word' id='word_1_252' title='bbox 1067 1800 1174 1838; x_wconf 86' lang='lat' dir='ltr'>Petri</span> <span class='ocrx_word' id='word_1_253' title='bbox 1205 1799 1489 1849; x_wconf 81' lang='lat' dir='ltr'>archiepiscopi</span> <span class='ocrx_word' id='word_1_254' title='bbox 1521 1798 1806 1837; x_wconf 82' lang='lat' dir='ltr'>Narbonensis.</span> 
     </span>
     <span class='ocr_line' id='line_1_28' title="bbox 123 1858 1811 1913; baseline -0.003 -12"><span class='ocrx_word' id='word_1_255' title='bbox 123 1864 273 1903; x_wconf 90' lang='lat' dir='ltr'>Verum</span> <span class='ocrx_word' id='word_1_256' title='bbox 299 1877 348 1901; x_wconf 87' lang='lat' dir='ltr'>ex</span> <span class='ocrx_word' id='word_1_257' title='bbox 374 1863 539 1913; x_wconf 85' lang='lat' dir='ltr'>prologo</span> <span class='ocrx_word' id='word_1_258' title='bbox 565 1861 792 1900; x_wconf 89' lang='lat' dir='ltr'>collationis</span> <span class='ocrx_word' id='word_1_259' title='bbox 819 1860 1018 1898; x_wconf 90' lang='lat' dir='ltr'>Amanevi</span> <span class='ocrx_word' id='word_1_260' title='bbox 1044 1859 1334 1909; x_wconf 89' lang='lat' dir='ltr'>archiepiscopi</span> <span class='ocrx_word' id='word_1_261' title='bbox 1359 1858 1681 1908; x_wconf 81' lang='lat' dir='ltr'>Burdegalensis,</span> <span class='ocrx_word' id='word_1_262' title='bbox 1709 1871 1811 1907; x_wconf 90' lang='lat' dir='ltr'>quae</span> 
     </span>
     <span class='ocr_line' id='line_1_29' title="bbox 123 1917 1811 1973; baseline -0.004 -12"><span class='ocrx_word' id='word_1_263' title='bbox 123 1923 263 1961; x_wconf 84' lang='lat' dir='ltr'>statim</span> <span class='ocrx_word' id='word_1_264' title='bbox 285 1931 378 1973; x_wconf 87' lang='lat' dir='ltr'>post</span> <span class='ocrx_word' id='word_1_265' title='bbox 399 1921 658 1960; x_wconf 88' lang='lat' dir='ltr'>collationem</span> <span class='ocrx_word' id='word_1_266' title='bbox 678 1919 968 1970; x_wconf 90' lang='lat' dir='ltr'>archiepiscopi</span> <span class='ocrx_word' id='word_1_267' title='bbox 991 1918 1264 1956; x_wconf 89' lang='lat' dir='ltr'>Narbonensis</span> <span class='ocrx_word' id='word_1_268' title='bbox 1285 1917 1468 1967; x_wconf 89' lang='lat' dir='ltr'>sequitur</span> <span class='ocrx_word' id='word_1_269' title='bbox 1487 1917 1529 1954; x_wconf 90' lang='lat' dir='ltr'>in</span> <span class='ocrx_word' id='word_1_270' title='bbox 1549 1917 1676 1955; x_wconf 84' lang='lat' dir='ltr'>Veteri</span> <span class='ocrx_word' id='word_1_271' title='bbox 1695 1917 1811 1963; x_wconf 86' lang='lat' dir='ltr'>libro,</span> 
     </span>
     <span class='ocr_line' id='line_1_30' title="bbox 123 1975 1812 2030; baseline -0.005 -10"><span class='ocrx_word' id='word_1_272' title='bbox 123 1982 221 2020; x_wconf 87' lang='lat' dir='ltr'>satis</span> <span class='ocrx_word' id='word_1_273' title='bbox 242 1989 405 2020; x_wconf 88' lang='lat' dir='ltr'>constat</span> <span class='ocrx_word' id='word_1_274' title='bbox 426 1981 730 2019; x_wconf 86' lang='lat' dir='ltr'>Narbonensem</span> <span class='ocrx_word' id='word_1_275' title='bbox 749 1994 829 2017; x_wconf 89' lang='lat' dir='ltr'>non</span> <span class='ocrx_word' id='word_1_276' title='bbox 844 1978 1024 2030; x_wconf 90' lang='lat' dir='ltr'>potuisse</span> <span class='ocrx_word' id='word_1_277' title='bbox 1041 1992 1205 2015; x_wconf 88' lang='lat' dir='ltr'>munere</span> <span class='ocrx_word' id='word_1_278' title='bbox 1221 1977 1296 2015; x_wconf 90' lang='lat' dir='ltr'>sibi</span> <span class='ocrx_word' id='word_1_279' title='bbox 1311 1976 1503 2026; x_wconf 85' lang='lat' dir='ltr'>imposito</span> <span class='ocrx_word' id='word_1_280' title='bbox 1519 1975 1631 2025; x_wconf 82' lang='lat' dir='ltr'>fungi</span> <span class='ocrx_word' id='word_1_281' title='bbox 1646 1983 1812 2025; x_wconf 83' lang='lat' dir='ltr'>propter</span> 
     </span>
     <span class='ocr_line' id='line_1_31' title="bbox 123 2039 657 2090; baseline -0.006 -11"><span class='ocrx_word' id='word_1_282' title='bbox 123 2041 312 2080; x_wconf 87' lang='lat' dir='ltr'>morbum</span> <span class='ocrx_word' id='word_1_283' title='bbox 331 2055 411 2090; x_wconf 88' lang='lat' dir='ltr'>quo</span> <span class='ocrx_word' id='word_1_284' title='bbox 428 2039 657 2078; x_wconf 86' lang='lat' dir='ltr'>laborabat.</span> 
     </span>
    </p>

    <p class='ocr_par' dir='ltr' id='par_1_6' title="bbox 123 2091 1812 2670">
     <span class='ocr_line' id='line_1_32' title="bbox 177 2091 1811 2141; baseline -0.006 -3"><span class='ocrx_word' id='word_1_285' title='bbox 177 2100 246 2138; x_wconf 81' lang='lat' dir='ltr'>Ait</span> <span class='ocrx_word' id='word_1_286' title='bbox 264 2100 372 2138; x_wconf 90' lang='lat' dir='ltr'>enim</span> <span class='ocrx_word' id='word_1_287' title='bbox 392 2099 624 2138; x_wconf 87' lang='lat' dir='ltr'>Amanevus</span> <span class='ocrx_word' id='word_1_288' title='bbox 646 2114 653 2136; x_wconf 93' lang='lat'>:</span> <span class='ocrx_word' id='word_1_289' title='bbox 675 2096 930 2136; x_wconf 85' lang='lat' dir='ltr'>Sanctissime</span> <span class='ocrx_word' id='word_1_290' title='bbox 946 2096 1062 2134; x_wconf 88' lang='lat' dir='ltr'>Pater</span> <span class='ocrx_word' id='word_1_291' title='bbox 1079 2103 1112 2133; x_wconf 91' lang='lat' dir='ltr'>et</span> <span class='ocrx_word' id='word_1_292' title='bbox 1130 2094 1298 2141; x_wconf 87' lang='lat' dir='ltr'>domine,</span> <span class='ocrx_word' id='word_1_293' title='bbox 1313 2094 1349 2131; x_wconf 92' lang='lat' dir='ltr'>si</span> <span class='ocrx_word' id='word_1_294' title='bbox 1365 2093 1547 2131; x_wconf 87' lang='lat' dir='ltr'>dominus</span> <span class='ocrx_word' id='word_1_295' title='bbox 1563 2107 1670 2130; x_wconf 84' lang='lat' dir='ltr'>meus</span> <span class='ocrx_word' id='word_1_296' title='bbox 1687 2091 1811 2130; x_wconf 78' lang='lat' dir='ltr'>circhi—</span> 
     </span>
     <span class='ocr_line' id='line_1_33' title="bbox 123 2151 1812 2209; baseline -0.006 -12"><span class='ocrx_word' id='word_1_297' title='bbox 123 2159 331 2209; x_wconf 84' lang='lat' dir='ltr'>e-piscopus</span> <span class='ocrx_word' id='word_1_298' title='bbox 359 2157 644 2204; x_wconf 78' lang='lat' dir='ltr'>Narbonensis,</span> <span class='ocrx_word' id='word_1_299' title='bbox 673 2156 739 2206; x_wconf 85' lang='lat' dir='ltr'>qui</span> <span class='ocrx_word' id='word_1_300' title='bbox 768 2170 825 2194; x_wconf 89' lang='lat' dir='ltr'>me</span> <span class='ocrx_word' id='word_1_301' title='bbox 852 2156 1046 2205; x_wconf 85' lang='lat' dir='ltr'>precedere</span> <span class='ocrx_word' id='word_1_302' title='bbox 1074 2154 1254 2192; x_wconf 82' lang='lat' dir='ltr'>debuerat</span> <span class='ocrx_word' id='word_1_303' title='bbox 1282 2153 1324 2190; x_wconf 91' lang='lat' dir='ltr'>in</span> <span class='ocrx_word' id='word_1_304' title='bbox 1351 2152 1538 2199; x_wconf 82' lang='lat' dir='ltr'>dicendis,</span> <span class='ocrx_word' id='word_1_305' title='bbox 1567 2151 1628 2188; x_wconf 82' lang='lat' dir='ltr'>hic</span> <span class='ocrx_word' id='word_1_306' title='bbox 1655 2164 1812 2200; x_wconf 85' lang='lat' dir='ltr'>presens</span> 
     </span>
     <span class='ocr_line' id='line_1_34' title="bbox 123 2211 1812 2267; baseline -0.006 -11"><span class='ocrx_word' id='word_1_307' title='bbox 123 2218 274 2267; x_wconf 70' lang='lat' dir='ltr'>suisset,</span> <span class='ocrx_word' id='word_1_308' title='bbox 299 2218 420 2255; x_wconf 78' lang='lat' dir='ltr'>multa</span> <span class='ocrx_word' id='word_1_309' title='bbox 441 2232 486 2255; x_wconf 71' lang='lat' dir='ltr'>ea:</span> <span class='ocrx_word' id='word_1_310' title='bbox 507 2231 569 2254; x_wconf 83' lang='lat' dir='ltr'>ore</span> <span class='ocrx_word' id='word_1_311' title='bbox 590 2216 675 2266; x_wconf 89' lang='lat' dir='ltr'>ejus</span> <span class='ocrx_word' id='word_1_312' title='bbox 697 2214 959 2265; x_wconf 79' lang='lat' dir='ltr'>pulcherrima</span> <span class='ocrx_word' id='word_1_313' title='bbox 980 2222 1014 2252; x_wconf 88' lang='lat' dir='ltr'>et</span> <span class='ocrx_word' id='word_1_314' title='bbox 1034 2213 1142 2251; x_wconf 88' lang='lat' dir='ltr'>omni</span> <span class='ocrx_word' id='word_1_315' title='bbox 1164 2213 1278 2250; x_wconf 85' lang='lat' dir='ltr'>laude</span> <span class='ocrx_word' id='word_1_316' title='bbox 1299 2211 1537 2260; x_wconf 84' lang='lat' dir='ltr'>dignissima</span> <span class='ocrx_word' id='word_1_317' title='bbox 1560 2218 1681 2247; x_wconf 74' lang='lat' dir='ltr'>vestra</span> <span class='ocrx_word' id='word_1_318' title='bbox 1702 2224 1812 2247; x_wconf 90' lang='lat' dir='ltr'>sanc·</span> 
     </span>
     <span class='ocr_line' id='line_1_35' title="bbox 126 2269 1810 2325; baseline -0.007 -10"><span class='ocrx_word' id='word_1_319' title='bbox 126 2277 215 2315; x_wconf 76' lang='lat' dir='ltr'>titas</span> <span class='ocrx_word' id='word_1_320' title='bbox 234 2277 459 2315; x_wconf 78' lang='lat' dir='ltr'>audivisset.</span> <span class='ocrx_word' id='word_1_321' title='bbox 483 2276 559 2314; x_wconf 86' lang='lat' dir='ltr'>Sed</span> <span class='ocrx_word' id='word_1_322' title='bbox 579 2275 671 2325; x_wconf 82' lang='lat' dir='ltr'>quia</span> <span class='ocrx_word' id='word_1_323' title='bbox 693 2275 776 2324; x_wconf 86' lang='lat' dir='ltr'>ipse</span> <span class='ocrx_word' id='word_1_324' title='bbox 795 2275 846 2312; x_wconf 88' lang='lat' dir='ltr'>ad</span> <span class='ocrx_word' id='word_1_325' title='bbox 865 2287 1022 2323; x_wconf 89' lang='lat' dir='ltr'>presens</span> <span class='ocrx_word' id='word_1_326' title='bbox 1042 2272 1176 2322; x_wconf 82' lang='lat' dir='ltr'>aliqua</span> <span class='ocrx_word' id='word_1_327' title='bbox 1196 2270 1392 2317; x_wconf 88' lang='lat' dir='ltr'>discrisia,</span> <span class='ocrx_word' id='word_1_328' title='bbox 1414 2270 1499 2307; x_wconf 82' lang='lat' dir='ltr'>licet</span> <span class='ocrx_word' id='word_1_329' title='bbox 1519 2269 1604 2315; x_wconf 72' lang='lat' dir='ltr'>levi,</span> <span class='ocrx_word' id='word_1_330' title='bbox 1628 2276 1667 2305; x_wconf 85' lang='lat' dir='ltr'>ut</span> <span class='ocrx_word' id='word_1_331' title='bbox 1686 2282 1810 2318; x_wconf 81' lang='lat' dir='ltr'>spero,</span> 
     </span>
     <span class='ocr_line' id='line_1_36' title="bbox 126 2327 1811 2386; baseline -0.008 -11"><span class='ocrx_word' id='word_1_332' title='bbox 126 2351 193 2386; x_wconf 85' lang='lat' dir='ltr'>per</span> <span class='ocrx_word' id='word_1_333' title='bbox 204 2336 279 2374; x_wconf 87' lang='lat' dir='ltr'>Dei</span> <span class='ocrx_word' id='word_1_334' title='bbox 296 2336 464 2385; x_wconf 86' lang='lat' dir='ltr'>gratiam</span> <span class='ocrx_word' id='word_1_335' title='bbox 476 2335 561 2385; x_wconf 91' lang='lat' dir='ltr'>jam</span> <span class='ocrx_word' id='word_1_336' title='bbox 575 2342 709 2372; x_wconf 86' lang='lat' dir='ltr'>curata</span> <span class='ocrx_word' id='word_1_337' title='bbox 724 2334 895 2371; x_wconf 85' lang='lat' dir='ltr'>detentus</span> <span class='ocrx_word' id='word_1_338' title='bbox 910 2340 975 2379; x_wconf 89' lang='lat' dir='ltr'>est,</span> <span class='ocrx_word' id='word_1_339' title='bbox 993 2331 1134 2369; x_wconf 86' lang='lat' dir='ltr'>idcirco</span> <span class='ocrx_word' id='word_1_340' title='bbox 1149 2337 1292 2380; x_wconf 87' lang='lat' dir='ltr'>oportet</span> <span class='ocrx_word' id='word_1_341' title='bbox 1308 2337 1347 2367; x_wconf 86' lang='lat' dir='ltr'>ut</span> <span class='ocrx_word' id='word_1_342' title='bbox 1361 2342 1428 2378; x_wconf 81' lang='lat' dir='ltr'>ego</span> <span class='ocrx_word' id='word_1_343' title='bbox 1443 2329 1521 2365; x_wconf 82' lang='lat' dir='ltr'>loco</span> <span class='ocrx_word' id='word_1_344' title='bbox 1539 2327 1667 2376; x_wconf 81' lang='lat' dir='ltr'>ipsius</span> <span class='ocrx_word' id='word_1_345' title='bbox 1678 2340 1811 2363; x_wconf 84' lang='lat' dir='ltr'>secun-</span> 
     </span>
     <span class='ocr_line' id='line_1_37' title="bbox 125 2385 1809 2441; baseline -0.007 -8"><span class='ocrx_word' id='word_1_346' title='bbox 125 2396 219 2433; x_wconf 81' lang='lat' dir='ltr'>dum</span> <span class='ocrx_word' id='word_1_347' title='bbox 251 2395 294 2432; x_wconf 91' lang='lat' dir='ltr'>in</span> <span class='ocrx_word' id='word_1_348' title='bbox 324 2395 499 2432; x_wconf 83' lang='lat' dir='ltr'>dicendis</span> <span class='ocrx_word' id='word_1_349' title='bbox 530 2395 656 2431; x_wconf 83' lang='lat' dir='ltr'>locum</span> <span class='ocrx_word' id='word_1_350' title='bbox 687 2393 862 2439; x_wconf 80' lang='lat' dir='ltr'>babeam,</span> <span class='ocrx_word' id='word_1_351' title='bbox 895 2391 961 2441; x_wconf 80' lang='lat' dir='ltr'>qui</span> <span class='ocrx_word' id='word_1_352' title='bbox 993 2405 1071 2428; x_wconf 88' lang='lat' dir='ltr'>non</span> <span class='ocrx_word' id='word_1_353' title='bbox 1101 2404 1207 2426; x_wconf 86' lang='lat' dir='ltr'>eram</span> <span class='ocrx_word' id='word_1_354' title='bbox 1238 2388 1383 2436; x_wconf 84' lang='lat' dir='ltr'>dignus</span> <span class='ocrx_word' id='word_1_355' title='bbox 1416 2386 1598 2437; x_wconf 78' lang='lat' dir='ltr'>ultimum</span> <span class='ocrx_word' id='word_1_356' title='bbox 1628 2385 1809 2423; x_wconf 84' lang='lat' dir='ltr'>obtinere.</span> 
     </span>
     <span class='ocr_line' id='line_1_38' title="bbox 127 2444 1810 2503; baseline -0.008 -10"><span class='ocrx_word' id='word_1_357' title='bbox 127 2455 189 2493; x_wconf 89' lang='lat' dir='ltr'>Ob</span> <span class='ocrx_word' id='word_1_358' title='bbox 204 2454 426 2493; x_wconf 86' lang='lat' dir='ltr'>sanitatem</span> <span class='ocrx_word' id='word_1_359' title='bbox 440 2454 703 2503; x_wconf 87' lang='lat' dir='ltr'>impetratam</span> <span class='ocrx_word' id='word_1_360' title='bbox 721 2466 771 2490; x_wconf 89' lang='lat' dir='ltr'>ex</span> <span class='ocrx_word' id='word_1_361' title='bbox 782 2459 881 2489; x_wconf 91' lang='lat' dir='ltr'>voto</span> <span class='ocrx_word' id='word_1_362' title='bbox 893 2457 1089 2499; x_wconf 88' lang='lat' dir='ltr'>concepto</span> <span class='ocrx_word' id='word_1_363' title='bbox 1103 2448 1155 2485; x_wconf 89' lang='lat' dir='ltr'>ad</span> <span class='ocrx_word' id='word_1_364' title='bbox 1166 2454 1357 2485; x_wconf 88' lang='lat' dir='ltr'>sanctum</span> <span class='ocrx_word' id='word_1_365' title='bbox 1371 2446 1535 2483; x_wconf 90' lang='lat' dir='ltr'>Ivonem</span> <span class='ocrx_word' id='word_1_366' title='bbox 1548 2444 1656 2482; x_wconf 82' lang='lat' dir='ltr'>idem</span> <span class='ocrx_word' id='word_1_367' title='bbox 1669 2444 1810 2481; x_wconf 73' lang='lat' dir='ltr'>Petrus</span> 
     </span>
     <span class='ocr_line' id='line_1_39' title="bbox 125 2502 1812 2558; baseline -0.008 -7"><span class='ocrx_word' id='word_1_368' title='bbox 125 2514 167 2551; x_wconf 88' lang='lat' dir='ltr'>in</span> <span class='ocrx_word' id='word_1_369' title='bbox 183 2528 256 2552; x_wconf 92' lang='lat' dir='ltr'>suo</span> <span class='ocrx_word' id='word_1_370' title='bbox 272 2521 523 2551; x_wconf 87' lang='lat' dir='ltr'>testamento</span> <span class='ocrx_word' id='word_1_371' title='bbox 540 2512 555 2534; x_wconf 81' lang='lat'>5</span> <span class='ocrx_word' id='word_1_372' title='bbox 574 2512 725 2550; x_wconf 83' lang='lat' dir='ltr'>festum</span> <span class='ocrx_word' id='word_1_373' title='bbox 742 2510 871 2549; x_wconf 90' lang='lat' dir='ltr'>sancti</span> <span class='ocrx_word' id='word_1_374' title='bbox 893 2508 1028 2546; x_wconf 90' lang='lat' dir='ltr'>lvonis</span> <span class='ocrx_word' id='word_1_375' title='bbox 1045 2507 1182 2558; x_wconf 89' lang='lat' dir='ltr'>posuit</span> <span class='ocrx_word' id='word_1_376' title='bbox 1198 2507 1304 2544; x_wconf 89' lang='lat' dir='ltr'>inter</span> <span class='ocrx_word' id='word_1_377' title='bbox 1322 2511 1498 2554; x_wconf 85' lang='lat' dir='ltr'>quatuor</span> <span class='ocrx_word' id='word_1_378' title='bbox 1515 2503 1618 2541; x_wconf 87' lang='lat' dir='ltr'>festa</span> <span class='ocrx_word' id='word_1_379' title='bbox 1636 2502 1812 2552; x_wconf 91' lang='lat' dir='ltr'>duplicia</span> 
     </span>
     <span class='ocr_line' id='line_1_40' title="bbox 127 2560 1812 2622; baseline -0.008 -12"><span class='ocrx_word' id='word_1_380' title='bbox 127 2587 244 2622; x_wconf 84' lang='lat' dir='ltr'>quae,</span> <span class='ocrx_word' id='word_1_381' title='bbox 280 2586 373 2611; x_wconf 89' lang='lat' dir='ltr'>cum</span> <span class='ocrx_word' id='word_1_382' title='bbox 407 2579 529 2609; x_wconf 88' lang='lat' dir='ltr'>antea</span> <span class='ocrx_word' id='word_1_383' title='bbox 564 2585 646 2608; x_wconf 92' lang='lat' dir='ltr'>non</span> <span class='ocrx_word' id='word_1_384' title='bbox 682 2570 825 2608; x_wconf 85' lang='lat' dir='ltr'>fierent</span> <span class='ocrx_word' id='word_1_385' title='bbox 858 2569 900 2606; x_wconf 91' lang='lat' dir='ltr'>in</span> <span class='ocrx_word' id='word_1_386' title='bbox 932 2566 1108 2605; x_wconf 87' lang='lat' dir='ltr'>Ecclesia</span> <span class='ocrx_word' id='word_1_387' title='bbox 1137 2563 1405 2610; x_wconf 84' lang='lat' dir='ltr'>Narbonensi,</span> <span class='ocrx_word' id='word_1_388' title='bbox 1440 2562 1627 2611; x_wconf 90' lang='lat' dir='ltr'>deinceps</span> <span class='ocrx_word' id='word_1_389' title='bbox 1662 2560 1812 2598; x_wconf 78' lang='lat' dir='ltr'>servari</span> 
     </span>
     <span class='ocr_line' id='line_1_41' title="bbox 126 2631 319 2670; baseline 0.005 -1"><span class='ocrx_word' id='word_1_390' title='bbox 126 2631 319 2670; x_wconf 86' lang='lat' dir='ltr'>instituit.</span> 
     </span>
    </p>

    <p class='ocr_par' dir='ltr' id='par_1_7' title="bbox 128 2678 1814 2797">
     <span class='ocr_line' id='line_1_42' title="bbox 181 2678 1814 2736; baseline -0.009 -8"><span class='ocrx_word' id='word_1_391' title='bbox 181 2691 298 2728; x_wconf 89' lang='lat' dir='ltr'>Anno</span> <span class='ocrx_word' id='word_1_392' title='bbox 325 2688 659 2735; x_wconf 85' lang='lat' dir='ltr'>MCCCXLVIII,</span> <span class='ocrx_word' id='word_1_393' title='bbox 687 2687 750 2726; x_wconf 89' lang='lat' dir='ltr'>die</span> <span class='ocrx_word' id='word_1_394' title='bbox 779 2702 835 2724; x_wconf 84' lang='lat' dir='ltr'>xv</span> <span class='ocrx_word' id='word_1_395' title='bbox 862 2684 1116 2736; x_wconf 86' lang='lat' dir='ltr'>septembris,</span> <span class='ocrx_word' id='word_1_396' title='bbox 1144 2681 1380 2731; x_wconf 86' lang='lat' dir='ltr'>Aymericus</span> <span class='ocrx_word' id='word_1_397' title='bbox 1408 2680 1630 2717; x_wconf 86' lang='lat' dir='ltr'>vicecomes</span> <span class='ocrx_word' id='word_1_398' title='bbox 1659 2678 1814 2715; x_wconf 87' lang='lat' dir='ltr'>Narbo-</span> 
     </span>
     <span class='ocr_line' id='line_1_43' title="bbox 128 2736 1813 2797; baseline -0.008 -10"><span class='ocrx_word' id='word_1_399' title='bbox 128 2749 259 2789; x_wconf 91' lang='lat' dir='ltr'>nensis</span> <span class='ocrx_word' id='word_1_400' title='bbox 276 2749 368 2787; x_wconf 85' lang='lat' dir='ltr'>huic</span> <span class='ocrx_word' id='word_1_401' title='bbox 386 2749 505 2786; x_wconf 83' lang='lat' dir='ltr'>Petro</span> <span class='ocrx_word' id='word_1_402' title='bbox 521 2746 824 2797; x_wconf 89' lang='lat' dir='ltr'>archiepiscopo</span> <span class='ocrx_word' id='word_1_403' title='bbox 838 2745 961 2783; x_wconf 89' lang='lat' dir='ltr'>libere</span> <span class='ocrx_word' id='word_1_404' title='bbox 977 2752 1018 2782; x_wconf 91' lang='lat' dir='ltr'>et</span> <span class='ocrx_word' id='word_1_405' title='bbox 1033 2743 1218 2780; x_wconf 88' lang='lat' dir='ltr'>absolute</span> <span class='ocrx_word' id='word_1_406' title='bbox 1235 2740 1330 2779; x_wconf 84' lang='lat' dir='ltr'>fecit</span> <span class='ocrx_word' id='word_1_407' title='bbox 1345 2738 1594 2787; x_wconf 83' lang='lat' dir='ltr'>homagium,</span> <span class='ocrx_word' id='word_1_408' title='bbox 1609 2736 1813 2787; x_wconf 79' lang='lat' dir='ltr'>profess-us</span> 
     </span>
    </p>
   </div>
   <div class='ocr_carea' id='block_1_3' title="bbox 177 2894 934 3150">
    <p class='ocr_par' dir='ltr' id='par_1_8' title="bbox 177 2894 653 2937">
     <span class='ocr_line' id='line_1_44' title="bbox 177 2894 653 2937; baseline -0.011 -7"><span class='ocrx_word' id='word_1_409' title='bbox 177 2897 209 2930; x_wconf 87' lang='lat'>1.</span> <span class='ocrx_word' id='word_1_410' title='bbox 238 2896 386 2934; x_wconf 85' lang='lat' dir='ltr'>Baluzc,</span> <span class='ocrx_word' id='word_1_411' title='bbox 406 2900 432 2928; x_wconf 86' lang='lat' dir='ltr'>t.</span> <span class='ocrx_word' id='word_1_412' title='bbox 457 2906 508 2934; x_wconf 87' lang='lat' dir='ltr'>1v,</span> <span class='ocrx_word' id='word_1_413' title='bbox 535 2905 570 2937; x_wconf 90' lang='lat' dir='ltr'>p.</span> <span class='ocrx_word' id='word_1_414' title='bbox 598 2894 653 2926; x_wconf 88' lang='grc'>61.</span> 
     </span>
    </p>

    <p class='ocr_par' dir='ltr' id='par_1_9' title="bbox 178 2948 508 2991">
     <span class='ocr_line' id='line_1_45' title="bbox 178 2948 508 2991; baseline -0.009 -9"><span class='ocrx_word' id='word_1_415' title='bbox 178 2950 209 2983; x_wconf 82' lang='lat'>2.</span> <span class='ocrx_word' id='word_1_416' title='bbox 244 2949 291 2982; x_wconf 87' lang='lat' dir='ltr'>Ut</span> <span class='ocrx_word' id='word_1_417' title='bbox 316 2960 358 2988; x_wconf 88' lang='lat' dir='ltr'>s.,</span> <span class='ocrx_word' id='word_1_418' title='bbox 388 2959 422 2991; x_wconf 89' lang='lat' dir='ltr'>p.</span> <span class='ocrx_word' id='word_1_419' title='bbox 452 2948 508 2980; x_wconf 85' lang='lat'>62.</span> 
     </span>
    </p>

    <p class='ocr_par' dir='ltr' id='par_1_10' title="bbox 178 2997 934 3095">
     <span class='ocr_line' id='line_1_46' title="bbox 178 2997 934 3041; baseline -0.008 -6"><span class='ocrx_word' id='word_1_420' title='bbox 178 3003 211 3036; x_wconf 85' lang='lat'>3.</span> <span class='ocrx_word' id='word_1_421' title='bbox 242 3001 372 3041; x_wconf 89' lang='lat' dir='ltr'>Eubel,</span> <span class='ocrx_word' id='word_1_422' title='bbox 393 3000 436 3034; x_wconf 91' lang='grc' dir='ltr'>Β.</span> <span class='ocrx_word' id='word_1_423' title='bbox 458 3000 514 3039; x_wconf 69' lang='lat' dir='ltr'>F„</span> <span class='ocrx_word' id='word_1_424' title='bbox 535 3005 562 3032; x_wconf 86' lang='lat' dir='ltr'>t.</span> <span class='ocrx_word' id='word_1_425' title='bbox 584 3011 632 3038; x_wconf 80' lang='grc' dir='ltr'>νῐ,</span> <span class='ocrx_word' id='word_1_426' title='bbox 654 3010 688 3031; x_wconf 92' lang='lat' dir='ltr'>n.</span> <span class='ocrx_word' id='word_1_427' title='bbox 709 2998 779 3032; x_wconf 88' lang='grc'>380</span> <span class='ocrx_word' id='word_1_428' title='bbox 797 3003 835 3030; x_wconf 85' lang='lat' dir='ltr'>et</span> <span class='ocrx_word' id='word_1_429' title='bbox 854 2997 934 3030; x_wconf 89' lang='lat'>387.</span> 
     </span>
     <span class='ocr_line' id='line_1_47' title="bbox 179 3052 726 3095; baseline -0.005 -8"><span class='ocrx_word' id='word_1_430' title='bbox 179 3056 211 3089; x_wconf 87' lang='lat'>4.</span> <span class='ocrx_word' id='word_1_431' title='bbox 251 3055 399 3094; x_wconf 83' lang='lat' dir='ltr'>Baluze,</span> <span class='ocrx_word' id='word_1_432' title='bbox 440 3060 467 3086; x_wconf 91' lang='lat' dir='ltr'>t.</span> <span class='ocrx_word' id='word_1_433' title='bbox 504 3064 555 3093; x_wconf 73' lang='grc' dir='ltr'>ιν,</span> <span class='ocrx_word' id='word_1_434' title='bbox 595 3063 630 3095; x_wconf 91' lang='lat' dir='ltr'>p.</span> <span class='ocrx_word' id='word_1_435' title='bbox 671 3052 726 3085; x_wconf 92' lang='lat'>75.</span> 
     </span>
    </p>

    <p class='ocr_par' dir='ltr' id='par_1_11' title="bbox 180 3106 535 3150">
     <span class='ocr_line' id='line_1_48' title="bbox 180 3106 535 3150; baseline -0.014 -8"><span class='ocrx_word' id='word_1_436' title='bbox 180 3109 212 3143; x_wconf 89' lang='lat'>5.</span> <span class='ocrx_word' id='word_1_437' title='bbox 246 3108 294 3141; x_wconf 76' lang='lat' dir='ltr'>Ut</span> <span class='ocrx_word' id='word_1_438' title='bbox 319 3119 360 3147; x_wconf 91' lang='lat' dir='ltr'>s.,</span> <span class='ocrx_word' id='word_1_439' title='bbox 391 3118 425 3150; x_wconf 92' lang='lat' dir='ltr'>p.</span> <span class='ocrx_word' id='word_1_440' title='bbox 455 3106 535 3138; x_wconf 81' lang='lat'>145.</span> 
     </span>
    </p>
   </div>
  </div>
 </body>
</html>
