2083 3458
262 214 349 256 320
916 229 1068 255 NOTAE
1103 230 1163 254 AD
1198 230 1326 255 vla-As
1848 215 1973 272 [816]

263 323 299 352 et
323 313 462 352 utilius
494 313 697 361 videretur,
722 313 967 351 considerata
989 321 1207 363 temporum
1230 313 1428 363 qualitate,
1462 314 1739 353 deliberatione
1768 316 1977 366 prehabita

262 373 461 423 diligenti,
485 387 556 423 pro
579 372 707 422 magis
730 380 954 423 opportuna
975 371 1205 421 hujusmodi
1227 373 1473 422 empeditione
1496 374 1642 424 negotii
1664 389 1710 413 ac
1730 389 1801 425 pro
1825 376 1977 414 utiliori

267 432 541 482 complemento
576 432 641 481 pie
676 431 907 469 intentionis
941 430 1133 469 testatoris
1166 430 1353 481 ejusdem,
1383 441 1417 470 et
1450 433 1494 470 de
1527 448 1719 471 consensu
1751 443 1786 472 et
1818 434 1979 473 licentia

265 491 431 541 speciali
460 491 611 528 domini
639 505 755 541 pape,
786 490 829 528 in
856 490 1017 529 ecclesia
1038 490 1280 540 parrochiali
1309 491 1446 529 Sancti
1470 492 1671 531 Desiderii
1691 494 1736 531 de
1762 493 1977 543 Avinione,

268 551 358 600 ipsa
382 550 541 600 penitus
570 558 764 597 renovata,
788 550 995 599 collegium
1030 549 1260 600 hujusmodi
1281 559 1494 590 erexerunt.
1517 552 1735 590 Testatum
1757 552 1800 590 id
1820 553 1980 592 faciunt

267 610 408 648 literae
450 609 635 657 Joannis,
667 609 770 659 regis
813 609 1078 657 Francorum,
1127 609 1249 648 datae
1294 611 1406 661 apud
1448 612 1646 649 Sanctum
1695 612 1980 651 Audomarum

269 668 331 707 die
356 667 479 706 tertia
504 668 737 708 novembris
764 682 872 706 anno
897 668 1128 716 MCCCLX,
1155 683 1330 719 quarum
1354 678 1474 709 vetus
1500 671 1735 721 exemplum
1758 686 1882 722 penes
1907 687 1980 711 nos

269 735 397 765 extat.
415 726 516 766 Vide
534 726 797 766 Franciscum
813 727 1110 777 Nouguierium
1123 728 1165 766 in
1187 728 1372 766 Historia
1386 729 1584 768 Ecclesiae
1607 730 1819 779 Avenion„
1833 746 1873 782 p.
1893 731 1980 779 144,

266 795 308 825 et
342 786 632 825 Sebastianum
658 786 923 835 Fantonium‚
949 787 1018 825 lib.
1050 787 1103 835 II,
1128 788 1236 826 Hist.
1263 788 1474 837 Avenion„
1502 803 1589 840 cap.
1615 804 1674 838 IX,
1707 789 1724 838 ἓ
1751 790 1772 828 7
1808 790 1863 841 [p.
1891 790 1980 841 55].

322 846 500 896 Nepotes
520 846 668 883 habuit
689 846 959 884 Gaucelmum
979 847 1028 885 de
1058 846 1212 885 Deucio
1232 847 1429 886 abbatem
1450 848 1813 898 psalmodiensem,
1833 858 1978 900 postea

267 920 376 953 vero,
397 905 458 943 uti
492 920 594 953 reor,
630 905 1228 956 episcopum'Nemausensem
1262 915 1303 945 et
1338 907 1683 958 Magalonensem,
1716 909 1896 958 ,Paulum
1930 910 1979 948 de

269 964 421 1002 Deucio
445 965 695 1003 monachum
718 973 760 1003 et
783 965 1054 1005 camerarium
1076 966 1317 1005 monasterii
1341 966 1480 1005 Sancti
1496 967 1701 1006 Guillelmi
1725 968 1774 1006 de
1799 968 1979 1008 Desertis

267 1031 308 1062 et
331 1024 500 1062 Petrum
522 1023 570 1062 de
595 1024 748 1062 Deucio
771 1024 1039 1077 armigerum..
1056 1025 1156 1076 Ejus
1181 1040 1344 1076 quoque
1366 1041 1491 1077 nepos
1518 1026 1641 1065 fuisse
1672 1026 1838 1066 videtur
1860 1028 1979 1067 Jaco-

267 1083 341 1121 bus
378 1083 426 1121 de
463 1082 630 1131 Deucio,
667 1083 837 1122 sacrista
873 1083 1170 1123 Avenionensis
1206 1093 1247 1124 et
1282 1085 1426 1124 doctor
1461 1085 1733 1134 decretorum,
1770 1087 1839 1137 qui
1872 1087 1980 1126 inter

266 1150 391 1181 testes
416 1142 656 1180 nominatur
677 1143 719 1181 in
744 1143 1108 1181 Constitutionibus
1128 1144 1327 1182 Ecclesiae
1348 1145 1614 1183 Ruthenensis
1637 1160 1760 1196 supra
1783 1146 1979 1185 laudatis.

265 1201 383 1240 Adde
416 1202 712 1251 Raymundum
749 1203 799 1241 de
835 1203 1041 1241 Canillaco
1072 1203 1336 1252 cardinalem,
1374 1218 1497 1254 quem
1531 1213 1726 1255 nepotem
1762 1205 1980 1244 cardinalis

268 1261 572 1299 Ebredunensis
602 1269 727 1300 vocat
758 1262 995 1301 Matthaeus
1026 1262 1241 1311 Villanius,
1271 1263 1340 1302 lib.
1375 1263 1451 1312 XI,
1484 1278 1572 1314 cap.
1605 1279 1709 1302 xxw
1752 1264 1982 1315 [Muratori,

267 1328 296 1358 t.
328 1335 412 1369 XIV,
442 1321 514 1358 col.
546 1320 659 1371 709].
690 1321 907 1360 Praeterea
933 1322 1057 1372 vulgo
1084 1322 1265 1360 traditur
1293 1323 1498 1361 Joannem
1526 1323 1574 1362 de
1600 1323 1826 1362 Blandiaco
1853 1324 1982 1362 cardi—

267 1379 402 1418 nalem
429 1380 751 1419 Nemausensem
777 1380 900 1419 fuisse
925 1389 1120 1432 nepotem
1145 1381 1247 1431 ejus,
1274 1397 1324 1420 ex
1348 1397 1483 1421 sorore
1508 1382 1716 1422 nimirum.

324 1438 369 1476 In
393 1439 581 1477 Rubricis
603 1440 700 1478 anni
723 1439 836 1478 tertii
854 1439 868 1462 1
896 1440 1111 1479 Benedicti
1145 1441 1244 1489 XII,
1270 1455 1358 1492 cap.
1384 1456 1640 1490 CCCLXXXIV,
1663 1442 1743 1481 ista
1766 1443 1981 1493 leguntur:

267 1498 505 1548 Raymundo
534 1499 578 1536 de
603 1499 766 1538 DeuciO.
797 1499 1033 1538 Providetur
1058 1500 1139 1538 sibi
1169 1501 1213 1538 de
1241 1501 1477 1539 canonicatu
1507 1501 1644 1539 Sancti
1673 1502 1797 1540 Pauli
1826 1502 1981 1540 Narbo-

269 1557 404 1595 nensis
423 1558 498 1595 sub
519 1558 783 1608 expectatione
802 1555 1007 1609 prebende.

321 1617 364 1655 P.
392 1616 480 1665 206,
505 1617 572 1668 lig.
600 1617 661 1656 18.
689 1618 973 1656 GUILLERMUS
995 1619 1138 1658 CURTI.
1167 1619 1292 1657 Isthic
1314 1619 1464 1658 dicitur
1485 1628 1597 1659 ortus
1612 1619 1654 1658 in
1677 1620 1850 1659 dioecesi
1865 1621 1982 1659 Tolo-

268 1690 379 1714 sana.
403 1676 520 1724 Quod
545 1691 597 1715 an
621 1677 794 1727 intelligi
818 1678 969 1717 debeat
993 1678 1041 1716 de
1064 1678 1237 1729 antiqua
1263 1678 1436 1717 dioecesi
1457 1679 1674 1727 Tolosana,
1693 1679 1736 1718 in
1754 1694 1835 1731 qua
1855 1680 1982 1718 situm

269 1743 357 1773 erat
389 1735 587 1786 oppidum
620 1736 900 1788 Mirapicense,
933 1751 986 1775 an
1017 1752 1114 1776 vero
1147 1738 1195 1776 de
1227 1752 1349 1785 nova,
1383 1738 1604 1777 obscurum
1634 1747 1708 1778 est.
1743 1739 1910 1778 Etenim
1940 1739 1982 1777 in

268 1808 459 1844 processu
486 1795 624 1834 fratris
650 1796 849 1835 Bernardi
878 1796 1065 1835 Delitiosi
1091 1797 1248 1848 reperio
1283 1797 1568 1836 honorabilem
1598 1798 1734 1836 virum
1767 1798 1982 1837 dominum

271 1853 567 1903 Raymundum
590 1855 717 1904 Curti,
740 1855 1025 1906 jurisperitum
1050 1856 1329 1907 Mirapicensis
1347 1856 1554 1905 dioecesis,
1570 1857 1693 1896 fuisse
1712 1858 1981 1909 praecipuum

268 1912 502 1951 ministrum
542 1913 820 1964 inquisitionis
863 1915 998 1954 factae
1040 1915 1236 1954 adversus
1279 1916 1470 1954 eumdem
1512 1916 1683 1955 fratrem
1722 1917 1980 1956 Bernardum

268 1986 332 2009 an.
357 1972 617 2022 MCCCXIX,
640 1974 914 2025 eumdemque
935 1974 1058 2013 fuisse
1078 1975 1258 2025 judicem
1282 1975 1474 2026 Ripariae
1497 1975 1569 2026 [et]
1593 1976 1790 2015 Verduni.
1814 1976 1879 2014 Ex
1900 1990 1981 2027 quo

270 2030 400 2081 colligi
437 2047 555 2083 posse
592 2033 802 2072 videretur
839 2033 1000 2072 Curtios
1038 2033 1161 2073 fuisse
1200 2034 1393 2073 oriundos
1431 2050 1482 2073 ex
1519 2035 1670 2086 oppido
1708 2035 1981 2086 Mirapicensi,

271 2090 366 2127 olim
400 2091 628 2130 dioeceseos
663 2093 890 2131 Tolosanae
909 2092 935 2131 2.
1952 2134 1955 2135 ⁷

324 2150 562 2189 Franciscus
594 2152 827 2202 Bosquetus
859 2152 901 2190 in
932 2151 1052 2190 Notis
1096 2153 1149 2203 [p.
1184 2152 1284 2203 338]
1318 2153 1371 2191 ad
1403 2154 1512 2191 hunc
1542 2154 1680 2192 locum
1711 2162 1835 2192 vocat
1856 2153 1982 2192 illum

269 2208 481 2248 Benedicti
509 2224 642 2261 papae
672 2210 981 2262 propinquuum
1011 2220 1052 2250 et
1082 2226 1132 2250 ex
1161 2212 1287 2251 fratre
1317 2221 1524 2263 nepotem,
1554 2212 1678 2263 idque
1708 2227 1749 2251 se
1779 2213 1981 2264 accepisse

270 2267 329 2305 ait
360 2283 410 2306 ex
442 2269 623 2307 Arnoldo
657 2270 830 2318 Uvione,
864 2271 975 2321 apud
1009 2285 1131 2321 quem
1162 2271 1263 2309 nihil
1293 2271 1528 2310 istiusmodi
1558 2272 1719 2321 legitur.
1755 2272 1810 2310 Et
1840 2280 1982 2310 tamen

272 2326 480 2366 Frizonius
506 2343 551 2367 ea
577 2329 827 2368 auctoritate
852 2329 980 2368 fretus
1006 2344 1100 2368 eum
1125 2330 1230 2368 dixit
1253 2331 1377 2369 fuisse
1403 2331 1588 2380 ejusdem
1610 2331 1824 2370 Benedicti
1857 2346 1980 2382 nepo-

271 2393 355 2423 tem
393 2402 441 2425 ex
480 2387 617 2426 fratre.
660 2389 793 2437 Quam
830 2388 1046 2426 historiam
1084 2397 1132 2426 ut
1162 2397 1317 2427 certam
1345 2389 1525 2440 amplexi
1556 2398 1701 2441 postea
1730 2398 1828 2429 sunt
1858 2390 1982 2429 ceteri

270 2445 486 2495 scriptores
506 2447 660 2497 absque
679 2448 761 2485 ullo
780 2447 980 2486 examine.
1001 2448 1063 2485 Ad
1084 2448 1372 2487 fulcimentum
1390 2448 1654 2487 nihilominus
1672 2449 1760 2499 ejus
1780 2449 1981 2500 opinionis
2026 2447 2028 2450 ’

325 2624 351 2656 1.
383 2624 501 2663 Vidal,
530 2635 563 2658 n.
587 2626 692 2659 4507.
724 2626 804 2659 Une
830 2626 930 2659 bulle
957 2625 1187 2670 posterieure
1219 2626 1250 2659 16
1278 2626 1345 2666 dit,
1373 2638 1419 2659 en
1444 2627 1544 2667 esset,
1572 2639 1694 2661 neveu
1729 2629 1779 2661 du
1814 2628 1980 2663 cardinal

277 2676 409 2716 (Vidal,
436 2689 469 2710 n.
498 2679 618 2721 6800).
646 2679 714 2711 Les
739 2679 912 2723 registres
938 2680 981 2712 de
1006 2679 1142 2712 Benoit
1166 2679 1245 2712 XII
1270 2691 1314 2712 ne
1340 2681 1510 2713 donnent
1534 2687 1633 2714 cette
1658 2682 1920 2725 qualification
1944 2682 1982 2715 ni

273 2730 292 2760 a
322 2730 410 2762 Paul
440 2731 481 2762 dc
511 2731 654 2771 Deaux‚
682 2732 719 2764 ni
746 2732 767 2764 a
792 2732 890 2765 Jean
915 2733 960 2766 de
986 2732 1177 2766 Blandiac.
1208 2733 1365 2776 D'apres
1392 2733 1431 2766 L.
1460 2733 1616 2767 Menard
1646 2734 1732 2778 (loco
1757 2736 1889 2779 citato),
1918 2736 1981 2780 qui

271 2782 455 2826 s'appuye
473 2795 518 2817 en
535 2785 655 2827 partie
672 2797 735 2818 sur
751 2785 781 2818 le
800 2792 1009 2819 testament
1026 2786 1069 2819 de
1086 2786 1273 2819 Bertrand
1291 2787 1334 2819 de
1353 2786 1498 2827 Deam,
1517 2787 1662 2821 celui—ci
1679 2788 1804 2822 aurait
1819 2800 1865 2822 eu
1882 2789 1981 2822 deux

270 2847 389 2868 sfrurs
413 2837 506 2869 dont
526 2837 625 2870 l'une
647 2839 787 2882 epousa
807 2851 859 2872 un
881 2839 1077 2878 Pousillac,
1100 2839 1234 2872 l'autrc
1264 2851 1316 2872 un
1346 2840 1519 2874 Blauzac.
1543 2840 1593 2873 Le
1624 2842 1744 2874 meme
1775 2847 1910 2875 auteur
1930 2842 1981 2875 lui

274 2889 378 2919 zlr'wllv
403 2895 505 2922 toute
526 2893 682 2933 parente
702 2903 793 2925 avec
815 2892 1004 2926 Raimond
1025 2893 1068 2925 de
1089 2892 1263 2925 Canillac.

325 2945 352 2973 Ἀ.
384 2942 538 2985 D‘apres
565 2944 755 2978 l'l‘listoire
780 2946 820 2978 de
843 2945 1062 2989 Languedo'c
1090 2946 1128 2989 (t.
1153 2958 1207 2986 lx,
1234 2958 1268 2990 p.
1296 2946 1394 2989 479),
1421 2945 1633 2980 Guillaume
1660 2947 1775 2981 Court
1799 2948 1934 2992 naquit
1959 2949 1980 2981 a

275 2995 433 3036 Μύρα-1]
465 2996 621 3037 (diocese
650 2998 692 3029 de
720 2998 930 3042 Mil-epoix).
961 2999 991 3031 Il
1017 2999 1112 3032 etait
1138 2999 1234 3032 abbe
1262 3000 1305 3032 de
1332 2999 1553 3033 Boulbonne
1581 3001 1710 3044 quand
1735 3001 1832 3034 Jean
1859 3001 1978 3034 XXII

275 3046 323 3077 lui
351 3049 499 3080 ronti-ra
524 3049 554 3080 lf·
581 3050 755 3083 ‹loctorat
779 3063 824 3084 cn
849 3052 1046 3096 theologie,
1072 3052 1103 3085 le
1129 3052 1149 3085 9
1174 3051 1249 3085 mai
1273 3052 1366 3086 1319
1395 3052 1550 3095 (Meum,
1577 3065 1611 3087 n.
1639 3053 1759 3097 9388).
1789 3054 1906 3087 Eubcl
1931 3054 1979 3088 I’a

275 3099 343 3137 (lit,
365 3100 381 3129 ,ἦ
407 3108 490 3139 [ιιι-1,
512 3114 630 3134 neven
652 3104 694 3135 ds:
714 3104 848 3137 Belloit
868 3105 957 3139 XII.
