2083 3458
301 256 386 298 502
948 273 1100 299 NOTAE
1133 273 1194 299 AD
1228 273 1356 300 vers
1887 258 2012 314 [985]

306 366 515 406 preparato
532 357 734 395 transtulit
750 357 793 394 in
809 357 1008 406 prefatum
1025 358 1173 405 ducem,
1191 365 1326 407 postea
1343 357 1387 394 in
1402 371 1520 406 regno
1547 357 1686 396 Sicilie
1709 359 1789 396 vita
1813 357 2007 407 functum.

308 417 370 453 Ex
388 417 559 466 epistola
578 416 780 454 Bonis-acii
802 416 862 453 IX
880 417 932 454 ad
952 430 1091 455 omnes
1111 417 1261 455 Christi
1282 416 1419 455 fideles
1439 417 1636 456 adversus
1656 418 1910 457 Clementem
1927 416 2008 454 Vll

305 490 470 526 papam,
506 490 627 525 quem
658 484 782 513 vocat
816 476 950 515 virum
980 476 1109 514 Belial
1142 476 1373 515 Robertum
1406 476 1717 516 Gebennensem
1749 477 2008 526 antipapam,

306 544 478 584 apparet
503 549 550 573 eo
573 544 758 585 tempore
783 549 955 585 regnum
979 535 1218 574 Arelatense
1243 536 1488 586 pertinuisse
1513 536 1564 573 ad
1589 551 1725 587 regem
1742 535 1953 582 Franciae,
1969 543 2010 574 et

308 595 509 643 quosdam
537 594 684 644 impios
714 609 972 644 perversores
1001 596 1245 645 imposuisse
1276 595 1446 633 Urbano
1475 595 1546 643 VI,
1576 596 1753 634 voluisse
1784 609 1878 633 eum
1906 594 2008 633 illud

306 654 463 692 auferre
489 654 620 692 eidem
643 654 739 703 regi.
768 654 845 702 Qui
871 655 967 692 olim
991 663 1125 693 essent
1150 655 1301 693 limites
1326 655 1438 705 regni
1462 654 1712 694 Arelatensis
1731 655 1745 678 ²
1770 655 1891 693 docet
1913 653 2008 692 Ber-

305 713 499 751 nardinus
524 714 664 751 Corius
688 713 793 752 hanc
816 714 950 763 ipsam
973 714 1188 752 historiam
1212 714 1455 753 describens.

357 772 399 811 P.
433 772 521 819 356,
552 773 618 822 lig.
653 772 686 811 2.
720 772 1119 821 ARCHIEPISCOPUM,
1152 774 1417 812 Guillelmum
1449 774 1497 813 de
1529 774 1680 812 Gardia
1714 791 1720 812 ε
1754 774 1837 824 qui,
1868 781 1916 810 ut
1949 772 2008 810 ait

305 831 463 880 Saxius,
490 832 691 870 Karolum
717 832 772 869 IV
793 832 1087 883 imperatorem
1109 834 1224 871 velut
1241 833 1490 872 Arelatensis
1506 834 1618 884 regni
1640 848 1777 884 regem
1792 832 2008 872 coronavit

300 891 339 928 in
377 900 552 941 augusto
588 891 624 930 d.
663 891 875 942 Trophimi
908 893 1079 942 templo,
1114 893 1400 943 praesentibus
1437 893 1668 931 Sabaudiae
1703 901 1744 931 et
1775 891 2007 931 Borboniae

303 950 473 989 ducibus
490 965 535 989 ac
552 951 793 990 Provinciae
808 952 1078 999 seneschal103
1095 952 1205 1001 quod
1220 952 1261 989 in
1277 952 1340 990 die
1361 953 1549 991 mercurii
1573 961 1752 1002 quatuor
1772 961 2008 1002 temporum

300 1019 394 1059 post
419 1010 691 1049 Pentecosten
716 1011 875 1049 factum
899 1012 958 1049 ait
983 1012 1130 1050 Caesar
1156 1011 1456 1050 Nostradamus
1481 1012 1522 1049 in
1546 1012 1731 1050 Historia
1754 1010 2006 1050 Provinciae.

300 1069 553 1120 Augustinus
577 1070 791 1109 Pientinus
812 1071 854 1108 in
874 1071 977 1109 libro
1001 1071 1216 1109 Sacrarum
1237 1072 1548 1109 ceremoniarum
1569 1072 1768 1109 Ecclesiae
1788 1071 2005 1117 Romanae,

299 1129 409 1167 edito
425 1144 447 1167 a
465 1130 758 1180 Christophoro
775 1130 1003 1177 Marcelloe,
1017 1126 1451 1184 piscopossCorcyrenst
1470 1131 1536 1170 fol.
1555 1131 1604 1169 30
1617 1132 1772 1181 primae
1789 1129 1979 1169 editionis
1997 1143 2006 1166 z

298 1188 487 1238 Legimus
516 1198 550 1227 et
580 1190 623 1227 in
651 1190 747 1227 aliis
776 1190 954 1228 historiis
985 1191 1173 1240 quosdam
1204 1191 1458 1240 imperatores
1488 1191 1645 1228 Arelate
1674 1191 1792 1229 etiam
1823 1202 2006 1228 coronam

298 1250 517 1298 suscepisse
537 1250 580 1286 (le
599 1264 717 1298 regno
736 1249 963 1287 Arelatensi
982 1259 1015 1288 et
1033 1250 1134 1287 alibi
1153 1251 1258 1288 alias
1276 1265 1347 1300 pro
1366 1251 1461 1288 aliis
1490 1251 1634 1300 regnis
1658 1251 1765 1288 Nam
1785 1259 1819 1288 et
1837 1248 2005 1287 Carolus

298 1316 460 1358 quartus
478 1309 801 1354 ,Avinionensem
829 1309 934 1347 venit
959 1310 1011 1347 ad
1043 1310 1252 1348 Urbanum
1281 1310 1464 1360 quintum
1491 1325 1597 1353 anno
1624 1311 1767 1348 salutis
1796 1309 2007 1350 millesimo

294 1368 557 1405 tricentesimo
588 1369 832 1418 sexagesimo
865 1369 1014 1419 quinto,
1048 1370 1168 1407 multo
1200 1377 1290 1407 ante
1319 1370 1437 1419 jussu
1471 1370 1696 1408 Innocentii
1727 1369 1825 1407 sexti
1856 1369 2005 1407 Romae

297 1427 510 1476 imperator
527 1437 752 1475 coronatus;
773 1429 840 1479 qui
858 1428 973 1466 rebus
992 1444 1160 1479 quarum
1179 1429 1309 1478 gratia
1325 1430 1378 1467 acl
1392 1429 1622 1479 pontificem
1640 1438 1796 1468 venerat
1811 1426 2005 1467 absolutis

297 1487 454 1524 Arelate
487 1488 684 1537 projectus
718 1496 784 1527 est.
824 1488 882 1526 De
918 1488 994 1527 hac
1033 1488 1175 1527 Karoli
1210 1489 1476 1527 coronatione
1511 1489 1566 1527 sic
1602 1489 1803 1539 scriptum
1837 1485 2004 1538 reliquit

299 1546 499 1585 Garoscus
526 1547 574 1585 de
600 1548 808 1586 Ulmoisca
833 1548 961 1586 veteri
987 1556 1078 1586 tum
1102 1548 1246 1587 vivens
1267 1548 1281 1570 2
1307 1564 1314 1586 ε
1340 1548 1444 1586 L'an
1469 1549 1542 1586 mil
1563 1563 1581 1586 e
1605 1557 1679 1587 tres
1702 1563 1792 1586 sens
1823 1547 1896 1585 LX
1909 1547 1954 1595 V,
1980 1547 2005 1582 ἀ

294 1615 430 1655 quatre
448 1607 492 1644 (Ze
506 1607 614 1656 juin,
632 1607 702 1656 fou
720 1622 882 1644 mons-cn
901 1607 1045 1645 Karles
1063 1622 1195 1657 segon,
1214 1616 1432 1657 emperator
1450 1608 1722 1646 d’Alamanlza
1739 1623 1787 1646 en
1805 1608 1844 1646 la
1860 1608 2005 1645 sieutat

295 1665 434 1703 d’Arle
451 1680 521 1715 per
539 1681 619 1703 eser
638 1675 808 1714 coronat,
829 1675 863 1704 et
879 1667 919 1716 fo
938 1676 1097 1705 coronat
1115 1668 1260 1705 dereire
1279 1668 1425 1705 l⁷autar
1444 1668 1488 1704 cle
1506 1682 1580 1705 san
1603 1668 1794 1717 Trofeme,
1815 1682 1833 1705 e
1851 1672 2005 1704 coronet

293 1725 332 1761 lo
342 1732 533 1763 ⁴monssen
557 1725 739 1763 Guillzem
758 1727 802 1763 (le
820 1726 859 1763 la
883 1726 1015 1764 Garda
1033 1727 1256 1777 arcivesque
1275 1727 1424 1774 cl’Arle,
1444 1741 1462 1763 e
1487 1727 1527 1776 so
1555 1727 1567 1764 i
1584 1736 1742 1777 present
1757 1727 1805 1766 R.
1827 1726 2005 1776 d’Agout

296 1786 502 1834 senesqual
517 1786 561 1822 de
577 1786 768 1833 Proensa,
787 1786 822 1823 el
837 1794 955 1823 comte
972 1787 1016 1823 cle
1034 1786 1193 1834 Ξανθία,
1213 1787 1245 1823 le
1262 1787 1336 1824 (luc
1353 1787 1397 1824 cle
1414 1786 1587 1835 Borbon,
1606 1802 1624 1824 e
1641 1795 1762 1824 motos
1779 1786 2001 1836 quamliers

292 1858 314 1880 *e
332 1858 451 1892 grans
467 1845 618 1883 senhoS.
641 1845 739 1882 Item
756 1846 956 1883 dessenclet·
972 1848 995 1882 a
1012 1845 1296 1895 l'arsivesquat.
1322 1846 1417 1883 Item
1433 1859 1497 1883 era
1516 1847 1670 1895 granda
1685 1846 1863 1884 roanada
1880 1852 2003 1895 quant

298 1902 413 1941 intret
434 1918 481 1941 en
503 1904 609 1943 Arle.
638 1904 761 1942 Intret
782 1919 852 1954 per
873 1905 908 1942 lo
931 1906 1061 1954 portal
1082 1906 1126 1942 de
1148 1906 1187 1942 la
1210 1905 1455 1955 qucwalaria.
1482 1905 1662 1944 „lacobus
1685 1898 1808 1943 Bovis
1831 1905 1873 1943 in
1895 1904 1999 1942 libro

292 1962 351 1999 De
369 1963 478 2011 regia
495 1978 637 2001 corona
654 1978 790 2013 regum
807 1964 1117 2013 Arelatensium,
1136 1979 1174 2014 p.
1196 1964 1285 2012 350,
1305 1965 1363 2002 ait
1381 1964 1475 2003 huic
1494 1965 1747 2004 ceremoniae
1764 1963 1998 2003 interfuisse

293 2022 622 2075 archi-episcopos
652 2023 989 2062 Ebredunensem
1017 2032 1057 2062 et
1084 2024 1332 2074 Aquensem,
1360 2033 1452 2062 tum
1479 2025 1605 2062 etiam
1632 2024 1842 2075 episcopos
1870 2023 1998 2061 Arau-

295 2080 493 2130 sicanum,
525 2082 833 2130 Massiliensem,
864 2083 1172 2131 Vasionensem,
1204 2083 1494 2131 Tricastinum,
1521 2083 1771 2131 Diniensem,
1803 2083 1998 2122 Senecen-

295 2154 392 2188 sem,
432 2141 677 2190 Niciensem,
715 2142 997 2190 Venciensem,
1035 2143 1275 2193 Aptensem,
1324 2143 1553 2191 Reiensem,
1596 2152 1637 2181 et
1674 2143 1996 2181 Sistaricensem.

296 2200 417 2238 Errat
445 2209 585 2239 tamen
613 2202 654 2239 in
684 2216 729 2239 eo
760 2202 869 2251 quod
898 2202 956 2240 ait
984 2202 1090 2240 hanc
1122 2202 1263 2240 Karoli
1292 2202 1600 2240 coronationem
1628 2203 1784 2240 factam
1813 2217 1897 2240 esse
1935 2201 1997 2239 die

292 2260 499 2299 dominica
522 2261 717 2310 vigesima
739 2261 988 2309 novembris,
1012 2275 1137 2311 quam
1158 2270 1321 2300 constat
1338 2262 1462 2300 fuisse
1477 2270 1691 2312 peractam
1710 2275 1848 2300 mense
1867 2261 1996 2311 junio.

349 2319 492 2369 Supra,
512 2334 550 2369 p.
574 2320 663 2366 879,
702 2320 965 2359 disseruimus
1004 2321 1052 2358 de
1088 2321 1224 2371 patria
1260 2321 1377 2359 istius
1423 2321 1718 2371 archiepiscopi
1744 2319 1994 2359 Arelatensis

294 2378 495 2428 simulque
522 2379 693 2429 polliciti
720 2394 859 2418 sumus
887 2395 958 2418 nos
986 2380 1107 2418 isthic
1133 2388 1297 2418 acturos
1325 2380 1373 2418 de
1401 2388 1520 2430 gente
1548 2380 1807 2428 Gardiorum,
1838 2394 1888 2418 ex
1914 2393 1995 2429 qua

293 2437 357 2475 ille
378 2439 542 2487 prodiit.
570 2438 614 2476 Id
635 2453 731 2477 vero
752 2439 894 2477 melius
916 2448 1124 2489 praestare
1145 2454 1227 2477 non
1246 2453 1463 2489 possumus
1486 2453 1611 2490 quam
1631 2454 1681 2478 ex
1702 2439 1781 2478 fide
1807 2447 1996 2477 veterum

292 2506 657 2536 monumentorum
679 2512 782 2547 quae
804 2498 920 2536 nobis
942 2499 1228 2548 suppeditavit
1249 2499 1486 2536 humanitas
1508 2499 1583 2536 viri
1606 2499 1817 2537 clarissimi
1840 2497 1995 2536 domini

294 2556 464 2593 „Ioannis
492 2556 708 2606 Baptistae
738 2557 976 2595 Pradillonii
1004 2558 1194 2596 monachi
1224 2558 1549 2607 congregationis
1581 2558 1790 2596 Fuliensis.
1823 2558 1996 2596 Constat

294 2630 386 2664 ergo
409 2616 587 2654 nobilem
612 2617 746 2655 virum
768 2616 1025 2655 Bernardum
1050 2617 1098 2655 de
1123 2617 1287 2664 Gar-dia,
1313 2617 1499 2664 militem,
1525 2617 1739 2656 dominum
1763 2617 1994 2655 Pelissanae

294 2688 338 2711 ac
371 2675 534 2722 Oledae,
575 2684 615 2713 et
650 2676 943 2714 condominum
987 2676 1374 2724 Montis-Draconis,
1408 2677 1477 2726 qui
1516 2676 1640 2714 fuisse
1674 2677 1839 2714 videtur
1867 2677 1994 2715 frater

295 2733 455 2771 Geraldi
489 2735 719 2782 cardinalis,
754 2735 959 2784 quaedam
989 2736 1076 2773 loca
1111 2744 1385 2773 commutasse
1418 2749 1525 2773 anno
1558 2735 1897 2785 MCCCXLVIII,
1931 2735 1993 2774 die

295 2806 349 2827 ΧΠ
371 2793 561 2840 octobris,
583 2808 676 2831 eum
696 2794 821 2831 fratre
842 2794 1016 2832 Geraldo
1037 2795 1085 2832 de
1106 2794 1374 2842 Tournamira
1395 2795 1596 2832 monacho
1617 2803 1657 2832 et
1675 2795 1807 2844 priore
1832 2808 1992 2833 monas-

292 2852 381 2888 terii
402 2852 665 2890 Ubazinensis
685 2854 795 2890 haud
814 2854 930 2903 longe
950 2854 1001 2891 ab
1021 2854 1171 2903 oppido
1191 2853 1411 2892 Tutelcnsi.
1433 2854 1605 2891 Constat
1630 2854 1796 2903 insuper
1814 2868 1864 2892 ex
1881 2854 1993 2891 Actis

293 2910 386 2946 anni
421 2910 695 2959 MCCCLXII,
730 2912 793 2950 die
827 2926 898 2949 x111
929 2913 1047 2962 junii,
1082 2912 1339 2962 Stephanum
1373 2913 1420 2950 de
1454 2913 1605 2950 Cardia
1638 2913 1991 2963 archiepiscopum

344 3046 368 3078 1.
402 3047 663 3087 provinciales,
685 3049 922 3083 Arelatenses
942 3060 1139 3093 nunquam
1160 3049 1361 3081 voluerunt
1380 3060 1641 3091 recognoscere
1660 3049 1929 3091 imperatorem
1948 3053 1992 3079 ut

291 3099 484 3132 dominum
510 3112 620 3133 suum
649 3102 852 3144 (Rogcrum
878 3103 920 3135 de
949 3102 1144 3142 Honeden,
1171 3114 1205 3146 p.
1233 3102 1314 3144 732)
1355 3101 1483 3144 [Bal.].

340 3154 369 3183 2.
394 3153 431 3184 1⁷5.
459 3153 514 3192 N„
539 3166 603 3186 ms.
628 3155 789 3197 franceis
811 3155 916 3195 5728,
940 3156 1001 3189 fol.
1025 3157 1045 3189 3
1066 3160 1109 3189 r0.
