2083 3458
128 259 241 315 [854]
652 276 868 302 PAPARUM
904 275 1288 303 AVENIONENSIUM
1726 259 1808 302 363

115 358 297 396 Crosilha
320 358 423 396 alias
447 357 546 395 dicto
571 358 788 406 Ramnaclz,
814 359 1025 406 domicello,
1051 373 1096 396 ex
1121 374 1202 396 una
1225 367 1346 409 parte,
1381 368 1415 397 et
1444 359 1608 397 Geraldo
1635 358 1805 407 Judicis,

115 425 224 467 patre
241 432 286 455 ae
301 417 474 467 legitimo
487 417 804 454 administratore
817 418 970 464 Jacobi,
987 418 1064 467 filii
1083 418 1212 468 ipsias
1231 418 1399 466 Genitali,
1416 418 1618 468 parrochie
1632 418 1808 468 d’Ayren

115 490 161 513 ex
185 476 318 523 altera,
346 475 440 513 dicti
467 475 616 513 nobiles
637 476 901 525 promiserunt
929 476 971 513 in
988 477 1110 514 dotem
1133 477 1232 514 dicto
1256 477 1419 514 Geraldo
1449 477 1606 515 Jadicis
1632 478 1684 514 ad
1708 491 1808 527 opus

115 534 208 572 dicti
247 534 387 572 Jacobi
423 549 511 572 cum
553 533 764 572 Guillelma
799 535 984 584 Rotgeria
1021 535 1107 584 filia
1144 536 1339 585 quondam
1381 536 1582 574 Guillelmi
1617 535 1806 585 Rotgerii,

114 593 320 640 domicelli,
340 593 477 642 jutura
495 607 643 642 sponsa
657 593 750 631 dicti
768 594 920 641 Jacobi,
942 594 1148 643 seoeaginta
1166 594 1310 632 solidos
1330 595 1535 632 renduales
1555 603 1588 632 et
1603 595 1809 644 sexaginta

115 650 238 690 libras
258 652 386 691 semel.
412 651 556 690 Jacobi
572 651 587 674 1
610 660 652 690 et
674 652 912 691 Guillelmae
938 653 1010 690 filii
1033 653 1142 691 fuere
1166 653 1356 691 Nicolaus
1379 653 1463 692 sive
1486 653 1662 701 Colinus,
1686 667 1808 703 quem

116 710 224 750 idem
246 711 428 750 Clemens
451 710 562 761 apud
584 710 805 749 Odoricum
829 711 1105 760 Raynaldum,
1129 726 1193 751 an.
1219 712 1332 759 1350,
1362 712 1378 761 ἓ
1400 712 1462 760 48,
1485 720 1608 750 vocat
1630 712 1807 751 nobilem

114 769 248 809 virum
286 769 501 808 Nicolaum
540 769 710 817 JudiciS‚
749 769 1022 817 domicellum,
1062 770 1275 809 dominum
1312 771 1360 809 de
1400 771 1627 819 Lavineria‚
1667 770 1807 809 Sancti

114 828 250 867 Pontii
263 828 573 867 Thomeriarum
594 828 800 875 dioecesis,
815 836 856 866 et
877 837 1069 878 nepotem
1090 844 1222 876 suum,
1237 829 1302 867 hic
1317 829 1553 868 Guillelmus
1576 829 1805 878 cardinalis,

114 888 256 926 Petrus
285 887 612 937 archiepiscopus
642 887 917 925 Narbonensis
947 895 988 925 et
1020 888 1248 936 cardinalis,
1281 889 1400 938 Hugo
1437 889 1648 938 episcopus
1676 888 1805 926 Biter-

112 946 251 994 rensis,
272 946 523 994 Guillelmus‚
544 960 666 996 quem
684 945 806 984 fuisse
826 946 1085 985 domicellum
1104 947 1152 985 de
1172 947 1360 996 Colungis
1379 962 1486 985 anno
1511 947 1806 994 MCCCXLIX,

112 1005 176 1043 die
201 1020 286 1043 xv11
308 1005 412 1055 julii,
435 1005 564 1055 reperi
586 1005 628 1042 in
651 1005 780 1043 veteri
804 1006 983 1054 quodam
1006 1005 1280 1044 instrumento
1305 1006 1415 1055 quod
1438 1014 1555 1044 extat
1575 1006 1617 1043 in
1640 1006 1805 1044 archivo

112 1064 385 1103 nobilissimae
424 1064 554 1114 gentis
594 1063 859 1111 Noalliorum,
898 1072 937 1102 et
979 1064 1161 1114 Helipdis
1197 1064 1280 1102 sive
1315 1065 1466 1103 Helisia
1501 1064 1664 1115 nupta2
1698 1079 1805 1102 anno

112 1123 446 1161 MCCCXXXIX
471 1123 648 1161 Guidoni
669 1122 862 1172 Almoyni
883 1123 1095 1161 domicello
1120 1124 1168 1161 de
1193 1123 1426 1161 Podiovalle
1444 1124 1566 1174 vulgo
1590 1124 1805 1173 Puydeval,

110 1182 152 1219 in
179 1190 317 1220 tractu
345 1181 532 1220 inferiore
562 1181 854 1220 Lemovicensi.
885 1182 921 1219 Is
950 1182 1082 1219 Guido
1110 1182 1215 1220 filius
1242 1190 1330 1220 erat
1356 1182 1559 1221 Guillelmi
1584 1182 1633 1221 de
1661 1182 1804 1220 Podio-

111 1241 216 1279 valle
256 1249 297 1279 et
338 1241 582 1290 Margaritae
620 1241 667 1279 de
704 1240 868 1289 Rajaud
910 1255 960 1279 ex
1002 1240 1173 1290 antiqua
1212 1241 1549 1279 Marcilliacorum
1584 1249 1702 1291 gente
1737 1241 1806 1291 qui

111 1300 265 1338 domini
286 1314 448 1350 quoque
468 1307 586 1338 erant
604 1299 681 1337 loci
701 1299 749 1337 de
768 1300 918 1337 Sancto
936 1299 1142 1349 Exuperio
1158 1299 1200 1337 in
1215 1300 1427 1349 parrochia
1446 1300 1585 1338 Sancti
1600 1300 1805 1339 Germani.

111 1359 244 1397 Guido
261 1374 312 1397 ex
328 1359 499 1409 Helipde
518 1358 657 1408 genuit
672 1358 933 1397 Guillelmum
952 1358 991 1395 II
1008 1358 1107 1396 alias
1125 1359 1173 1396 de
1190 1358 1436 1397 Podiovalle.
1463 1359 1542 1397 Iste
1565 1374 1659 1397 Vero
1680 1366 1804 1397 testa-

110 1417 326 1457 mentum3
353 1417 536 1456 condidit
561 1432 669 1455 anno
697 1417 1007 1464 MCCCXCVII‚
1035 1417 1097 1455 die
1118 1411 1311 1456 vicesima
1334 1417 1509 1467 augusti,
1535 1418 1805 1467 heredemque

109 1476 292 1514 instituit
318 1477 535 1523 Joannem,
564 1476 694 1515 filium
720 1490 839 1515 suum
865 1476 1197 1526 primogenitum,
1224 1491 1270 1514 ea
1297 1476 1529 1514 conditione
1556 1477 1718 1526 adjecta
1743 1485 1804 1523 ut,

112 1536 461 1585 quemadmodum
485 1535 675 1574 Nicolaus
699 1535 747 1573 de
771 1535 932 1573 Judicia
956 1543 1160 1573 statuerat
1182 1535 1222 1573 in
1245 1550 1317 1573 suo
1339 1543 1590 1574 testamento
1604 1535 1633 1582 4,
1657 1550 1804 1574 nomen

109 1603 151 1633 et
164 1594 337 1645 insignia
353 1594 553 1644 gentilitia
568 1609 708 1633 eorum
722 1594 924 1644 acciperet
940 1594 1068 1643 quide
1085 1594 1246 1632 Judicia
1262 1595 1531 1632 vocabantur.
1547 1594 1623 1642 Qui
1639 1594 1802 1643 quidem

112 1654 290 1692 Joannes
308 1654 340 1692 is
359 1661 421 1692 est
439 1668 561 1703 quem
579 1661 721 1704 postea
740 1653 865 1691 visuri
884 1667 1022 1690 sumus
1042 1653 1164 1691 fuisse
1191 1653 1405 1691 dominum
1428 1654 1476 1691 de
1495 1654 1668 1700 Alzona3
1688 1653 1802 1702 cujus

111 1713 187 1750 loci
209 1713 364 1751 mentio
387 1713 563 1750 habetur
588 1713 631 1750 in
653 1712 786 1762 capite
819 1727 892 1749 ΧΧΙ
916 1719 957 1750 et
995 1726 1129 1749 xxxlv
1157 1712 1226 1762 [H.
1251 1713 1314 1759 F.,
1338 1720 1367 1750 t.
1401 1727 1488 1759 X1x‚
1521 1727 1560 1762 p.
1585 1712 1635 1749 24
1665 1720 1705 1750 et
1727 1712 1799 1762 30]

109 1772 312 1809 Historiae
348 1771 629 1821 Albigensium
667 1771 776 1809 Petri
814 1771 861 1809 de
899 1771 1012 1808 Valle
1050 1771 1218 1808 Cernaii.
1259 1771 1463 1809 Ademaro
1511 1779 1651 1810 autem
1687 1771 1803 1809 alteri

113 1831 194 1869 filio
221 1845 292 1869 suo
319 1830 433 1869 dedit
457 1830 566 1870 idem
593 1830 831 1869 Guillelmus
859 1830 1139 1868 castellaniam
1165 1830 1213 1868 de
1241 1830 1488 1868 Podiovalle.
1520 1831 1638 1867 Hunc
1663 1829 1803 1868 tamen

111 1890 372 1928 Guillelmum
389 1897 430 1927 et
446 1897 622 1928 matrem
639 1889 724 1938 ejus
746 1889 963 1939 Helipdem
981 1888 1102 1926 fuisse
1121 1889 1253 1927 adhuc
1272 1889 1386 1927 vivos
1405 1903 1512 1926 anno
1530 1888 1801 1926 MCCCXCVI

110 1957 151 1987 et
180 1949 295 1988 litem
325 1948 515 1986 habuisse
547 1963 639 1987 cum
671 1948 890 1997 Margarita
924 1948 972 1985 de
1005 1947 1184 1994 Terrida‚
1216 1948 1340 1985 vidua
1373 1947 1542 1985 Joannis
1576 1947 1801 1997 Ysalguerii

109 2008 263 2055 militis,
285 2007 422 2045 inveni
443 2007 484 2045 in
505 2015 641 2045 vetere
663 2007 823 2056 Regesto
845 2006 1130 2044 seneschalliae
1153 2007 1389 2045 Tolosanae.
1415 2006 1617 2045 Eumdem
1639 2006 1799 2045 Guillel-

107 2125 301 2164 codicillis
330 2125 525 2163 Guidonis
553 2125 601 2163 de
630 2124 840 2163 Malesicco
869 2124 1083 2162 cardinalis
1109 2124 1136 2162 5.
1167 2125 1290 2163 Porro
1327 2125 1551 2163 Ademarus
1581 2124 1628 2161 cle
1658 2124 1799 2161 Podio-

109 2185 211 2223 valle
230 2184 392 2222 vinculo
409 2183 536 2234 jugali
553 2183 729 2222 sociatus
748 2184 827 2221 fuit
845 2197 936 2221 cum
956 2183 1176 2233 Margarita
1201 2184 1249 2221 de
1265 2183 1435 2222 Gimello
1462 2197 1569 2220 anno
1589 2182 1800 2221 millesimo

107 2243 393 2290 CCCCXXVI,
425 2243 487 2281 die
518 2257 574 2280 ΧΠ
603 2242 692 2292 julii
709 2243 736 2281 6.
769 2243 906 2280 Plures
937 2257 987 2280 ex
1016 2257 1061 2279 eo
1091 2242 1352 2281 matrimonio
1381 2241 1495 2280 liberi
1525 2241 1720 2291 prodiere,
1760 2249 1800 2279 et

108 2302 214 2340 inter
236 2303 307 2340 hos
332 2301 534 2340 Antonius
559 2302 607 2340 de
632 2302 880 2348 Podiovalle‚
906 2301 974 2350 qui
998 2316 1166 2340 uxorem
1189 2300 1335 2338 habuit
1356 2301 1583 2337 Blancham
1606 2300 1653 2338 de
1679 2300 1799 2337 Male-

110 2361 213 2399 sicco
238 2375 288 2399 ex
311 2368 429 2410 gente
454 2360 638 2410 ejusdem
662 2359 876 2398 cardinalis
903 2360 950 2397 de
976 2360 1188 2397 Malesicco
1206 2360 1232 2398 7.
1259 2359 1428 2396 Antonii
1452 2366 1493 2396 et
1518 2358 1667 2396 Mariae
1694 2358 1797 2395 filius

109 2420 187 2457 fuit
214 2420 432 2469 Dionysius
458 2420 506 2457 de
533 2419 768 2458 Podiovalle
793 2433 915 2468 eques
941 2426 1173 2467 torquatus,
1201 2418 1270 2468 qui
1296 2432 1402 2455 anno
1430 2417 1633 2454 MDXXV
1660 2431 1797 2455 caesus

109 2487 170 2517 est
193 2479 244 2516 ad
268 2478 454 2517 Ticinum
478 2493 570 2517 cum
595 2478 677 2516 filio
701 2493 773 2516 suo
796 2477 1081 2527 primogenito,
1107 2492 1228 2526 quem
1251 2484 1484 2526 susceperat
1506 2490 1556 2513 ex
1579 2475 1798 2513 Catharina

111 2537 303 2575 Fulcalda
329 2552 379 2575 ex
403 2551 545 2587 genere
571 2537 830 2576 dominorum
852 2535 991 2573 Sancti
1014 2536 1205 2574 Germani
1228 2534 1532 2585 Bellipratensis
1557 2534 1597 2571 in
1619 2534 1798 2572 marchia

109 2595 400 2635 Lemovicensi.
437 2595 708 2645 Superstitem
741 2610 833 2645 ergo
869 2594 998 2632 filium
1032 2595 1177 2632 habuit
1212 2593 1430 2642 Dionysius
1462 2593 1696 2639 Geraldum,
1730 2592 1798 2642 qui

104 2669 214 2693 anno
234 2655 446 2694 millesimo
469 2655 672 2702 DXXXI,
694 2655 757 2693 die
785 2669 825 2691 xl
855 2653 964 2699 maii,
993 2653 1034 2690 in
1061 2653 1369 2692 matrimonium
1390 2651 1508 2689 duxit
1540 2651 1797 2689 Franciscam

155 2817 186 2850 1.
206 2817 368 2859 Jacques
388 2816 431 2848 de
448 2815 484 2848 la
501 2814 611 2858 Jugie
628 2814 687 2847 fut
703 2814 828 2847 anobli
846 2826 892 2847 en
908 2825 1006 2846 mars
1020 2813 1111 2846 1339
1128 2813 1180 2855 (B.
1200 2812 1256 2851 N.‚
1269 2824 1336 2845 ms.
1354 2812 1489 2844 Baluze
1504 2811 1561 2852 21,
1574 2811 1636 2845 fol.
1654 2813 1722 2845 ⁴153
1734 2812 1794 2856 r0).

157 2870 187 2903 2.
204 2869 253 2902 Le
269 2874 419 2902 contrat
434 2869 477 2900 de
491 2867 654 2911 mariage
669 2873 726 2900 est
741 2868 790 2900 du
805 2867 850 2899 14
862 2867 1055 2900 decembre
1072 2865 1164 2898 1339
1182 2865 1234 2908 (B.
1250 2864 1307 2904 N.‚
1321 2876 1387 2898 ms.
1402 2865 1538 2897 Baluze
1554 2864 1634 2904 393,
1651 2877 1684 2898 n.
1699 2864 1795 2909 626).

155 2924 187 2956 3.
206 2922 247 2955 B.
267 2922 324 2961 N.‚
343 2933 410 2954 ms.
428 2921 564 2953 Baluze
582 2919 663 2960 393,
681 2932 716 2953 n.
736 2921 815 2954 632.

152 2975 186 3008 4.
206 2975 248 3008 Β.
269 2974 327 3014 Ν.,
348 2985 415 3007 ms.
434 2973 572 3006 Baluze
590 2972 671 3012 393,
691 2984 726 3006 n.
748 2973 812 3006 631
839 2973 896 3016 (26
914 2983 1012 3004 mars
1033 2969 1154 3015 1374).

158 3029 188 3061 5.
215 3028 253 3060 F.
278 3027 487 3066 Duchesne,
510 3026 674 3059 Histoire
695 3026 736 3058 de
757 3031 835 3058 tous
856 3025 904 3058 les
925 3024 1128 3057 cardinaaae
1146 3023 1317 3066 sraneois,
1341 3028 1367 3056 t.
1388 3035 1425 3063 Π,
1449 3035 1484 3066 p.
1507 3023 1588 3056 464.

156 3082 187 3115 6.
212 3081 253 3113 Β.
280 3080 337 3119 Ν.,
361 3091 428 3112 ms.
453 3079 588 3111 Baluze
612 3078 692 3118 393,
717 3090 751 3111 n.
778 3079 857 3111 635.

153 3135 187 3167 7.
212 3134 252 3166 B.
279 3132 336 3172 N.‚
361 3144 428 3165 ms.
452 3131 588 3164 Baluze
612 3130 692 3170 393,
717 3143 751 3164 n.
778 3131 857 3164 641.
