2083 3458
111 197 264 253 [1220]
631 211 847 235 PAPARUM
883 208 1266 234 AVENIONENSIUM
1717 189 1798 230 739

99 296 270 334 Tarcho.
298 294 376 333 Sed
402 295 534 332 multo
560 293 725 332 uberius
742 293 821 331 ista
848 292 1068 342 exequitur
1092 292 1201 331 idem
1229 291 1488 329 Florentinus
1515 290 1556 327 in
1583 290 1722 340 glossis
1749 288 1803 327 ad

100 355 266 393 Factum
295 353 568 392 cardinalium
603 353 802 391 Italorum
832 352 873 389 in
904 351 1041 390 codice
1072 350 1151 389 815
1179 351 1453 389 bibliothecae
1494 349 1752 387 Colbertinae
1773 348 1801 387 ¹.

101 414 212 452 Haec
233 421 331 451 sunt
352 413 439 461 ejus
462 413 588 450 verba
613 428 619 449 :
644 412 726 448 Hec
747 411 952 461 requisitio
972 411 1052 459 suit
1070 411 1176 459 jacta
1196 410 1271 447 sub
1294 410 1369 447 ista
1388 409 1517 458 forma
1539 409 1582 446 in
1603 408 1802 458 presentia

99 473 174 511 mei
205 472 438 511 Portuensis
468 480 501 508 et
529 471 666 520 fratris
698 470 844 520 Angeli
876 470 1168 507 Pensaurensis
1191 469 1375 519 ⁸episcopi
1406 477 1439 506 et
1469 468 1622 505 domini
1657 468 1802 504 Tiiome

99 531 369 570 Nimociensis
395 530 501 568 electi
528 538 633 576 tunc,
652 544 757 567 nunc
783 528 1002 566 cardinalis
1030 527 1396 578 NeapolitanensiS,
1412 536 1446 565 et
1471 527 1624 564 domini
1652 527 1799 564 Bindo-

95 591 160 629 nis
187 589 487 636 Fesulanensis,
516 588 744 639 cappellani
774 588 861 626 mei.
896 589 1004 625 Idem
1030 588 1222 625 Barensis
1251 587 1441 637 imposuit
1468 586 1568 623 hanc
1594 586 1799 623 ambascia-

93 659 174 688 tam
208 650 368 688 domino
404 647 570 685 Marino
605 648 789 697 episcopo
824 647 1069 685 Cas-sanensi
1106 663 1113 684 ε
1159 647 1321 684 Vadatis
1355 647 1407 683 ad
1440 646 1732 691 BandarenseS,
1768 653 1801 681 et

95 709 236 747 dicatis
259 709 314 746 eis
339 709 441 758 quod
460 707 615 757 jaciant
638 707 767 744 venire
791 706 1013 743 cardinales
1037 706 1103 755 qui
1126 714 1220 743 sunt
1244 705 1286 742 in
1310 714 1434 743 castro
1470 704 1608 742 Sancti
1633 704 1798 752 Angeia

93 769 188 819 quia
211 768 292 806 nisi
314 767 503 814 venerint,
527 766 652 803 nichil
670 766 858 815 fecerunt.
884 765 962 815 Qui
995 764 1262 802 Cassanensis
1282 764 1493 814 episcopus
1516 764 1587 801 ivit
1607 765 1658 801 ad
1680 763 1801 800 dictos

93 828 371 866 Bandarenses
392 841 481 864 cum
502 826 605 863 dicta
626 825 870 863 ambaziata.
894 824 982 874 Qua
1003 825 1058 861 eis
1079 824 1271 873 eoeposita,
1296 824 1365 861 ivit
1385 824 1437 860 ad
1456 831 1628 860 castrum
1648 822 1798 872 predic—

94 895 176 925 tum
203 901 292 924 cum
322 886 423 936 ipsis
452 884 795 922 Bandarensibus.
827 884 877 920 Et
904 891 990 932 post
1017 883 1115 920 satis
1143 884 1306 932 longum
1334 882 1519 932 temporis
1550 882 1800 919 intervallum

92 946 232 984 redivit
249 947 301 983 ad
318 944 517 995 palatium
536 943 673 982 Sancti
693 943 815 989 Petri,
837 942 906 979 ubi
924 957 1093 979 eramus
1114 943 1165 979 Et
1184 957 1241 979 me
1259 950 1435 991 presente
1453 949 1486 978 et
1504 941 1667 978 testibus
1683 954 1798 989 supe-

93 1006 178 1043 rius
207 1004 424 1043 nominatis
454 1004 555 1041 dixit
582 1012 615 1040 et
644 1003 776 1040 retulit
803 1002 927 1039 eidem
957 1001 1127 1038 Bai-ensi
1157 1002 1345 1050 quomodo
1373 1000 1651 1048 sollicitaverat
1679 999 1800 1037 dictos

92 1065 370 1102 Bandarenses
389 1063 502 1113 juxta
531 1062 803 1100 ambariacum
825 1061 905 1098 sibi
930 1061 1172 1110 impositam,
1196 1069 1229 1098 et
1260 1075 1348 1097 cum
1369 1060 1426 1096 eis
1447 1061 1499 1097 ad
1520 1068 1692 1097 castrum
1714 1073 1798 1108 per-

91 1124 279 1162 sonaliter
315 1124 448 1169 iverat,
483 1130 516 1159 et
551 1122 652 1171 quod
687 1121 807 1158 iidem
842 1121 1120 1157 Bandarenses
1154 1120 1441 1169 requisiverunt
1475 1119 1697 1156 cardinales
1731 1117 1798 1167 qui

90 1192 202 1221 erant
223 1183 263 1220 in
285 1191 410 1220 castro
430 1182 532 1232 quod
552 1181 642 1218 inde
662 1180 838 1217 venirent
857 1181 909 1217 ad
927 1180 1139 1229 palatium.
1167 1179 1255 1228 Ipse
1275 1179 1408 1215 Bindo
1425 1178 1534 1227 prior
1553 1180 1797 1215 Sanctorum

50 1237 54 1241 ⁵
91 1242 149 1280 ita
169 1250 349 1281 testatus
370 1249 432 1279 est
451 1241 492 1278 in
512 1254 584 1278 sua
606 1239 862 1289 depositione
883 1239 897 1261 ²
921 1255 927 1276 ;
957 1239 1222 1287 Interrogatus
1242 1239 1286 1275 de
1306 1238 1384 1275 hiis
1405 1251 1475 1287 que
1496 1245 1582 1286 post
1599 1251 1795 1286 egressum

91 1301 287 1340 conclavis
314 1300 562 1349 contigerunt
590 1299 691 1337 dimit
710 1300 812 1348 quod
829 1298 913 1335 alia
932 1298 994 1335 die
1014 1299 1116 1347 quod
1134 1298 1261 1335 dictus
1280 1296 1472 1334 Barensis
1492 1296 1601 1333 misit
1619 1297 1671 1333 ad
1690 1296 1795 1332 Ban-

91 1362 275 1399 darenses
294 1369 335 1398 ut
353 1368 531 1397 vocarent
549 1358 772 1396 cardinales
790 1358 857 1407 qui
878 1357 1162 1394 intronizarent
1179 1371 1281 1397 euin,
1302 1356 1464 1393 dicendo
1482 1356 1539 1392 eis
1559 1355 1634 1392 ista
1652 1355 1765 1391 verba
1787 1370 1793 1391 :

94 1421 141 1458 Et
165 1420 246 1457 nisi
268 1419 430 1469 faciatis
453 1433 516 1455 eos
540 1418 682 1464 venire,
709 1417 834 1454 nichil
856 1425 909 1454 est
928 1417 1089 1465 sactum.
1117 1416 1161 1452 ln
1181 1415 1436 1465 depositione
1463 1414 1599 1452 fratris
1624 1415 1796 1451 Bartho-

90 1479 235 1518 lomaei
263 1477 540 1529 procuratoris
568 1476 765 1527 generalis
793 1475 944 1513 ordinis
981 1475 1296 1514 Carmelitarum
1331 1474 1388 1511 ita
1425 1473 1625 1523 scriptum
1660 1481 1722 1511 est
1746 1472 1760 1494 3
1790 1488 1796 1510 :

90 1539 229 1576 Primo
254 1537 349 1588 quid
374 1537 670 1575 Bartlzolomeus
698 1536 776 1585 egit
800 1544 890 1573 ante
914 1535 1034 1572 eliani
1060 1549 1178 1584 quam
1212 1534 1291 1571 sibi
1329 1533 1512 1571 intimata
1546 1541 1643 1569 esset
1667 1532 1797 1569 electio

88 1613 164 1636 sua
183 1612 375 1648 expresse,
396 1597 431 1633 si
452 1596 584 1634 electio
604 1596 737 1633 debeat
758 1594 900 1632 vocari.
925 1593 1032 1631 Nam
1051 1608 1230 1643 erpi-esse
1252 1592 1455 1630 mandavit
1480 1592 1552 1629 uni
1573 1593 1616 1629 de
1637 1592 1796 1629 Randa-

91 1657 273 1695 rensibus
301 1657 402 1706 quod
429 1655 591 1693 omnino
618 1655 759 1703 jaceret
786 1653 916 1691 venire
944 1653 1167 1691 cardinales
1195 1653 1262 1702 qui
1289 1660 1400 1689 erant
1437 1652 1480 1688 in
1506 1659 1631 1689 castro
1659 1651 1797 1688 Sancti

91 1717 252 1766 Angeli,
278 1716 382 1753 alias
409 1723 529 1752 totum
555 1715 657 1764 quod
680 1714 851 1763 fecerant
878 1713 1003 1750 nichil
1028 1712 1180 1750 valebat
1207 1728 1213 1749 ε
1241 1720 1275 1749 et
1301 1712 1424 1749 multa
1448 1711 1532 1748 alia
1557 1711 1671 1747 verba
1698 1710 1798 1747 discit

91 1776 134 1813 in
151 1776 295 1825 quibus
313 1775 552 1813 attribuebat
568 1788 683 1810 suam
701 1773 924 1810 electionem
944 1772 1150 1817 Romanis,
1169 1780 1202 1808 et
1220 1786 1298 1808 non
1316 1770 1489 1808 dominis
1508 1769 1797 1814 cardinalibus,

90 1843 206 1885 prout
228 1835 279 1872 ab
302 1834 507 1883 aliquibus
531 1833 650 1870 etiam
673 1832 836 1882 prelatis
860 1831 1013 1877 audivi,
1039 1831 1226 1881 precipue
1250 1830 1300 1868 ab
1323 1830 1508 1879 episcopo
1534 1830 1704 1875 Bosana,
1730 1828 1796 1877 qui

90 1903 182 1932 tunc
203 1902 284 1932 erat
307 1908 480 1943 presens.
506 1892 583 1930 Sed
607 1892 685 1929 ista
710 1891 873 1929 uberius
898 1890 1093 1928 describit
1120 1890 1310 1928 Nicolaus
1337 1887 1554 1938 Eymerici,
1578 1887 1797 1937 inquisitor

92 1953 355 2003 Arragoniae,
373 1952 414 1989 in
433 1951 689 2001 depositione
708 1965 796 1997 sua,
815 1950 885 1988 ubi
903 1949 958 1987 sic
986 1949 1187 1999 scriptum
1210 1957 1271 1987 est
1290 1948 1306 1971 4
1326 1965 1332 1985 :
1355 1949 1403 1985 Et
1429 1962 1517 1985 cum
1554 1947 1656 1985 idem
1683 1948 1796 1996 depo-

91 2027 187 2050 nens
208 2013 260 2050 ad
279 2026 369 2049 eum
390 2012 595 2057 acceleret,
618 2010 745 2048 dictus
767 2009 959 2047 Barensis
981 2001 1262 2057 congratulans
1285 2008 1385 2045 dimit
1414 2007 1449 2044 ei
1474 2023 1480 2044 :
1505 2009 1550 2054 (l,
1576 2007 1667 2043 bene
1688 2020 1796 2043 vene-

90 2072 193 2119 ritis,
222 2071 447 2121 inquisitor.
478 2071 526 2107 Et
553 2084 641 2107 cum
668 2070 865 2119 deponens
894 2069 964 2106 iste
990 2069 1097 2106 vellet
1122 2068 1375 2118 procumbere
1400 2067 1452 2104 ad
1477 2066 1736 2103 osculandum
1761 2064 1797 2101 ei

90 2132 240 2181 pedem,
262 2131 346 2180 ipse
367 2130 555 2167 Barensis
577 2129 679 2167 dixit
697 2129 732 2166 ei
751 2128 970 2177 formaliter
991 2127 1067 2164 ista
1086 2127 1201 2164 verba
1223 2143 1229 2164 :
1253 2126 1358 2173 Non,
1381 2140 1478 2172 non;
1500 2124 1626 2162 nichil
1643 2132 1699 2161 est
1715 2124 1795 2173 fac-

90 2199 186 2238 tum,
213 2189 338 2227 nichil
361 2197 416 2226 est
438 2189 588 2238 sactum
611 2188 753 2234 adhuc,
777 2188 845 2224 sed
871 2188 963 2224 bene
986 2186 1192 2224 osculabor
1216 2200 1293 2223 vos.
1320 2185 1370 2222 Et
1394 2185 1593 2221 osculatus
1616 2191 1670 2220 est
1693 2197 1795 2220 eum.

91 2249 264 2287 Cernens
281 2257 411 2286 autem
428 2248 491 2285 hic
507 2249 705 2297 deponens
722 2248 824 2296 quod
841 2261 908 2284 nec
926 2246 1052 2283 dictus
1070 2245 1262 2283 Barensis
1278 2243 1485 2282 antedictis
1502 2243 1657 2281 duobus
1673 2242 1796 2279 domi-

92 2309 155 2346 nis
181 2307 456 2346 cardinalibus
484 2306 739 2357 (Florentino
765 2314 806 2344 et
835 2304 1143 2353 Mediolanensi)
1173 2318 1240 2341 nec
1268 2303 1348 2353 ipsi
1373 2303 1499 2340 eidem
1524 2301 1796 2351 loquebantur,

89 2368 157 2405 sed
173 2367 331 2405 stabant
348 2366 463 2416 quasi
482 2365 655 2412 attoniti,
675 2364 823 2414 incepit
840 2364 946 2414 loqui
964 2372 1102 2401 secrete
1120 2363 1221 2401 dicto
1240 2362 1410 2400 Barensi
1429 2362 1473 2399 de
1490 2362 1661 2411 quadam
1680 2368 1795 2397 mate-

91 2427 153 2464 ria
175 2441 246 2476 que
269 2426 436 2463 multum
457 2425 665 2463 amborum
686 2424 871 2461 cordibus
895 2423 1106 2469 insidebat,
1129 2437 1200 2472 que
1221 2423 1272 2459 acl
1292 2435 1444 2472 papam
1466 2420 1604 2457 deinde
1626 2419 1794 2469 pertine-

93 2486 169 2524 bat.
197 2485 249 2523 At
273 2485 337 2522 ille
359 2485 484 2535 eidem
507 2483 706 2533 replicans
729 2483 812 2521 ait:
833 2483 975 2520 Adhuc
998 2481 1124 2519 nichil
1145 2489 1200 2518 est
1221 2481 1385 2530 sactum,
1409 2479 1535 2517 nichil
1556 2487 1611 2516 est
1631 2478 1794 2527 sactum.

88 2546 198 2582 Dum
224 2544 279 2582 sic
302 2551 450 2581 starent
476 2543 556 2593 ipsi
583 2550 750 2592 quatuor
774 2541 962 2579 antedicti
988 2540 1103 2590 quasi
1128 2539 1300 2585 attoniti,
1328 2553 1395 2576 nec
1422 2552 1526 2575 unus
1551 2537 1663 2585 alteri
1689 2538 1797 2575 daret

91 2604 264 2650 verbum,
294 2617 374 2640 ecce
403 2601 644 2639 subintravit
674 2601 859 2639 dominus
889 2600 1108 2637 cardinalis
1138 2598 1313 2648 Majoris
1344 2597 1588 2644 monasterii,
1618 2605 1652 2634 et
1680 2596 1796 2643 dixit,

91 2663 159 2700 hoc
181 2663 394 2712 deponente
416 2669 592 2711 presente
613 2669 648 2698 et
669 2660 867 2706 audiente,
891 2659 992 2696 dicto
1014 2658 1185 2696 Barensi
1210 2673 1217 2695 :
1239 2656 1407 2694 Domini
1431 2656 1506 2693 mei
1529 2670 1608 2693 non
1630 2663 1797 2704 possunt

92 2721 234 2759 venire.
259 2721 311 2758 Et
334 2721 398 2758 ille
424 2736 430 2757 :
457 2720 586 2770 Quare
610 2718 714 2756 noni'
736 2719 786 2756 Et
810 2718 880 2755 iste
906 2733 913 2755 :
939 2717 1046 2767 Quia
1068 2730 1147 2754 non
1170 2716 1314 2754 liabent
1345 2729 1480 2764 capas.
1505 2715 1556 2752 Et
1579 2714 1644 2751 ille
1668 2729 1676 2751 ε
1702 2712 1795 2751 Νοη

91 2781 234 2818 habent
253 2780 403 2829 capas?
429 2779 614 2825 Veniant,
636 2778 796 2815 veniant
819 2777 861 2814 in
882 2776 1066 2826 roqueta,
1084 2775 1245 2813 veniant
1267 2775 1309 2812 in
1326 2774 1514 2824 roquetis;
1534 2781 1681 2823 oportet
1696 2773 1797 2823 quod

141 2915 172 2946 1.
203 2914 244 2947 Β.
272 2913 329 2953 N.‚
355 2925 422 2947 ms.
447 2914 543 2946 latin
567 2913 673 2953 1470,
697 2914 760 2947 fol.
787 2914 856 2946 204
881 2918 932 2946 v0.

141 2968 172 2999 2.
204 2967 244 2999 B.
275 2967 333 3006 N„
362 2978 429 3000 ms.
458 2967 554 2999 latin
581 2966 711 3006 11745,
739 2967 802 2999 fol.
831 2967 876 2999 56
902 2971 946 2999 r⁰.

140 3021 172 3053 3.
204 3020 271 3053 Ms.
302 3020 387 3059 cite,
417 3020 479 3053 fol.
510 3020 554 3052 59
582 3024 625 3052 r0.

140 3073 171 3106 4.
204 3072 271 3106 Ms.
301 3073 385 3112 cite,
416 3073 479 3106 fol.
509 3073 550 3105 61
581 3077 626 3105 r0.
