2083 3458
64 190 187 247 [607]
594 201 810 227 PAPARUM
846 197 1230 225 AVENIONENSIUM
1705 180 1757 222 79

54 287 333 327 Ascensionem
360 286 471 336 apud
495 284 774 333 Petrafontem,
800 283 851 322 80
876 283 960 329 lib„
987 297 1056 332 per
1082 282 1310 319 Illartinum
1335 281 1379 318 cle
1404 280 1591 318 Essartis.
1621 280 1756 317 Cardi-

54 347 155 386 nalis
176 347 224 384 de
246 347 459 394 Pergamo,
481 343 596 393 cujus
617 357 764 381 nomen
785 356 867 380 non
888 341 1132 392 exprimitur
1150 341 1192 378 in
1211 340 1272 378 his
1294 339 1509 390 excerptis,
1530 340 1757 376 vocabatur

57 406 292 446 Guillelmus
317 405 367 442 de
393 403 555 453 Longis,
575 402 791 452 fueratque
818 402 949 439 factus
976 400 1191 438 cardinalis
1216 414 1238 437 a
1265 398 1504 438 Caelestino.
1528 398 1673 435 Mirum
1697 406 1757 435 est

56 474 193 504 autem
240 465 442 502 Joannem
489 461 724 508 Villanium,
764 460 833 498 lib.
877 461 930 507 X,
974 474 1062 510 cap.
1101 474 1291 496 Lxxxvin
1330 458 1558 509 [Muratori,
1600 465 1629 495 t.
1672 472 1756 494 xm.

58 525 129 564 col.
165 522 271 574 657]‚
304 523 515 560 Donatum
550 521 738 559 Bossium
772 520 814 557 in
848 519 1056 565 Chronico,
1091 527 1131 556 et
1176 519 1378 556 Joannem
1413 516 1684 554 Trithemium
1718 516 1758 552 in

58 582 250 622 Chronico
296 580 584 630 Hirsaugiensi
626 580 671 630 [t.
706 594 747 620 11.
789 594 825 628 p.
860 578 949 629 171]
994 579 1099 615 hanc
1144 576 1360 616 Caelestini
1407 575 1759 614 canonizationem

58 642 202 681 referre
234 641 285 679 ad
316 654 471 678 annum
502 639 833 677 MCCCXXVIII
864 646 937 675 aut
968 637 1272 675 MCCCXXIX.

112 702 155 739 P.
176 700 239 747 30,
258 700 324 749 lig.
347 699 407 737 23.
434 699 601 737 ILLATA.
624 697 854 737 Guillaume
876 697 924 734 de
946 697 1125 745 Nogaret
1145 698 1334 745 presenta
1354 694 1553 744 plusieurs
1574 695 1760 742 requetes

61 760 154 811 qu’a
181 759 363 809 publices
394 759 441 796 R.
473 758 739 803 Holtzmann‚
768 756 952 793 Wilhelm
979 770 1051 792 oon
1080 755 1265 804 Negaret‚
1293 769 1332 804 p.
1362 753 1547 799 261-265,
1576 752 1759 789 272-274.

114 820 156 857 P.
184 819 247 866 30,
272 818 338 868 lig.
367 817 427 856 29.
457 817 551 855 CUM
581 830 918 855 DETESTATIONE.
949 816 1002 852 Et
1028 823 1167 853 tamen
1194 828 1286 852 eum
1314 812 1507 857 absolvit,
1534 820 1581 849 ut
1615 812 1763 849 docent

61 878 129 916 alii
143 877 358 928 scriptores
374 877 485 914 vitae
502 875 720 914 Clementis
735 875 760 913 ¹.
778 874 880 912 Vide
896 874 1021 912 etiam
1038 873 1259 911 Odoricum
1277 871 1555 921 Raynaldum,
1569 885 1633 908 an.
1651 869 1763 916 1311,

115 997 158 1034 P.
178 995 241 1042 31,
259 995 325 1044 lig.
354 995 415 1033 31.
437 995 669 1032 COMBUSTA
704 1007 851 1031 EchE.
879 993 1037 1030 LATER.
1060 992 1319 1029 Abrahamus
1343 989 1532 1029 Bzovius.
1559 1003 1624 1026 an.
1651 987 1764 1033 1308,

69 1056 85 1105 g
111 1055 173 1102 12,
197 1056 375 1093 adnotat
399 1054 664 1099 Clementem,
687 1067 779 1090 cum
810 1051 920 1089 fama
946 1051 1068 1100 hujus
1094 1050 1271 1088 incendii
1295 1050 1347 1087 ad
1372 1063 1464 1087 eum
1490 1048 1646 1098 perlata
1674 1047 1765 1091 fuit,

62 1113 203 1152 Carolo
243 1112 327 1162 regi
373 1111 533 1151 Siciliae
571 1110 798 1160 injunxisse
837 1117 884 1147 ut
928 1123 979 1148 ex
1017 1108 1130 1158 regni
1169 1107 1375 1146 Ecclesiae
1413 1106 1538 1156 sylvis
1575 1105 1683 1155 ligna
1726 1112 1767 1143 et

62 1173 198 1211 trabes
234 1171 276 1210 in
307 1170 610 1221 reparationem
644 1168 825 1208 exscindi
858 1176 984 1220 atque
1017 1168 1193 1207 Romam
1223 1165 1395 1205 convehi
1417 1165 1592 1215 juberet.
1625 1163 1767 1202 Inveni

63 1239 202 1270 autem
224 1230 267 1269 in
291 1229 429 1269 codice
452 1231 557 1269 2578
584 1228 860 1268 bibliothecae
885 1226 1142 1266 Colbertinae
1159 1227 1173 1250 2
1196 1225 1413 1277 epistolam
1439 1224 1623 1274 ejusdem
1650 1237 1767 1273 argu-

62 1290 190 1329 menti
230 1289 425 1340 scriptam
457 1289 509 1327 ad
546 1287 807 1327 Fredericum
840 1300 975 1337 regem
1010 1285 1254 1325 Trinacriae.
1281 1285 1437 1322 Eadem
1471 1283 1581 1322 edita
1617 1290 1678 1321 est
1715 1282 1768 1319 ab

63 1350 225 1388 Andrea
247 1348 467 1387 Victorello
499 1347 540 1385 in
562 1346 844 1385 additionibus
868 1346 919 1384 ad
943 1344 1192 1384 Ciaconium.
1216 1344 1318 1382 Vide
1346 1342 1567 1382 Odoricum
1590 1341 1769 1391 Raynal-

63 1409 176 1456 dum,
198 1422 263 1446 an.
289 1407 404 1454 1308,
438 1407 455 1455 ξ
474 1407 534 1445 10.

116 1468 159 1506 Ρ.
187 1467 251 1514 32,
274 1466 341 1516 lig.
369 1466 431 1504 24.
459 1466 707 1504 Pnocssssus
740 1478 908 1503 CONTRA
938 1466 1155 1503 VENETos.
1185 1462 1305 1501 Liber
1330 1460 1501 1500 Arnaldi
1525 1459 1769 1499 Camerarii:

60 1527 151 1565 Duo
188 1526 449 1564 instrumenta
483 1524 667 1574 confecta,
706 1538 832 1561 unum
869 1523 912 1560 in
947 1522 1112 1560 consilio
1147 1521 1307 1572 publico
1341 1529 1376 1558 et
1410 1519 1623 1566 communi,
1660 1518 1772 1558 aliud

63 1585 216 1637 privato
238 1593 273 1623 et
294 1592 433 1622 secreto
457 1583 678 1621 communis
702 1582 872 1620 civitatis
896 1581 1166 1619 Ferrariensis
1189 1595 1309 1631 super
1331 1579 1559 1618 ambasciato
1585 1577 1773 1620 mittenda

64 1644 222 1683 domino
247 1643 437 1682 Clementi
470 1658 575 1694 pape
605 1643 637 1679 V
661 1642 712 1680 acl
745 1641 1057 1692 conquerendum
1081 1640 1126 1678 de
1150 1639 1349 1678 communi
1380 1638 1646 1684 Venetiarum,
1673 1635 1773 1687 quod

64 1718 127 1742 eos
150 1703 339 1741 hostiliter
364 1702 561 1740 invaserat
583 1710 617 1739 et
641 1701 826 1739 intulerat
850 1701 973 1738 multa
998 1700 1174 1750 dampna
1197 1707 1231 1737 et
1253 1698 1463 1749 petendum
1486 1710 1717 1734 succursum
1740 1703 1774 1733 et

63 1763 250 1814 juvamen
277 1777 302 1800 a
328 1769 466 1800 sancta
493 1775 658 1799 romana
686 1759 875 1807 Ecclesia,
906 1759 1020 1809 cujus
1048 1767 1141 1796 sunt
1178 1757 1397 1808 peculiares
1427 1756 1504 1806 filii
1533 1765 1567 1794 et
1593 1754 1770 1804 subjecti.

68 1822 278 1860 Habemus
314 1829 455 1859 autem
490 1834 701 1871 processus
737 1833 759 1857 a
796 1819 1003 1857 Clemente
1049 1818 1179 1856 factos
1225 1817 1420 1855 adversus
1459 1814 1773 1865 Rempublicam

66 1881 282 1928 Venetam,
317 1894 417 1930 quos
450 1879 682 1917 invenimus
714 1878 756 1916 in
789 1877 956 1916 archivo
988 1876 1096 1927 regio
1132 1875 1347 1915 Parisiensi
1380 1883 1422 1914 et
1453 1874 1496 1912 in
1528 1873 1664 1912 codice
1697 1874 1775 1912 128

67 1939 340 1978 bibliothecae
374 1938 633 1978 Colbertinae
673 1939 732 1989 [Β.
765 1939 829 1984 N.,
867 1953 940 1976 ms.
975 1938 1079 1976 latin
1108 1936 1225 1984 4184,
1249 1937 1275 1975 f.
1313 1936 1387 1973 242
1424 1935 1565 1972 v0-246
1588 1934 1640 1984 r0]
1673 1946 1773 1981 quos

69 2013 165 2038 vero
196 2005 491 2037 commemorat
510 1997 636 2036 etiam
664 1996 861 2035 Odoricus
895 1995 1149 2045 Raynaldus,
1174 2009 1240 2032 an.
1272 1993 1386 2040 1309,
1417 1993 1434 2042 ξ
1464 1993 1499 2031 6.
1533 1992 1645 2030 Idem
1674 1991 1775 2029 liber

70 2057 240 2096 Arnaldi
270 2056 490 2096 Camerarii
511 2073 518 2095 :
541 2055 866 2094 procuratorium
896 2055 1129 2092 Venetorum
1158 2068 1237 2091 non
1263 2052 1497 2099 admissum,
1529 2051 1623 2102 quia
1653 2050 1775 2088 nimis

71 2117 259 2167 generale,
291 2130 359 2154 nec
386 2115 490 2153 alias
518 2115 729 2165 sufficiens,
754 2114 903 2164 facturn
932 2127 1038 2151 anno
1064 2112 1232 2151 Domini
1256 2111 1481 2150 MCCCIX
1509 2110 1694 2148 Venetiis.
1721 2110 1775 2146 Et

70 2190 189 2214 mox:
206 2175 335 2214 Aliud
349 2174 665 2225 procuratorium
688 2173 942 2211 Venetiarum
959 2172 1143 2211 ultimum
1164 2171 1398 2219 admissum,
1414 2170 1602 2208 directum
1617 2168 1775 2206 domino

120 2332 152 2365 1.
170 2331 433 2364 L'absolution
448 2330 506 2363 fut
522 2331 700 2363 accordee
715 2330 746 2362 le
764 2330 806 2362 27
823 2329 917 2362 avril
933 2329 1022 2362 1311
1046 2328 1220 2372 (Clement
1238 2327 1280 2367 V,
1297 2339 1332 2360 n.
1349 2326 1471 2369 7503).

123 2386 153 2418 2.
172 2384 213 2417 B.
248 2383 306 2423 N.,
342 2394 410 2416 ms.
447 2382 545 2415 latin
574 2382 684 2421 4955,
714 2382 740 2415 f.
773 2382 841 2415 115
875 2386 916 2413 vO
946 2388 984 2414 et
1011 2381 1172 2414 Clement
1203 2380 1244 2420 V,
1282 2393 1317 2413 n.
1340 2381 1431 2413 3601
1453 2386 1490 2412 et
1516 2380 1621 2412 3602.
1650 2398 1695 2400 —-
1728 2378 1777 2410 Le

73 2438 166 2472 recit
184 2439 227 2471 de
246 2437 444 2470 l’incendie
463 2448 483 2469 a
501 2439 559 2470 ete
587 2437 710 2470 donne
729 2448 797 2480 par
818 2435 969 2475 Villani,
991 2435 1054 2468 lib.
1080 2435 1188 2473 VIII,
1212 2446 1293 2477 cap.
1318 2445 1435 2472 xcvn,
1457 2433 1549 2465 dans
1580 2432 1776 2471 Muratori,

74 2498 100 2525 t.
125 2504 204 2531 xm,
222 2492 290 2524 col.
313 2491 395 2524 434.
420 2490 522 2523 Celui
544 2502 616 2534 que
636 2489 807 2522 contient
827 2501 879 2521 un
906 2491 1037 2532 poeme
1060 2488 1154 2520 latin
1172 2486 1461 2530 contemporain
1479 2486 1605 2529 publie'·
1624 2497 1691 2528 par
1710 2483 1779 2517 Ph.

75 2545 197 2578 Lauer
224 2545 287 2587 (Le
309 2544 432 2588 palais
458 2545 507 2576 du
529 2543 680 2582 Latran,
710 2543 825 2582 Paris,
849 2543 955 2581 1911,
979 2553 1014 2585 p.
1043 2542 1214 2584 245-250)
1237 2548 1294 2573 est
1321 2541 1404 2584 plus
1433 2538 1716 2572 circonstancie.
1750 2538 1779 2570 11

75 2599 262 2631 concorde
281 2609 373 2630 avec
391 2598 427 2630 la
446 2597 595 2630 version
610 2597 752 2629 inseree
772 2596 865 2628 (lans
881 2607 954 2628 une
968 2595 1067 2628 hulle
1081 2595 1130 2627 du
1147 2595 1189 2626 11
1207 2595 1297 2626 aout
1314 2594 1408 2627 *1308
1427 2606 1433 2625 ι
1450 2591 1562 2625 Nocte
1575 2592 1782 2635 precedente

74 2652 208 2694 festum
231 2651 323 2684 beati
345 2650 509 2683 Joannis
531 2655 613 2683 ante
635 2655 777 2693 portam
799 2649 955 2682 latinam
976 2649 1107 2681 ardens
1130 2648 1229 2690 ignis
1247 2659 1289 2679 em
1308 2647 1454 2679 incuria
1481 2646 1570 2688 sorte
1591 2645 1780 2678 custodum

76 2705 234 2738 omissus
265 2704 474 2737 sacristiam
507 2704 638 2747 primo,
673 2703 801 2736 deinde
837 2714 928 2745 pene
954 2707 1066 2734 totum
1093 2707 1221 2734 tectum
1253 2699 1404 2742 majoris
1430 2699 1535 2732 nauis
1563 2698 1782 2731 venerabilis

78 2763 195 2790 nostre
210 2757 469 2790 Lateranensis
485 2757 628 2789 ecclesie
645 2757 684 2789 in
700 2756 869 2788 honorem
887 2755 1087 2787 Salvatoris
1102 2755 1267 2787 omnium
1285 2754 1443 2786 dedicate
1464 2757 1608 2784 vorante
1631 2750 1781 2794 flamma

77 2811 314 2854 consumpsit,
339 2810 550 2843 marmoreis
570 2809 760 2842 nonnullis
786 2809 993 2851 columpnis
1015 2807 1250 2840 concrematis
1272 2807 1439 2839 incendio
1461 2817 1502 2838 ac
1523 2805 1783 2837 canonicorum

79 2864 187 2897 altari
208 2869 239 2896 et
258 2864 362 2896 choro
380 2864 564 2896 succensis
585 2862 758 2906 (Clement
781 2862 822 2901 V,
843 2874 877 2894 11.
896 2862 1008 2899 3591;
1028 2861 1108 2893 voir
1126 2860 1225 2892 aussi
1247 2859 1376 2897 Finke,
1398 2858 1489 2891 Acta
1508 2858 1780 2901 Aragonensia,

79 2923 107 2950 t.
127 2930 179 2957 111,
202 2929 237 2960 p.
260 2916 358 2960 185).
382 2916 553 2950 Clement
573 2916 605 2948 V
626 2915 702 2959 prit
724 2921 850 2948 toutes
881 2914 1125 2957 dispositions
1148 2925 1242 2956 pour
1262 2914 1413 2955 reparer
1439 2912 1470 2944 le
1500 2912 1666 2944 desastre
1689 2910 1783 2952 (Cle-

81 2975 176 3003 ment
207 2970 248 3010 V,
278 2982 312 3003 n.
345 2969 582 3012 3592-3603).
612 2968 790 3002 L’edifice
818 2968 955 3001 n'etait
982 2979 1048 3010 pas
1077 2978 1208 2999 encore
1237 2966 1377 2998 acheve
1407 2977 1453 2998 en
1490 2965 1584 2998 1322
1624 2964 1780 3005 (Mollat,

81 3034 118 3056 n.
141 3023 288 3066 16137).
308 3042 354 3045 —-
370 3023 430 3056 Un
454 3030 560 3056 autre
582 3022 753 3055 incendie
774 3033 811 3054 se
834 3021 1021 3065 produisit
1040 3031 1086 3053 en
1106 3020 1196 3053 1361
1219 3018 1494 3061 (Montfaucon,
1511 3017 1689 3051 Diarium
1708 3018 1782 3049 Ita-

83 3076 205 3116 licum,
225 3088 259 3120 p.
279 3077 347 3110 137
379 3075 509 3119 [Ba].].
