2083 3458
295 196 378 237 862
946 208 1098 234 NOTAE
1134 208 1203 233 ΑΙ)
1228 208 1356 232 VITAs
1853 191 2003 246 [1348]

350 295 497 332 Postea
524 307 595 331 rex
620 292 736 330 illum
762 291 924 342 scriptis
951 290 1078 329 literis
1106 292 1297 329 hortatus
1325 300 1372 329 ut
1398 290 1439 328 in
1466 305 1512 328 ea
1539 290 1746 329 sententia
1773 290 1955 338 duraret,
1983 304 2005 328 a

296 368 377 404 qua
404 353 592 391 audierat
620 352 823 401 quosdam
849 366 942 389 eum
970 359 1208 400 ceterosque
1236 350 1462 391 cardinales
1490 351 1592 388 Velle
1619 351 1839 388 retrahere.
1869 350 1932 388 Ad
1959 364 2005 388 ea

296 412 502 462 rescripsit
522 412 533 434 ¹
554 410 771 450 cardinalis
791 411 854 449 die
873 412 1049 461 septima
1070 410 1248 449 octobris
1266 425 1307 448 se
1335 424 1417 447 non
1436 418 1632 457 mutasse,
1660 425 1733 448 nec
1753 423 2006 460 quemquam

296 472 456 510 novisse
477 471 546 521 qui
564 485 610 509 ea
628 470 804 509 tentarit
822 471 935 521 apud
954 469 1180 509 cardinales
1200 484 1305 520 quae
1324 470 1365 507 in
1383 469 1510 507 literis
1529 469 1647 520 regiis
1667 464 2003 507 continebantur.

348 533 661 571 Testamentum
683 530 698 553 2
723 530 909 569 condidit
927 544 1036 568 anno
1063 529 1377 576 MCCCXCVII,
1397 529 1461 567 die
1482 544 1556 567 xix
1575 529 1724 569 mensis
1743 528 2003 579 septembris.

295 591 408 630 Obiit
440 599 581 629 autem
614 590 826 628 Avenione
858 604 966 628 anno
1000 589 1283 628 MCCCXCIX
1315 603 1453 628 mense
1486 589 1650 637 martio,
1683 598 1730 627 ut
1762 597 1934 627 notatur
1964 588 2006 626 in

295 650 527 700 Necrologio
546 658 774 688 conventus
795 649 1108 689 Claramontani
1127 649 1304 688 fratrum
1324 648 1545 696 Minorum‚
1565 649 1676 699 apud
1697 663 1797 698 quos
1818 649 2004 699 sepultus

293 720 355 749 est
374 725 499 760 prope
518 718 684 760 portam
704 709 828 748 chori.

348 771 391 808 P.
414 770 503 817 493,
526 769 591 819 lig.
616 769 676 807 14.
702 770 952 807 FAMILIARIS
975 783 1096 807 PAPE.
1122 768 1226 817 Quia
1248 768 1319 806 diu
1348 768 1484 806 fuerat
1506 768 1547 806 in
1580 767 1736 807 familia
1768 762 1838 806 seu
1860 776 2003 806 contu-

294 830 434 867 bernio
458 828 678 868 Clementis
702 829 796 875 VII,
819 828 881 867 uti
902 842 1040 878 supra,
1064 843 1102 879 p.
1128 828 1243 875 1344,
1265 828 1425 878 dictum
1447 836 1522 866 est.

348 890 391 927 P.
415 889 505 936 493,
529 888 596 939 lig.
623 888 683 927 14.
710 890 882 926 PETRUS
907 904 961 926 DE
986 882 1171 926 Tmzm'm
1195 889 1318 938 vulgo
1342 888 1390 926 de
1417 888 1572 937 Thury3
1596 887 1719 937 idque
1744 896 1805 925 est
1828 886 2003 926 certissi-

294 963 420 988 mum.
442 949 587 998 Itaque
603 962 820 999 perperam
835 948 904 986 alii
919 963 1013 986 eum
1028 956 1183 986 vocant
1199 948 1243 985 de
1261 948 1499 998 Thourroye.
1521 947 1647 986 Isthic
1663 947 1814 985 dicitur
1836 946 2004 984 natione

293 1008 555 1058 Burgundus‚
577 1007 618 1045 in
637 1008 769 1046 Veteri
788 1022 886 1046 vero
900 1008 1143 1056 narratione
1162 1009 1220 1045 De
1242 1007 1360 1057 gestis
1380 1016 1475 1058 post
1497 1007 1657 1045 obitum
1680 1006 1900 1046 Clementis
1923 1006 2003 1043 VII

304 1068 350 1117 [t.
374 1083 399 1115 1,
423 1083 462 1118 p.
487 1067 598 1118 538],
622 1076 663 1106 et
695 1068 806 1118 apud
831 1067 1027 1115 Suritam,
1051 1068 1120 1106 lib.
1149 1067 1211 1105 ΙΙΙ
1239 1067 1382 1115 India,
1406 1067 1459 1105 ad
1491 1081 1648 1107 annum
1680 1066 2003 1105 MCCCXCVIII

294 1127 591 1177 Lugdunensis,
619 1127 714 1177 quia
741 1127 917 1166 vetustis
944 1127 1020 1166 illis
1047 1127 1303 1178 temporibus
1332 1127 1582 1177 Lugdunum
1608 1127 1854 1165 censebatur
1878 1125 2004 1176 perti-

292 1202 384 1225 nere
415 1187 467 1224 ad
496 1187 795 1237 Burgundiam.
828 1188 995 1227 Certum
1025 1202 1118 1237 ergo
1148 1195 1210 1225 est
1240 1187 1355 1227 illum
1385 1187 1508 1225 fuisse
1539 1185 1707 1225 natione
1739 1186 1916 1224 Gallum.
1943 1186 2004 1223 Et

291 1255 434 1284 tamen
457 1246 654 1285 Oldoinus
686 1247 731 1297 [t.
753 1262 794 1294 11,
818 1247 892 1285 col.
916 1246 1008 1297 632]
1034 1242 1146 1285 istud
1168 1247 1209 1284 in
1232 1247 1405 1286 dubium
1428 1261 1619 1285 revocare
1650 1246 1761 1284 Visus
1792 1254 1868 1293 est,
1892 1244 2002 1295 quia,

292 1315 339 1344 ut
356 1306 420 1344 ille
438 1306 511 1354 ait,
532 1306 742 1345 Frizonius
761 1307 1016 1346 mentionem
1037 1307 1123 1356 ejus
1144 1321 1227 1344 non
1245 1306 1341 1345 fecit
1360 1306 1400 1344 in
1426 1306 1559 1344 Gallia
1575 1313 1812 1357 purpurata.
1834 1305 1911 1356 Sed
1930 1319 2003 1355 ego

291 1366 415 1404 miror
432 1365 555 1404 istam
574 1366 876 1416 indiligentiam
897 1366 1072 1405 Oldoini.
1092 1366 1257 1404 Etenim
1273 1366 1311 1403 in
1331 1366 1482 1417 pagina
1498 1366 1575 1404 454
1586 1366 1739 1404 Galliae
1756 1373 2003 1416 purpuratae

292 1425 493 1475 reperitur
527 1426 619 1463 Vita
647 1426 755 1463 Petri
785 1427 829 1464 de
861 1427 1055 1476 leuregjo,
1085 1441 1209 1476 quem
1240 1426 1450 1464 Frizonius
1481 1425 1721 1465 Ciaconium
1749 1434 1914 1464 secutus
1943 1423 2003 1463 ait

291 1494 437 1523 natum
454 1500 539 1523 esse
557 1485 597 1522 in
615 1485 790 1524 dioecesi
809 1486 1080 1524 Narbonensi.

344 1545 538 1583 Parentes
563 1545 650 1594 ejus
675 1560 810 1593 nemo,
835 1546 946 1595 quod
970 1546 1111 1592 sciam,
1136 1545 1390 1590 nominavit,
1415 1560 1547 1595 neque
1571 1559 1644 1595 ego
1668 1559 1811 1583 eorum
1834 1543 1999 1584 nomina

290 1604 399 1642 novi.
422 1605 462 1642 Si
482 1604 571 1654 quis
593 1605 855 1654 conjecturae
876 1606 1003 1652 locus,
1023 1605 1050 1642 ii
1070 1605 1243 1643 fortasse
1264 1605 1375 1643 fuere
1398 1605 1538 1643 Simon
1558 1605 1607 1643 de
1628 1605 1789 1653 Tureyo
1809 1603 2001 1643 dominus

289 1679 308 1701 e
329 1664 453 1701 Bisan
472 1673 512 1702 et
534 1664 682 1702 Serena
703 1665 751 1702 de
776 1665 1008 1715 Rupeforti‚
1040 1679 1217 1714 quorum
1236 1665 1288 1702 ad
1315 1679 1472 1705 annum
1499 1663 1839 1703 MCCCXXXIX
1860 1662 2001 1703 memi-

290 1723 350 1761 nit
370 1724 514 1761 Petrus
535 1724 759 1771 Louvetus,
780 1739 865 1774 par.
888 1725 926 1762 ΙΙ
946 1725 1054 1763 Hist.
1074 1724 1284 1774 Aquitan„
1302 1739 1341 1774 p.
1362 1724 1424 1763 59.
1453 1724 1570 1763 Hanc
1589 1725 1874 1774 conjecturam
1889 1722 2000 1761 istud

291 1797 453 1832 quoque
487 1783 699 1835 adjuvare·
720 1793 859 1834 potest
893 1784 1003 1834 quod
1037 1784 1190 1824 circum
1224 1784 1475 1834 Lugdunum
1516 1799 1587 1835 per
1619 1799 1686 1822 eas
1728 1791 2000 1833 tempestates

293 1842 465 1880 florebat
481 1857 576 1892 gens
596 1843 856 1893 Rupefortia,
881 1852 928 1881 ut
959 1844 1092 1882 videre
1108 1852 1170 1882 est
1197 1844 1558 1894 apud.Severtium
1586 1844 1627 1881 in
1662 1844 1851 1893 Catalogo
1874 1841 2001 1880 archi-

288 1902 565 1951 episcoporum
588 1902 936 1952 Lugdunensium,
962 1919 1000 1953 p.
1027 1903 1117 1951 313,
1143 1904 1232 1950 320,
1258 1903 1347 1942 323.
1376 1904 1494 1952 Quod
1519 1904 1551 1941 si
1567 1904 1632 1941 -ita
1657 1912 1733 1950 est,
1758 1903 1897 1942 Simon
1922 1901 2002 1939 fuit

290 1961 416 1999 frater
435 1961 641 2001 Guillelmi
658 1962 953 2013 archiepiscopi
974 1963 1273 2013 Lugdunensis,
1293 1978 1416 2013 quem
1434 1963 1626 2002 habuisse
1646 1964 1817 2001 fratrem
1836 1961 2000 2001 nomine

290 2020 510 2060 Girardum
531 2030 709 2069 constat,
730 2031 771 2060 et
792 2031 910 2072 pater
932 2023 1042 2061 Petri
1064 2022 1295 2070 cardinalis,
1320 2023 1499 2074 Philippi
1519 2022 1815 2073 archiepiscopi
1837 2021 2000 2072 Lugdu-

288 2080 437 2126 nensis,
454 2089 494 2118 et
514 2080 752 2130 Raymundi
767 2083 831 2120 vel
848 2082 1081 2131 Raynaudi,
1098 2091 1274 2132 utroque
1287 2083 1396 2122 enim
1412 2083 1575 2122 nomine
1588 2091 1761 2121 vocatus
1775 2081 2000 2127 invenitur,

290 2139 435 2177 decani
465 2140 669 2179 Ecclesiae
698 2142 997 2191 Lugdunensis,
1026 2157 1119 2181 cum
1147 2157 1196 2180 ex
1223 2143 1367 2181 eadem
1395 2143 1579 2180 Historia
1605 2142 1867 2180 ecclesiastica
1895 2141 1999 2190 Lug-

288 2199 459 2236 dunensi
473 2200 628 2249 liqueat
643 2200 742 2238 istos
756 2209 839 2240 tres
854 2201 976 2240 fuisse
992 2202 1152 2240 fratres.
1168 2202 1360 2241 Ceterum
1374 2216 1465 2241 eam
1479 2211 1643 2253 gentem
1656 2201 1848 2240 habuisse
1861 2200 1999 2239 sedem

287 2273 404 2298 suam
428 2259 469 2296 in
492 2259 652 2297 Bressia
678 2260 952 2308 Cabilonensi,
979 2276 1083 2311 quae
1110 2261 1162 2299 ad
1186 2262 1471 2311 Burgundiam
1497 2276 1660 2312 quoque
1684 2261 1881 2312 pertinet,
1905 2259 2000 2298 hinc

287 2318 449 2367 collegit
468 2318 576 2358 idem
596 2328 754 2367 auctor,
774 2335 813 2370 p.
830 2320 918 2368 190,
941 2321 1051 2371 quod
1071 2321 1312 2359 Guillelmus
1333 2321 1663 2372 archiepiscopus
1695 2330 1737 2359 et
1765 2321 1893 2359 frater
1912 2319 1999 2369 ejus

288 2377 482 2415 Girardus
501 2378 784 2417 fundaverunt
803 2380 1014 2429 quoddam
1031 2381 1226 2419 sacellum
1242 2380 1285 2419 in
1301 2381 1469 2419 ecclesia
1487 2380 1765 2420 Cuseriacensi
1781 2380 1823 2418 in
1838 2378 1998 2418 Bressia

288 2437 557 2475 Cabilonensi.

344 2497 486 2533 Petrus
514 2496 561 2534 de
589 2498 779 2547 Thureyo
806 2498 885 2537 fuit
911 2508 1048 2537 custos
1084 2499 1287 2537 Ecclesiae
1316 2500 1614 2549 Lugdunensis,
1641 2508 1682 2538 et
1708 2499 1778 2537 diu
1803 2507 1925 2537 notus
1951 2511 1998 2536 eo

286 2554 421 2592 titulo.
446 2556 545 2593 Erat
565 2565 705 2595 autem
724 2572 770 2595 ea
789 2566 1040 2609 tempestate
1061 2559 1286 2597 admodum
1307 2573 1423 2597 carus
1445 2559 1597 2598 ,Joanni
1616 2559 1710 2598 duci
1736 2556 1997 2605 Bituricensi,

287 2614 355 2663 qui
387 2629 496 2652 anno
529 2616 850 2655 MCCCLXXVI
884 2618 1288 2669 archiepiscopatum
1322 2619 1596 2659 Viennensem
1628 2627 1728 2657 tunc
1760 2626 1997 2664 vacantem,

287 2688 358 2721 pro
381 2688 426 2710 eo
450 2674 571 2723 petiit
595 2689 616 2712 a
642 2676 836 2725 Gregorio
862 2677 938 2725 XI,
962 2692 1009 2716 ac
1032 2677 1109 2715 nisi
1133 2678 1393 2716 obstitissent
1417 2678 1563 2716 ardens
1586 2678 1815 2728 postulatio
1839 2677 1934 2716 cleri
1955 2685 1998 2715 et

286 2733 427 2780 populi
446 2733 683 2773 Viennensis
700 2744 740 2773 et
762 2736 907 2775 merita
929 2737 1111 2775 officialis
1129 2737 1369 2785 Aniciensis,
1386 2737 1426 2775 id
1442 2746 1517 2785 est,
1536 2737 1759 2777 Humberti
1774 2737 1822 2775 de
1839 2735 1997 2775 Monte-

290 2800 455 2837 canuto,
479 2793 547 2841 qui
566 2803 778 2842 praeterea
798 2797 1034 2845 postulatus
1056 2796 1191 2834 fuerat
1211 2811 1232 2833 a
1254 2797 1447 2846 Gregorio
1468 2797 1682 2847 aliquanto
1703 2805 1799 2835 ante
1820 2810 1946 2846 quam
1965 2795 1996 2834 is

292 2850 487 2898 reciperet
525 2851 662 2891 literas
701 2854 829 2902 ducis,
868 2856 979 2893 haud
1017 2856 1140 2894 dubie
1180 2856 1395 2905 Gregorius
1434 2856 1619 2906 ejusdem
1657 2856 1770 2895 ducis
1808 2856 1996 2906 precibus

337 2984 368 3017 1.
401 2986 582 3026 Mart-ene,
609 2993 645 3020 ul
665 3000 706 3028 s.,
732 2994 757 3022 t.
783 3002 845 3030 vn,
871 2992 938 3024 col.
964 2993 1044 3025 536.

341 3042 369 3070 ζ’.
401 3040 551 3077 L'aluzc,
580 3047 604 3073 t.
623 3054 673 3079 1v,
693 3054 726 3084 p.
746 3044 827 3076 380.
855 3064 902 3067 ὴ
927 3045 997 3077 Sur
1013 3046 1111 3078 Jean
1129 3047 1171 3079 de
1191 3047 1323 3085 Murol,
1340 3047 1420 3079 voir
1437 3046 1822 3080 Albanes-Chevalier
1837 3048 1906 3091 (ορ.
1922 3049 1995 3089 cit,

290 3091 357 3122 col.
386 3092 553 3131 loo-204>
577 3100 615 3125 et
638 3094 679 3127 N.
702 3096 828 3129 Valois
854 3099 892 3139 (t.
914 3111 950 3137 11,
974 3111 1007 3142 p.
1029 3100 1111 3139 497,
1133 3106 1170 3132 et
1190 3106 1215 3133 t.
1237 3112 1287 3139 ιν,
1309 3112 1343 3143 p.
1366 3100 1463 3142 587).
