2083 3458
108 248 258 304 [1231]
626 267 841 291 PAPARUM
877 267 1260 291 AVENIONENSlUM
1712 251 1790 292 755

88 349 217 387 {fuisse
241 349 282 386 in
307 349 496 387 humanis
521 363 629 387 anno
655 349 867 388 millesimo
893 347 1228 396 CCCLXXXVL
1253 358 1294 387 et
1318 364 1367 387 ex
1391 350 1489 387 urbe
1516 350 1790 388 Avenionensi

98 408 252 446 venisse
278 408 429 458 Aptam
456 408 607 446 Julian]
633 409 685 446 ad
711 407 895 455 Mariam,
917 409 1096 458 reginam
1119 408 1290 455 Siciliae,
1310 408 1372 445 die
1390 423 1444 445 xv
1470 408 1618 446 mensis
1637 410 1787 448 martii.

103 465 229 507 Immo
253 481 345 505 eum
371 466 492 505 fuisse
518 467 652 505 adhuc
677 468 818 504 vivum
838 468 851 490 1
877 482 985 505 anno
1011 467 1381 515 MCCCLXXXIX
1407 467 1526 505 docet
1553 467 1708 506 Urbani
1733 469 1787 506 VJ

99 526 267 578 epistola
295 526 346 564 ab
375 525 549 564 Odorico
579 527 795 575 Raynaldo
822 526 932 565 edita
961 541 1026 565 an.
1056 527 1169 574 1389,
1203 527 1219 575 ἓ
1245 527 1281 565 8.
1313 527 1375 563 Ex
1401 526 1548 576 quibus
1585 526 1702 565 facile
1728 537 1789 566 est

99 585 279 635 colligere
298 585 488 623 eumdem
505 585 769 634 Raynaldum
786 586 1059 623 immoderato
1076 585 1257 636 partium
1276 584 1413 623 studio
1429 585 1648 635 abreptum
1668 586 1789 625 fuisse

88 659 185 684 -cum
218 644 380 694 scripsit
410 658 476 682 an.
511 644 625 691 1379,
663 646 678 693 ξ
710 645 773 691 24,
804 645 1060 682 Bernardum
1090 645 1132 682 in
1161 660 1208 683 eo
1238 644 1461 683 certamine
1492 635 1789 695 interemptum

98 703 234 741 tulisse
265 718 346 741 una
377 718 468 741 611111
500 703 581 741 51115
612 703 807 753 perfidiae
839 704 1081 753 praemium,
1114 704 1182 753 qui
1213 704 1448 753 conjuratos
1481 703 1705 742 cardinales
1736 705 1788 742 ad

98 763 360 801 conflandum
396 762 570 801 schisma
616 762 787 800 audacia
825 771 1020 809 armarat,
1057 777 1102 801 ac
1138 778 1210 812 pro
1244 762 1413 800 terrenis
1450 762 1787 812 possessionibus,

98 821 242 871 quibus
275 821 399 872 potiri
432 836 644 871 nunquam
678 821 829 871 potuit,
864 822 1045 859 animam
1078 822 1334 860 vendiderat.
1370 822 1432 859 Sic
1466 821 1574 859 enim
1606 822 1788 872 loquitur

97 881 225 919 malus
248 881 312 919 ille
335 880 568 927 historicus,
591 881 819 918 advocatus
843 881 1134 918 consistorialis
1158 896 1239 918 non
1262 881 1405 918 bonus.

151 941 193 978 P.
211 940 302 987 449,
320 940 386 989 lig.
407 940 470 978 20.
494 940 556 977 DE
578 954 784 977 PART1ssus
806 941 997 977 VITERBII
1017 955 1097 989 ‘1¹¹0
1116 939 1235 977 ivisse
1255 939 1369 978 illum
1389 939 1510 989 paulo
1530 948 1624 977 ante
1644 940 1786 978 adver-

96 1013 162 1037 sus
196 999 456 1038 Franciscum
486 999 533 1037 de
566 999 666 1037 Vico
698 999 816 1036 docet
846 999 953 1036 idem
986 1000 1161 1036 dci-anus
1194 998 1485 1045 Tirasonensis,
1516 1000 1630 1048 cujus
1661 1000 1786 1038 verba

97 1058 301 1109 descripta
328 1067 424 1096 sunt
450 1073 586 1108 supra,
614 1073 652 1108 p.
682 1058 795 1096 1198.
1418 1053 1422 1057 ’

150 1118 192 1156 P.
222 1118 309 1165 449,
336 1117 402 1168 lig.
432 1118 493 1156 21.
524 1118 668 1155 JUXTA
698 1132 822 1155 UNUM
855 1131 1040 1155 PONTEM.
1071 1117 1341 1155 Theodericus
1371 1131 1392 1154 a
1412 1117 1543 1163 Nieni,
1572 1117 1641 1155 lib.
1674 1118 1703 1163 I,
1728 1118 1787 1154 De

95 1177 315 1224 schismate,
339 1191 427 1227 cap.
453 1192 523 1214 xm
559 1180 613 1227 ῃ).
639 1176 727 1226 28],
752 1177 799 1214 (16
823 1177 898 1214 1136
921 1176 1007 1226 ipsa
1031 1191 1071 1214 re
1094 1191 1215 1225 agens
1243 1193 1249 1213 ;
1274 1190 1367 1225 quos
1389 1176 1561 1225 oportuit
1582 1178 1787 1225 quemdam

95 1245 250 1286 pontem
274 1250 392 1286 super
415 1236 566 1285 flumen
595 1236 758 1285 Tyberis
783 1236 1005 1273 esristentem
1031 1250 1152 1284 prope
1177 1236 1343 1272 Romam
1369 1235 1619 1284 pertransire,
1644 1235 1684 1272 id
1709 1244 1786 1283 est,

94 1304 261 1345 pontem
292 1295 507 1342 Salarium,
536 1296 658 1345 vulgo
689 1295 718 1332 il
745 1303 859 1343 ponte
888 1295 1040 1341 Salaro,
1068 1303 1114 1331 ut
1143 1295 1286 1331 statim
1315 1294 1558 1331 videbimus.
1587 1294 1695 1332 Situs
1723 1303 1786 1332 est

94 1363 233 1392 autem
255 1369 334 1392 non
356 1355 407 1392 ad
427 1354 634 1404 Tyberim,
655 1363 702 1392 ut
722 1353 884 1403 scripsit
904 1354 1193 1399 Theodoricus,
1215 1354 1284 1391 sed
1304 1353 1355 1390 ad
1380 1353 1574 1390 Anienem
1600 1354 1673 1390 11111
1688 1353 1785 1401 111111,

95 1414 163 1463 qui
193 1429 297 1452 nunc
328 1422 498 1452 xocatur
526 1414 555 1451 il
584 1414 786 1451 Tewerone.

150 1475 191 1511 P.
220 1473 308 1520 449,
336 1474 400 1522 lig.
429 1473 491 1511 27.
519 1474 693 1511 Romm
724 1487 868 1510 FUGAM
900 1486 1139 1510 CEPERUNT.
1166 1473 1349 1520 Pugnam
1369 1471 1489 1509 istam
1514 1471 1569 1508 ita
1593 1471 1786 1509 describit

94 1533 134 1570 in
160 1532 415 1582 depositione
442 1546 513 1570 sua
540 1533 667 1570 frater
692 1532 915 1571 Menendus
942 1531 1093 1569 ordinis
1121 1532 1296 1569 fratrum
1323 1530 1527 1568 Minorum
1547 1530 1560 1552 ²
1586 1546 1593 1567 :
1619 1531 1785 1568 Interro—

95 1601 209 1641 gatus
231 1601 375 1642 quanta
401 1606 494 1640 gens
515 1600 597 1629 erat
620 1591 839 1629 necessaria
861 1592 912 1628 ad
933 1591 1212 1629 extrahendum
1235 1591 1354 1628 dictos
1377 1590 1597 1627 cardinales
1620 1590 1664 1626 cle
1687 1590 1787 1627 (licto

93 1660 215 1689 castro
234 1660 366 1689 contra
386 1652 622 1689 voluntatem
641 1659 675 1688 et
692 1650 907 1701 potentiam
926 1651 1197 1687 Romanorum
1217 1649 1330 1696 dizit,
1349 1650 1564 1686 secundum
1583 1650 1684 1698 quod
1703 1649 1787 1699 ipse

93 1711 212 1748 credit
229 1719 263 1748 et
282 1711 380 1749 vidit
398 1725 466 1760 per
484 1711 780 1760 experientiam,
801 1710 930 1760 primo
949 1710 1096 1747 scilicet
1116 1710 1157 1746 in
1177 1709 1347 1746 transitu
1367 1723 1477 1758 quem
1496 1708 1587 1757 fecit
1604 1722 1672 1757 per
1690 1705 1786 1758 [Jon-

95 1779 168 1808 tem
188 1770 328 1807 Sataro
346 1770 531 1807 dominus
551 1771 780 1807 Bernartius
801 1771 842 1806 ile
861 1770 896 1807 la
918 1769 1027 1815 Sala,
1048 1769 1114 1818 qui
1133 1782 1233 1818 pons
1252 1768 1370 1805 distat
1388 1767 1539 1804 (luobus
1559 1767 1787 1804 miliaribus

84 1845 115 1867 ,a
139 1829 278 1875 Roma,
305 1837 346 1866 ut
370 1829 470 1866 dimit
494 1829 564 1866 iste
588 1829 707 1876 testis,
733 1837 766 1866 et
791 1843 868 1865 non
893 1828 1003 1878 plus;
1030 1842 1142 1877 quern
1166 1828 1377 1865 transitum
1402 1827 1567 1863 volentes
1598 1826 1787 1875 impedire

92 1889 280 1935 Romani,
297 1896 330 1925 et
349 1888 432 1938 ipse
450 1889 496 1926 Β.
516 1896 612 1925 esset
629 1897 720 1926 tunc
740 1902 826 1925 cum
846 1902 973 1937 pauca
1002 1895 1124 1936 gente,
1143 1887 1319 1924 videlicet
1335 1900 1422 1923 cum
1448 1885 1623 1922 ducentis
1641 1885 1786 1922 lanceis

93 1956 135 1985 ut
153 1948 366 1991 dicebatur,
380 1956 414 1985 et
434 1948 607 1985 Romani
628 1948 670 1984 in
684 1962 826 1995 magna
846 1946 1097 1984 multitudine
1113 1946 1226 1995 qiuzsi
1242 1946 1412 1995 quinque
1425 1944 1587 1982 milibus
1602 1957 1785 1993 persona-

91 2022 179 2044 rum
205 2015 463 2053 armatarum,
492 2015 533 2044 ut
558 2007 770 2046 dicebatur.
793 2007 877 2055 ipse
904 2006 952 2044 B.
975 2006 1194 2042 vulneravit
1220 2006 1263 2041 de
1292 2004 1373 2041 illis
1399 2004 1704 2053 quadringentos
1731 2004 1789 2039 vel

90 2067 343 2116 quingentosg
366 2066 601 2103 secundario
626 2066 667 2103 in
690 2080 828 2114 guerra
853 2065 1028 2115 prejecti,
1047 2065 1088 2101 in
1112 2080 1185 2113 qua
1208 2064 1327 2100 semel
1349 2063 1419 2100 iste
1442 2063 1561 2109 testis,
1581 2077 1670 2099 cum
1691 2070 1787 2098 esset

93 2126 135 2162 in
159 2125 309 2175 palatio
333 2140 435 2174 pape
458 2133 492 2163 et
514 2125 751 2175 aliquotiens
776 2125 818 2161 in
842 2132 945 2161 turre
966 2124 1080 2173 juxta
1104 2131 1270 2173 portam,
1295 2122 1394 2160 oislit
1416 2122 1563 2159 dictum
1581 2121 1786 2158 dominum

91 2185 340 2222 Bernarslum
370 2185 413 2221 de
442 2185 479 2222 la
509 2185 603 2222 Sala
633 2183 917 2234 stipendiatum
948 2199 970 2220 a
1001 2183 1165 2233 prejecto
1194 2191 1296 2219 stare
1324 2182 1376 2219 ad
1404 2189 1536 2230 portas
1571 2180 1690 2217 Urbis
1718 2194 1786 2229 per

91 2244 264 2281 medium
284 2243 507 2281 miliarium
524 2258 569 2280 ex
587 2251 696 2293 parte
715 2241 832 2280 castri
853 2242 990 2279 Sancti
1009 2241 1169 2290 Angeli,
1189 2249 1222 2278 et
1242 2240 1387 2277 mansit
1407 2240 1463 2276 ibi
1482 2255 1503 2276 a
1526 2253 1639 2276 mane
1665 2252 1786 2287 usque

89 2304 141 2340 ad
156 2317 315 2349 nonam,
332 2310 366 2339 et
390 2310 520 2351 gentes
534 2317 602 2339 sue
618 2302 893 2339 discurrebant
909 2301 948 2338 in
967 2301 1147 2346 circuitu,
1164 2308 1197 2337 et
1211 2299 1417 2336 veniebant
1441 2312 1560 2347 usque
1574 2298 1625 2335 ad
1639 2305 1784 2347 portas.

92 2363 276 2411 Pugnan]
308 2370 449 2399 autem
479 2361 677 2399 Bernardi
709 2376 801 2399 611111
836 2360 1047 2406 Romanis,
1078 2360 1119 2396 in
1151 2373 1230 2408 qua
1267 2357 1442 2395 Romani
1473 2356 1650 2406 turpiter
1681 2355 1786 2394 caesi

90 2429 199 2468 sunt,
222 2429 264 2458 et
286 2420 445 2470 turpius
470 2420 678 2469 fugerunt,
698 2428 925 2470 pugnatam
950 2419 1071 2456 fuisse
1095 2432 1231 2456 mense
1253 2417 1353 2466 julio
1378 2416 1569 2455 discimus
1591 2430 1641 2453 ex
1664 2415 1785 2464 depo-

89 2480 235 2518 sitione
258 2480 402 2517 decani
425 2479 716 2517 Tirasonensis.
745 2480 801 2517 De
828 2477 1023 2517 Romanis
1046 2477 1150 2514 1111115
1173 2476 1368 2526 temporis
1400 2474 1566 2524 insignis
1588 2482 1650 2511 est
1675 2474 1784 2511 106115

89 2540 269 2577 Thomae
291 2538 587 2590 Walsinghami
617 2538 662 2588 [t.
682 2553 708 2586 1,
729 2554 767 2588 p.
789 2538 864 2576 396
878 2538 904 2587 ],
925 2537 995 2574 ubi
1014 2536 1068 2574 516
1088 2536 1286 2574 habetur:
1307 2535 1522 2572 Constabat
1541 2546 1707 2582 namque
1730 2532 1786 2569 eis

89 2598 301 2643 Romanos.
327 2597 466 2635 sicuta
483 2597 629 2635 militia
650 2605 817 2634 veterum
851 2605 884 2634 et
909 2596 1100 2646 probitate
1136 2595 1370 2640 exciderant,
1393 2593 1450 2630 sic
1470 2608 1494 2630 a
1515 2591 1718 2630 clementia
1753 2599 1787 2629 et

89 2657 245 2707 pietate,
266 2671 364 2706 quae
383 2670 536 2706 semper
554 2656 738 2706 antiquos
759 2657 959 2693 Romanos
980 2655 1139 2692 victores
1160 2652 1339 2691 comitari
1359 2652 1547 2689 sotebant.
1570 2651 1620 2688 Et
1640 2665 1678 2687 re
1699 2664 1787 2687 vera

89 2716 261 2753 Romani
288 2715 464 2752 moderni
490 2715 755 2752 crudelissimi
782 2715 857 2751 viri
882 2722 975 2751 sunt
1000 2721 1033 2750 et
1059 2713 1170 2750 nulla
1196 2712 1338 2761 pietate
1364 2710 1548 2761 praediti,
1575 2709 1788 2759 praecipue

90 2789 206 2825 penes
225 2788 287 2811 eos
306 2788 400 2824 quos
419 2774 544 2811 armis
561 2774 779 2822 subjugare
799 2772 1002 2821 contingit.
1026 2771 1125 2809 Vide
1146 2771 1272 2808 etiam
1293 2769 1588 2808 Theodericum
1609 2783 1631 2805 a
1654 2767 1785 2814 Niem,

139 2923 171 2955 1.
194 2922 415 2954 Bernardon
437 2922 480 2953 de
502 2921 536 2953 la
558 2921 654 2953 Salle
676 2932 720 2953 116
742 2920 802 2952 sut
823 2931 889 2963 pas
912 2921 975 2952 tue
997 2930 1043 2950 au
1066 2930 1172 2951 cours
1196 2918 1245 2950 du
1267 2917 1421 2950 combat
1442 2917 1492 2948 du
1515 2916 1634 2948 Ponte
1655 2915 1786 2947 Salaro

90 2975 121 3008 le
137 2976 181 3008 16
195 2975 319 3018 juillet
334 2975 439 3013 1378,
456 2974 550 3006 mais
564 2973 588 3006 il
604 2974 663 3006 sut
677 2973 748 3005 fait
763 2972 972 3016 prisonnier
986 2973 1007 3003 a
1022 2972 1055 3004 la
1071 2971 1224 3003 bataille
1241 2971 1285 3003 de
1301 2969 1446 3002 Marino
1462 2969 1493 3001 le
1508 2969 1553 3002 30
1569 2968 1663 3000 avril
1678 2968 1785 3001 1379.

93 3028 123 3061 Il
141 3027 239 3071 perit
257 3039 303 3060 en
324 3027 525 3070 Dauphine
545 3032 663 3059 avant
682 3027 713 3059 le
734 3027 777 3059 28
797 3025 871 3057 mai
891 3025 980 3058 1391
1008 3024 1158 3067 (Valois,
1184 3030 1206 3056 t.
1226 3036 1263 3062 11,
1285 3035 1319 3066 p.
1341 3023 1498 3065 507).μ
1513 3021 1725 3054 Ber-nardus
1746 3021 1787 3053 de

84 3082 124 3114 la
145 3081 233 3113 Sala
252 3086 416 3113 mortuus
433 3086 484 3113 est
500 3090 597 3112 anno
614 3078 724 3119 1391;
743 3079 913 3112 Historia
931 3077 1064 3110 Karoli
1087 3077 1142 3109 VI
1172 3077 1321 3119 [Baluze.
1335 3076 1358 3118 ].

140 3135 170 3167 2.
202 3134 241 3166 B.
268 3133 325 3173 N.,
349 3145 415 3166 ms.
439 3133 535 3166 latin
558 3132 686 3171 11745,
709 3131 772 3164 fol.
797 3132 866 3164 139
889 3136 938 3164 v0.
1392 3124 1396 3129 ⁵
