2083 3458
88 206 215 262 [689]
624 222 840 247 PAPARUM
876 219 1259 246 AVENIONENSIUM
1696 205 1775 245 179

134 307 176 344 P.
217 306 316 353 117,
338 305 405 354 lig.
441 304 475 343 ⁸2.
513 305 814 342 TESTIMONIUM
855 319 968 342 BONE
1012 319 1118 343 v1T13.
1166 304 1302 341 Etiam
1348 304 1525 341 joannes
1562 304 1771 351 N'illanius,

75 379 225 416 parum
248 364 399 413 alioqui
422 364 642 401 benevolus
666 372 790 413 atque
813 364 966 401 amicus
991 363 1188 401 Clementi
1211 363 1244 399 V
1268 371 1308 401 et
1330 362 1422 400 huic
1447 362 1609 405 Joanni,
1633 363 1772 400 laudes

75 424 166 473 ejus
190 424 381 469 celebrat,
404 422 472 461 lib.
500 422 575 464 XI,
600 437 686 472 cap.
714 437 771 459 xx
808 422 1032 471 [Muratori‚
1057 430 1086 460 t.
1121 436 1205 469 xm,
1230 422 1301 459 col.
1330 421 1442 470 765]‚
1467 435 1558 459 eum
1585 422 1771 470 inquiens

80 483 312 521 modestum
331 481 452 519 fuisse
470 495 515 519 ac
534 481 728 528 sobrium,
747 481 1031 518 communibus
1049 481 1146 518 cibis
1165 481 1286 530 vulgo
1304 488 1504 523 utentem,
1524 480 1570 517 de
1590 480 1772 518 delicatis

77 555 226 592 parum
256 540 488 587 sollicitum,
520 540 683 577 minime
715 548 1003 589 sumptuosum
1033 540 1074 577 in
1103 539 1150 576 iis
1182 553 1284 588 quae
1316 539 1367 576 ad
1398 553 1612 588 personam
1647 539 1772 588 ipsius

76 600 339 651 spectabant,
371 599 552 645 doctum,
585 599 695 636 acuti
726 599 889 647 ingenii,
922 598 1242 647 magnanimum,
1275 598 1439 647 singulis
1474 597 1552 635 fere
1585 598 1772 636 noctibus

76 659 299 697 surrexisse
329 658 380 695 ad
409 657 666 696 recitandum
697 657 873 695 officium
903 657 1220 695 ecclesiasticum
1243 665 1283 694 et
1312 656 1363 693 ad
1393 656 1655 703 studendum,
1684 665 1774 694 tum

78 718 247 756 missam
270 731 430 755 summo
455 730 572 754 mane
598 716 831 763 celebrasse,
857 724 895 754 et
920 730 1017 753 mox
1039 716 1198 753 audisse
1223 715 1512 765 supplicantes,
1538 715 1710 765 denique
1735 716 1775 753 in

81 776 364 826 respondendo
387 784 428 814 et
451 775 689 825 exequendo
713 783 950 824 promptum
974 789 1020 812 ac
1043 783 1255 812 strenuum
1279 774 1411 812 fuisse.

136 836 179 874 P.
217 835 304 882 117,
339 834 404 884 lig.
432 834 467 872 3.
506 835 737 872 JOHANNES
767 834 893 871 XXII
914 834 939 871 ¹.
980 833 1159 872 Invaluit
1193 833 1233 870 in
1268 834 1412 882 vulgus
1448 841 1488 870 et
1522 834 1632 882 apud
1667 833 1774 871 viros

78 895 224 932 doctos
248 895 355 932 hunc
379 907 531 944 papam
556 894 758 931 joannem
783 893 903 931 fuisse
931 892 1057 929 filium
1083 886 1229 930 sutor-is
1254 892 1600 929 veteramentarii.
1628 892 1704 929 Sed
1729 906 1773 929 ea

81 962 223 991 tamen
243 952 379 1003 opinio
400 952 546 989 nullius
567 952 744 990 auctoris
766 951 1000 989 testimonio
1021 951 1166 988 nititur
1187 951 1254 1000 qui
1275 951 1327 988 sit
1347 951 1547 988 vetustior
1568 950 1776 988 Antonino

78 1012 385 1062 archiepiscopo
418 1011 663 1049 Florentino.
698 1011 868 1048 Videtur
897 1019 1036 1048 autem
1066 1010 1130 1048 ille
1168 1010 1225 1047 ita
1264 1009 1466 1059 scripsisse
1503 1024 1573 1059 per
1602 1024 1776 1047 errorem

82 1071 302 1109 memoriae
320 1078 361 1108 et
385 1070 436 1108 ad
457 1071 658 1107 Joannem
679 1070 932 1107 transtulisse
952 1069 1163 1106 historiam
1183 1083 1307 1118 quam
1326 1076 1446 1106 antea
1467 1069 1513 1106 de
1535 1069 1701 1106 Urbano
1724 1068 1776 1105 IV

79 1130 382 1180 perscripserat.

135 1190 237 1227 Sane
259 1189 436 1226 Joannes
457 1188 668 1232 Villanius,
689 1202 738 1225 ex
758 1202 837 1237 quo
857 1201 928 1225 sua
948 1188 1187 1236 plerumque
1206 1186 1384 1236 accipere
1405 1187 1505 1223 solet
1533 1186 1776 1233 Antoninus,

77 1248 140 1286 ait
162 1248 230 1286 lib.
260 1248 332 1294 IX,
358 1261 444 1297 cap.
471 1261 603 1284 Lxxlx
639 1246 866 1296 {Muratorn
890 1254 917 1284 t.
946 1261 1029 1292 xm,
1055 1246 1126 1283 col.
1152 1245 1249 1294 483]
1275 1246 1388 1282 illum
1420 1245 1539 1282 fuisse
1571 1245 1777 1282 hominem

80 1307 250 1345 infimae
272 1306 404 1353 sortis,
427 1314 607 1344 ceterum
634 1306 760 1343 {ilium
782 1305 975 1355 cauponis
996 1310 1021 1351 ²,
1045 1319 1125 1342 non
1147 1319 1241 1342 vero
1263 1304 1409 1341 sutoris
1432 1304 1777 1341 veteramentarii.

82 1366 200 1404 Adde
230 1365 514 1404 testimonium
536 1365 740 1402 Guillelmi
770 1373 810 1402 et
841 1364 1037 1413 Albrigeti
1066 1363 1344 1401 Cortusiorum
1366 1362 1434 1411 qui
1466 1363 1533 1400 lib.
1559 1363 1604 1409 V,
1628 1377 1714 1412 cap.
1740 1378 1776 1409 V,

95 1424 322 1474 [Muratori,
347 1433 376 1463 t.
404 1439 474 1471 ΧΠ,
500 1424 572 1462 col.
598 1424 697 1473 860)
724 1423 909 1461 scribunt
933 1437 1024 1460 eum
1049 1422 1323 1459 obscurissime
1348 1430 1483 1458 natum
1507 1436 1602 1459 esse.
1629 1422 1778 1459 Contra

83 1484 138 1522 Μ.
168 1484 360 1521 Albertus
390 1483 710 1533 Argentinensis,
741 1482 806 1532 qui
837 1496 1010 1520 coaevus
1040 1481 1131 1518 huic
1159 1495 1288 1531 papae
1319 1480 1468 1517 ,Ioanni
1498 1480 1573 1518 fuit
1601 1489 1639 1517 et
1669 1480 1778 1530 apud

85 1543 354 1589 Avenionem,
386 1557 467 1592 quo
496 1542 640 1579 missus
672 1550 732 1579 est
771 1542 845 1579 sub
883 1540 1130 1591 pontificatu
1155 1539 1364 1578 Benedicti
1397 1539 1479 1576 ΧΠ
1510 1540 1561 1576 ab
1591 1539 1779 1588 episcopo

85 1601 384 1651 Argentinensi,
409 1601 594 1639 inaudite
622 1601 757 1651 potuit
783 1601 830 1638 de
857 1599 1089 1648 genealogia
1114 1599 1214 1648 ejus,
1240 1599 1353 1636 illum
1379 1598 1531 1644 scribit.
1558 1613 1594 1647 p.
1624 1598 1710 1642 135,
1737 1598 1780 1634 de

84 1661 253 1698 militari
274 1660 459 1710 progenie
480 1669 625 1697 natum
649 1659 838 1706 suisse,id
860 1668 933 1705 est,
950 1673 999 1696 cx
1020 1659 1150 1708 prisca
1174 1656 1424 1695 nobilitate3.
1444 1657 1548 1694 Nam
1570 1657 1601 1694 si
1623 1672 1671 1694 ex
1694 1665 1779 1694 tam

83 1720 226 1758 infimo
251 1734 392 1769 genere
416 1728 529 1757 ortus
545 1727 606 1757 est
628 1719 689 1756 uti
711 1719 833 1767 vulgo
855 1732 1093 1767 persuasum
1116 1724 1189 1763 est,
1206 1716 1237 1754 si
1259 1716 1292 1754 ei
1315 1724 1402 1753 erat
1423 1731 1482 1753 res
1499 1724 1585 1754 tam
1607 1724 1780 1763 angusta

81 1779 209 1826 domi,
245 1779 452 1828 quomodo
484 1778 623 1828 potuit
651 1792 865 1827 emergere,
902 1776 1106 1826 quomodo
1134 1776 1271 1825 potuit
1305 1775 1502 1812 conficere
1537 1775 1779 1812 curriculum

81 1838 315 1876 studiorum
344 1837 535 1875 suorum?
566 1837 655 1875 Scio
685 1836 873 1874 eumdem
904 1835 1124 1873 Yillanium
1152 1834 1192 1872 in
1221 1835 1308 1871 loco
1338 1834 1459 1883 paulo
1488 1842 1583 1871 ante
1613 1833 1780 1870 laudato

84 1897 244 1935 tradere
269 1911 361 1934 eum
385 1896 507 1934 fuisse
530 1897 752 1934 educatum
775 1895 885 1945 apud
911 1895 1077 1932 Petrum
1101 1894 1149 1931 de
1175 1893 1364 1930 Ferrariis
1380 1893 1408 1939 4,
1432 1892 1780 1942 archiepiscopum

134 2073 165 2106 1.
195 2072 430 2105 Jeau‘XXII
450 2084 486 2105 se
507 2071 692 2104 nommait
713 2072 838 2104 Ducsa
856 2082 901 2103 en
920 2071 1052 2113 langue
1074 2070 1154 2102 d'oc
1174 2075 1211 2102 et
1232 2069 1352 2102 Duese
1371 2081 1416 2102 en
1435 2069 1607 2110 franeais.
1629 2069 1675 2101 Cc
1696 2080 1783 2101 nom

84 2125 144 2159 fut
168 2125 308 2158 traduit
331 2137 377 2158 en
397 2125 491 2158 latin
514 2137 581 2169 par
602 2137 693 2158 ceux
718 2125 761 2157 de
784 2125 824 2157 (Ie
844 2124 917 2156 Osa
938 2135 985 2156 ou
1007 2124 1047 2155 de
1067 2123 1166 2161 Osia,
1190 2129 1325 2155 termes
1348 2123 1411 2165 qui
1433 2122 1687 2165 equivalaicnt
1710 2134 1783 2154 aux

83 2179 320 2222 expressions
344 2179 451 2211 heuse
474 2191 521 2211 ou
544 2179 661 2218 lmese,
687 2177 881 2221 signifiant
905 2190 917 2205 α
940 2188 1011 2208 unc
1036 2182 1133 2208 sorte
1159 2176 1202 2208 dc
1225 2175 1406 2219 jambiere
1431 2188 1477 2208 ou
1502 2176 1545 2207 dc
1570 2176 1782 2213 chaussmc,

84 2233 149 2265 des
167 2232 292 2265 bottes
311 2244 357 2265 ou
375 2232 438 2264 des
456 2232 660 2264 houseaux.
678 2243 692 2261 »
710 2231 775 2263 Ces
793 2230 1025 2273 expressions
1047 2228 1230 2262 servirent
1246 2224 1340 2261 ‘sans
1359 2229 1471 2261 doute
1489 2229 1523 2260 la
1540 2240 1703 2261 rancuue
1722 2228 1784 2259 des

83 2285 252 2318 ennemis
271 2286 320 2318 du
338 2297 433 2329 pape
452 2285 516 2328 qui
532 2285 564 2317 le
583 2284 706 2317 dirent
726 2284 780 2316 fils
799 2284 890 2316 d'un
906 2282 1068 2315 savcticr
1088 2282 1148 2324 (H.
1168 2282 1222 2320 L.‚
1242 2288 1267 2314 t.
1287 2294 1424 2321 xxxw,
1444 2294 1477 2324 p.
1497 2282 1577 2314 391.
1595 2282 1691 2320 392).

137 2339 167 2372 2.
185 2339 322 2371 Baluze
339 2350 360 2370 3
376 2337 521 2371 traduit
536 2338 557 2370 a
574 2344 650 2370 tort
666 2338 697 2370 le
714 2343 795 2369 mot
810 2337 1026 2375 &abanim-e,
1044 2336 1215 2378 cmploye
1232 2346 1299 2378 par
1314 2334 1462 2373 Villani,
1478 2346 1544 2377 par
1560 2333 1782 2372 caha1·cticr;

85 2391 109 2424 il
127 2391 210 2424 faut
227 2392 386 2435 adopter
401 2391 433 2424 le
452 2398 568 2423 terme
586 2391 629 2423 de
647 2390 810 2423 savetier
829 2390 889 2432 (H.
908 2389 964 2428 L.‚
983 2395 1008 2421 t.
1028 2400 1165 2427 xxxlv,
1184 2399 1218 2431 p.
1237 2388 1318 2426 392,
1337 2394 1424 2420 note
1441 2388 1487 2430 4.)

135 2446 169 2478 3.
198 2444 362 2477 Mathias
380 2445 424 2477 de
444 2444 699 2487 Nuwemburg
715 2449 772 2476 est
789 2443 863 2475 mal
880 2442 1082 2485 renseigne.
1102 2441 1265 2484 Jacques
1284 2441 1405 2473 Duese
1423 2452 1466 2472 nc
1486 2440 1702 2473 descendait
1719 2451 1785 2482 pas

85 2498 132 2530 dc
155 2504 307 2541 parents
330 2498 469 2536 nobles,
493 2497 651 2541 puisque
675 2497 845 2540 Philippe
866 2496 898 2528 le
920 2495 1026 2537 Long
1046 2494 1190 2527 anoblit
1211 2505 1279 2526 son
1300 2494 1393 2526 frere
1416 2493 1536 2526 Pierre
1559 2505 1604 2525 en
1625 2500 1786 2536 septem-

87 2551 258 2584 11161316
277 2550 469 2593 (Archives
483 2550 693 2583 nationalcs
708 2550 734 2581 ‚J
749 2549 794 2582 54
807 2550 847 2587 B,
864 2560 898 2582 n.
914 2549 987 2590 18),
1003 2547 1096 2580 mais
1111 2547 1134 2579 il
1149 2546 1390 2590 appartenait
1404 2547 1425 2578 a
1438 2558 1509 2578 une
1524 2546 1622 2579 riche
1647 2546 1785 2578 famille

86 2603 305 2647 bourgeoise
323 2604 366 2636 de
385 2603 523 2636 Cahors
545 2604 605 2646 (H.
624 2603 678 2642 L.‚
698 2609 723 2635 t.
743 2614 881 2641 xxxw,
900 2614 934 2645 p.
953 2602 1033 2638 392,
1057 2601 1154 2643 393).

136 2657 168 2690 4.
192 2657 355 2700 Jacques
375 2657 496 2690 Duese
515 2668 559 2689 ne
580 2657 648 2689 dut
667 2667 732 2699 pas
751 2655 841 2688 faire
859 2660 1059 2698 supporter
1075 2654 1125 2686 les
1144 2652 1231 2685 frais
1251 2653 1295 2685 de
1313 2664 1380 2685 son
1398 2652 1598 2685 education
1617 2652 1637 2683 a
1667 2651 1787 2684 Picrre

88 2710 133 2742 de
160 2710 352 2743 Ferrieres.
379 2709 442 2743 Ses
468 2715 619 2753 parents
645 2708 852 2752 pouvaient
867 2706 926 2740 'les
951 2718 1118 2739 assumer
1141 2717 1186 2738 en
1210 2705 1333 2738 raison
1368 2706 1411 2738 de
1435 2706 1514 2738 leur
1537 2705 1720 2737 situation
1744 2705 1787 2736 de

88 2762 250 2796 fortune.
272 2763 374 2795 Nous
392 2774 528 2795 savons
548 2762 734 2795 d'ailleurs
753 2773 820 2805 par
837 2760 1028 2793 lui-meme
1047 2759 1137 2802 qu'il
1154 2764 1260 2800 recut
1276 2759 1326 2791 les
1346 2758 1521 2801 premiers
1548 2758 1726 2791 elements
1745 2757 1788 2789 de

90 2827 157 2848 son
181 2815 408 2848 instruction
434 2816 454 2847 ὲ
481 2815 619 2848 Cahors
646 2828 654 2848 z
683 2815 730 2847 In
758 2815 821 2847 illa
848 2814 970 2856 geniti,
1009 2812 1128 2845 lactati
1154 2812 1324 2845 maternis
1360 2811 1529 2844 uberibus
1554 2816 1584 2843 et
1611 2821 1719 2853 usque
1744 2811 1790 2843 cul

89 2869 320 2911 provectioris
341 2869 443 2902 etatis
466 2874 624 2912 tempora
656 2868 795 2901 educati
822 2867 956 2908 (Bulles
981 2866 1030 2898 du
1053 2866 1072 2898 7
1097 2865 1307 2908 septembre
1331 2865 1440 2903 1316;
1464 2864 1605 2902 Mollem,
1631 2875 1665 2896 n.
1691 2863 1787 2906 808).

92 2921 120 2952 Il
141 2920 270 2953 etudia
290 2932 357 2964 par
376 2921 412 2953 13
431 2921 528 2953 suite
550 2932 623 2953 aux
643 2919 866 2952 universites
888 2919 931 2951 de
954 2917 1056 2950 Paris
1072 2923 1109 2950 et
1129 2917 1324 2949 d’Orleans
1348 2915 1507 2959 (Denisse
1524 2922 1561 2948 et
1581 2915 1788 2955 Chatelain,

89 2973 378 3013 Chamimaum,
403 2980 429 3007 t.
453 2986 490 3013 11,
516 2985 551 3017 p.
578 2974 645 3006 235
669 2979 707 3006 et
730 2971 922 3010 Fournier,
947 2970 1095 3010 Stantis,
1120 2976 1147 3003 t.
1169 2982 1193 3009 1,
1218 2981 1253 3013 p.
1278 2969 1350 3012 46).
1369 2969 1418 3001 Le
1434 2969 1516 3012 plus
1540 2968 1672 3001 ancien
1695 2974 1788 3006 acte,

90 3026 185 3059 dans
209 3027 331 3069 lequel
355 3026 379 3059 il
404 3032 461 3059 est
486 3026 542 3059 dit
566 3026 777 3070 professeur
800 3037 846 3057 en
869 3025 948 3057 l'un
973 3030 1010 3056 et
1033 3023 1166 3055 l’autre
1184 3022 1293 3061 droit,
1319 3028 1488 3055 remonte
1514 3033 1560 3054 au
1585 3023 1605 3055 8
1630 3028 1792 3064 septem-

92 3079 156 3112 bre
177 3079 269 3112 1297
295 3079 697 3122 (Albanes—Chevalier‚
724 3078 845 3111 Gallia
864 3077 1076 3110 Christiana
1096 3076 1305 3114 novissima,
1327 3081 1353 3108 t.
1376 3087 1437 3115 vn,
1459 3086 1493 3107 n.
1515 3074 1611 3117 805).
1635 3074 1792 3117 D’apres
