2083 3458
282 255 363 296 223
928 268 1080 293 NOTAE
1114 267 1175 292 AD
1210 266 1336 292 VITAS
1859 252 1984 309 [731]

334 354 453 391 Anno
472 353 614 391 eodem
634 352 874 391 MCCCXVI
894 351 921 399 1,
940 365 1070 389 novus
1088 350 1165 388 iste
1185 350 1400 389 cardinalis
1420 351 1600 401 praefuit
1618 351 1788 390 solemni
1807 366 1981 390 conven-

282 413 343 450 tui
364 412 642 462 praelatorum
665 420 705 450 et
725 425 940 462 procerum
961 410 1073 460 regni
1096 409 1280 447 Francici
1301 410 1445 448 habito
1467 410 1671 458 Lutetiae,
1693 411 1735 449 in
1758 424 1840 460 quo
1861 411 1982 448 decla-

283 479 408 508 ratum
433 471 512 520 suit
536 472 637 521 quocl
659 471 711 508 ad
733 484 915 508 coronam
939 469 1051 518 regni
1076 469 1247 506 Francie
1272 469 1414 507 mulier
1438 484 1517 507 non
1539 470 1720 508 succedit.
1750 470 1862 508 Haec
1887 477 1984 508 sunt

282 530 388 568 enim
424 530 548 569 verba
585 529 882 568 continuatoris
911 528 1058 578 Nangii
1089 528 1134 579 [t.
1160 543 1187 576 Ι,
1215 543 1253 578 p.
1282 527 1389 579 434}
1417 528 1520 568 Vide
1547 529 1673 568 etiam
1700 529 1982 580 Spondanum,

283 603 347 627 an.
375 589 488 636 1316,
519 589 535 637 ἓ
559 589 593 627 5.

334 649 452 686 Anno
475 648 735 695 MCCCXIX,
759 648 822 686 die
845 662 902 684 xii
924 646 1074 685 mensis
1094 646 1198 696 julii,
1222 647 1385 697 scripsit
1405 661 1487 686 una
1510 662 1603 686 cum
1623 647 1869 698 Berengario
1892 647 1984 686 Fre-

282 707 375 755 doli,
404 707 594 757 episcopo
622 707 851 754 Portuensi,
881 706 932 744 ad
960 706 1107 744 fratres
1136 706 1376 745 Carmelitas
1405 715 1632 756 conventus
1670 706 1906 746 Parisiensis
1935 707 1984 745 de

282 780 446 816 corpore
465 766 671 804 Michaelis
690 767 739 804 de
754 766 884 804 Becco
903 765 1119 804 cardinalis
1137 765 1423 804 transferendo
1441 767 1492 804 ad
1510 767 1700 805 eumdem
1719 774 1983 805 conventum.

282 825 340 863 Ea
369 826 541 875 epistola
569 826 679 863 edita
706 833 768 863 est
794 825 901 863 inter
928 825 1192 875 probationes
1219 825 1424 863 Historiae
1459 826 1728 864 cardinalium
1769 825 1985 873 Gallorum,

280 898 317 934 p.
355 884 441 923 277.

333 944 452 981 Anno
486 943 747 991 MCCCXXI,
784 943 962 982 Joannes
997 943 1127 980 XXII
1160 957 1255 981 eum
1287 943 1505 982 constituit
1537 944 1788 995 cognitorem
1824 951 1984 982 contro·

281 1003 436 1041 versiae
470 1016 573 1052 quae
605 1010 696 1040 tum
729 1010 817 1041 erat
847 1003 888 1040 in
923 1002 1104 1041 Ecclesia
1137 1003 1339 1041 Theatina
1367 1003 1416 1042 de
1442 1004 1637 1042 electione
1668 1003 1860 1054 episcopi,
1891 1003 1986 1041 vide

283 1062 582 1111 Hieronymum
610 1062 844 1100 Nicolinum
870 1062 913 1100 in
938 1062 1122 1100 Historia
1144 1062 1330 1113 ejusdem
1351 1062 1475 1111 urbis,
1498 1078 1537 1114 p.
1567 1063 1655 1111 154,
1684 1071 1724 1102 et
1751 1063 1984 1113 Ughellum,

280 1128 310 1159 t.
335 1136 388 1169 vi,
414 1119 502 1159 Ital.
524 1134 618 1169 sac„
642 1122 714 1160 col.
739 1121 826 1160 739.
1103 1115 1106 1117 Δ

337 1180 382 1217 In
415 1180 675 1219 celeberrima
709 1194 813 1230 quae
845 1188 937 1218 tum
970 1188 1058 1220 erat
1091 1181 1370 1219 controversia
1403 1182 1451 1220 de
1483 1190 1731 1232 paupertate
1764 1181 1913 1220 Christi
1944 1188 1986 1219 et

280 1239 572 1290 Apostolorum
598 1240 755 1278 censuit
780 1240 979 1279 hereticos
1005 1255 1070 1279 eos
1096 1255 1181 1279 esse
1206 1241 1276 1291 qui
1300 1241 1469 1279 aiebant
1491 1241 1580 1280 illos
1604 1241 1706 1279 nihil
1728 1241 1920 1279 habuisse
1943 1240 1985 1278 in

281 1299 444 1348 speciali
464 1313 537 1337 nec
556 1299 599 1337 in
619 1300 840 1338 communi.
857 1299 958 1349 Ejus
979 1300 1186 1338 sententia
1201 1300 1312 1339 edita
1326 1300 1340 1322 2
1359 1308 1421 1339 est
1440 1301 1551 1351 apud
1567 1300 1791 1339 Odoricum
1806 1300 1986 1350 Raynal-

217 1410 219 1412 q
281 1358 391 1406 dum,
416 1372 480 1397 an.
507 1358 622 1406 1322,
653 1358 669 1407 ξ
693 1358 754 1397 56.

332 1418 451 1455 Anno
476 1417 799 1466 MCCCXXVII,
826 1419 1008 1457 ,Ioannes
1034 1418 1164 1456 XXII
1189 1419 1224 1457 ei
1252 1427 1293 1457 et
1318 1419 1567 1469 quibusdam
1596 1419 1684 1457 aliis
1710 1418 1984 1457 cardinalibus

281 1476 485 1526 delegavit
506 1491 679 1516 examen
700 1478 972 1516 accusationis
994 1478 1180 1517 intentae
1203 1479 1398 1517 adversus
1421 1479 1623 1529 quosdam
1644 1479 1807 1517 clericos
1831 1478 1984 1517 Galliae

280 1536 349 1585 qui
371 1536 613 1574 dicebantur
633 1537 799 1587 magicis
817 1538 979 1575 >artibus
1000 1538 1184 1576 insidiati
1205 1538 1316 1576 vitae
1340 1538 1481 1576 Karoli
1505 1538 1572 1587 IV,
1589 1538 1691 1588 regis
1714 1539 1985 1584 Francorum3

281 1595 402 1634 Odor.
431 1596 650 1645 Raynakl„
675 1610 739 1635 an.
767 1596 881 1645 1327,
912 1597 929 1646 ἓ
955 1597 1017 1635 44.

333 1654 605 1693 Continuator
621 1656 770 1706 Nangii
789 1656 832 1707 [t.
848 1671 889 1704 Π,
905 1671 944 1706 p.
962 1656 1027 1707 89]
1046 1656 1166 1695 docet
1178 1657 1294 1694 illum
1309 1656 1480 1695 missum
1500 1671 1585 1695 esse
1600 1671 1621 1694 a
1637 1671 1746 1707 papa
1762 1656 1985 1695 Massiliam

279 1721 326 1750 ut
352 1728 371 1752 e
396 1714 493 1764 fuga
518 1716 745 1753 retraheret
771 1715 1012 1754 Michaelem
1039 1716 1087 1754 de
1114 1717 1292 1754 Caesena
1317 1715 1553 1754 ministrum
1579 1717 1807 1766 generalem
1833 1715 1984 1754 ordinis

280 1772 455 1810 fratrum
482 1774 687 1812 Minorum
716 1791 722 1812 :
751 1783 839 1825 post
865 1790 976 1825 quem
1002 1791 1113 1825 papa
1139 1776 1381 1813 cardinalem
1408 1776 1452 1813 de
1478 1775 1690 1826 Arrebleyo
1718 1784 1759 1814 ut
1784 1783 1985 1826 caperetur

280 1832 407 1880 misity·
425 1834 493 1870 secl
508 1848 596 1871 cum
611 1834 696 1883 jam
714 1848 819 1872 mare
838 1834 1033 1882 intrasset,
1054 1835 1097 1872 in
1114 1850 1262 1873 vanum
1279 1835 1482 1873 laboravit.
1504 1835 1728 1885 Contigisse
1745 1835 1858 1873 istud
1876 1848 1984 1873 anno

280 1891 625 1941 MCCCXXVIII,
650 1893 713 1932 die
736 1908 841 1931 XXVI
863 1894 975 1942 maii,
999 1895 1119 1933 docet
1148 1892 1340 1933 Nicolaus
1363 1894 1557 1933 Minorita
1574 1894 1602 1942 3,
1633 1895 1701 1933 fol.
1726 1894 1788 1942 46,
1811 1894 1872 1932 his
1895 1908 1983 1931 ver-

278 1949 339 1988 bis
376 1966 382 1988 :
419 1951 704 2002 Subsequenter
735 1954 913 2003 prefatus
943 1954 1064 2003 frater
1096 1954 1286 2002 Michael,
1321 1962 1413 2001 etc„
1446 1954 1601 1991 XXVI
1633 1954 1694 1992 die
1727 1953 1860 1991 maii4
1891 1952 1984 1991 dicti

278 2010 378 2047 anni
401 2012 543 2049 occulte
565 2012 720 2049 recessit
741 2012 791 2050 ab
814 2013 1036 2051 obedientia
1057 2021 1091 2051 et
1113 2014 1225 2051 curia
1247 2014 1392 2064 prefati
1416 2013 1569 2051 domini
1603 2013 1815 2061 Jolzannis,
1839 2012 1985 2050 scilicet

280 2069 323 2106 de
340 2069 554 2118 Avinione,
567 2079 601 2108 et
614 2072 666 2109 acl
682 2071 877 2109 civitatem
891 2072 1089 2110 Pisanam
1103 2087 1142 2110 se
1159 2073 1372 2121 transtulit,
1390 2081 1431 2110 ut
1444 2081 1572 2123 posset
1582 2073 1796 2123 predictam
1808 2072 1983 2122 appella-

280 2128 423 2165 tionem
441 2129 645 2179 publicare
663 2145 708 2168 ac
726 2131 845 2169 etiam
865 2131 1066 2180 innovare,
1087 2133 1139 2170 ad
1156 2147 1273 2182 quam
1295 2132 1360 2169 IX
1379 2132 1440 2169 die
1456 2132 1567 2182 junii
1586 2146 1654 2182 per
1674 2146 1778 2169 mare
1796 2131 1982 2182 pervenit.
2000 2134 2002 2138 ’

279 2187 461 2225 Audiens
479 2203 563 2226 vero
582 2190 707 2227 dictas
725 2191 911 2228 (lominus
931 2192 993 2230 Jo.
1013 2206 1123 2241 papa
1139 2192 1338 2242 prefatum
1352 2191 1513 2241 fratrem
1530 2191 1591 2229 M.
1612 2192 1828 2241 generalem
1846 2190 1985 2228 minis-

279 2254 382 2283 tram
400 2256 533 2285 contra
550 2263 669 2286 suum
688 2251 921 2288 mandatum
940 2251 984 2288 de
1002 2251 1115 2288 curia
1132 2251 1346 2298 recessisse,
1365 2251 1456 2300 jecit
1473 2265 1561 2288 eum
1580 2250 1768 2288 hostiliter
1785 2249 1984 2301 persequi3

280 2313 313 2342 et
339 2320 427 2343 cum
453 2321 541 2344 eum
569 2307 708 2346 habere
735 2323 814 2346 non
840 2318 981 2359 posset,
1010 2310 1099 2348 tulit
1125 2318 1259 2348 contra
1284 2324 1386 2358 eum,
1415 2324 1494 2347 non
1521 2310 1694 2348 obstante
1720 2309 1985 2360 appellatione

280 2365 466 2413 predicta,
495 2367 753 2416 depositionis
778 2369 1012 2406 sententiam
1043 2369 1105 2407 VI
1129 2370 1191 2407 die
1215 2369 1339 2419 junii,
1367 2370 1462 2407 alum
1486 2369 1614 2407 adhuc
1639 2377 1735 2406 esset
1761 2369 1804 2406 in
1830 2369 1906 2407 via.
1938 2368 1984 2405 In

281 2425 483 2463 sententia
511 2440 606 2464 vero
633 2427 714 2475 illa,
745 2441 869 2477 quam
905 2428 1048 2466 statim
1076 2429 1244 2479 subjicit
1274 2429 1465 2467 Nicolaus
1484 2428 1511 2477 5,
1539 2428 1619 2466 ista
1644 2429 1836 2479 leguntur
1864 2444 1871 2465 :
1900 2427 1986 2465 Nos

280 2601 509 2638 cliancellerie
528 2605 568 2638 de
582 2605 733 2647 France,
755 2618 789 2651 p.
808 2607 979 2648 311-312,
1001 2608 1098 2652 533).
1115 2608 1162 2642 Ce
1177 2608 1237 2641 fut
1251 2620 1314 2641 sur
1328 2608 1378 2641 les
1393 2607 1582 2642 instances
1600 2608 1650 2641 du
1669 2607 1723 2641 roi
1743 2607 1834 2651 qu’il
1855 2607 1988 2641 devint

281 2655 464 2698 cardinal;
482 2657 574 2691 mais
592 2659 689 2692 Jean
706 2659 826 2693 XXII
843 2672 880 2694 se
896 2661 1022 2694 refusa
1038 2662 1059 2694 a
1074 2661 1126 2694 lui
1139 2673 1305 2705 envoyer
1319 2662 1351 2694 le
1369 2661 1539 2704 chapeau
1555 2661 1778 2695 cardinalice
1791 2661 1877 2695 hors
1894 2661 1986 2694 dela

283 2708 379 2741 curie
408 2709 573 2751 (Coulon,
599 2723 633 2745 n.
659 2713 846 2758 111-112),
873 2714 920 2747 οὺ
942 2714 967 2747 il
991 2721 1099 2748 entra
1121 2715 1153 2748 le
1179 2715 1222 2748 29
1245 2726 1345 2748 mars
1369 2715 1462 2749 1317
1492 2715 1666 2759 (Clement
1691 2714 1733 2756 V,
1757 2714 1985 2759 Appendice,

282 2772 314 2803 p.
342 2762 436 2805 257).
1949 2792 1951 2794 μ

331 2814 362 2847 l.
385 2815 487 2848 Liscz
506 2817 537 2849 lc
558 2818 577 2849 2
597 2813 842 2853 sevrier'1317
867 2820 1088 2864 (Lehugeur,
1108 2832 1165 2865 op.
1186 2822 1256 2861 cit,
1277 2833 1312 2865 p.
1334 2821 1406 2865 85).

333 2869 361 2899 2.
383 2867 431 2899 Et
447 2881 514 2911 par
532 2870 569 2903 F.
588 2871 720 2912 Tocco,
738 2872 793 2905 La
809 2874 988 2916 quistione
1004 2874 1096 2907 della
1110 2876 1265 2918 powerta,
1282 2886 1317 2918 p.
1336 2875 1442 2909 1524
1451 2877 1506 2910 56.

331 2922 362 2953 3.
381 2921 421 2953 13.
442 2921 498 2961 N„
517 2934 583 2956 ms.
601 2924 696 2957 latin
713 2926 817 2966 5154,
835 2926 859 2960 f.
877 2927 923 2960 46
938 2929 983 2960 ΓΟ.

332 2973 364 3004 4.
386 2973 518 3007 Michcl
540 2976 583 3008 de
605 2976 740 3011 Cesene
759 2978 914 3012 s‘enfuit
934 2980 1026 3013 dans
1046 2980 1081 3013 la
1101 2980 1185 3013 nuit
1205 2980 1255 3013 du
1275 2981 1319 3015 26
1339 2993 1386 3015 au
1407 2983 1451 3016 27
1471 2981 1547 3016 mai
1570 2981 1712 3026 (Finke‚
1733 2982 1827 3015 Acta
1843 2981 1987 3023 Arago-

286 3026 423 3064 nensia,
449 3035 471 3058 ῑ.
496 3040 546 3061 111.
569 3041 603 3072 p.
627 3030 810 3075 534-537).
1948 3062 1951 3063 ’

334 3078 364 3109 5.
395 3080 433 3111 1’..
461 3080 514 3119 N„
536 3093 601 3114 ms.
622 3082 717 3116 latin
737 3085 841 3125 5154,
862 3085 886 3119 f.
907 3086 951 3119 47
970 3089 1015 3119 r0.
1037 3085 1241 3131 Comparez
1260 3098 1299 3120 ce
1319 3093 1422 3122 texte
1443 3100 1533 3122 avec
1551 3089 1587 3122 la
1605 3088 1705 3122 bulle
1723 3089 1844 3121 meme
1864 3086 1984 3123 aditae

288 3140 352 3171 par
370 3131 497 3171 liubol,
516 3133 558 3166 Β.
578 3134 633 3175 Ι”.,
654 3142 677 3169 t.
697 3148 731 3176 V,
750 3149 783 3181 p.
803 3138 872 3171 349
893 3139 1022 3182 (bulles
1040 3140 1090 3172 du
1107 3140 1127 3173 6
1142 3139 1224 3183 juin
1240 3140 1360 3184 1328).
