2083 3458
227 206 307 248 720
874 216 1025 241 NOTAE
1060 216 1119 240 AD
1154 203 1282 241 VITAs
1485 175 1487 177 Ι
1784 199 1926 254 [1202]

225 304 382 354 magnis
409 302 566 353 gaudiis
592 300 870 340 exultarunt
860 316 902 338 ln
924 300 1087 339 morte1
1104 301 1207 351 ejus,
1232 309 1281 339 ut
1303 309 1424 352 patet
1447 316 1499 340 ex
1521 301 1567 339 iis
1589 315 1693 351 quae
1713 300 1819 338 infra
1837 299 1939 338 refe-

224 373 367 403 rentur
390 362 461 400 ubi
485 361 760 400 tractabimus
787 361 835 399 de
860 360 987 399 initiis
1014 360 1262 399 schismatis

278 425 321 462 P.
351 423 440 469 430,
468 421 534 471 lig.
563 421 598 459 2.
626 422 671 459 Β
702 421 846 458 PETRI.
871 420 949 457 Die
976 421 1081 468 lune,
1108 421 1150 458 X
1153 421 1267 458 XIX
1293 405 1442 468 martii,
1468 420 1549 470 suit
1573 392 1773 471 portatum
1798 398 1941 469 corpus

225 482 377 521 domini
400 495 504 532 pape
528 480 693 531 predicti
719 479 762 517 in
785 479 898 517 choro
923 479 963 518 S.
989 480 1119 528 Petri3
1143 488 1178 518 et
1201 480 1258 517 ibi
1280 480 1361 530 fuit
1381 480 1532 530 jactum
1566 480 1739 531 officium
1762 477 1939 528 (Archiv,

228 551 253 581 t.
284 557 353 589 vn,
381 556 420 591 p.
451 540 558 589 331).

278 603 321 640 P.
340 601 429 647 430,
446 600 512 650 lig.
531 600 566 638 3.
586 600 853 637 CRASTINUM.
868 599 945 636 Die
962 599 1114 646 martis,
1131 599 1263 637 XXX
1278 599 1427 637 mensis
1442 599 1591 647 martii,
1606 599 1686 649 suit
1701 598 1939 636 translatum

224 676 408 711 corpus...
429 661 480 697 acl
499 660 539 698 S.
562 659 622 697 M.
645 657 801 707 Novam
821 658 998 706 (Archiv,
1016 666 1047 697 t.
1070 674 1138 707 vn,
1158 674 1197 709 p.
1219 659 1326 708 331).

278 722 320 759 P.
342 720 432 767 430,
452 717 518 769 lig.
533 719 568 757 8.
584 718 775 756 MULTUM
799 733 971 756 DILEXIT
993 733 1110 757 suos.
1135 719 1181 756 In
1201 718 1457 769 depositione
1470 718 1651 769 episcopi
1673 716 1839 755 Reatini
1857 716 1937 754 ista

223 781 430 819 habentur
449 778 463 801 ²
493 795 500 816 ε
534 778 631 816 Item
660 779 817 815 clemum
844 786 1049 828 assumpto
1085 778 1284 827 Gregorio,
1315 778 1382 829 qui
1409 793 1535 829 supra
1563 787 1703 816 ceteros
1731 776 1939 814 hominum

224 842 266 878 de
290 848 422 878 tenera
445 838 651 876 dilectione
675 837 881 887 presertim
903 838 956 875 acl
977 852 1071 875 suos
1095 838 1319 886 notabatur,
1344 846 1422 876 etc.

277 901 319 937 P.
342 898 432 945 430,
452 898 518 947 lig.
542 897 602 936 15.
626 897 819 935 MULTUM
840 912 1092 936 VIRTUOSUS.
1118 898 1244 936 Recte
1272 912 1367 947 ergo
1388 897 1552 935 Platina
1573 896 1757 947 Gregorii
1777 895 1939 933 obitum

223 959 454 998 describens
477 971 572 996 eum
591 965 717 995 vocat
747 957 882 995 virum
911 966 1117 996 sanctum.
1153 958 1244 1007 Ipse
1276 957 1468 995 Urbanus
1491 957 1548 994 VI
1576 956 1635 994 ita
1665 956 1794 995 etiam
1823 956 1871 993 de
1893 969 1938 993 eo

222 1018 484 1069 loquebatur.
516 1017 623 1054 Nam
651 1030 745 1055 cum
772 1016 898 1069 legati
925 1017 1028 1066 regis
1059 1017 1259 1055 Castellae
1287 1017 1400 1067 apud
1427 1031 1522 1055 eum
1548 1024 1735 1055 recenter
1761 1016 1940 1054 electum

222 1085 478 1128 exponerent
499 1076 750 1126 legationem
772 1090 905 1123 suani,
928 1085 971 1114 et
991 1091 1097 1115 unus
1121 1091 1263 1115 eorum
1287 1077 1462 1114 Alvarus
1487 1075 1669 1123 Martini,
1693 1076 1805 1113 facta
1828 1088 1939 1113 men-

222 1138 333 1176 tione
375 1136 572 1187 Gregorii,
613 1134 816 1174 dixisset3
854 1136 985 1185 felicis
1024 1136 1308 1174 recordationis
1348 1136 1534 1174 dominus
1581 1135 1808 1185 Gregorius,
1849 1142 1942 1172 tunc

230 1198 418 1236 Urbanus
443 1195 544 1234 dixit
563 1212 569 1233 :
587 1195 799 1233 Erudiatis
823 1196 987 1245 linguas
1011 1204 1158 1234 vestras
1180 1205 1214 1234 et
1237 1196 1380 1234 dicatis
1395 1204 1527 1234 sancte
1551 1195 1735 1233 memorie
1754 1194 1942 1232 dominus

230 1256 457 1306 Gregorius,
488 1255 582 1306 quia
610 1269 693 1293 vere
720 1269 789 1304 ego
817 1264 955 1305 reputo
982 1270 1072 1293 eum
1099 1264 1294 1294 sanctum.
1329 1256 1392 1293 Ita
1420 1264 1603 1294 testatur
1630 1252 1741 1293 idem
1765 1253 1940 1291 Alvarus

223 1317 264 1354 in
291 1315 549 1366 depositione
576 1329 663 1353 sua.

279 1377 322 1414 P.
342 1375 432 1422 430,
449 1375 516 1425 lig.
534 1374 596 1413 25.
616 1375 862 1413 GRAVELLA.
881 1375 973 1412 Vox
991 1374 1150 1424 gallica.
1168 1375 1321 1423 Latini,
1340 1383 1388 1412 ut
1404 1374 1588 1425 plerique
1604 1381 1773 1425 putant,
1786 1380 1941 1411 vocant

224 1436 441 1474 calculum.
476 1434 554 1473 Sed
587 1434 754 1472 morbus
788 1434 935 1473 calculi
966 1434 1133 1472 videtur
1166 1435 1351 1474 diversus
1384 1435 1436 1472 ab
1469 1435 1563 1482 alio,
1598 1433 1788 1484 quamvis
1821 1432 1857 1471 ei
1888 1431 1942 1470 sit

225 1495 405 1534 multum
427 1494 573 1533 affinis.
599 1493 732 1532 Morbi
754 1508 875 1544 porro
898 1494 1016 1532 istius
1040 1494 1102 1532 sui
1125 1495 1381 1535 mentionem
1404 1494 1504 1533 facit
1525 1494 1636 1532 idem
1659 1492 1877 1543 Gregorius
1900 1491 1942 1529 in

225 1554 399 1605 epistola
420 1554 573 1604 scripta
598 1554 753 1592 Romae
774 1567 883 1591 anno
906 1554 1292 1602 MCCCLXXVHI,
1315 1554 1377 1592 die
1397 1554 1531 1605 prima
1560 1553 1713 1601 martii,
1734 1553 1787 1591 ad
1809 1552 1942 1590 Ludo-

227 1614 363 1653 vicum
382 1614 529 1652 ducem
546 1613 889 1663 Andegavensem
909 1629 915 1651 :
938 1614 1141 1651 Tres-cher
1159 1614 1236 1664 fils,
1254 1628 1293 1651 se
1310 1615 1437 1652 l’estat
1453 1615 1497 1651 cle
1514 1628 1615 1651 nous
1631 1622 1664 1651 te
1679 1613 1783 1664 plait
1797 1612 1942 1658 saveir,

203 1701 211 1707 -
227 1688 326 1711 nous
347 1673 494 1710 estions
513 1687 562 1710 en
583 1687 690 1710 assez
715 1673 838 1710 bonne
858 1676 970 1710 sante
991 1674 1035 1710 cle
1055 1688 1168 1723 corps
1190 1682 1313 1724 quant
1332 1682 1450 1711 cestes
1468 1674 1602 1723 jurent
1621 1673 1821 1723 escriptes,
1843 1686 1943 1710 com-

230 1733 318 1771 bien
348 1747 418 1783 que
448 1747 548 1770 nous
577 1732 760 1769 eussions
788 1732 951 1782 souffert
980 1734 1102 1770 moult
1132 1748 1241 1782 greve
1271 1734 1404 1771 doleur
1433 1742 1467 1771 et
1495 1733 1662 1783 passion
1690 1733 1734 1770 cle
1765 1732 1943 1782 gravelle.

282 1793 324 1830 P.
349 1792 438 1839 431,
459 1792 526 1841 lig.
550 1791 611 1830 18.
637 1792 839 1829 DONARIA
861 1806 1013 1829 MAGNA
1035 1807 1383 1831 PROMITTEBANT.
1408 1793 1553 1831 Petrus
1577 1792 1794 1842 Rostagni,
1817 1790 1948 1829 domi-¹

228 1867 303 1889 nus
330 1851 407 1889 loci
435 1851 482 1889 cle
510 1851 662 1889 Sancto
690 1850 890 1901 Crispino,
916 1851 959 1889 in
984 1852 1159 1902 epistola
1186 1852 1340 1903 scripta
1367 1853 1420 1890 ad
1445 1866 1583 1902 regem
1610 1852 1810 1891 Castellae
1836 1865 1945 1889 anno

229 1911 548 1958 MCCCLXXX,
573 1910 635 1948 die
660 1910 818 1949 decima
841 1911 1086 1961 septembris
1107 1911 1123 1934 4
1147 1928 1153 1949 :
1185 1912 1321 1950 Unum
1343 1920 1462 1950 vestre
1484 1911 1682 1961 majestati
1706 1926 1786 1949 non
1807 1910 1946 1948 obmit-

229 1980 309 2009 tam
330 1970 511 2018 scribere,
536 1971 637 2020 quosl
659 1970 702 2007 in
723 1970 1046 2020 preo—rdinatione
1063 1971 1310 2020 negotiorum
1332 1971 1563 2021 hujusmodi
1585 1971 1887 2009 Bartholomeus
1904 1971 1947 2007 de

229 2030 492 2079 Perigniano,
516 2030 611 2067 olim
632 2029 1187 2079 archiepiscopus*Barensis‘,
1210 2039 1244 2068 et
1266 2046 1372 2068 nunc
1395 2031 1438 2068 in
1460 2031 1678 2081 apostolica
1700 2030 1797 2068 Sede
1820 2030 1945 2067 intru-

229 2104 311 2136 sus,
342 2098 382 2127 ut
409 2104 454 2126 esc
481 2089 578 2126 visis
605 2097 643 2127 et,
665 2089 818 2126 auditis
847 2089 1013 2138 firmiter
1039 2098 1160 2137 teneO,
1187 2090 1268 2139 fuit
1295 2090 1338 2127 in
1365 2090 1548 2128 consiliis
1574 2090 1948 2140 preordinationum

231 2149 516 2195 Romanorum,
546 2157 580 2185 et
606 2163 645 2185 se
682 2149 1023 2186 recommendabat
1049 2149 1209 2197 eisdem,
1238 2158 1272 2187 et
1310 2150 1352 2187 in
1390 2150 1558 2200 speciali
1589 2149 1770 2187 Johanni
1799 2148 1946 2195 Sincii,

231 2208 466 2246 cancellario
496 2208 630 2255 Urbis,
646 2208 780 2247 «eidem
803 2208 847 2245 in
869 2223 964 2245 casu
986 2218 1212 2246 assecuturo
1237 2224 1385 2258 magna
1406 2209 1680 2259 promittendo.
1707 2209 1789 2259 Que
1812 2208 1949 2246 omnia

232 2268 364 2305 retulit
392 2267 511 2305 miclii
540 2268 719 2317 prefatus
750 2267 955 2305 Jolzannes
972 2276 1163 2318 tanquam
1188 2269 1391 2318 singulari
1420 2269 1548 2307 amico
1576 2277 1663 2318 post
1684 2268 1949 2306 intrusionem

234 2327 443 2377 prefatam,
474 2342 562 2364 cum
592 2327 747 2365 videbat
775 2327 974 2377 prefatum
997 2328 1319 2366 Bartliolomeum
1348 2329 1392 2365 de
1416 2343 1457 2366 eo
1487 2342 1567 2365 non
1603 2342 1740 2365 curare
1768 2336 1802 2365 et
1830 2335 1949 2378 caput

234 2401 352 2424 suum
376 2386 587 2424 reclinasse
613 2386 656 2423 in
678 2395 828 2436 pectore
851 2387 1006 2424 comitis
1030 2386 1182 2425 Nolani
1199 2396 1241 2425 >et
1263 2387 1416 2425 domini
1443 2388 1588 2424 Tliome
1613 2388 1656 2425 de
1680 2387 1720 2425 S.
1747 2387 1947 2434 Severino,

235 2446 321 2494 ipso
361 2446 553 2483 oblivioni
593 2446 748 2484 tradito.
792 2446 935 2484 Petrus
977 2447 1025 2484 de
1059 2448 1216 2494 Crosso,
1256 2446 1588 2497 archiepiscopus
1616 2446 1866 2484 Arelatensis
1907 2454 1949 2484 et

235 2505 271 2542 S.
305 2506 351 2542 R.
384 2505 428 2543 Ε.
459 2505 729 2553 Camerarius,
757 2505 798 2542 in
827 2505 1083 2555 depositione
1111 2520 1183 2544 sua
1203 2506 1218 2529 5
1248 2522 1255 2544 :
1288 2506 1365 2544 Iste
1391 2507 1692 2544 Bartholomeus
1720 2506 1763 2543 in
1792 2520 1870 2543 uno
1904 2520 1950 2544 ex
1989 2520 1992 2523 ·

236 2564 417 2601 consiliis
443 2579 513 2614 que
538 2564 712 2602 Romani
739 2573 948 2602 tenuerunt
972 2580 1092 2615 super
1115 2566 1217 2616 facto
1244 2566 1444 2604 electionis
1471 2566 1665 2615 interfuit,
1694 2574 1735 2603 ut
1759 2565 1898 2603 audivi
1925 2580 1949 2603 a

292 2727 319 2758 1.
353 2728 509 2771 D'apres
530 2730 718 2763 Bertrand
738 2731 899 2775 Boysset
924 2731 1083 2774 (Archiv,
1104 2738 1130 2765 t.
1154 2745 1216 2772 vn,
1238 2744 1272 2775 p.
1303 2733 1385 2775 331)
1411 2732 1585 2775 Gregoire
1608 2738 1763 2764 mourut
1782 2732 1948 2765 XXVII

242 2782 375 2811 uteris-is
390 2783 524 2821 martii,
538 2783 635 2816 circa
647 2784 739 2817 duas
751 2785 858 2817 horas
870 2786 995 2818 noctis.
1010 2786 1059 2818 Le
1076 2786 1530 2829 Rog.Avi11.279‚fol.70
1545 2790 1713 2829 v0‚porte
1726 2785 1796 2818 Die
1807 2785 1949 2818 XXVI

243 2834 376 2864 mensi-s·
401 2836 526 2868 mczrlii
550 2837 646 2869 circa
660 2838 786 2870 horam
809 2839 1007 2872 secundam
1023 2840 1137 2872 noctis
1156 2840 1439 2883 (Baumgarten.
1460 2840 1553 2872 dans
1570 2839 1762 2874 Romi'sche
1779 2838 1950 2880 Quartal-

241 2886 377 2927 schrisl.
404 2894 426 2919 t.
450 2900 517 2921 XIX
543 2889 678 2933 (1905),
702 2902 736 2934 p.
759 2892 856 2935 163).

293 2938 322 2970 2.
358 2940 393 2971 Η.
420 2940 475 2977 N..
498 2954 564 2974 ms.
587 2943 682 2975 latin
701 2944 831 2984 11745,
853 2945 915 2978 sol.
938 2946 979 2978 81
1003 2950 1062 2978 r0.=

292 2992 323 3022 3.
358 2992 421 3023 Hs.
455 2994 537 3033 cite,
570 2996 631 3028 sol.
663 2997 730 3029 107
762 3002 804 3030 1¹⁰.

293 3057 323 3075 a.
359 3045 395 3076 13.
426 3046 481 3085 N„
508 3060 573 3079 ms.
599 3049 694 3081 latin
718 3050 847 3091 11745,
874 3051 937 3084 sol.
963 3053 1006 3085 65
1034 3057 1082 3085 νο.

295 3097 323 3128 ἦ.
358 3097 421 3130 Ms.
453 3100 535 3139 cite,
568 3101 626 3134 sol.
658 3103 701 3135 64
731 3108 772 3136 1¹0.
