2083 3458
274 137 330 179 60
928 149 1079 174 NOTAE
1113 148 1174 174 AD
1210 147 1338 172 VITAS
1861 130 1987 187 [594]

276 239 342 276 sed
366 238 405 274 in
431 238 541 274 domo
563 234 795 285 episcopali,
819 248 891 283 que
913 241 967 270 est
991 233 1034 271 in
1054 232 1209 282 fortiori
1231 240 1341 282 parte
1364 231 1494 270 ville...
1520 231 1662 282 Aliqui
1684 231 1867 269 dicebant
1888 232 1990 281 qaod

276 298 344 335 hoc
372 295 542 346 faciebat
570 294 617 331 ob
645 294 855 331 adventum
885 301 1081 339 nostrum3
1112 292 1291 343 de'peche
1321 291 1390 329 des
1421 291 1735 330 ambassadeurs
1766 291 1822 328 du
1850 290 1910 329 roi
1939 291 1988 330 de

278 357 445 402 France,
464 354 625 405 publiee
644 367 718 404 par
736 352 951 399 Schwalm,
971 351 1293 397 constitutiones,
1312 358 1342 388 t.
1361 365 1403 388 1v
1421 350 1448 398 ¹,
1467 365 1506 401 p.
1526 350 1615 390 449.

332 415 374 453 P.
409 414 469 458 15,
500 413 567 463 lig.
601 412 661 450 15.
694 412 827 450 OBnT.
861 411 1032 462 D’apres
1065 411 1223 449 Robert
1253 409 1435 460 d’Anjou
1465 418 1574 449 cette
1604 417 1713 448 mort
1743 418 1814 448 eut
1842 409 1923 448 lieu
1951 410 1988 449 16

275 474 300 512 5
325 474 406 511 mai
433 472 546 519 1309,
573 474 595 510 a
619 471 755 510 l'aube
782 471 959 521 (Finke),
980 471 1081 509 Acta
1103 469 1396 520 Aragonensia,
1423 477 1452 508 t.
1478 484 1534 517 111,
1552 485 1592 521 p.
1619 469 1709 517 204,
1735 477 1776 508 et
1800 469 1989 508 Archivio

277 533 416 571 storieo
431 547 500 583 per
515 532 548 570 le
562 530 765 582 provincie
781 531 1027 581 napoletane,
1044 538 1074 568 t.
1094 544 1149 568 vn
1168 529 1318 580 (1882),
1334 544 1373 580 p.
1392 529 1497 578 212).

332 593 375 634 Ρ,
402 592 463 642 15,
486 591 553 641 lig.
581 590 640 629 19.
668 591 928 629 CORONATUS
968 590 1022 640 Le
1045 589 1139 640 jour
1161 591 1294 628 meme
1313 589 1362 627 de
1387 603 1460 627 son
1484 596 1808 628 couronnement
1833 588 1991 627 Robert

275 666 463 698 annonea
481 651 519 689 la
537 650 724 689 nouvelle
737 664 791 688 au
807 649 867 687 roi
885 650 1095 700 d'Aragon
1108 649 1266 699 (Finke,
1285 649 1386 686 Acta
1402 648 1695 698 Aragonensia,
1713 656 1745 688 t.
1762 663 1818 696 111,
1837 662 1875 699 p.
1896 647 1987 698 203)

274 720 319 749 et
339 714 360 749 a
382 726 442 749 ses
462 709 666 760 justiciers
689 709 894 759 (Archivio
913 709 1052 747 storieo
1072 724 1142 759 per
1161 709 1194 746 le
1215 708 1417 759 provincie
1441 709 1686 758 napoletane,
1708 716 1738 746 t.
1762 722 1818 745 v11
1839 707 1990 758 (1882),

277 786 315 822 p.
347 771 452 812 217).
482 771 536 808 Le
565 769 809 808 ceremonial
835 768 942 807 usite
969 784 1019 807 en
1046 769 1317 807 l’occurrence
1345 782 1367 806 a
1397 770 1460 806 ete
1487 767 1677 818 imprime
1704 781 1779 818 par
1808 767 1990 815 Gattico,

294 831 394 868 Acta
420 830 569 875 selecta,
599 837 628 867 t.
651 844 677 876 1,
706 844 745 880 p.
777 828 980 878 134-137).
1011 829 1064 867 Le
1092 828 1152 867 roi
1182 828 1339 866 Robert
1355 830 1472 878 preta
1500 835 1680 866 serment
1700 827 1749 865 de
1774 826 1928 865 fidelite
1955 827 1991 865 le

274 890 327 928 ’26
344 892 443 928 aofit
463 888 564 927 1309
583 888 774 938 (Clement
796 888 842 935 V,
861 903 900 927 n.
921 888 1054 937 4782).

330 950 373 987 Ρ.
396 949 456 996 15,
490 948 556 999 lig.
584 948 646 987 21.
675 948 851 985 ALTERA
886 962 1067 986 PRINCIPI
1098 948 1367 986 TARENTINO.
1394 947 1668 985 Vehementer
1701 954 1810 984 errat
1838 945 1881 984 in
1913 946 1991 984 hoc

274 1009 361 1047 loco
385 1009 565 1046 Joannes
589 1007 839 1046 parisiensis.
864 1007 972 1045 Nam
993 1002 1126 1057 neque
1146 1007 1229 1045 ulla
1250 1006 1332 1044 filia
1357 1005 1498 1044 Karoli
1523 1006 1576 1054 ΙΙ,
1597 1005 1701 1056 regis
1717 1005 1890 1054 Siciliae,
1912 1005 1991 1043 fuit

273 1068 523 1118 desponsata
561 1067 735 1118 principi
758 1067 995 1115 Tarentino,
1025 1082 1157 1117 neque
1179 1066 1367 1117 princeps
1394 1065 1641 1104 Tarentinus
1679 1065 1917 1117 pertinebat
1938 1064 1991 1103 ad

276 1136 438 1177 gentem
465 1127 751 1166 Sabaudicam.
779 1126 992 1178 Philippus
1018 1127 1127 1165 enim
1151 1125 1338 1177 princeps
1365 1125 1611 1164 Tarentinus
1637 1133 1727 1164 erat
1754 1124 1859 1163 filius
1885 1124 1990 1175 ejus-

274 1188 369 1225 dem
392 1186 546 1225 Karoli.
570 1187 674 1225 Sane
696 1186 840 1225 eadem
860 1194 1110 1237 tempestate
1137 1186 1308 1224 vivebat
1331 1185 1543 1236 Philippus
1566 1185 1782 1223 Sabaudus
1801 1185 1828 1224 1.
1851 1184 1907 1223 At
1926 1184 1991 1223 ille

277 1261 358 1284 non
371 1254 458 1285 erat
470 1246 659 1297 princeps
680 1245 861 1293 Tarenti,
885 1246 955 1285 sed
976 1246 1156 1285 Achaiae
1168 1245 1326 1284 ratione
1348 1244 1485 1283 uxoris
1505 1259 1602 1283 suae
1627 1245 1824 1283 Isabellae
1844 1244 1991 1295 princi-

275 1306 409 1356 pissae
421 1305 613 1353 Achaiae,
628 1306 676 1344 de
690 1320 770 1356 qua
786 1305 879 1344 vide
895 1306 1094 1356 Cangium
1105 1305 1146 1344 in
1162 1304 1511 1344 observationibus
1523 1305 1575 1343 ad
1588 1304 1991 1352 Villa-Harduinum,

277 1381 317 1416 p.
341 1365 430 1414 244,
449 1365 538 1406 245.
560 1365 771 1404 Albericus
794 1379 816 1403 a
840 1365 993 1404 Rosate
1014 1365 1057 1404 in
1077 1366 1202 1404 verbo
1218 1366 1359 1415 Acaya
1380 1365 1432 1403 ad
1449 1365 1558 1402 hunc
1578 1364 1796 1415 respiciens
1817 1363 1877 1403 ita
1897 1363 1991 1409 scri·

276 1425 339 1463 bit
365 1441 372 1463 2
401 1425 464 1462 ille
488 1425 555 1475 qui
578 1420 691 1464 hodie
728 1434 852 1476 preest
888 1425 1022 1476 Acaye
1069 1434 1224 1464 vocatur
1260 1425 1445 1477 princeps
1472 1424 1625 1463 Achaie
1652 1433 1685 1462 et
1714 1433 1768 1462 est
1807 1424 1853 1463 de
1883 1424 1993 1462 domo

279 1485 493 1523 Sabaudie.
534 1486 639 1523 Item
664 1485 901 1523 Albertinus
928 1485 1148 1533 Mussatus,
1170 1485 1239 1524 lib.
1267 1486 1313 1531 V,
1328 1485 1388 1522 De
1419 1484 1545 1522 Gestis
1568 1484 1700 1522 Henri
1720 1484 1807 1522 VII
1824 1484 1992 1534 impera-

274 1544 373 1582 toris
403 1544 632 1594 [Muratori,
670 1553 700 1584 t.
736 1560 777 1592 x,
808 1545 881 1583 col.
903 1545 1003 1595 402]
1040 1561 1047 1584 ε
1074 1545 1317 1596 Philippum
1345 1544 1658 1583 Sabaudiensem
1686 1544 1993 1582 Laeedemoniae

275 1604 512 1654 principem.
536 1604 639 1642 Vide
668 1604 932 1655 probationes
955 1605 1160 1644 Historiae
1184 1606 1322 1643 domus
1348 1604 1589 1652 Sabaudiae,
1617 1603 1751 1652 editae
1780 1619 1803 1642 a
1829 1604 1993 1643 Samuel

279 1663 555 1712 Guichenone,
573 1679 612 1714 p,
633 1664 721 1712 102,
741 1664 829 1703 103.

332 1723 375 1761 Ρ.
397 1722 458 1770 15,
478 1723 545 1773 lig.
567 1723 629 1761 32.
653 1724 986 1763 FLANDRENSES.
1010 1725 1116 1763 Jean
1136 1725 1184 1763 de
1205 1724 1486 1763 Saint-Victor
1505 1723 1581 1761 fait
1601 1723 1776 1762 allusion
1795 1738 1849 1762 au
1868 1723 1993 1761 traite

275 1782 327 1820 -de
346 1782 471 1829 Paris,
491 1782 602 1833 signe
618 1783 654 1821 le
672 1783 695 1821 8
714 1783 818 1822 avril
837 1783 952 1831 1309,
975 1783 1045 1834 qui
1062 1784 1234 1822 modifia
1257 1784 1359 1823 celui
1377 1783 1759 1834 d⁷Athis-sur-Orge
1781 1798 1853 1822 con
1862 1784 1926 1822 clu
1943 1797 1992 1821 en

273 1841 365 1890 juin
386 1841 499 1880 1305.
522 1842 764 1893 Cependant
782 1843 838 1881 les
860 1843 1092 1882 conditions
1114 1845 1162 1882 de
1187 1858 1230 1883 ce
1251 1843 1411 1882 dernier
1436 1843 1574 1891 traite,
1594 1843 1680 1882 loin
1700 1844 1829 1882 d'etre
1849 1857 1991 1894 aggra-

279 1903 385 1948 vees,
408 1901 547 1939 furent
568 1916 620 1939 au
642 1902 844 1941 contraire
865 1903 1055 1942 adoucies
1077 1918 1127 1941 en
1147 1904 1292 1943 faveur
1312 1903 1381 1942 des
1404 1903 1639 1942 Flamands.
1662 1903 1849 1954 Philippe
1866 1903 1902 1941 le
1921 1903 1993 1940 Bel

279 1974 457 2007 renonea
477 1963 499 1998 a
518 1961 698 2011 imposer
716 1962 751 2000 le
771 1962 1123 2001 demantelement
1141 1964 1210 2002 des
1230 1963 1478 2010 forteresses,
1499 1965 1521 2000 a
1539 1963 1788 2014 l’exception
1807 1963 1856 2001 de
1875 1962 1992 2001 celles

276 2019 329 2058 de
355 2019 508 2069 Bruges
540 2020 599 2070 (F.
632 2021 1018 2069 Funck-Brentano,
1057 2023 1131 2060 Les
1158 2023 1333 2073 origines
1370 2023 1414 2060 de
1440 2023 1479 2060 la
1513 2022 1657 2060 Gzierre
1686 2023 1731 2060 de
1767 2022 1864 2060 Cent
1891 2021 1993 2070 Ans,

279 2093 318 2128 p.
341 2078 545 2128 548-550).

334 2138 375 2175 Ρ.
411 2138 472 2186 16,
501 2138 568 2188 lig.
600 2138 635 2178 9.
668 2139 840 2179 REGEM.
872 2141 924 2179 Ce
952 2140 1017 2178 fut
1045 2156 1113 2179 sur
1138 2142 1194 2180 les
1222 2141 1429 2180 instances
1459 2141 1508 2179 de
1538 2141 1725 2192 Philippe
1752 2141 1788 2179 le
1815 2141 1887 2179 Bel
1916 2155 1994 2190 que

281 2197 465 2235 Clement
478 2197 512 2235 V
529 2201 691 2236 reserva
709 2199 745 2237 le
763 2199 868 2249 siege
883 2200 931 2238 de
946 2200 1044 2238 Sens
1064 2215 1117 2238 au
1134 2201 1262 2252 profit
1275 2202 1323 2239 de
1342 2201 1530 2252 Philippe
1545 2201 1593 2239 de
1607 2201 1796 2251 Marigny
1814 2200 1992 2250 (Baluze,

285 2264 309 2294 t.
331 2271 386 2303 111,
404 2271 443 2307 p.
466 2257 668 2307 116-120).
690 2258 769 2297 Des
783 2259 912 2297 bulles
931 2260 986 2297 du
1004 2260 1052 2297 22
1071 2261 1286 2299 decembre
1306 2260 1408 2299 1309
1426 2260 1682 2299 consererent
1698 2261 1734 2298 le
1750 2259 1923 2311 pallium
1940 2273 1993 2297 au

281 2316 413 2364 prelat
432 2316 622 2365 (Cle'ment
644 2317 690 2364 V,
708 2332 750 2360 n,
768 2318 871 2356 5170
886 2327 929 2357 et
946 2319 1193 2369 Appendice,
1212 2335 1251 2359 n.
1273 2320 1376 2365 162).
1398 2321 1452 2358 Le
1469 2320 1529 2358 roi
1547 2320 1596 2358 de
1617 2320 1770 2358 Franee
1788 2317 1994 2357 attachait

280 2388 336 2412 un
356 2376 483 2424 grand
502 2376 593 2426 prix
613 2378 635 2413 a
656 2391 699 2414 sa
718 2377 990 2425 nomination,
1018 2393 1138 2429 parce
1158 2379 1258 2430 qu'il
1285 2379 1420 2418 savait
1438 2379 1612 2430 pouvoir
1632 2387 1816 2429 compter
1835 2393 1902 2416 sur
1921 2392 1992 2416 son

282 2434 409 2471 entier
422 2435 708 2474 devouement.
726 2436 777 2475 Ce
792 2451 894 2485 sera,
909 2452 1002 2476 sous
1020 2453 1093 2476 son
1112 2438 1371 2490 inspiration,
1388 2453 1466 2489 que
1482 2438 1670 2488 Marigny
1691 2451 1951 2488 convo-quera
1972 2438 1994 2475 a

283 2493 407 2540 Paris,
439 2508 489 2531 en
520 2494 633 2542 1310,
666 2510 721 2533 un
752 2496 904 2535 concile
933 2498 1162 2548 provincial
1191 2498 1262 2548 qui
1301 2499 1576 2537 condamnera
1606 2498 1995 2548 cinquante-quatre

282 2552 502 2602 Templiers
530 2568 686 2592 comme
711 2556 856 2605 relaps.

336 2612 377 2649 P.
416 2612 476 2659 16,
510 2613 576 2662 hg.
610 2613 670 2652 10.
694 2614 864 2653 PETRUS
899 2630 954 2653 DE
991 2616 1229 2655 MERAPICIO
1260 2617 1344 2655 sive
1377 2617 1425 2655 de
1456 2616 1682 2667 Mirapisce,
1716 2616 1838 2666 vulgo
1873 2615 1997 2653 Mire-

282 2670 386 2717 paim,
410 2670 451 2708 in
470 2671 599 2709 Gallia
620 2673 889 2713 Narbonensi.
922 2675 1101 2714 Joannes
1122 2676 1373 2714 Froissartus
1403 2690 1513 2714 more
1541 2675 1898 2725 Francigenarum,
1927 2673 1997 2724 qui

336 2818 362 2848 l.
390 2817 559 2861 Philippo
583 2819 627 2852 de
650 2819 783 2853 Savoie
808 2822 1000 2864 possedait
1023 2823 1085 2856 des
1110 2823 1227 2857 droits
1250 2835 1313 2857 sur
1334 2824 1370 2857 la
1392 2824 1631 2868 principaute
1654 2824 1698 2856 de
1721 2823 1844 2858 Moree
1867 2835 1935 2867 par
1956 2835 1997 2857 sa

282 2869 418 2902 femme
439 2870 607 2911 Isabelle,
630 2872 701 2905 fille
720 2875 824 2907 ainee
843 2876 893 2907 du
911 2882 1033 2908 comte
1053 2877 1096 2909 de
1116 2876 1323 2910 Calamata.
1343 2877 1412 2910 Les
1431 2877 1530 2910 deux
1547 2879 1671 2921 epoux
1687 2877 1738 2910 les
1756 2877 1933 2910 cederent
1949 2888 1996 2910 en

288 2923 375 2955 1307
397 2935 443 2955 au
463 2924 589 2966 princc
609 2926 652 2958 de
672 2926 833 2960 Tarente
856 2928 1119 2972 <Bibliotheque
1137 2930 1178 2963 de
1195 2924 1330 2964 Z’Ecole
1347 2931 1407 2963 des
1425 2930 1585 2970 Chanes,
1605 2936 1632 2963 t.
1654 2942 1688 2962 LI
1710 2929 1845 2973 (1890),
1865 2941 1900 2973 p.
1921 2929 1995 2974 78).

283 2993 330 2997 —
351 2975 506 3008 D'autre.
527 2984 622 3020 part,
644 2979 825 3020 Beati-ice,
849 2981 921 3014 fille
942 2983 985 3015 de
1006 2982 1156 3016 Charles
1179 2983 1227 3023 II,
1249 2990 1314 3016 eut
1333 2995 1428 3027 pour
1446 2985 1571 3027 epoux
1590 2983 1749 3016 d’abord
1767 2983 1879 3023 Azzo,
1897 2994 1997 3015 mar-

286 3028 368 3070 quis
385 3029 525 3070 d'lssste,
544 3031 624 3073 puis
640 3032 826 3066 Bertrand
843 3034 886 3067 de
902 3035 1010 3067 Baux
1029 3035 1110 3078 (Art
1125 3037 1165 3069 de
1180 3037 1322 3080 ve'rifier
1336 3038 1384 3070 les
1400 3037 1508 3077 dates,
1525 3042 1552 3069 t.
1568 3048 1618 3076 111,
1636 3048 1670 3080 p.
1689 3035 1785 3080 826).
