<?xml version="1.0" encoding="UTF-8"?>
<!DOCTYPE html PUBLIC "-//W3C//DTD XHTML 1.0 Transitional//EN"
    "http://www.w3.org/TR/xhtml1/DTD/xhtml1-transitional.dtd">
<html xmlns="http://www.w3.org/1999/xhtml" xml:lang="en" lang="en">
 <head>
  <title>
</title>
<meta http-equiv="Content-Type" content="text/html;charset=utf-8" />
  <meta name='ocr-system' content='tesseract 3.04.00' />
  <meta name='ocr-capabilities' content='ocr_page ocr_carea ocr_par ocr_line ocrx_word'/>
</head>
<body>
  <div class='ocr_page' id='page_1' title='image "./vitaepaparumaven02balu_0144.png"; bbox 0 0 2083 3458; ppageno 0'>
   <div class='ocr_carea' id='block_1_1' title="bbox 237 198 1952 255">
    <p class='ocr_par' dir='ltr' id='par_1_1' title="bbox 237 198 1952 255">
     <span class='ocr_line' id='line_1_1' title="bbox 237 198 1952 255; baseline -0.008 -3"><span class='ocrx_word' id='word_1_1' title='bbox 237 211 317 252; x_wconf 84' lang='lat'>134</span> <span class='ocrx_word' id='word_1_2' title='bbox 887 219 1040 245; x_wconf 82' lang='lat' dir='ltr'><strong>NOTAE</strong></span> <span class='ocrx_word' id='word_1_3' title='bbox 1076 218 1135 243; x_wconf 82' lang='lat' dir='ltr'>AD</span> <span class='ocrx_word' id='word_1_4' title='bbox 1171 217 1300 242; x_wconf 82' lang='lat' dir='ltr'>VITAs</span> <span class='ocrx_word' id='word_1_5' title='bbox 1826 198 1952 255; x_wconf 83' lang='lat'>[651]</span> 
     </span>
    </p>
   </div>
   <div class='ocr_carea' id='block_1_2' title="bbox 235 299 1966 2195">
    <p class='ocr_par' dir='ltr' id='par_1_2' title="bbox 236 299 1958 655">
     <span class='ocr_line' id='line_1_2' title="bbox 237 299 1954 352; baseline -0.006 -4"><span class='ocrx_word' id='word_1_6' title='bbox 237 318 438 348; x_wconf 87' lang='lat' dir='ltr'>moestam</span> <span class='ocrx_word' id='word_1_7' title='bbox 468 307 590 346; x_wconf 85' lang='lat' dir='ltr'>fuisse</span> <span class='ocrx_word' id='word_1_8' title='bbox 621 320 710 344; x_wconf 87' lang='lat' dir='ltr'>eam</span> <span class='ocrx_word' id='word_1_9' title='bbox 740 305 885 342; x_wconf 89' lang='lat' dir='ltr'>urbem</span> <span class='ocrx_word' id='word_1_10' title='bbox 914 303 1087 341; x_wconf 88' lang='lat' dir='ltr'>caritate</span> <span class='ocrx_word' id='word_1_11' title='bbox 1109 315 1241 352; x_wconf 88' lang='lat' dir='ltr'>papae</span> <span class='ocrx_word' id='word_1_12' title='bbox 1265 300 1502 348; x_wconf 88' lang='lat' dir='ltr'>Clementis,</span> <span class='ocrx_word' id='word_1_13' title='bbox 1524 300 1594 351; x_wconf 86' lang='lat' dir='ltr'>qui</span> <span class='ocrx_word' id='word_1_14' title='bbox 1616 300 1835 339; x_wconf 79' lang='lat' dir='ltr'>tenerrime</span> <span class='ocrx_word' id='word_1_15' title='bbox 1866 299 1954 337; x_wconf 90' lang='lat' dir='ltr'>dili-</span> 
     </span>
     <span class='ocr_line' id='line_1_3' title="bbox 235 359 1954 419; baseline -0.007 -10.993"><span class='ocrx_word' id='word_1_16' title='bbox 235 370 359 419; x_wconf 82' lang='lat' dir='ltr'>gebat</span> <span class='ocrx_word' id='word_1_17' title='bbox 388 369 496 406; x_wconf 90' lang='lat' dir='ltr'>hunc</span> <span class='ocrx_word' id='word_1_18' title='bbox 526 380 646 404; x_wconf 88' lang='lat' dir='ltr'>suum</span> <span class='ocrx_word' id='word_1_19' title='bbox 676 372 883 415; x_wconf 79' lang='lat' dir='ltr'>nepotem,</span> <span class='ocrx_word' id='word_1_20' title='bbox 915 370 955 400; x_wconf 89' lang='lat' dir='ltr'>et</span> <span class='ocrx_word' id='word_1_21' title='bbox 985 361 1178 411; x_wconf 81' lang='lat' dir='ltr'>exequias</span> <span class='ocrx_word' id='word_1_22' title='bbox 1209 360 1296 409; x_wconf 85' lang='lat' dir='ltr'>ejus</span> <span class='ocrx_word' id='word_1_23' title='bbox 1326 359 1407 398; x_wconf 92' lang='lat' dir='ltr'>illic</span> <span class='ocrx_word' id='word_1_24' title='bbox 1437 374 1588 410; x_wconf 88' lang='lat' dir='ltr'>magno</span> <span class='ocrx_word' id='word_1_25' title='bbox 1617 367 1825 410; x_wconf 85' lang='lat' dir='ltr'>apparatu</span> <span class='ocrx_word' id='word_1_26' title='bbox 1855 359 1954 397; x_wconf 87' lang='lat' dir='ltr'>cele-</span> 
     </span>
     <span class='ocr_line' id='line_1_4' title="bbox 237 418 1956 470; baseline -0.006 -3"><span class='ocrx_word' id='word_1_27' title='bbox 237 430 376 467; x_wconf 86' lang='lat' dir='ltr'>biatas</span> <span class='ocrx_word' id='word_1_28' title='bbox 406 428 447 465; x_wconf 90' lang='lat' dir='ltr'>in</span> <span class='ocrx_word' id='word_1_29' title='bbox 478 425 644 465; x_wconf 89' lang='lat' dir='ltr'>ecclesia</span> <span class='ocrx_word' id='word_1_30' title='bbox 676 425 712 463; x_wconf 93' lang='lat' dir='ltr'>S.</span> <span class='ocrx_word' id='word_1_31' title='bbox 748 421 964 468; x_wconf 87' lang='lat' dir='ltr'>Dominici,</span> <span class='ocrx_word' id='word_1_32' title='bbox 996 435 1145 470; x_wconf 89' lang='lat' dir='ltr'>easque</span> <span class='ocrx_word' id='word_1_33' title='bbox 1177 420 1465 458; x_wconf 87' lang='lat' dir='ltr'>cohonestasse</span> <span class='ocrx_word' id='word_1_34' title='bbox 1501 419 1732 458; x_wconf 86' lang='lat' dir='ltr'>Arnaldum</span> <span class='ocrx_word' id='word_1_35' title='bbox 1762 418 1811 457; x_wconf 91' lang='lat' dir='ltr'>de</span> <span class='ocrx_word' id='word_1_36' title='bbox 1842 418 1956 456; x_wconf 88' lang='lat' dir='ltr'>Pela-</span> 
     </span>
     <span class='ocr_line' id='line_1_5' title="bbox 238 477 1958 538; baseline -0.006 -12"><span class='ocrx_word' id='word_1_37' title='bbox 238 502 350 538; x_wconf 88' lang='lat' dir='ltr'>g,rua</span> <span class='ocrx_word' id='word_1_38' title='bbox 380 488 575 536; x_wconf 85' lang='lat' dir='ltr'>legatum.</span> <span class='ocrx_word' id='word_1_39' title='bbox 608 485 802 522; x_wconf 81' lang='lat' dir='ltr'>Testatur</span> <span class='ocrx_word' id='word_1_40' title='bbox 832 489 973 519; x_wconf 90' lang='lat' dir='ltr'>autem</span> <span class='ocrx_word' id='word_1_41' title='bbox 1005 480 1282 528; x_wconf 83' lang='lat' dir='ltr'>Hieronymus</span> <span class='ocrx_word' id='word_1_42' title='bbox 1313 479 1444 529; x_wconf 90' lang='lat' dir='ltr'>Lopes</span> <span class='ocrx_word' id='word_1_43' title='bbox 1474 479 1517 517; x_wconf 92' lang='lat' dir='ltr'>in</span> <span class='ocrx_word' id='word_1_44' title='bbox 1545 478 1730 516; x_wconf 73' lang='lat' dir='ltr'>Historia</span> <span class='ocrx_word' id='word_1_45' title='bbox 1757 477 1958 515; x_wconf 78' lang='lat' dir='ltr'>Ecclesiae</span> 
     </span>
     <span class='ocr_line' id='line_1_6' title="bbox 238 537 1957 595; baseline -0.006 -10"><span class='ocrx_word' id='word_1_46' title='bbox 238 545 560 595; x_wconf 80' lang='lat' dir='ltr'>Bardegalensis,</span> <span class='ocrx_word' id='word_1_47' title='bbox 592 559 630 594; x_wconf 93' lang='lat' dir='ltr'>p.</span> <span class='ocrx_word' id='word_1_48' title='bbox 664 542 752 589; x_wconf 85' lang='grc'>306,</span> <span class='ocrx_word' id='word_1_49' title='bbox 785 556 825 579; x_wconf 88' lang='grc'>56</span> <span class='ocrx_word' id='word_1_50' title='bbox 855 540 996 590; x_wconf 79' lang='lat' dir='ltr'>legisse</span> <span class='ocrx_word' id='word_1_51' title='bbox 1027 539 1068 579; x_wconf 90' lang='lat' dir='ltr'>in</span> <span class='ocrx_word' id='word_1_52' title='bbox 1110 538 1240 577; x_wconf 89' lang='lat' dir='ltr'>veteri</span> <span class='ocrx_word' id='word_1_53' title='bbox 1271 538 1502 588; x_wconf 89' lang='lat' dir='ltr'>necrologio</span> <span class='ocrx_word' id='word_1_54' title='bbox 1533 538 1719 588; x_wconf 85' lang='lat' dir='ltr'>ejusdem</span> <span class='ocrx_word' id='word_1_55' title='bbox 1751 537 1957 576; x_wconf 79' lang='lat' dir='ltr'>Ecclesiae</span> 
     </span>
     <span class='ocr_line' id='line_1_7' title="bbox 237 597 1624 655; baseline -0.005 -13"><span class='ocrx_word' id='word_1_56' title='bbox 237 621 331 644; x_wconf 70' lang='lat' dir='ltr'>eum</span> <span class='ocrx_word' id='word_1_57' title='bbox 354 605 562 655; x_wconf 89' lang='lat' dir='ltr'>sepultum</span> <span class='ocrx_word' id='word_1_58' title='bbox 585 617 669 641; x_wconf 89' lang='lat' dir='ltr'>esse</span> <span class='ocrx_word' id='word_1_59' title='bbox 692 602 735 641; x_wconf 91' lang='lat' dir='ltr'>in</span> <span class='ocrx_word' id='word_1_60' title='bbox 757 600 924 639; x_wconf 81' lang='lat' dir='ltr'>ecclesia</span> <span class='ocrx_word' id='word_1_61' title='bbox 949 598 1089 637; x_wconf 84' lang='lat' dir='ltr'>Sancti</span> <span class='ocrx_word' id='word_1_62' title='bbox 1113 597 1313 648; x_wconf 84' lang='lat' dir='ltr'>Stephani</span> <span class='ocrx_word' id='word_1_63' title='bbox 1336 597 1384 636; x_wconf 90' lang='lat' dir='ltr'>de</span> <span class='ocrx_word' id='word_1_64' title='bbox 1408 597 1624 647; x_wconf 60' lang='lat' dir='ltr'>Agennol.</span> 
     </span>
    </p>

    <p class='ocr_par' dir='ltr' id='par_1_3' title="bbox 238 656 1961 941">
     <span class='ocr_line' id='line_1_8' title="bbox 292 656 1957 714; baseline -0.006 -11"><span class='ocrx_word' id='word_1_65' title='bbox 292 666 423 703; x_wconf 87' lang='lat' dir='ltr'>Extat</span> <span class='ocrx_word' id='word_1_66' title='bbox 447 663 558 714; x_wconf 88' lang='lat' dir='ltr'>apud</span> <span class='ocrx_word' id='word_1_67' title='bbox 585 663 790 702; x_wconf 84' lang='lat' dir='ltr'>Joannem</span> <span class='ocrx_word' id='word_1_68' title='bbox 816 658 1053 705; x_wconf 87' lang='lat' dir='ltr'>Villanium,</span> <span class='ocrx_word' id='word_1_69' title='bbox 1079 657 1148 695; x_wconf 88' lang='lat' dir='ltr'>lib.</span> <span class='ocrx_word' id='word_1_70' title='bbox 1180 657 1254 704; x_wconf 88' lang='lat' dir='ltr'>IX,</span> <span class='ocrx_word' id='word_1_71' title='bbox 1295 671 1383 708; x_wconf 87' lang='lat' dir='ltr'>cap.</span> <span class='ocrx_word' id='word_1_72' title='bbox 1421 672 1517 694; x_wconf 91' lang='lat' dir='ltr'>LVIII</span> <span class='ocrx_word' id='word_1_73' title='bbox 1555 656 1785 707; x_wconf 89' lang='lat' dir='ltr'>[Muratori,</span> <span class='ocrx_word' id='word_1_74' title='bbox 1811 664 1841 694; x_wconf 86' lang='lat' dir='ltr'>t.</span> <span class='ocrx_word' id='word_1_75' title='bbox 1871 670 1957 703; x_wconf 84' lang='lat' dir='ltr'>XIII,</span> 
     </span>
     <span class='ocr_line' id='line_1_9' title="bbox 239 715 1957 773; baseline -0.006 -10"><span class='ocrx_word' id='word_1_76' title='bbox 239 726 311 763; x_wconf 77' lang='lat' dir='ltr'>col.</span> <span class='ocrx_word' id='word_1_77' title='bbox 344 723 442 773; x_wconf 86' lang='lat'>471]</span> <span class='ocrx_word' id='word_1_78' title='bbox 476 720 727 772; x_wconf 87' lang='lat' dir='ltr'>lepidissima</span> <span class='ocrx_word' id='word_1_79' title='bbox 758 719 898 757; x_wconf 83' lang='lat' dir='ltr'>fabula</span> <span class='ocrx_word' id='word_1_80' title='bbox 930 718 978 755; x_wconf 91' lang='lat' dir='ltr'>de</span> <span class='ocrx_word' id='word_1_81' title='bbox 1019 725 1134 755; x_wconf 89' lang='lat' dir='ltr'>statu</span> <span class='ocrx_word' id='word_1_82' title='bbox 1174 716 1336 755; x_wconf 87' lang='lat' dir='ltr'>animae</span> <span class='ocrx_word' id='word_1_83' title='bbox 1376 716 1494 755; x_wconf 88' lang='lat' dir='ltr'>istius</span> <span class='ocrx_word' id='word_1_84' title='bbox 1536 716 1753 768; x_wconf 79' lang='lat' dir='ltr'>cardinalis</span> <span class='ocrx_word' id='word_1_85' title='bbox 1783 715 1957 762; x_wconf 78' lang='lat' dir='ltr'>mortui3</span> 
     </span>
     <span class='ocr_line' id='line_1_10' title="bbox 239 774 1959 834; baseline -0.005 -13"><span class='ocrx_word' id='word_1_86' title='bbox 239 798 364 834; x_wconf 85' lang='lat' dir='ltr'>quam</span> <span class='ocrx_word' id='word_1_87' title='bbox 389 797 481 820; x_wconf 89' lang='grc'>611111</span> <span class='ocrx_word' id='word_1_88' title='bbox 506 781 704 820; x_wconf 91' lang='lat' dir='ltr'>Odoricus</span> <span class='ocrx_word' id='word_1_89' title='bbox 732 778 986 827; x_wconf 79' lang='lat' dir='ltr'>Raynaldus,</span> <span class='ocrx_word' id='word_1_90' title='bbox 1012 791 1077 814; x_wconf 91' lang='lat' dir='ltr'>an.</span> <span class='ocrx_word' id='word_1_91' title='bbox 1106 776 1220 823; x_wconf 84' lang='lat'>1314,</span> <span class='ocrx_word' id='word_1_92' title='bbox 1252 775 1348 825; x_wconf 72' lang='lat'>§15,</span> <span class='ocrx_word' id='word_1_93' title='bbox 1374 784 1415 814; x_wconf 91' lang='lat' dir='ltr'>et</span> <span class='ocrx_word' id='word_1_94' title='bbox 1439 776 1638 814; x_wconf 89' lang='lat' dir='ltr'>Oldoinus</span> <span class='ocrx_word' id='word_1_95' title='bbox 1662 775 1704 814; x_wconf 90' lang='lat' dir='ltr'>in</span> <span class='ocrx_word' id='word_1_96' title='bbox 1730 775 1823 813; x_wconf 80' lang='lat' dir='ltr'>Vita</span> <span class='ocrx_word' id='word_1_97' title='bbox 1840 774 1959 813; x_wconf 88' lang='lat' dir='ltr'>istius</span> 
     </span>
     <span class='ocr_line' id='line_1_11' title="bbox 239 834 1961 891; baseline -0.006 -9"><span class='ocrx_word' id='word_1_98' title='bbox 239 842 455 883; x_wconf 83' lang='lat' dir='ltr'>cardinalis</span> <span class='ocrx_word' id='word_1_99' title='bbox 488 841 533 891; x_wconf 81' lang='lat' dir='ltr'>[t.</span> <span class='ocrx_word' id='word_1_100' title='bbox 555 855 596 887; x_wconf 92' lang='lat' dir='ltr'>II,</span> <span class='ocrx_word' id='word_1_101' title='bbox 620 840 692 878; x_wconf 91' lang='lat' dir='ltr'>col.</span> <span class='ocrx_word' id='word_1_102' title='bbox 716 838 814 888; x_wconf 79' lang='lat'>379]</span> <span class='ocrx_word' id='word_1_103' title='bbox 840 837 942 875; x_wconf 90' lang='lat' dir='ltr'>serio</span> <span class='ocrx_word' id='word_1_104' title='bbox 963 836 1253 883; x_wconf 78' lang='lat' dir='ltr'>refutaverint,</span> <span class='ocrx_word' id='word_1_105' title='bbox 1276 836 1375 874; x_wconf 85' lang='lat' dir='ltr'>satis</span> <span class='ocrx_word' id='word_1_106' title='bbox 1397 850 1599 886; x_wconf 84' lang='lat' dir='ltr'>superque</span> <span class='ocrx_word' id='word_1_107' title='bbox 1621 835 1721 873; x_wconf 87' lang='lat' dir='ltr'>mihi</span> <span class='ocrx_word' id='word_1_108' title='bbox 1742 834 1878 873; x_wconf 87' lang='lat' dir='ltr'>visum</span> <span class='ocrx_word' id='word_1_109' title='bbox 1899 842 1961 872; x_wconf 86' lang='lat' dir='ltr'>est</span> 
     </span>
     <span class='ocr_line' id='line_1_12' title="bbox 238 899 949 941; baseline -0.011 0"><span class='ocrx_word' id='word_1_110' title='bbox 238 903 290 941; x_wconf 88' lang='lat' dir='ltr'>ad</span> <span class='ocrx_word' id='word_1_111' title='bbox 313 916 378 940; x_wconf 91' lang='lat' dir='ltr'>eos</span> <span class='ocrx_word' id='word_1_112' title='bbox 401 901 610 939; x_wconf 85' lang='lat' dir='ltr'>remittere</span> <span class='ocrx_word' id='word_1_113' title='bbox 632 899 803 937; x_wconf 88' lang='lat' dir='ltr'>lectores</span> <span class='ocrx_word' id='word_1_114' title='bbox 825 911 949 934; x_wconf 92' lang='lat' dir='ltr'>meos.</span> 
     </span>
    </p>

    <p class='ocr_par' dir='ltr' id='par_1_4' title="bbox 238 953 1963 1362">
     <span class='ocr_line' id='line_1_13' title="bbox 293 953 1961 1009; baseline -0.005 -10"><span class='ocrx_word' id='word_1_115' title='bbox 293 963 334 1000; x_wconf 90' lang='lat' dir='ltr'>P</span> <span class='ocrx_word' id='word_1_116' title='bbox 369 961 430 1007; x_wconf 82' lang='grc'>61,</span> <span class='ocrx_word' id='word_1_117' title='bbox 456 960 522 1009; x_wconf 88' lang='lat' dir='ltr'>lig</span> <span class='ocrx_word' id='word_1_118' title='bbox 556 959 616 996; x_wconf 82' lang='lat'>24.</span> <span class='ocrx_word' id='word_1_119' title='bbox 651 958 822 995; x_wconf 79' lang='lat' dir='ltr'>PETRUS</span> <span class='ocrx_word' id='word_1_120' title='bbox 854 956 1066 993; x_wconf 84' lang='lat' dir='ltr'>ARNALDI.</span> <span class='ocrx_word' id='word_1_121' title='bbox 1100 955 1267 993; x_wconf 88' lang='lat' dir='ltr'>(ertum</span> <span class='ocrx_word' id='word_1_122' title='bbox 1303 963 1365 993; x_wconf 89' lang='lat' dir='ltr'>est</span> <span class='ocrx_word' id='word_1_123' title='bbox 1407 955 1516 995; x_wconf 90' lang='lat' dir='ltr'>hunc</span> <span class='ocrx_word' id='word_1_124' title='bbox 1551 954 1802 992; x_wconf 82' lang='lat' dir='ltr'>cardinalem</span> <span class='ocrx_word' id='word_1_125' title='bbox 1837 953 1961 991; x_wconf 86' lang='lat' dir='ltr'>fuissc</span> 
     </span>
     <span class='ocr_line' id='line_1_14' title="bbox 238 1013 1960 1079; baseline -0.005 -20"><span class='ocrx_word' id='word_1_126' title='bbox 238 1021 373 1072; x_wconf 86' lang='lat' dir='ltr'>patria</span> <span class='ocrx_word' id='word_1_127' title='bbox 396 1020 684 1057; x_wconf 85' lang='lat' dir='ltr'>Bearnensem.</span> <span class='ocrx_word' id='word_1_128' title='bbox 713 1017 903 1055; x_wconf 84' lang='lat' dir='ltr'>Ceterum</span> <span class='ocrx_word' id='word_1_129' title='bbox 928 1030 979 1053; x_wconf 83' lang='lat' dir='ltr'>ex</span> <span class='ocrx_word' id='word_1_130' title='bbox 1003 1028 1084 1064; x_wconf 85' lang='lat' dir='ltr'>qua</span> <span class='ocrx_word' id='word_1_131' title='bbox 1110 1022 1230 1064; x_wconf 85' lang='lat' dir='ltr'>gente</span> <span class='ocrx_word' id='word_1_132' title='bbox 1258 1014 1423 1052; x_wconf 85' lang='lat' dir='ltr'>duxerit</span> <span class='ocrx_word' id='word_1_133' title='bbox 1448 1014 1646 1079; x_wconf 80' lang='lat' dir='ltr'>originem</span> <span class='ocrx_word' id='word_1_134' title='bbox 1670 1013 1791 1052; x_wconf 89' lang='lat' dir='ltr'>valde</span> <span class='ocrx_word' id='word_1_135' title='bbox 1818 1013 1960 1051; x_wconf 91' lang='lat' dir='ltr'>obscu-</span> 
     </span>
     <span class='ocr_line' id='line_1_15' title="bbox 238 1066 1961 1123; baseline -0.005 -5"><span class='ocrx_word' id='word_1_136' title='bbox 238 1095 329 1118; x_wconf 88' lang='lat' dir='ltr'>rum</span> <span class='ocrx_word' id='word_1_137' title='bbox 351 1087 424 1117; x_wconf 89' lang='lat' dir='ltr'>est.</span> <span class='ocrx_word' id='word_1_138' title='bbox 451 1077 648 1118; x_wconf 86' lang='lat' dir='ltr'>Etenim</span> <span class='ocrx_word' id='word_1_139' title='bbox 638 1091 680 1115; x_wconf 87' lang='lat' dir='ltr'>In</span> <span class='ocrx_word' id='word_1_140' title='bbox 701 1075 831 1114; x_wconf 82' lang='lat' dir='ltr'>veteri</span> <span class='ocrx_word' id='word_1_141' title='bbox 854 1066 1041 1123; x_wconf 85' lang='lat' dir='ltr'>catalogo</span> <span class='ocrx_word' id='word_1_142' title='bbox 1065 1073 1336 1112; x_wconf 81' lang='lat' dir='ltr'>cardinalium</span> <span class='ocrx_word' id='word_1_143' title='bbox 1358 1073 1591 1112; x_wconf 84' lang='lat' dir='ltr'>viventium</span> <span class='ocrx_word' id='word_1_144' title='bbox 1612 1073 1655 1115; x_wconf 88' lang='lat' dir='ltr'>in</span> <span class='ocrx_word' id='word_1_145' title='bbox 1675 1072 1803 1111; x_wconf 88' lang='lat' dir='ltr'>initiis</span> <span class='ocrx_word' id='word_1_146' title='bbox 1825 1072 1961 1122; x_wconf 88' lang='lat' dir='ltr'>ponti-</span> 
     </span>
     <span class='ocr_line' id='line_1_16' title="bbox 241 1132 1960 1183; baseline -0.005 -5"><span class='ocrx_word' id='word_1_147' title='bbox 241 1140 387 1178; x_wconf 88' lang='lat' dir='ltr'>ficatus</span> <span class='ocrx_word' id='word_1_148' title='bbox 410 1137 630 1176; x_wconf 86' lang='lat' dir='ltr'>Clementis</span> <span class='ocrx_word' id='word_1_149' title='bbox 654 1136 701 1183; x_wconf 90' lang='lat' dir='ltr'>V,</span> <span class='ocrx_word' id='word_1_150' title='bbox 725 1134 868 1173; x_wconf 86' lang='lat' dir='ltr'>edito</span> <span class='ocrx_word' id='word_1_151' title='bbox 858 1148 900 1174; x_wconf 89' lang='lat' dir='ltr'>In</span> <span class='ocrx_word' id='word_1_152' title='bbox 922 1141 1036 1171; x_wconf 87' lang='lat' dir='ltr'>tomo</span> <span class='ocrx_word' id='word_1_153' title='bbox 1059 1133 1183 1172; x_wconf 89' lang='lat' dir='ltr'>tertio</span> <span class='ocrx_word' id='word_1_154' title='bbox 1204 1133 1452 1171; x_wconf 75' lang='lat' dir='ltr'>Libertatzim</span> <span class='ocrx_word' id='word_1_155' title='bbox 1474 1133 1673 1170; x_wconf 78' lang='lat' dir='ltr'>Ecclesiae</span> <span class='ocrx_word' id='word_1_156' title='bbox 1694 1132 1960 1181; x_wconf 81' lang='lat' dir='ltr'>Anglicanae,</span> 
     </span>
     <span class='ocr_line' id='line_1_17' title="bbox 238 1192 1961 1250; baseline -0.005 -13"><span class='ocrx_word' id='word_1_157' title='bbox 238 1214 276 1250; x_wconf 91' lang='lat' dir='ltr'>p.</span> <span class='ocrx_word' id='word_1_158' title='bbox 305 1197 419 1244; x_wconf 89' lang='grc'>1155,</span> <span class='ocrx_word' id='word_1_159' title='bbox 445 1204 620 1235; x_wconf 86' lang='lat' dir='ltr'>vocatur</span> <span class='ocrx_word' id='word_1_160' title='bbox 646 1196 791 1233; x_wconf 88' lang='lat' dir='ltr'>Petrus</span> <span class='ocrx_word' id='word_1_161' title='bbox 818 1194 866 1232; x_wconf 92' lang='lat' dir='ltr'>de</span> <span class='ocrx_word' id='word_1_162' title='bbox 892 1194 1018 1231; x_wconf 89' lang='lat' dir='ltr'>Mota.</span> <span class='ocrx_word' id='word_1_163' title='bbox 1047 1193 1199 1233; x_wconf 88' lang='lat' dir='ltr'>Contra</span> <span class='ocrx_word' id='word_1_164' title='bbox 1224 1192 1293 1230; x_wconf 90' lang='lat' dir='ltr'>alii</span> <span class='ocrx_word' id='word_1_165' title='bbox 1317 1193 1465 1231; x_wconf 88' lang='lat' dir='ltr'>volunt</span> <span class='ocrx_word' id='word_1_166' title='bbox 1489 1192 1605 1230; x_wconf 90' lang='lat' dir='ltr'>illum</span> <span class='ocrx_word' id='word_1_167' title='bbox 1630 1192 1753 1230; x_wconf 84' lang='lat' dir='ltr'>fuisse</span> <span class='ocrx_word' id='word_1_168' title='bbox 1779 1199 1918 1230; x_wconf 85' lang='lat' dir='ltr'>ortum</span> <span class='ocrx_word' id='word_1_169' title='bbox 1942 1205 1961 1229; x_wconf 89' lang='grc'>6</span> 
     </span>
     <span class='ocr_line' id='line_1_18' title="bbox 239 1251 1963 1308; baseline -0.005 -11.995"><span class='ocrx_word' id='word_1_170' title='bbox 239 1266 358 1308; x_wconf 91' lang='lat' dir='ltr'>gente</span> <span class='ocrx_word' id='word_1_171' title='bbox 396 1257 444 1295; x_wconf 89' lang='lat' dir='ltr'>de</span> <span class='ocrx_word' id='word_1_172' title='bbox 483 1257 664 1305; x_wconf 87' lang='lat' dir='ltr'>Poyana.</span> <span class='ocrx_word' id='word_1_173' title='bbox 706 1254 823 1303; x_wconf 86' lang='lat' dir='ltr'>Quod</span> <span class='ocrx_word' id='word_1_174' title='bbox 861 1267 934 1303; x_wconf 91' lang='lat' dir='ltr'>ego</span> <span class='ocrx_word' id='word_1_175' title='bbox 971 1252 1194 1291; x_wconf 83' lang='lat' dir='ltr'>tamenetsi</span> <span class='ocrx_word' id='word_1_176' title='bbox 1229 1266 1377 1302; x_wconf 88' lang='lat' dir='ltr'>negare</span> <span class='ocrx_word' id='word_1_177' title='bbox 1414 1251 1556 1299; x_wconf 88' lang='lat' dir='ltr'>nolim,</span> <span class='ocrx_word' id='word_1_178' title='bbox 1594 1252 1780 1290; x_wconf 91' lang='lat' dir='ltr'>nondum</span> <span class='ocrx_word' id='word_1_179' title='bbox 1820 1259 1963 1288; x_wconf 87' lang='lat' dir='ltr'>tamen</span> 
     </span>
     <span class='ocr_line' id='line_1_19' title="bbox 238 1313 1194 1362; baseline -0.006 -7"><span class='ocrx_word' id='word_1_180' title='bbox 238 1317 337 1356; x_wconf 88' lang='lat' dir='ltr'>satis</span> <span class='ocrx_word' id='word_1_181' title='bbox 358 1316 477 1355; x_wconf 86' lang='lat' dir='ltr'>certis</span> <span class='ocrx_word' id='word_1_182' title='bbox 497 1314 745 1355; x_wconf 83' lang='lat' dir='ltr'>testimoniis</span> <span class='ocrx_word' id='word_1_183' title='bbox 765 1313 1060 1351; x_wconf 87' lang='lat' dir='ltr'>confirmatum</span> <span class='ocrx_word' id='word_1_184' title='bbox 1078 1319 1194 1362; x_wconf 90' lang='lat' dir='ltr'>puto.</span> 
     </span>
    </p>

    <p class='ocr_par' dir='ltr' id='par_1_5' title="bbox 240 1368 1966 2195">
     <span class='ocr_line' id='line_1_20' title="bbox 294 1368 1963 1426; baseline -0.005 -12"><span class='ocrx_word' id='word_1_185' title='bbox 294 1376 389 1414; x_wconf 87' lang='lat' dir='ltr'>Fuit</span> <span class='ocrx_word' id='word_1_186' title='bbox 414 1375 547 1426; x_wconf 90' lang='lat' dir='ltr'>primo</span> <span class='ocrx_word' id='word_1_187' title='bbox 575 1374 800 1414; x_wconf 87' lang='lat' dir='ltr'>monachus</span> <span class='ocrx_word' id='word_1_188' title='bbox 830 1372 982 1410; x_wconf 87' lang='lat' dir='ltr'>ordinis</span> <span class='ocrx_word' id='word_1_189' title='bbox 1010 1371 1143 1410; x_wconf 86' lang='lat' dir='ltr'>sancti</span> <span class='ocrx_word' id='word_1_190' title='bbox 1168 1371 1383 1410; x_wconf 87' lang='lat' dir='ltr'>Benedicti</span> <span class='ocrx_word' id='word_1_191' title='bbox 1409 1371 1452 1409; x_wconf 91' lang='lat' dir='ltr'>in</span> <span class='ocrx_word' id='word_1_192' title='bbox 1476 1370 1728 1409; x_wconf 87' lang='lat' dir='ltr'>monasterio</span> <span class='ocrx_word' id='word_1_193' title='bbox 1757 1370 1794 1408; x_wconf 87' lang='lat' dir='ltr'>S.</span> <span class='ocrx_word' id='word_1_194' title='bbox 1825 1368 1963 1408; x_wconf 85' lang='lat' dir='ltr'>Severi</span> 
     </span>
     <span class='ocr_line' id='line_1_21' title="bbox 240 1427 1963 1480; baseline -0.004 -7"><span class='ocrx_word' id='word_1_195' title='bbox 240 1436 281 1475; x_wconf 86' lang='lat' dir='ltr'>in</span> <span class='ocrx_word' id='word_1_196' title='bbox 312 1434 486 1474; x_wconf 87' lang='lat' dir='ltr'>dioecesi</span> <span class='ocrx_word' id='word_1_197' title='bbox 517 1433 734 1480; x_wconf 89' lang='lat' dir='ltr'>Adurensi,</span> <span class='ocrx_word' id='word_1_198' title='bbox 766 1440 813 1470; x_wconf 89' lang='lat' dir='ltr'>ut</span> <span class='ocrx_word' id='word_1_199' title='bbox 844 1446 895 1470; x_wconf 84' lang='lat' dir='ltr'>ex</span> <span class='ocrx_word' id='word_1_200' title='bbox 924 1430 1205 1469; x_wconf 90' lang='lat' dir='ltr'>monumentis</span> <span class='ocrx_word' id='word_1_201' title='bbox 1236 1430 1343 1468; x_wconf 86' lang='lat' dir='ltr'>illius</span> <span class='ocrx_word' id='word_1_202' title='bbox 1375 1429 1616 1471; x_wconf 86' lang='lat' dir='ltr'>monasterii</span> <span class='ocrx_word' id='word_1_203' title='bbox 1646 1444 1669 1468; x_wconf 87' lang='lat' dir='ltr'>a</span> <span class='ocrx_word' id='word_1_204' title='bbox 1692 1427 1963 1468; x_wconf 89' lang='lat' dir='ltr'>Chantelovio</span> 
     </span>
     <span class='ocr_line' id='line_1_22' title="bbox 242 1489 1963 1533; baseline -0.005 0"><span class='ocrx_word' id='word_1_205' title='bbox 242 1493 556 1533; x_wconf 90' lang='lat' dir='ltr'>communicatis</span> <span class='ocrx_word' id='word_1_206' title='bbox 576 1494 696 1531; x_wconf 90' lang='lat' dir='ltr'>docet</span> <span class='ocrx_word' id='word_1_207' title='bbox 715 1491 956 1531; x_wconf 87' lang='lat' dir='ltr'>Franciscus</span> <span class='ocrx_word' id='word_1_208' title='bbox 987 1490 1245 1529; x_wconf 90' lang='lat' dir='ltr'>Duchesnius</span> <span class='ocrx_word' id='word_1_209' title='bbox 1265 1491 1290 1529; x_wconf 78' lang='lat'>².</span> <span class='ocrx_word' id='word_1_210' title='bbox 1313 1490 1470 1529; x_wconf 90' lang='lat' dir='ltr'>Deinde</span> <span class='ocrx_word' id='word_1_211' title='bbox 1487 1489 1620 1528; x_wconf 86' lang='lat' dir='ltr'>evasit</span> <span class='ocrx_word' id='word_1_212' title='bbox 1638 1489 1767 1527; x_wconf 87' lang='lat' dir='ltr'>abbas</span> <span class='ocrx_word' id='word_1_213' title='bbox 1788 1489 1963 1529; x_wconf 86' lang='lat' dir='ltr'>Sanctae</span> 
     </span>
     <span class='ocr_line' id='line_1_23' title="bbox 241 1547 1964 1603; baseline -0.005 -10"><span class='ocrx_word' id='word_1_214' title='bbox 241 1555 378 1593; x_wconf 84' lang='lat' dir='ltr'>Crucis</span> <span class='ocrx_word' id='word_1_215' title='bbox 398 1552 726 1603; x_wconf 86' lang='lat' dir='ltr'>Burdegalensis.</span> <span class='ocrx_word' id='word_1_216' title='bbox 750 1552 805 1589; x_wconf 88' lang='lat' dir='ltr'>Et</span> <span class='ocrx_word' id='word_1_217' title='bbox 827 1565 920 1588; x_wconf 88' lang='lat' dir='ltr'>cum</span> <span class='ocrx_word' id='word_1_218' title='bbox 942 1551 1127 1588; x_wconf 88' lang='lat' dir='ltr'>Clemens</span> <span class='ocrx_word' id='word_1_219' title='bbox 1149 1550 1183 1587; x_wconf 90' lang='lat' dir='ltr'>V</span> <span class='ocrx_word' id='word_1_220' title='bbox 1205 1549 1339 1588; x_wconf 87' lang='lat' dir='ltr'>factus</span> <span class='ocrx_word' id='word_1_221' title='bbox 1362 1549 1507 1588; x_wconf 88' lang='lat' dir='ltr'>fuisset</span> <span class='ocrx_word' id='word_1_222' title='bbox 1527 1563 1650 1599; x_wconf 87' lang='lat' dir='ltr'>papa,</span> <span class='ocrx_word' id='word_1_223' title='bbox 1672 1548 1789 1586; x_wconf 91' lang='lat' dir='ltr'>illum</span> <span class='ocrx_word' id='word_1_224' title='bbox 1809 1547 1964 1597; x_wconf 84' lang='lat' dir='ltr'>adlegit</span> 
     </span>
     <span class='ocr_line' id='line_1_24' title="bbox 240 1608 1964 1662; baseline -0.004 -10"><span class='ocrx_word' id='word_1_225' title='bbox 240 1615 279 1652; x_wconf 89' lang='lat' dir='ltr'>in</span> <span class='ocrx_word' id='word_1_226' title='bbox 307 1613 491 1652; x_wconf 89' lang='lat' dir='ltr'>ordinem</span> <span class='ocrx_word' id='word_1_227' title='bbox 517 1612 823 1662; x_wconf 86' lang='lat' dir='ltr'>capellanorum</span> <span class='ocrx_word' id='word_1_228' title='bbox 847 1609 1172 1661; x_wconf 83' lang='lat' dir='ltr'>pontificiorum,</span> <span class='ocrx_word' id='word_1_229' title='bbox 1199 1623 1297 1647; x_wconf 80' lang='lat' dir='ltr'>mox</span> <span class='ocrx_word' id='word_1_230' title='bbox 1320 1623 1417 1647; x_wconf 85' lang='lat' dir='ltr'>vero</span> <span class='ocrx_word' id='word_1_231' title='bbox 1442 1608 1825 1650; x_wconf 82' lang='lat' dir='ltr'>vicecancellarium</span> <span class='ocrx_word' id='word_1_232' title='bbox 1850 1621 1964 1647; x_wconf 90' lang='lat' dir='ltr'>cons-</span> 
     </span>
     <span class='ocr_line' id='line_1_25' title="bbox 242 1666 1965 1718; baseline -0.004 -8"><span class='ocrx_word' id='word_1_233' title='bbox 242 1673 360 1711; x_wconf 88' lang='lat' dir='ltr'>tituit</span> <span class='ocrx_word' id='word_1_234' title='bbox 379 1678 392 1694; x_wconf 66' lang='lat'>‘²&#39;</span> <span class='ocrx_word' id='word_1_235' title='bbox 428 1672 631 1710; x_wconf 85' lang='lat' dir='ltr'>Ecclesiae</span> <span class='ocrx_word' id='word_1_236' title='bbox 665 1684 873 1718; x_wconf 89' lang='lat' dir='ltr'>romanae,</span> <span class='ocrx_word' id='word_1_237' title='bbox 909 1669 1080 1708; x_wconf 87' lang='lat' dir='ltr'>tandem</span> <span class='ocrx_word' id='word_1_238' title='bbox 1112 1683 1210 1707; x_wconf 86' lang='lat' dir='ltr'>vero</span> <span class='ocrx_word' id='word_1_239' title='bbox 1245 1668 1508 1707; x_wconf 87' lang='lat' dir='ltr'>cardinalem.</span> <span class='ocrx_word' id='word_1_240' title='bbox 1536 1668 1675 1706; x_wconf 87' lang='lat' dir='ltr'>Fuisse</span> <span class='ocrx_word' id='word_1_241' title='bbox 1707 1667 1816 1706; x_wconf 89' lang='lat' dir='ltr'>enim</span> <span class='ocrx_word' id='word_1_242' title='bbox 1848 1666 1965 1704; x_wconf 88' lang='lat' dir='ltr'>illum</span> 
     </span>
     <span class='ocr_line' id='line_1_26' title="bbox 243 1725 1965 1779; baseline -0.004 -9"><span class='ocrx_word' id='word_1_243' title='bbox 243 1731 622 1772; x_wconf 75' lang='lat' dir='ltr'>vicecancellarium</span> <span class='ocrx_word' id='word_1_244' title='bbox 646 1738 741 1768; x_wconf 86' lang='lat' dir='ltr'>ante</span> <span class='ocrx_word' id='word_1_245' title='bbox 776 1743 901 1779; x_wconf 85' lang='lat' dir='ltr'>quam</span> <span class='ocrx_word' id='word_1_246' title='bbox 927 1729 1042 1767; x_wconf 86' lang='lat' dir='ltr'>fieret</span> <span class='ocrx_word' id='word_1_247' title='bbox 1073 1728 1290 1779; x_wconf 87' lang='lat' dir='ltr'>cardinalis</span> <span class='ocrx_word' id='word_1_248' title='bbox 1313 1736 1433 1778; x_wconf 89' lang='lat' dir='ltr'>patet</span> <span class='ocrx_word' id='word_1_249' title='bbox 1465 1742 1516 1766; x_wconf 81' lang='lat' dir='ltr'>ex</span> <span class='ocrx_word' id='word_1_250' title='bbox 1538 1735 1697 1777; x_wconf 86' lang='lat' dir='ltr'>regesto</span> <span class='ocrx_word' id='word_1_251' title='bbox 1722 1726 1820 1766; x_wconf 93' lang='lat' dir='ltr'>anni</span> <span class='ocrx_word' id='word_1_252' title='bbox 1842 1725 1965 1777; x_wconf 90' lang='lat' dir='ltr'>primi</span> 
     </span>
     <span class='ocr_line' id='line_1_27' title="bbox 242 1785 1963 1842; baseline -0.004 -12"><span class='ocrx_word' id='word_1_253' title='bbox 242 1791 511 1842; x_wconf 87' lang='lat' dir='ltr'>pontificatus</span> <span class='ocrx_word' id='word_1_254' title='bbox 543 1790 728 1840; x_wconf 90' lang='lat' dir='ltr'>ejusdem</span> <span class='ocrx_word' id='word_1_255' title='bbox 759 1788 992 1836; x_wconf 87' lang='lat' dir='ltr'>Clementis,</span> <span class='ocrx_word' id='word_1_256' title='bbox 1025 1788 1095 1826; x_wconf 89' lang='lat' dir='ltr'>ubi</span> <span class='ocrx_word' id='word_1_257' title='bbox 1126 1795 1301 1826; x_wconf 87' lang='lat' dir='ltr'>vocatur</span> <span class='ocrx_word' id='word_1_258' title='bbox 1331 1795 1498 1827; x_wconf 88' lang='lat' dir='ltr'>sanctae</span> <span class='ocrx_word' id='word_1_259' title='bbox 1529 1801 1724 1825; x_wconf 88' lang='lat' dir='ltr'>romanae</span> <span class='ocrx_word' id='word_1_260' title='bbox 1756 1785 1963 1824; x_wconf 89' lang='lat' dir='ltr'>Ecclesiae</span> 
     </span>
     <span class='ocr_line' id='line_1_28' title="bbox 243 1846 1963 1898; baseline -0.003 -9"><span class='ocrx_word' id='word_1_261' title='bbox 243 1850 597 1889; x_wconf 80' lang='lat' dir='ltr'>vicecancellarius</span> <span class='ocrx_word' id='word_1_262' title='bbox 629 1864 668 1886; x_wconf 85' lang='lat' dir='ltr'>vI</span> <span class='ocrx_word' id='word_1_263' title='bbox 698 1849 789 1886; x_wconf 90' lang='lat' dir='ltr'>idus</span> <span class='ocrx_word' id='word_1_264' title='bbox 831 1848 892 1898; x_wconf 78' lang='lat'>[8]</span> <span class='ocrx_word' id='word_1_265' title='bbox 938 1847 1116 1898; x_wconf 81' lang='lat' dir='ltr'>augusti.</span> <span class='ocrx_word' id='word_1_266' title='bbox 1150 1848 1283 1896; x_wconf 85' lang='lat' dir='ltr'>Quare</span> <span class='ocrx_word' id='word_1_267' title='bbox 1323 1847 1590 1897; x_wconf 87' lang='lat' dir='ltr'>explicandus</span> <span class='ocrx_word' id='word_1_268' title='bbox 1631 1854 1693 1885; x_wconf 85' lang='lat' dir='ltr'>est</span> <span class='ocrx_word' id='word_1_269' title='bbox 1723 1846 1963 1883; x_wconf 81' lang='lat' dir='ltr'>Matthaeus</span> 
     </span>
     <span class='ocr_line' id='line_1_29' title="bbox 244 1904 1964 1957; baseline -0.004 -9"><span class='ocrx_word' id='word_1_270' title='bbox 244 1908 706 1955; x_wconf 86' lang='lat' dir='ltr'>Westmonasteriensis,</span> <span class='ocrx_word' id='word_1_271' title='bbox 733 1907 802 1957; x_wconf 89' lang='lat' dir='ltr'>qui</span> <span class='ocrx_word' id='word_1_272' title='bbox 826 1908 874 1945; x_wconf 92' lang='lat' dir='ltr'>de</span> <span class='ocrx_word' id='word_1_273' title='bbox 899 1921 944 1945; x_wconf 91' lang='lat' dir='ltr'>eo</span> <span class='ocrx_word' id='word_1_274' title='bbox 969 1907 1080 1945; x_wconf 86' lang='lat' dir='ltr'>facto</span> <span class='ocrx_word' id='word_1_275' title='bbox 1105 1906 1310 1945; x_wconf 86' lang='lat' dir='ltr'>cardinale</span> <span class='ocrx_word' id='word_1_276' title='bbox 1333 1906 1393 1944; x_wconf 87' lang='lat' dir='ltr'>ita</span> <span class='ocrx_word' id='word_1_277' title='bbox 1417 1906 1559 1945; x_wconf 87' lang='lat' dir='ltr'>scribit</span> <span class='ocrx_word' id='word_1_278' title='bbox 1585 1922 1591 1944; x_wconf 92' lang='lat'>:</span> <span class='ocrx_word' id='word_1_279' title='bbox 1618 1906 1669 1943; x_wconf 89' lang='lat' dir='ltr'>Et</span> <span class='ocrx_word' id='word_1_280' title='bbox 1689 1904 1964 1943; x_wconf 71' lang='lat' dir='ltr'>vicecancella-</span> 
     </span>
     <span class='ocr_line' id='line_1_30' title="bbox 244 1963 1964 2016; baseline -0.004 -9"><span class='ocrx_word' id='word_1_281' title='bbox 244 1970 349 2007; x_wconf 79' lang='lat' dir='ltr'>riam</span> <span class='ocrx_word' id='word_1_282' title='bbox 374 1984 492 2007; x_wconf 74' lang='lat' dir='ltr'>saum</span> <span class='ocrx_word' id='word_1_283' title='bbox 520 1968 694 2006; x_wconf 76' lang='lat' dir='ltr'>instituit</span> <span class='ocrx_word' id='word_1_284' title='bbox 719 1967 900 2005; x_wconf 70' lang='lat' dir='ltr'>abbatem</span> <span class='ocrx_word' id='word_1_285' title='bbox 928 1966 967 2005; x_wconf 84' lang='lat' dir='ltr'>S.</span> <span class='ocrx_word' id='word_1_286' title='bbox 997 1966 1139 2004; x_wconf 76' lang='lat' dir='ltr'>Crucis</span> <span class='ocrx_word' id='word_1_287' title='bbox 1163 1966 1278 2016; x_wconf 66' lang='lat' dir='ltr'>juxta</span> <span class='ocrx_word' id='word_1_288' title='bbox 1304 1966 1564 2015; x_wconf 77' lang='lat' dir='ltr'>Bitrclegalim</span> <span class='ocrx_word' id='word_1_289' title='bbox 1592 1966 1636 2003; x_wconf 82' lang='lat' dir='ltr'>de</span> <span class='ocrx_word' id='word_1_290' title='bbox 1672 1965 1808 2002; x_wconf 84' lang='lat' dir='ltr'>ordine</span> <span class='ocrx_word' id='word_1_291' title='bbox 1835 1963 1964 2001; x_wconf 84' lang='lat' dir='ltr'>sancti</span> 
     </span>
     <span class='ocr_line' id='line_1_31' title="bbox 244 2024 1965 2075; baseline -0.003 -9"><span class='ocrx_word' id='word_1_292' title='bbox 244 2028 445 2066; x_wconf 75' lang='lat' dir='ltr'>Benedicti</span> <span class='ocrx_word' id='word_1_293' title='bbox 482 2036 726 2065; x_wconf 73' lang='lat' dir='ltr'>concreatum</span> <span class='ocrx_word' id='word_1_294' title='bbox 759 2026 882 2065; x_wconf 77' lang='lat' dir='ltr'>simul</span> <span class='ocrx_word' id='word_1_295' title='bbox 918 2026 1161 2064; x_wconf 78' lang='lat' dir='ltr'>cardinalem</span> <span class='ocrx_word' id='word_1_296' title='bbox 1180 2026 1205 2064; x_wconf 67' lang='lat'>4.</span> <span class='ocrx_word' id='word_1_297' title='bbox 1234 2026 1352 2074; x_wconf 84' lang='lat' dir='ltr'>Quod</span> <span class='ocrx_word' id='word_1_298' title='bbox 1375 2025 1434 2063; x_wconf 91' lang='lat' dir='ltr'>ita</span> <span class='ocrx_word' id='word_1_299' title='bbox 1469 2024 1785 2075; x_wconf 87' lang='lat' dir='ltr'>intelligendum</span> <span class='ocrx_word' id='word_1_300' title='bbox 1821 2032 1883 2062; x_wconf 88' lang='lat' dir='ltr'>est</span> <span class='ocrx_word' id='word_1_301' title='bbox 1916 2031 1965 2060; x_wconf 87' lang='lat' dir='ltr'>ut</span> 
     </span>
     <span class='ocr_line' id='line_1_32' title="bbox 247 2082 1964 2136; baseline -0.004 -10"><span class='ocrx_word' id='word_1_302' title='bbox 247 2088 428 2126; x_wconf 85' lang='lat' dir='ltr'>dicamus</span> <span class='ocrx_word' id='word_1_303' title='bbox 465 2102 558 2125; x_wconf 89' lang='lat' dir='ltr'>eum</span> <span class='ocrx_word' id='word_1_304' title='bbox 594 2086 663 2136; x_wconf 90' lang='lat' dir='ltr'>qui</span> <span class='ocrx_word' id='word_1_305' title='bbox 706 2094 851 2136; x_wconf 87' lang='lat' dir='ltr'>postea</span> <span class='ocrx_word' id='word_1_306' title='bbox 887 2094 1048 2124; x_wconf 91' lang='lat' dir='ltr'>creatus</span> <span class='ocrx_word' id='word_1_307' title='bbox 1095 2085 1175 2123; x_wconf 81' lang='lat' dir='ltr'>fuit</span> <span class='ocrx_word' id='word_1_308' title='bbox 1226 2085 1444 2124; x_wconf 85' lang='lat' dir='ltr'>cardinalis</span> <span class='ocrx_word' id='word_1_309' title='bbox 1494 2099 1516 2123; x_wconf 92' lang='lat' dir='ltr'>a</span> <span class='ocrx_word' id='word_1_310' title='bbox 1557 2085 1780 2130; x_wconf 86' lang='lat' dir='ltr'>Clemente,</span> <span class='ocrx_word' id='word_1_311' title='bbox 1829 2082 1964 2133; x_wconf 89' lang='lat' dir='ltr'>primo</span> 
     </span>
     <span class='ocr_line' id='line_1_33' title="bbox 247 2143 1966 2195; baseline -0.001 -11"><span class='ocrx_word' id='word_1_312' title='bbox 247 2147 625 2186; x_wconf 76' lang='lat' dir='ltr'>vicecancellarium</span> <span class='ocrx_word' id='word_1_313' title='bbox 646 2146 805 2183; x_wconf 85' lang='lat' dir='ltr'>factum</span> <span class='ocrx_word' id='word_1_314' title='bbox 835 2160 932 2183; x_wconf 88' lang='lat' dir='ltr'>esse.</span> <span class='ocrx_word' id='word_1_315' title='bbox 957 2145 1021 2182; x_wconf 84' lang='lat' dir='ltr'>Ex</span> <span class='ocrx_word' id='word_1_316' title='bbox 1042 2159 1122 2195; x_wconf 88' lang='lat' dir='ltr'>quo</span> <span class='ocrx_word' id='word_1_317' title='bbox 1145 2144 1413 2194; x_wconf 88' lang='lat' dir='ltr'>consequitur</span> <span class='ocrx_word' id='word_1_318' title='bbox 1430 2158 1564 2182; x_wconf 85' lang='lat' dir='ltr'>errare</span> <span class='ocrx_word' id='word_1_319' title='bbox 1585 2143 1846 2193; x_wconf 90' lang='lat' dir='ltr'>Onuphrium</span> <span class='ocrx_word' id='word_1_320' title='bbox 1863 2143 1966 2182; x_wconf 84' lang='lat' dir='ltr'>Pan-</span> 
     </span>
    </p>
   </div>
   <div class='ocr_carea' id='block_1_3' title="bbox 250 2298 1972 3142">
    <p class='ocr_par' dir='ltr' id='par_1_6' title="bbox 250 2298 1972 2976">
     <span class='ocr_line' id='line_1_34' title="bbox 298 2298 1961 2341; baseline -0.002 -7"><span class='ocrx_word' id='word_1_321' title='bbox 298 2303 329 2335; x_wconf 91' lang='lat'>1.</span> <span class='ocrx_word' id='word_1_322' title='bbox 361 2302 551 2334; x_wconf 82' lang='lat' dir='ltr'>Raimond</span> <span class='ocrx_word' id='word_1_323' title='bbox 574 2302 617 2334; x_wconf 86' lang='lat' dir='ltr'>de</span> <span class='ocrx_word' id='word_1_324' title='bbox 642 2301 716 2334; x_wconf 86' lang='lat' dir='ltr'>Got</span> <span class='ocrx_word' id='word_1_325' title='bbox 738 2301 833 2334; x_wconf 78' lang='lat' dir='ltr'>etait</span> <span class='ocrx_word' id='word_1_326' title='bbox 856 2300 1040 2333; x_wconf 87' lang='lat' dir='ltr'>chanoine</span> <span class='ocrx_word' id='word_1_327' title='bbox 1064 2300 1107 2333; x_wconf 89' lang='lat' dir='ltr'>de</span> <span class='ocrx_word' id='word_1_328' title='bbox 1132 2300 1308 2333; x_wconf 86' lang='lat' dir='ltr'>Chartres</span> <span class='ocrx_word' id='word_1_329' title='bbox 1332 2300 1363 2332; x_wconf 93' lang='grc'>16</span> <span class='ocrx_word' id='word_1_330' title='bbox 1396 2301 1440 2332; x_wconf 90' lang='grc'>24</span> <span class='ocrx_word' id='word_1_331' title='bbox 1464 2300 1660 2333; x_wconf 79' lang='lat' dir='ltr'>decembre</span> <span class='ocrx_word' id='word_1_332' title='bbox 1683 2298 1778 2331; x_wconf 75' lang='lat'>1302</span> <span class='ocrx_word' id='word_1_333' title='bbox 1805 2298 1961 2341; x_wconf 79' lang='lat' dir='ltr'>(Digard</span> 
     </span>
     <span class='ocr_line' id='line_1_35' title="bbox 250 2351 1969 2398; baseline -0.002 -10"><span class='ocrx_word' id='word_1_334' title='bbox 250 2367 284 2388; x_wconf 88' lang='grc'>11.</span> <span class='ocrx_word' id='word_1_335' title='bbox 302 2355 423 2398; x_wconf 83' lang='lat'>4919).</span> <span class='ocrx_word' id='word_1_336' title='bbox 443 2355 472 2388; x_wconf 91' lang='lat' dir='ltr'>Il</span> <span class='ocrx_word' id='word_1_337' title='bbox 488 2356 613 2398; x_wconf 78' lang='lat' dir='ltr'>parait</span> <span class='ocrx_word' id='word_1_338' title='bbox 629 2366 705 2387; x_wconf 80' lang='lat' dir='ltr'>aux</span> <span class='ocrx_word' id='word_1_339' title='bbox 721 2355 822 2387; x_wconf 77' lang='lat' dir='ltr'>cotes</span> <span class='ocrx_word' id='word_1_340' title='bbox 840 2354 883 2386; x_wconf 91' lang='lat' dir='ltr'>de</span> <span class='ocrx_word' id='word_1_341' title='bbox 901 2353 1071 2386; x_wconf 76' lang='lat' dir='ltr'>Clement</span> <span class='ocrx_word' id='word_1_342' title='bbox 1086 2353 1120 2386; x_wconf 92' lang='lat' dir='ltr'>V</span> <span class='ocrx_word' id='word_1_343' title='bbox 1134 2354 1165 2386; x_wconf 91' lang='grc'>16</span> <span class='ocrx_word' id='word_1_344' title='bbox 1183 2354 1227 2385; x_wconf 84' lang='grc'>24</span> <span class='ocrx_word' id='word_1_345' title='bbox 1244 2354 1335 2386; x_wconf 56' lang='grc'>30111</span> <span class='ocrx_word' id='word_1_346' title='bbox 1351 2354 1444 2386; x_wconf 85' lang='grc'>1305</span> <span class='ocrx_word' id='word_1_347' title='bbox 1462 2365 1553 2386; x_wconf 82' lang='grc' dir='ltr'>3ν66</span> <span class='ocrx_word' id='word_1_348' title='bbox 1569 2353 1600 2386; x_wconf 90' lang='grc'>16</span> <span class='ocrx_word' id='word_1_349' title='bbox 1617 2353 1705 2385; x_wconf 91' lang='lat' dir='ltr'>titre</span> <span class='ocrx_word' id='word_1_350' title='bbox 1724 2352 1767 2385; x_wconf 70' lang='lat' dir='ltr'>de</span> <span class='ocrx_word' id='word_1_351' title='bbox 1784 2351 1969 2384; x_wconf 89' lang='lat' dir='ltr'>chanoine</span> 
     </span>
     <span class='ocr_line' id='line_1_36' title="bbox 252 2405 1968 2452; baseline -0.002 -11"><span class='ocrx_word' id='word_1_352' title='bbox 252 2409 395 2452; x_wconf 83' lang='lat' dir='ltr'>d’Agcn</span> <span class='ocrx_word' id='word_1_353' title='bbox 421 2408 563 2451; x_wconf 79' lang='lat' dir='ltr'>(Finkc,</span> <span class='ocrx_word' id='word_1_354' title='bbox 586 2408 668 2440; x_wconf 75' lang='lat' dir='ltr'>Ans</span> <span class='ocrx_word' id='word_1_355' title='bbox 690 2409 750 2441; x_wconf 81' lang='lat' dir='ltr'>der</span> <span class='ocrx_word' id='word_1_356' title='bbox 772 2408 898 2450; x_wconf 81' lang='lat' dir='ltr'>Tagen</span> <span class='ocrx_word' id='word_1_357' title='bbox 919 2407 1078 2450; x_wconf 75' lang='lat' dir='ltr'>Bonisaz</span> <span class='ocrx_word' id='word_1_358' title='bbox 1104 2407 1219 2443; x_wconf 76' lang='lat' dir='ltr'>VIII.</span> <span class='ocrx_word' id='word_1_359' title='bbox 1238 2419 1273 2450; x_wconf 91' lang='lat' dir='ltr'>p.</span> <span class='ocrx_word' id='word_1_360' title='bbox 1300 2407 1415 2450; x_wconf 80' lang='lat' dir='ltr'>CCXI).</span> <span class='ocrx_word' id='word_1_361' title='bbox 1435 2407 1508 2439; x_wconf 77' lang='lat' dir='ltr'>Des</span> <span class='ocrx_word' id='word_1_362' title='bbox 1530 2407 1602 2439; x_wconf 88' lang='lat' dir='ltr'>lors</span> <span class='ocrx_word' id='word_1_363' title='bbox 1625 2406 1650 2438; x_wconf 90' lang='lat' dir='ltr'>il</span> <span class='ocrx_word' id='word_1_364' title='bbox 1672 2418 1716 2438; x_wconf 88' lang='lat' dir='ltr'>ne</span> <span class='ocrx_word' id='word_1_365' title='bbox 1734 2405 1862 2449; x_wconf 86' lang='lat' dir='ltr'>quitta</span> <span class='ocrx_word' id='word_1_366' title='bbox 1884 2405 1968 2448; x_wconf 88' lang='lat' dir='ltr'>plus</span> 
     </span>
     <span class='ocr_line' id='line_1_37' title="bbox 252 2459 1970 2505; baseline -0.002 -11"><span class='ocrx_word' id='word_1_367' title='bbox 252 2465 360 2505; x_wconf 75' lang='lat' dir='ltr'>gu&#39;ere</span> <span class='ocrx_word' id='word_1_368' title='bbox 386 2462 417 2494; x_wconf 86' lang='lat' dir='ltr'>le</span> <span class='ocrx_word' id='word_1_369' title='bbox 444 2473 540 2505; x_wconf 84' lang='lat' dir='ltr'>pape</span> <span class='ocrx_word' id='word_1_370' title='bbox 568 2461 631 2505; x_wconf 88' lang='lat' dir='ltr'>qui</span> <span class='ocrx_word' id='word_1_371' title='bbox 657 2461 797 2494; x_wconf 86' lang='lat' dir='ltr'>semble</span> <span class='ocrx_word' id='word_1_372' title='bbox 823 2472 869 2493; x_wconf 88' lang='grc'>611</span> <span class='ocrx_word' id='word_1_373' title='bbox 895 2460 1001 2493; x_wconf 83' lang='lat' dir='ltr'>avoir</span> <span class='ocrx_word' id='word_1_374' title='bbox 1026 2460 1096 2493; x_wconf 80' lang='lat' dir='ltr'>fait</span> <span class='ocrx_word' id='word_1_375' title='bbox 1121 2472 1173 2492; x_wconf 90' lang='lat' dir='ltr'>un</span> <span class='ocrx_word' id='word_1_376' title='bbox 1200 2461 1243 2493; x_wconf 90' lang='lat' dir='ltr'>de</span> <span class='ocrx_word' id='word_1_377' title='bbox 1269 2472 1325 2493; x_wconf 91' lang='lat' dir='ltr'>ses</span> <span class='ocrx_word' id='word_1_378' title='bbox 1352 2460 1577 2493; x_wconf 86' lang='lat' dir='ltr'>confidents.</span> <span class='ocrx_word' id='word_1_379' title='bbox 1608 2460 1669 2493; x_wconf 91' lang='lat' dir='ltr'>Un</span> <span class='ocrx_word' id='word_1_380' title='bbox 1694 2459 1970 2492; x_wconf 86' lang='lat' dir='ltr'>ambassadeur</span> 
     </span>
     <span class='ocr_line' id='line_1_38' title="bbox 254 2512 1967 2558; baseline -0.002 -11"><span class='ocrx_word' id='word_1_381' title='bbox 254 2515 448 2558; x_wconf 83' lang='lat' dir='ltr'>aragonais</span> <span class='ocrx_word' id='word_1_382' title='bbox 468 2515 558 2547; x_wconf 75' lang='lat' dir='ltr'>ecrit</span> <span class='ocrx_word' id='word_1_383' title='bbox 577 2515 597 2546; x_wconf 66' lang='grc' dir='ltr'>ἐι</span> <span class='ocrx_word' id='word_1_384' title='bbox 615 2515 752 2557; x_wconf 81' lang='lat' dir='ltr'>Jayme</span> <span class='ocrx_word' id='word_1_385' title='bbox 773 2514 809 2546; x_wconf 93' lang='lat' dir='ltr'>II</span> <span class='ocrx_word' id='word_1_386' title='bbox 828 2526 874 2546; x_wconf 87' lang='lat' dir='ltr'>en</span> <span class='ocrx_word' id='word_1_387' title='bbox 891 2514 985 2547; x_wconf 77' lang='lat'>1306</span> <span class='ocrx_word' id='word_1_388' title='bbox 1005 2527 1011 2546; x_wconf 90' lang='lat'>:</span> <span class='ocrx_word' id='word_1_389' title='bbox 1031 2514 1097 2546; x_wconf 82' lang='lat' dir='ltr'>Est</span> <span class='ocrx_word' id='word_1_390' title='bbox 1114 2519 1233 2546; x_wconf 81' lang='lat' dir='ltr'>tamen</span> <span class='ocrx_word' id='word_1_391' title='bbox 1250 2515 1421 2547; x_wconf 74' lang='lat' dir='ltr'>continue</span> <span class='ocrx_word' id='word_1_392' title='bbox 1437 2526 1519 2547; x_wconf 81' lang='lat' dir='ltr'>cam</span> <span class='ocrx_word' id='word_1_393' title='bbox 1535 2514 1683 2547; x_wconf 84' lang='lat' dir='ltr'>domino</span> <span class='ocrx_word' id='word_1_394' title='bbox 1699 2512 1967 2557; x_wconf 55' lang='lat' dir='ltr'>papalFinke,</span> 
     </span>
     <span class='ocr_line' id='line_1_39' title="bbox 254 2567 1972 2611; baseline -0.001 -11"><span class='ocrx_word' id='word_1_395' title='bbox 254 2569 458 2611; x_wconf 77' lang='lat' dir='ltr'>Papsttzim,</span> <span class='ocrx_word' id='word_1_396' title='bbox 484 2574 506 2600; x_wconf 72' lang='lat' dir='ltr'>t.</span> <span class='ocrx_word' id='word_1_397' title='bbox 526 2581 563 2607; x_wconf 82' lang='lat'>11,</span> <span class='ocrx_word' id='word_1_398' title='bbox 582 2581 616 2611; x_wconf 79' lang='lat' dir='ltr'>p.</span> <span class='ocrx_word' id='word_1_399' title='bbox 633 2568 689 2611; x_wconf 79' lang='lat'>18)</span> <span class='ocrx_word' id='word_1_400' title='bbox 705 2581 711 2607; x_wconf 78' lang='lat'><em>3</em></span> <span class='ocrx_word' id='word_1_401' title='bbox 728 2579 780 2599; x_wconf 90' lang='lat' dir='ltr'>un</span> <span class='ocrx_word' id='word_1_402' title='bbox 793 2573 911 2607; x_wconf 81' lang='lat' dir='ltr'>autre,</span> <span class='ocrx_word' id='word_1_403' title='bbox 927 2579 972 2600; x_wconf 87' lang='grc'>611</span> <span class='ocrx_word' id='word_1_404' title='bbox 987 2568 1080 2600; x_wconf 86' lang='grc'>1309</span> <span class='ocrx_word' id='word_1_405' title='bbox 1095 2580 1102 2599; x_wconf 76' lang='grc' dir='ltr'>ε</span> <span class='ocrx_word' id='word_1_406' title='bbox 1116 2567 1149 2599; x_wconf 92' lang='grc' dir='ltr'><em>Ε</em></span> <span class='ocrx_word' id='word_1_407' title='bbox 1168 2572 1216 2600; x_wconf 83' lang='lat' dir='ltr'>tot</span> <span class='ocrx_word' id='word_1_408' title='bbox 1234 2567 1285 2599; x_wconf 84' lang='lat' dir='ltr'>Ios</span> <span class='ocrx_word' id='word_1_409' title='bbox 1304 2567 1413 2609; x_wconf 67' lang='lat' dir='ltr'>affers</span> <span class='ocrx_word' id='word_1_410' title='bbox 1433 2568 1473 2600; x_wconf 79' lang='lat' dir='ltr'>de</span> <span class='ocrx_word' id='word_1_411' title='bbox 1492 2567 1527 2599; x_wconf 84' lang='lat' dir='ltr'>la</span> <span class='ocrx_word' id='word_1_412' title='bbox 1545 2572 1627 2607; x_wconf 80' lang='lat' dir='ltr'>cort,</span> <span class='ocrx_word' id='word_1_413' title='bbox 1643 2578 1784 2610; x_wconf 76' lang='lat' dir='ltr'>senyor,</span> <span class='ocrx_word' id='word_1_414' title='bbox 1803 2577 1915 2598; x_wconf 69' lang='lat' dir='ltr'>venen</span> <span class='ocrx_word' id='word_1_415' title='bbox 1928 2577 1972 2598; x_wconf 85' lang='lat' dir='ltr'>en</span> 
     </span>
     <span class='ocr_line' id='line_1_40' title="bbox 256 2618 1970 2664; baseline -0.001 -11"><span class='ocrx_word' id='word_1_416' title='bbox 256 2623 363 2664; x_wconf 74' lang='lat' dir='ltr'>pocler</span> <span class='ocrx_word' id='word_1_417' title='bbox 382 2623 446 2654; x_wconf 76' lang='lat' dir='ltr'>(len</span> <span class='ocrx_word' id='word_1_418' title='bbox 468 2621 511 2653; x_wconf 82' lang='lat' dir='ltr'>R.</span> <span class='ocrx_word' id='word_1_419' title='bbox 535 2622 590 2653; x_wconf 76' lang='lat' dir='ltr'>del</span> <span class='ocrx_word' id='word_1_420' title='bbox 615 2621 690 2660; x_wconf 87' lang='lat' dir='ltr'>Got,</span> <span class='ocrx_word' id='word_1_421' title='bbox 712 2622 745 2654; x_wconf 79' lang='lat' dir='ltr'>si</span> <span class='ocrx_word' id='word_1_422' title='bbox 765 2632 831 2663; x_wconf 78' lang='lat' dir='ltr'>que</span> <span class='ocrx_word' id='word_1_423' title='bbox 855 2621 902 2653; x_wconf 82' lang='lat' dir='ltr'>ha</span> <span class='ocrx_word' id='word_1_424' title='bbox 922 2626 999 2653; x_wconf 80' lang='lat' dir='ltr'>lant</span> <span class='ocrx_word' id='word_1_425' title='bbox 1018 2620 1109 2663; x_wconf 65' lang='lat' dir='ltr'>affer</span> <span class='ocrx_word' id='word_1_426' title='bbox 1128 2632 1193 2663; x_wconf 75' lang='lat' dir='ltr'>que</span> <span class='ocrx_word' id='word_1_427' title='bbox 1213 2632 1258 2653; x_wconf 84' lang='lat' dir='ltr'>no</span> <span class='ocrx_word' id='word_1_428' title='bbox 1273 2626 1334 2664; x_wconf 81' lang='lat' dir='ltr'>pot</span> <span class='ocrx_word' id='word_1_429' title='bbox 1354 2622 1420 2654; x_wconf 76' lang='lat' dir='ltr'>dar·</span> <span class='ocrx_word' id='word_1_430' title='bbox 1439 2632 1506 2664; x_wconf 81' lang='lat' dir='ltr'>cap</span> <span class='ocrx_word' id='word_1_431' title='bbox 1527 2620 1588 2653; x_wconf 84' lang='lat' dir='ltr'>ala</span> <span class='ocrx_word' id='word_1_432' title='bbox 1608 2625 1748 2663; x_wconf 78' lang='lat' dir='ltr'>myntat</span> <span class='ocrx_word' id='word_1_433' title='bbox 1767 2619 1840 2652; x_wconf 86' lang='lat' dir='ltr'>dels</span> <span class='ocrx_word' id='word_1_434' title='bbox 1859 2618 1970 2661; x_wconf 76' lang='lat' dir='ltr'>affers</span> 
     </span>
     <span class='ocr_line' id='line_1_41' title="bbox 259 2672 1972 2717; baseline -0.001 -11"><span class='ocrx_word' id='word_1_435' title='bbox 259 2674 401 2717; x_wconf 65' lang='lat' dir='ltr'>(Finkcy</span> <span class='ocrx_word' id='word_1_436' title='bbox 423 2680 459 2706; x_wconf 79' lang='grc'>111</span> <span class='ocrx_word' id='word_1_437' title='bbox 475 2686 517 2713; x_wconf 59' lang='lat' dir='ltr'>sn,</span> <span class='ocrx_word' id='word_1_438' title='bbox 537 2686 571 2717; x_wconf 87' lang='lat' dir='ltr'>p.</span> <span class='ocrx_word' id='word_1_439' title='bbox 591 2674 688 2717; x_wconf 79' lang='lat'>185).</span> <span class='ocrx_word' id='word_1_440' title='bbox 711 2674 902 2706; x_wconf 83' lang='lat' dir='ltr'>Raimond</span> <span class='ocrx_word' id='word_1_441' title='bbox 919 2674 1059 2706; x_wconf 80' lang='lat' dir='ltr'>semble</span> <span class='ocrx_word' id='word_1_442' title='bbox 1079 2673 1185 2706; x_wconf 88' lang='lat' dir='ltr'>avoir</span> <span class='ocrx_word' id='word_1_443' title='bbox 1202 2674 1318 2706; x_wconf 78' lang='lat' dir='ltr'>abuse</span> <span class='ocrx_word' id='word_1_444' title='bbox 1337 2674 1386 2706; x_wconf 91' lang='lat' dir='ltr'>du</span> <span class='ocrx_word' id='word_1_445' title='bbox 1404 2673 1524 2707; x_wconf 81' lang='lat' dir='ltr'>credit</span> <span class='ocrx_word' id='word_1_446' title='bbox 1543 2674 1636 2706; x_wconf 82' lang='lat' dir='ltr'>dont</span> <span class='ocrx_word' id='word_1_447' title='bbox 1653 2673 1678 2705; x_wconf 94' lang='lat' dir='ltr'>il</span> <span class='ocrx_word' id='word_1_448' title='bbox 1695 2672 1871 2716; x_wconf 85' lang='lat' dir='ltr'>jouissait</span> <span class='ocrx_word' id='word_1_449' title='bbox 1888 2674 1972 2716; x_wconf 78' lang='lat' dir='ltr'>pres</span> 
     </span>
     <span class='ocr_line' id='line_1_42' title="bbox 258 2725 1972 2770; baseline 0 -12"><span class='ocrx_word' id='word_1_450' title='bbox 258 2730 307 2760; x_wconf 85' lang='lat' dir='ltr'>‹lu</span> <span class='ocrx_word' id='word_1_451' title='bbox 328 2739 435 2770; x_wconf 76' lang='lat' dir='ltr'>pape,</span> <span class='ocrx_word' id='word_1_452' title='bbox 459 2739 503 2758; x_wconf 77' lang='grc'>611</span> <span class='ocrx_word' id='word_1_453' title='bbox 537 2733 739 2770; x_wconf 64' lang='lat' dir='ltr'>acceptant</span> <span class='ocrx_word' id='word_1_454' title='bbox 761 2727 823 2760; x_wconf 80' lang='lat' dir='ltr'>des</span> <span class='ocrx_word' id='word_1_455' title='bbox 859 2728 951 2760; x_wconf 87' lang='lat' dir='ltr'>dons</span> <span class='ocrx_word' id='word_1_456' title='bbox 975 2727 1148 2770; x_wconf 82' lang='lat' dir='ltr'>d&#39;argent</span> <span class='ocrx_word' id='word_1_457' title='bbox 1170 2727 1213 2759; x_wconf 88' lang='lat' dir='ltr'>de</span> <span class='ocrx_word' id='word_1_458' title='bbox 1236 2739 1330 2759; x_wconf 82' lang='lat' dir='ltr'>ceux</span> <span class='ocrx_word' id='word_1_459' title='bbox 1351 2738 1397 2759; x_wconf 90' lang='lat' dir='ltr'>en</span> <span class='ocrx_word' id='word_1_460' title='bbox 1419 2727 1552 2759; x_wconf 81' lang='lat' dir='ltr'>saveur</span> <span class='ocrx_word' id='word_1_461' title='bbox 1574 2726 1747 2769; x_wconf 84' lang='lat' dir='ltr'>desquels</span> <span class='ocrx_word' id='word_1_462' title='bbox 1768 2725 1793 2758; x_wconf 92' lang='lat' dir='ltr'>il</span> <span class='ocrx_word' id='word_1_463' title='bbox 1814 2725 1972 2758; x_wconf 84' lang='lat' dir='ltr'>s⁷entre—</span> 
     </span>
     <span class='ocr_line' id='line_1_43' title="bbox 259 2778 1968 2823; baseline -0.001 -10"><span class='ocrx_word' id='word_1_464' title='bbox 259 2780 409 2813; x_wconf 68' lang='lat' dir='ltr'>nwttait</span> <span class='ocrx_word' id='word_1_465' title='bbox 431 2780 573 2821; x_wconf 67' lang='lat' dir='ltr'>(Finko,</span> <span class='ocrx_word' id='word_1_466' title='bbox 593 2781 686 2812; x_wconf 62' lang='lat' dir='ltr'>:lcla</span> <span class='ocrx_word' id='word_1_467' title='bbox 702 2780 972 2823; x_wconf 75' lang='lat' dir='ltr'>Aragonensia,</span> <span class='ocrx_word' id='word_1_468' title='bbox 992 2786 1019 2813; x_wconf 77' lang='lat' dir='ltr'>t.</span> <span class='ocrx_word' id='word_1_469' title='bbox 1038 2793 1075 2820; x_wconf 88' lang='lat'>11,</span> <span class='ocrx_word' id='word_1_470' title='bbox 1096 2792 1130 2823; x_wconf 88' lang='lat' dir='ltr'>p.</span> <span class='ocrx_word' id='word_1_471' title='bbox 1152 2780 1232 2819; x_wconf 85' lang='lat'>535,</span> <span class='ocrx_word' id='word_1_472' title='bbox 1251 2781 1319 2813; x_wconf 86' lang='lat'>538</span> <span class='ocrx_word' id='word_1_473' title='bbox 1336 2786 1373 2812; x_wconf 90' lang='lat' dir='ltr'>et</span> <span class='ocrx_word' id='word_1_474' title='bbox 1392 2780 1488 2822; x_wconf 87' lang='lat'>540).</span> <span class='ocrx_word' id='word_1_475' title='bbox 1504 2779 1553 2812; x_wconf 90' lang='lat' dir='ltr'>Le</span> <span class='ocrx_word' id='word_1_476' title='bbox 1567 2791 1677 2812; x_wconf 87' lang='lat' dir='ltr'>sceau</span> <span class='ocrx_word' id='word_1_477' title='bbox 1697 2780 1747 2811; x_wconf 91' lang='lat' dir='ltr'>du</span> <span class='ocrx_word' id='word_1_478' title='bbox 1760 2778 1927 2811; x_wconf 88' lang='lat' dir='ltr'>cardinal</span> <span class='ocrx_word' id='word_1_479' title='bbox 1946 2790 1968 2811; x_wconf 82' lang='lat' dir='ltr'>a</span> 
     </span>
     <span class='ocr_line' id='line_1_44' title="bbox 260 2831 1964 2876; baseline -0.001 -10"><span class='ocrx_word' id='word_1_480' title='bbox 260 2834 316 2866; x_wconf 54' lang='lat' dir='ltr'>(stc</span> <span class='ocrx_word' id='word_1_481' title='bbox 342 2833 453 2864; x_wconf 45' lang='lat' dir='ltr'>dcci-it</span> <span class='ocrx_word' id='word_1_482' title='bbox 484 2845 550 2875; x_wconf 77' lang='lat' dir='ltr'>par</span> <span class='ocrx_word' id='word_1_483' title='bbox 576 2833 704 2865; x_wconf 59' lang='lat' dir='ltr'>Doueft</span> <span class='ocrx_word' id='word_1_484' title='bbox 729 2834 867 2876; x_wconf 73' lang='lat' dir='ltr'>d’Arcq</span> <span class='ocrx_word' id='word_1_485' title='bbox 897 2833 1106 2876; x_wconf 77' lang='lat' dir='ltr'>(Colleclion</span> <span class='ocrx_word' id='word_1_486' title='bbox 1130 2834 1170 2866; x_wconf 82' lang='lat' dir='ltr'>de</span> <span class='ocrx_word' id='word_1_487' title='bbox 1192 2844 1334 2873; x_wconf 55' lang='lat' dir='ltr'>sceatta),</span> <span class='ocrx_word' id='word_1_488' title='bbox 1362 2839 1387 2866; x_wconf 86' lang='lat' dir='ltr'>t.</span> <span class='ocrx_word' id='word_1_489' title='bbox 1412 2845 1449 2873; x_wconf 87' lang='lat'>11,</span> <span class='ocrx_word' id='word_1_490' title='bbox 1475 2844 1509 2866; x_wconf 90' lang='lat' dir='ltr'>n.</span> <span class='ocrx_word' id='word_1_491' title='bbox 1537 2833 1657 2876; x_wconf 83' lang='lat'>6176).</span> <span class='ocrx_word' id='word_1_492' title='bbox 1684 2833 1821 2865; x_wconf 87' lang='lat' dir='ltr'>Baluze</span> <span class='ocrx_word' id='word_1_493' title='bbox 1850 2831 1888 2873; x_wconf 83' lang='lat' dir='ltr'>(t.</span> <span class='ocrx_word' id='word_1_494' title='bbox 1913 2843 1964 2871; x_wconf 92' lang='lat'>111,</span> 
     </span>
     <span class='ocr_line' id='line_1_45' title="bbox 263 2885 1964 2930; baseline -0.001 -11"><span class='ocrx_word' id='word_1_495' title='bbox 263 2901 294 2930; x_wconf 76' lang='lat' dir='ltr'>p.</span> <span class='ocrx_word' id='word_1_496' title='bbox 318 2887 360 2916; x_wconf 61' lang='lat' dir='ltr'>⁴.)ss</span> <span class='ocrx_word' id='word_1_497' title='bbox 382 2892 412 2917; x_wconf 60' lang='lat' dir='ltr'>‹fl</span> <span class='ocrx_word' id='word_1_498' title='bbox 440 2887 495 2928; x_wconf 67' lang='lat'>07)</span> <span class='ocrx_word' id='word_1_499' title='bbox 522 2899 540 2917; x_wconf 69' lang='lat'>21</span> <span class='ocrx_word' id='word_1_500' title='bbox 566 2887 688 2929; x_wconf 74' lang='lat' dir='ltr'>public</span> <span class='ocrx_word' id='word_1_501' title='bbox 711 2887 809 2919; x_wconf 82' lang='lat' dir='ltr'>deux</span> <span class='ocrx_word' id='word_1_502' title='bbox 831 2887 873 2919; x_wconf 89' lang='lat' dir='ltr'>dc</span> <span class='ocrx_word' id='word_1_503' title='bbox 895 2898 950 2919; x_wconf 91' lang='lat' dir='ltr'>scs</span> <span class='ocrx_word' id='word_1_504' title='bbox 972 2887 1112 2919; x_wconf 76' lang='lat' dir='ltr'>lettres.</span> <span class='ocrx_word' id='word_1_505' title='bbox 1136 2886 1206 2919; x_wconf 87' lang='lat' dir='ltr'>Sur</span> <span class='ocrx_word' id='word_1_506' title='bbox 1229 2886 1432 2929; x_wconf 78' lang='lat' dir='ltr'>Raymond</span> <span class='ocrx_word' id='word_1_507' title='bbox 1454 2886 1534 2919; x_wconf 90' lang='lat' dir='ltr'>voir</span> <span class='ocrx_word' id='word_1_508' title='bbox 1555 2885 1715 2919; x_wconf 72' lang='lat' dir='ltr'>Clement</span> <span class='ocrx_word' id='word_1_509' title='bbox 1740 2885 1781 2926; x_wconf 91' lang='lat' dir='ltr'>V,</span> <span class='ocrx_word' id='word_1_510' title='bbox 1803 2897 1838 2918; x_wconf 89' lang='grc'>11.</span> <span class='ocrx_word' id='word_1_511' title='bbox 1859 2885 1964 2925; x_wconf 85' lang='grc'>1306,</span> 
     </span>
     <span class='ocr_line' id='line_1_46' title="bbox 262 2939 1610 2976; baseline -0.001 -4"><span class='ocrx_word' id='word_1_512' title='bbox 262 2939 365 2976; x_wconf 65' lang='lat'>5405,</span> <span class='ocrx_word' id='word_1_513' title='bbox 404 2939 507 2971; x_wconf 65' lang='lat'>7400.</span> <span class='ocrx_word' id='word_1_514' title='bbox 1609 2946 1610 2949; x_wconf 77' lang='grc'>’</span> 
     </span>
    </p>

    <p class='ocr_par' dir='ltr' id='par_1_7' title="bbox 313 2991 728 3030">
     <span class='ocr_line' id='line_1_47' title="bbox 313 2991 728 3030; baseline 0.007 -8"><span class='ocrx_word' id='word_1_515' title='bbox 313 2992 341 3023; x_wconf 75' lang='grc'>2.</span> <span class='ocrx_word' id='word_1_516' title='bbox 373 2991 411 3023; x_wconf 75' lang='lat' dir='ltr'>T.</span> <span class='ocrx_word' id='word_1_517' title='bbox 441 3004 476 3030; x_wconf 84' lang='lat'>11,</span> <span class='ocrx_word' id='word_1_518' title='bbox 498 3004 530 3030; x_wconf 67' lang='grc' dir='ltr'>ι).</span> <span class='ocrx_word' id='word_1_519' title='bbox 551 2993 629 3024; x_wconf 71' lang='grc'>204.</span> <span class='ocrx_word' id='word_1_520' title='bbox 650 2993 728 3025; x_wconf 83' lang='grc'>265.</span> 
     </span>
    </p>

    <p class='ocr_par' dir='ltr' id='par_1_8' title="bbox 311 3044 1741 3090">
     <span class='ocr_line' id='line_1_48' title="bbox 311 3044 1741 3090; baseline 0.003 -15"><span class='ocrx_word' id='word_1_521' title='bbox 311 3045 341 3075; x_wconf 79' lang='grc'>3.</span> <span class='ocrx_word' id='word_1_522' title='bbox 377 3044 421 3075; x_wconf 62' lang='lat' dir='ltr'>lm</span> <span class='ocrx_word' id='word_1_523' title='bbox 439 3045 457 3076; x_wconf 78' lang='lat' dir='ltr'>S</span> <span class='ocrx_word' id='word_1_524' title='bbox 473 3045 563 3076; x_wconf 59' lang='lat' dir='ltr'>notit</span> <span class='ocrx_word' id='word_1_525' title='bbox 580 3046 669 3077; x_wconf 73' lang='lat'>1:305</span> <span class='ocrx_word' id='word_1_526' title='bbox 689 3045 968 3087; x_wconf 70' lang='lat' dir='ltr'>(Baumgartcn,</span> <span class='ocrx_word' id='word_1_527' title='bbox 990 3046 1067 3079; x_wconf 74' lang='lat' dir='ltr'>Von</span> <span class='ocrx_word' id='word_1_528' title='bbox 1084 3047 1143 3079; x_wconf 79' lang='lat' dir='ltr'>der</span> <span class='ocrx_word' id='word_1_529' title='bbox 1155 3046 1419 3090; x_wconf 76' lang='lat' dir='ltr'>apostolisclzen</span> <span class='ocrx_word' id='word_1_530' title='bbox 1433 3045 1600 3087; x_wconf 65' lang='lat' dir='ltr'>Ix&#39;anzlei&#39;,</span> <span class='ocrx_word' id='word_1_531' title='bbox 1617 3058 1652 3090; x_wconf 90' lang='lat' dir='ltr'>p.</span> <span class='ocrx_word' id='word_1_532' title='bbox 1669 3046 1741 3089; x_wconf 88' lang='lat'>90).</span> 
     </span>
    </p>

    <p class='ocr_par' dir='ltr' id='par_1_9' title="bbox 317 3097 1013 3142">
     <span class='ocr_line' id='line_1_49' title="bbox 317 3097 1013 3142; baseline 0.007 -15"><span class='ocrx_word' id='word_1_533' title='bbox 317 3097 347 3128; x_wconf 83' lang='grc'>4.</span> <span class='ocrx_word' id='word_1_534' title='bbox 368 3097 489 3128; x_wconf 68' lang='lat' dir='ltr'>mores</span> <span class='ocrx_word' id='word_1_535' title='bbox 506 3098 750 3138; x_wconf 74' lang='lat' dir='ltr'>ltislorsaram,</span> <span class='ocrx_word' id='word_1_536' title='bbox 769 3105 794 3131; x_wconf 80' lang='lat' dir='ltr'>t.</span> <span class='ocrx_word' id='word_1_537' title='bbox 812 3111 862 3138; x_wconf 86' lang='lat'>111,</span> <span class='ocrx_word' id='word_1_538' title='bbox 882 3111 915 3142; x_wconf 89' lang='lat' dir='ltr'>p.</span> <span class='ocrx_word' id='word_1_539' title='bbox 935 3100 1013 3132; x_wconf 83' lang='grc'>126.</span> 
     </span>
    </p>
   </div>
  </div>
 </body>
</html>
