2083 3458
65 248 216 303 [1378]
585 266 802 291 PAPARUM
838 266 1224 293 AVENIONENSIUM
1673 250 1752 291 891

65 345 184 384 Istud
205 346 340 396 ipsum
359 355 477 396 patet
497 347 622 385 etiam
642 362 691 386 ex
710 347 797 398 ejus
817 347 1028 398 epitaphio
1048 357 1088 386 et
1107 363 1157 387 ex
1176 348 1377 388 decisione
1397 349 1474 387 689
1491 349 1754 388 Bellamerae.

107 406 228 443 Anno
264 405 623 453 MCCCLXXVIL
660 406 723 444 die
760 421 832 445 xv1
868 407 1109 455 decembris,
1144 417 1192 446 ut
1227 407 1515 446 Sandovallius
1550 408 1681 446 tradit
1715 408 1756 446 in

53 464 241 514 Catalogo
277 465 552 515 episcoporum
587 465 977 516 Pampilonensium‚
1026 466 1161 505 factus
1199 475 1262 505 est
1292 467 1507 518 episcopus
1547 467 1752 518 Pampilo-

54 523 203 570 nensis,
227 538 248 561 a
274 524 466 574 Gregorio
490 524 696 563 nimirum.
724 525 842 564 Unde
866 525 952 576 ipse
977 525 1193 576 Gregorius
1216 526 1396 565 scribens
1420 525 1462 564 in
1484 526 1629 565 eadem
1651 526 1754 577 epis-

52 583 137 621 tola
174 583 227 620 ad
264 583 503 634 episcopum
541 583 861 623 Urbinatensem
898 599 993 623 eum
1016 593 1140 624 vocat
1166 585 1342 624 electum
1380 585 1751 636 Pampilonensem,

53 641 291 692 episcopum
317 657 414 681 vero
442 643 801 693 pampilonensem
827 643 991 682 noviter
1016 652 1256 694 promotum
1282 644 1324 682 in
1349 658 1395 683 ea
1424 658 1548 694 quam
1575 644 1639 683 die
1667 659 1753 682 xvn

53 700 248 739 februarii
273 701 388 740 dedit
413 702 464 739 ad
490 716 625 752 regem
653 702 919 741 Francorum.
948 703 1011 740 Ex
1036 717 1117 753 quo
1154 702 1288 753 colligi
1312 711 1451 753 potest
1476 703 1591 741 illum
1617 717 1753 742 conse-

58 768 219 799 cratum
246 760 367 799 fuisse
391 760 432 798 in
457 761 567 799 curia
593 775 761 799 romana
785 761 894 800 inter
917 761 1026 800 diem
1049 777 1125 800 xxl
1147 762 1327 812 januarii
1359 770 1401 801 et
1435 777 1521 800 xvn
1547 762 1753 801 februarii.

112 819 185 857 Illo
207 819 348 869 itaque
370 828 555 870 tempore
578 834 660 858 una
683 835 777 859 cum
801 821 961 859 Joanne
985 821 1034 859 de
1058 821 1236 871 Grangia
1260 821 1464 860 cardinale
1488 821 1754 860 Ambianensi

55 886 97 916 et
117 878 425 929 archiepiscopo
447 879 704 918 Narbonensi
734 880 894 918 Joanne
927 880 1091 930 Rogerii
1119 880 1265 919 missus
1299 889 1360 919 est
1390 881 1544 919 Lucam
1565 895 1587 919 a
1606 881 1754 930 Grego-

55 937 115 976 rio
146 938 207 975 XI
238 947 285 976 ut
315 938 575 977 concordiam
604 938 788 977 revocari
816 947 1056 989 procuraret
1084 939 1192 978 inter
1222 939 1414 978 eumdem
1442 939 1683 989 pontificem
1713 947 1755 978 et

58 997 314 1036 Florentinos
347 998 398 1035 ab
429 1012 477 1036 eo
506 997 762 1046 dissociatos,
790 1006 837 1036 ut
868 997 1018 1036 docent
1048 997 1246 1048 epistolae
1277 998 1523 1050 paulopante
1545 998 1753 1037 laudatae.

58 1056 227 1094 Interim
251 1056 467 1107 Gregorius
490 1057 680 1095 sublatus
704 1065 766 1095 est
788 1056 829 1094 in
853 1057 1025 1105 caelum,
1041 1074 1045 1078 .
1064 1071 1158 1095 cum
1180 1057 1315 1096 adhuc
1351 1057 1566 1108 episcopus
1591 1057 1753 1108 Pampi-

54 1115 231 1154 lonensis
256 1124 362 1154 esset
385 1115 426 1153 in
451 1115 517 1153 illa
542 1116 745 1166 legatione
770 1130 864 1154 cum
888 1116 1079 1167 episcopo
1119 1115 1400 1156 Ambianensi.
1438 1117 1632 1155 Testatur
1655 1116 1754 1154 illud

55 1174 180 1213 frater
215 1175 359 1213 Petrus
393 1175 665 1214 Cordubensis
700 1183 928 1214 conventus
963 1175 1103 1214 Sancti
1136 1174 1442 1214 Bartholomaei
1484 1176 1533 1214 de
1568 1174 1753 1226 Lupiana

53 1233 329 1283 interrogatus
361 1248 383 1271 a
414 1233 558 1284 legatis
589 1234 691 1284 regis
723 1234 922 1273 Castellae
952 1249 1073 1285 super
1103 1249 1199 1273 casu
1228 1234 1352 1285 primi
1381 1234 1513 1274 electi.
1546 1233 1617 1272 Ait
1646 1234 1755 1273 enim

55 1293 223 1331 fratrem
255 1294 511 1344 Alphonsum
536 1293 764 1341 eremitam,
787 1293 883 1332 olim
901 1293 1139 1344 episcopum
1162 1293 1448 1341 Giennensem,
1477 1292 1554 1332 sibi
1572 1293 1720 1331 dixisse
1740 1293 1753 1316 1

56 1353 227 1402 quadam
246 1353 308 1390 die
328 1367 404 1402 qua
426 1353 495 1390 ivit
514 1367 604 1391 cum
622 1367 664 1390 eo
683 1354 735 1391 ad
754 1353 967 1391 videndum
995 1353 1239 1391 cardinalem
1264 1353 1538 1391 Vivariensem
1560 1367 1628 1403 per
1658 1353 1754 1390 duos

56 1412 114 1449 vel
130 1419 204 1449 tres
222 1412 304 1449 dies
321 1419 408 1462 post
424 1412 647 1450 electionem
665 1413 723 1450 vel
738 1426 887 1462 paucos
905 1413 1051 1462 plures,
1070 1413 1170 1462 quod
1182 1412 1309 1450 dictus
1321 1411 1540 1450 cardinalis
1558 1411 1754 1450 dixeratei

56 1471 158 1520 quod
177 1471 330 1509 homini
353 1471 497 1508 viventi
520 1472 564 1508 de
586 1471 666 1508 hiis
688 1485 782 1521 quos
803 1471 1055 1520 cognoscebat
1077 1485 1155 1509 non
1179 1479 1358 1521 potuerat
1380 1472 1472 1508 dare
1493 1484 1620 1509 vocem
1640 1485 1756 1508 suam

57 1537 99 1567 ut
115 1529 181 1567 isti
197 1530 493 1580 archiepiscopo
509 1530 693 1578 Barean,
712 1530 779 1581 qui
793 1530 878 1580 jam
892 1539 974 1568 erat
989 1545 1111 1580 papa,
1129 1531 1187 1568 vel
1202 1530 1359 1568 domino
1376 1529 1557 1568 Martino
1573 1530 1756 1580 episcopo

56 1589 377 1639 Pampilonensi‚
395 1589 430 1627 si
451 1589 508 1627 ibi
524 1589 701 1628 stetisset.
725 1589 841 1628 Istud
859 1589 993 1640 ipsum
1012 1589 1098 1627 aliis
1126 1589 1260 1628 verbis
1286 1597 1466 1628 testatur
1484 1590 1524 1626 in
1542 1603 1614 1627 sua
1632 1588 1754 1639 depo-

57 1648 204 1687 sitione
226 1649 353 1687 frater
374 1649 518 1687 Petrus
539 1648 587 1686 de
611 1648 935 1698 Gualdalfajara.

114 1707 252 1746 Rediit
295 1709 470 1746 Romam
510 1716 605 1758 post
645 1708 886 1746 electionem
929 1707 1097 1746 Urbani.
1141 1708 1229 1755 Quo
1268 1715 1453 1757 tempore
1494 1706 1756 1745 memorabile

58 1766 217 1805 dictum
243 1768 295 1805 ab
322 1767 518 1806 eorefert
545 1767 818 1805 Theodericus
839 1781 861 1804 a
891 1767 1008 1805 Niem
1034 1767 1075 1804 in
1098 1767 1186 1805 loco
1208 1781 1331 1817 supra
1351 1766 1535 1813 laudato,
1564 1766 1755 1803 nimirum

57 1840 149 1864 cum
183 1826 292 1865 idem
328 1827 519 1865 Urbanus
556 1841 695 1865 omnes
730 1826 941 1877 episcopos
977 1825 1047 1876 qui
1079 1834 1170 1864 tum
1205 1834 1323 1878 erant
1360 1826 1515 1864 Romae
1550 1825 1755 1875 culpasset

56 1884 211 1935 absque
238 1886 321 1924 ullo
348 1885 593 1933 discrimine,
621 1900 774 1924 vocans
801 1900 868 1924 eos
894 1885 1094 1935 perjuros,
1122 1884 1218 1935 quia
1247 1884 1449 1923 Ecclesias
1474 1898 1568 1922 suas
1601 1884 1754 1922 desere-

56 1952 148 1983 rent
168 1944 210 1982 in
231 1945 342 1983 curia
364 1945 593 1991 residendo,
616 1945 757 1992 istum,
779 1944 922 1983 ceteris
944 1944 1194 1991 tacentibus,
1213 1943 1310 1982 satis
1332 1943 1476 1982 acerbe
1497 1942 1754 1993 respondisse

57 2004 159 2054 quod
181 2004 267 2054 ipse
290 2018 369 2041 non
391 2012 488 2041 esset
511 2004 710 2054 perjurus,
735 2005 909 2054 quodque
930 2004 1074 2041 dictam
1096 2003 1251 2041 curiam
1273 2017 1352 2040 non
1376 2010 1534 2053 propter
1561 2002 1648 2050 ejus
1672 2001 1752 2051 pri-

57 2071 200 2110 vatam,
223 2063 292 2101 sed
313 2063 446 2113 potius
468 2072 625 2113 propter
649 2063 853 2113 publicam
878 2063 1086 2100 utilitatem
1105 2070 1326 2112 sequeretur
1343 2070 1377 2099 et
1400 2069 1565 2111 paratus
1589 2069 1688 2098 esset
1710 2061 1753 2097 de

58 2122 127 2160 illa
154 2122 322 2160 recedere
350 2137 499 2160 necnon
525 2123 576 2159 ad
596 2123 682 2172 ejus
709 2122 927 2160 Ecclesiam
951 2122 1139 2160 accedere.

111 2180 181 2219 Vir
207 2181 265 2219 ita
294 2181 546 2219 constitutus
575 2196 724 2231 magno
752 2180 844 2219 usui
870 2195 954 2219 esse
981 2188 1147 2231 poterat
1174 2179 1448 2218 cardinalibus
1477 2177 1755 2228 cogitantibus

58 2240 106 2278 de
124 2240 416 2279 constituendo
434 2240 615 2290 legitimo
634 2239 829 2290 pontifice
847 2239 889 2277 in
908 2239 1086 2278 Ecclesia
1108 2239 1194 2278 Dei.
1216 2238 1380 2277 Etenim
1391 2246 1438 2276 ut
1455 2238 1553 2275 illud
1573 2236 1756 2275 obtinere

56 2307 225 2349 possent
259 2299 431 2346 facilius,
465 2299 707 2349 indigebant
740 2298 828 2336 viro
869 2298 979 2346 forti,
1015 2298 1084 2348 qui
1120 2298 1287 2336 Urbano
1321 2297 1473 2335 diceret
1515 2296 1755 2334 electionem

57 2358 160 2408 ejus,
195 2358 290 2408 quia
325 2358 366 2396 vi
399 2366 441 2396 et
474 2358 738 2409 impressione
774 2357 883 2396 facta
911 2366 1012 2404 erat,
1047 2357 1202 2394 nullam
1227 2371 1325 2395 esse.
1362 2355 1559 2394 Miserunt
1592 2369 1686 2404 ergo
1709 2369 1755 2392 eo

55 2425 241 2467 tempore
267 2432 348 2467 quo
372 2426 490 2455 erant
516 2417 724 2466 Anagniae
749 2417 858 2455 hunc
884 2416 1107 2454 Martinum
1138 2415 1375 2466 episcopum
1401 2414 1756 2464 Pampilonensem

57 2476 109 2514 ad
140 2476 368 2523 Urbanum,
398 2476 467 2526 qui
493 2485 583 2514 tum
611 2476 759 2514 Tibure
787 2484 888 2513 erat.
922 2475 1036 2513 Istud
1063 2474 1211 2524 legitur
1237 2474 1278 2511 in
1301 2473 1555 2524 depositione
1584 2471 1754 2510 Joannis

61 2534 234 2585 Remigii
262 2536 309 2573 de
340 2536 540 2582 Guzman‚
569 2534 846 2573 archidiaconi
877 2534 940 2572 del
969 2534 1088 2572 Alcor
1115 2533 1155 2570 in
1184 2532 1363 2572 Ecclesia
1393 2532 1607 2570 Palentina
1628 2531 1642 2553 2
1672 2548 1678 2568 :
1707 2531 1757 2568 Et

57 2594 278 2632 cardinales
311 2594 464 2631 iverunt
495 2594 666 2632 Fundis.
700 2594 750 2631 Et
781 2601 990 2643 antequam
1021 2593 1234 2630 recederent
1265 2592 1308 2630 de
1340 2591 1533 2640 Anagnia
1566 2590 1756 2628 miserunt

58 2653 289 2703 episcopum
315 2653 666 2702 Pampilonensem
691 2652 820 2702 primo
845 2653 958 2690 electo
988 2651 1172 2689 Tiburim
1196 2665 1286 2688 cum
1311 2650 1558 2695 tractatibu83
1585 2650 1652 2686 sed
1678 2662 1755 2685 non

58 2711 196 2750 audivi
224 2712 303 2749 dici
331 2712 397 2761 qui
423 2726 491 2749 seu
518 2712 651 2762 quales
674 2711 825 2761 suerint
852 2711 912 2748 illi
939 2718 1137 2748 tractatus,
1172 2709 1290 2758 Quod
1316 2709 1392 2748 iste
1420 2708 1607 2755 nescivit,
1633 2707 1755 2745 scivit

59 2772 239 2809 Joannes
257 2771 305 2808 de
320 2771 442 2818 Baro,
458 2770 734 2809 subdiaconus
750 2783 897 2820 papae.
916 2769 979 2807 Sic
995 2768 1102 2807 enim
1118 2768 1265 2818 legitur
1280 2767 1322 2805 in
1338 2768 1424 2818 ejus
1442 2766 1696 2817 depositione
1713 2765 1752 2803 3:

61 2830 159 2868 Item
182 2829 282 2867 dixit
304 2830 406 2879 quod
427 2829 531 2867 venit
551 2830 604 2866 ad
624 2829 820 2867 civitatem
846 2828 1101 2865 Tiburtinam
1130 2827 1341 2877 episcopus
1363 2825 1690 2876 Pampilonensis
1711 2839 1756 2862 ex

58 2896 168 2940 parte
189 2888 457 2926 cardinalium
477 2896 511 2925 et
532 2888 633 2926 dixit
652 2887 732 2924 sibi
753 2887 855 2937 quod
875 2901 954 2924 non
974 2894 1055 2924 erat
1074 2901 1196 2936 papa,
1220 2894 1262 2923 ut
1281 2885 1448 2932 audivit,
1477 2886 1545 2922 sed
1565 2885 1666 2934 quod
1687 2884 1756 2921 iret

108 3024 141 3056 1.
165 3023 204 3056 Β.
231 3023 288 3062 N.y
311 3034 378 3056 ms.
401 3022 497 3055 latin
518 3022 647 3061 11745,
670 3022 732 3055 fol.
756 3022 826 3055 154
846 3026 890 3055 r0.

109 3076 140 3109 2.
174 3076 242 3109 Ms.
276 3075 360 3115 cite,
393 3076 456 3109 fol.
489 3076 555 3109 131
590 3080 641 3108 v0.

108 3130 141 3162 3.
171 3128 238 3162 Ms.
269 3128 366 3168 cite„
395 3129 458 3162 fol.
488 3129 533 3161 52
561 3133 612 3161 v0.
