2083 3458
288 226 371 270 508
936 238 1087 265 NOTAE
1122 238 1182 263 AD
1217 237 1345 262 VITAS
1867 223 1992 281 [991]

290 342 310 365 e
335 341 415 377 qua
440 327 650 365 discedens
677 327 932 364 Avenionem
955 324 1144 374 pervenit
1174 323 1237 361 die
1262 337 1381 360 xxvn
1406 322 1591 372 ejusdem
1613 324 1776 372 mensis,
1801 332 1849 362 ut
1873 324 1993 363 docet

289 386 391 425 liber
428 386 744 435 Obligatiommz.
780 386 884 422 Tum
912 398 1007 422 vero
1035 383 1156 433 datus
1184 383 1218 420 ei
1235 390 1296 421 est
1321 382 1469 420 titulus
1493 382 1737 422 Sanctorum
1753 383 1924 422 Joannis
1951 392 1992 422 et

291 446 419 485 Pauli.

344 506 462 543 Anno
488 504 788 542 MCCCLXVII
814 503 1035 542 comitatus
1062 509 1123 540 est
1148 500 1338 540 eumdem
1364 500 1581 540 Urbanum
1606 502 1783 541 Romam
1807 502 1990 552 proficis-

290 573 470 608 centem;
493 573 532 602 et
554 578 646 602 cum
668 564 718 600 ab
740 577 786 601 eo
807 563 1030 601 Cornetum
1051 561 1224 610 appulso
1245 560 1309 598 die
1331 568 1480 610 quarta
1499 560 1605 610 junii
1627 561 1808 600 Joannes
1829 561 1990 599 Colum—

290 623 409 661 binus
443 638 535 662 cum
568 623 684 662 sociis
717 622 798 660 suis
831 621 1082 671 postulasset
1107 619 1467 659 confirmationem
1498 620 1682 658 instituti
1711 621 1989 669 Jesuatorum‚

291 683 481 720 Urbanus
521 682 736 721 Guillelmo
774 680 971 719 cardinali
1009 679 1250 717 Massiliensi
1288 679 1494 718 commisit
1530 693 1703 718 examen
1738 680 1830 728 viri,
1868 694 1991 730 quem

291 742 477 779 nonnulli
508 741 697 780 malevoli
729 747 972 778 accusarant
1003 738 1114 789 apud
1131 738 1374 788 pontificem
1404 746 1608 788 tanquam
1639 739 1670 777 si
1699 740 1805 778 male
1837 739 1885 778 de
1910 739 1990 778 fide

291 802 480 847 sentiret3
499 801 639 848 Bzow,
658 814 722 838 an.
745 799 860 847 1367,
885 798 901 847 ἓ
922 798 981 837 16.

345 860 500 898 Eodem
533 874 654 907 anno,
688 874 826 897 mense
858 857 981 905 maio,
1015 857 1118 895 obiit
1152 857 1291 896 Helias
1325 857 1373 895 de
1407 857 1558 895 Sancto
1592 857 1741 896 Aredio
1774 858 1988 908 episcopus

291 919 501 958 Ostiensis,
527 920 630 956 Tum
653 933 748 956 vero
773 918 964 956 Urbanus
988 917 1274 967 episcopatum
1294 917 1412 955 illum
1434 917 1639 955 contulit1
1659 917 1698 955 in
1724 917 1986 956 Guillelmum

293 979 432 1017 Sudre.

345 1038 433 1086 Qua
471 1045 720 1087 tempestate
761 1036 900 1075 Helias
939 1036 1164 1079 Tolosanus
1193 1036 1235 1073 in
1274 1036 1456 1086 capitulo
1495 1036 1673 1085 generali
1710 1036 1990 1074 Avenionensi

292 1098 425 1135 factus
453 1106 513 1135 est
533 1096 727 1146 magister
754 1088 950 1145 generalis
978 1094 1129 1133 ordinis
1158 1095 1510 1143 praedicatorum,
1538 1103 1753 1144 satagente
1779 1095 1821 1133 in
1846 1095 1987 1146 primis

290 1157 366 1195 hoc
392 1157 627 1203 Guillelmo;
653 1156 842 1193 Fontana
866 1155 908 1192 in
932 1154 1210 1192 Monumentis
1231 1154 1448 1202 Dominio„
1473 1169 1511 1204 p.
1539 1154 1626 1193 233.

344 1216 462 1253 Anno
496 1215 818 1253 MCCCLXVIII
846 1222 934 1253 erat
968 1214 1124 1253 Romae
1155 1222 1341 1264 tempore
1374 1214 1638 1263 gravissimae
1671 1214 1987 1252 concertationis

290 1289 395 1324 quae
415 1283 505 1313 tum
525 1283 613 1313 erat
629 1275 677 1313 de
698 1288 865 1324 corpore
885 1273 1018 1312 sancti
1038 1274 1219 1313 Thomae
1240 1273 1460 1323 Aquinatis
1480 1274 1587 1312 inter
1606 1273 1752 1312 fratres
1774 1273 1988 1312 Praedica-

290 1342 397 1373 tores
432 1342 472 1373 et
504 1334 726 1373 monachos
761 1333 1045 1372 Cistercienses
1078 1333 1318 1372 monasterii
1352 1333 1647 1372 Fossaenovae.
1683 1333 1784 1371 Vide
1818 1332 1988 1371 fratrem

292 1394 588 1443 Raymundum
624 1393 807 1443 Hugonis
840 1393 882 1431 in
913 1392 1098 1430 Historia
1130 1393 1404 1430 translationis
1437 1392 1611 1442 corporis
1644 1392 1829 1442 ejusdem
1860 1391 1989 1430 sancti

294 1453 464 1490 Thomae
486 1453 528 1490 in
552 1461 666 1491 tomo
690 1453 823 1503 primo
847 1453 986 1490 martii
1009 1452 1284 1500 Bollandiani‚
1309 1467 1346 1502 p.
1375 1451 1462 1490 728.

345 1512 553 1550 Frizonius
574 1513 615 1550 in
642 1512 775 1550 Gallia
793 1520 1032 1562 purpurata,
1052 1526 1092 1562 p.
1115 1511 1205 1559 383,
1226 1511 1369 1550 scribit
1387 1511 1503 1551 illum
1524 1511 1667 1549 eodem
1688 1525 1796 1549 anno
1817 1510 1988 1550 missum

290 1586 375 1611 esse
396 1572 579 1621 legatum
600 1572 638 1609 in
662 1586 832 1621 regnum
856 1571 1179 1621 Neapolitanum
1201 1571 1254 1608 ad
1276 1571 1477 1609 sedandas
1501 1570 1723 1609 discordias
1747 1584 1851 1620 quae
1874 1578 1987 1608 ortae

291 1640 408 1670 erant
426 1631 533 1670 inter
551 1631 779 1682 principem
797 1631 1068 1669 Tarentinum
1088 1639 1129 1669 et
1148 1631 1294 1669 ducem
1314 1630 1466 1669 Atriae.
1490 1630 1623 1678 Quam
1643 1630 1828 1669 fabulam
1847 1629 1988 1669 amba-

292 1690 366 1728 bus
383 1691 487 1729 ulnis
504 1691 683 1740 amplexi
699 1698 796 1728 sunt
813 1691 936 1729 ceteri
951 1690 1182 1741 scriptores.
1202 1691 1256 1727 Et
1272 1698 1413 1729 tamen
1430 1690 1704 1728 certissimum
1719 1697 1780 1727 est
1796 1703 1887 1728 eam
1903 1704 1987 1728 esse

291 1764 446 1789 meram
469 1750 667 1797 fabulam,
692 1764 785 1788 cum
807 1750 958 1799 legatio
980 1750 1049 1788 illa
1073 1750 1290 1789 commissa
1314 1764 1395 1787 non
1419 1750 1471 1787 sit
1495 1749 1712 1787 Guillelmo
1736 1748 1896 1796 Sudrio,
1917 1748 1986 1787 sed

293 1809 508 1847 Guillelmo
534 1810 582 1848 de
608 1809 805 1859 Agrifolio
831 1809 992 1857 seniori,
1018 1810 1080 1847 uti
1112 1824 1184 1847 nos
1221 1809 1318 1848 olim
1344 1809 1598 1847 ostendimus
1623 1808 1665 1846 in
1698 1807 1986 1847 Antifrizonio.

295 1869 379 1907 Illic
414 1883 486 1918 ego
522 1883 762 1907 monueram
798 1869 1033 1906 Frizonium
1067 1883 1211 1907 ansam
1246 1869 1408 1907 errandi
1442 1868 1484 1906 in
1518 1868 1594 1906 hoc
1627 1869 1716 1906 loco
1751 1867 1987 1918 praebuisse

294 1928 341 1966 R.
360 1928 402 1966 Ρ.
420 1928 477 1965 Th
486 1942 601 1966 omae
617 1928 817 1978 Aquinati
832 1942 854 1965 a
871 1928 907 1968 S.
926 1929 1081 1978 Joseph
1097 1928 1341 1966 Carmelitae
1357 1928 1606 1975 excalceam,
1624 1927 1693 1977 qui
1707 1927 1749 1964 in
1765 1927 1899 1977 capite
1915 1941 1987 1964 xm

292 1987 341 2025 de
369 1987 462 2025 Vita
484 2002 513 2026 8.
539 1987 736 2025 Calminii
758 1987 869 2025 edita
893 2002 1002 2025 anno
1024 1980 1241 2027 millesimo
1266 1987 1491 2035 DCXLVI,
1507 1987 1669 2036 scripsit
1691 1987 1800 2024 hunc
1824 1986 1985 2024 Guillel-

291 2060 404 2085 mum
436 2047 638 2095 legatione
670 2047 738 2084 illa
771 2047 1039 2086 honestatum
1072 2047 1207 2086 fuisse.
1243 2045 1395 2085 Contra
1429 2046 1627 2085 Oldoinus
1661 2046 1719 2083 ait
1753 2045 1987 2083 Frizonium

289 2106 331 2143 in
363 2120 408 2144 ea
440 2106 643 2144 sententia
676 2106 822 2145 ducem
854 2121 976 2156 quem
1007 2115 1246 2157 sequeretur
1277 2106 1468 2157 habuisse
1500 2106 1702 2144 Thomam
1734 2105 1987 2155 Aquinatem

290 2166 557 2203 carmelitam.
584 2166 728 2215 Itaque
749 2166 1029 2205 emendandus
1051 2175 1112 2205 est
1131 2166 1195 2205 hic
1215 2181 1335 2205 error.

346 2224 501 2263 Eodem
520 2239 641 2272 anno,
662 2225 846 2264 kalendis
877 2225 939 2276 [1]
960 2226 1209 2274 novembris,
1229 2225 1395 2264 inunxit
1413 2224 1731 2274 imperatricem,
1752 2237 1877 2273 quam
1891 2237 1989 2260 mox

292 2283 482 2321 Urbanus
507 2284 540 2321 V
564 2285 797 2331 coronavit3
821 2285 963 2322 Prima
986 2285 1064 2323 vita
1092 2285 1247 2323 Urbani
1265 2285 1321 2333 ,V,
1344 2299 1382 2334 p.
1407 2284 1494 2322 369.

342 2343 461 2381 Α11110
490 2343 772 2381 MCCCLXIX
802 2344 957 2383 Romae
984 2344 1174 2383 interfuit
1201 2344 1443 2394 professioni
1472 2343 1566 2381 fidei
1594 2356 1719 2392 quam
1744 2342 1825 2380 illic
1852 2341 1988 2380 emisit

291 2402 469 2440 Joannes
499 2403 778 2452 Palaeologus‚
805 2404 1030 2453 imperator
1057 2404 1554 2453 Constantinopolitanus.
1585 2402 1672 2450 Qua
1700 2401 1749 2439 de
1775 2416 1816 2439 re
1843 2415 1986 2439 consu-

287 2461 396 2499 lendi
418 2462 597 2498 Annales
617 2462 759 2500 Bzovii
782 2471 822 2500 et
845 2463 1008 2501 Odorici
1033 2463 1252 2512 Raynaldi.

347 2520 389 2557 ln
415 2521 593 2558 secunda
618 2530 734 2571 parte
756 2522 969 2559 Directorii
996 2522 1298 2572 Inquisitorum,
1323 2536 1362 2572 p.
1390 2521 1479 2569 255,
1505 2521 1705 2570 scriptum
1730 2528 1791 2558 est
1816 2519 1986 2557 fratrem

292 2579 504 2616 Nicolaum
534 2580 751 2629 Eymerici‚
778 2581 1065 2630 inquisitorem
1092 2581 1322 2620 haereticae
1348 2580 1569 2631 pravitatis
1594 2579 1635 2616 in
1662 2592 1786 2628 regno
1813 2578 1985 2627 Arrago-

292 2638 392 2685 niac.
427 2639 619 2677 detulisse
652 2640 703 2677 ad
738 2640 978 2689 Gregorium
1013 2641 1074 2678 XI
1109 2640 1339 2679 doctrinam
1375 2638 1613 2688 Raymundi
1647 2638 1752 2676 Lulli
1782 2645 1986 2686 tanquam

290 2697 551 2745 han-retinam,
582 2707 863 2748 praesentasse
893 2714 1013 2749 porro
1043 2700 1190 2749 viginti
1221 2699 1432 2737 volumina
1463 2712 1633 2748 operum
1663 2696 1915 2746 Raymundi,
1946 2704 1986 2734 et

290 2771 380 2793 cuna
404 2771 524 2793 causa
548 2758 763 2796 commissa
787 2758 931 2797 fuisset
954 2759 1120 2798 domino
1143 2759 1340 2797 cardinali
1365 2757 1588 2804 Ilostiensi‚
1610 2756 1651 2794 id
1671 2764 1746 2803 est,
1769 2756 1985 2794 Guillelmo

291 2815 447 2853 Sudrio.
469 2816 589 2854 fuisse
609 2817 721 2855 illam
740 2817 788 2855 de
808 2818 893 2867 ejus
914 2818 1115 2856 mandato
1134 2833 1205 2868 per
1223 2818 1370 2867 viginti
1390 2825 1429 2855 et
1448 2818 1557 2854 ultra
1576 2816 1793 2865 magistros
1812 2815 1854 2852 in
1875 2815 1985 2852 theo-

286 2874 391 2918 logia
422 2874 635 2923 diligenter
664 2876 958 2924 examinatam,
982 2886 1021 2915 et
1046 2877 1215 2915 tandem
1245 2877 1293 2915 de
1323 2876 1594 2914 cardinalium
1623 2874 1790 2912 consilio
1818 2882 1865 2911 ut
1892 2879 1986 2911 vere

291 2933 533 2969 lunfrotivan]
554 2935 873 2974 condemnatam
891 2944 931 2974 et
949 2937 1192 2985 generaliter
1206 2936 1483 2974 interdictam.
1506 2934 1623 2982 Quod
1641 2933 1743 2972 adeo
1761 2932 1986 2971 commovit

292 2991 480 3027 hillis-121³*
503 3002 547 3028 ut
568 2993 743 3031 dixerint
766 2994 1003 3043 Gregoriuni
1025 3010 1191 3045 papam,
1213 2995 1282 3044 qui
1303 2994 1535 3033 doctrinam
1557 2992 1796 3042 Raymundi
1817 2991 1921 3029 Lulli
1940 2999 1987 3029 ut

343 3116 366 3147 Ῑ.
400 3116 446 3146 Ιη-
473 3118 511 3148 17
534 3118 744 3159 septembre
768 3119 913 3162 d'aprcs
938 3120 1056 3152 Eubel
1082 3118 1332 3163 (Hierarchia,
1356 3125 1381 3152 t.
1402 3131 1426 3158 1,
1449 3130 1483 3161 p.
1508 3117 1579 3161 20).
