2083 3458
248 248 329 289 724
704 275 706 277 -
904 258 1056 284 NOTAE
1091 258 1151 282 AD
1185 258 1313 283 vlTAs
1815 240 1955 296 [1464]

246 345 401 383 aztdivit
429 344 508 382 dici
536 359 560 382 a
591 343 806 381 baronibus
836 342 1014 380 romanis
1041 350 1075 379 et
1101 356 1125 379 a
1151 341 1338 391 pluribus
1365 342 1461 379 aliis
1499 342 1600 392 quod
1625 350 1714 380 ante
1744 342 1966 391 ingressum

248 405 341 443 dicti
366 404 560 442 conclavis
585 403 678 441 dicti
703 402 886 453 officiales
917 401 1037 440 Urbis
1062 401 1162 438 edici
1186 410 1220 439 et
1242 401 1484 451 proclamari
1511 401 1686 451 fecerunt
1704 402 1812 452 ‘quod
1834 416 1966 439 omnes

248 464 465 515 principes,
493 464 668 510 barones,
691 471 725 500 et
747 462 820 499 alii
844 470 1048 510 magnates
1071 461 1221 498 nobiles
1250 461 1408 498 romani
1440 461 1589 499 exirent
1611 461 1746 499 urbem
1767 461 1842 498 sub
1862 476 1968 512 pena

249 524 421 574 corporis
446 532 479 561 et
504 523 598 560 aliis
624 521 782 571 magnis
807 521 923 571 penis
949 522 992 558 de
1018 520 1162 570 quibus
1188 535 1268 558 non
1292 521 1526 568 recordatur,
1553 529 1587 559 et
1612 521 1713 571 quod
1737 521 1830 558 dicti
1854 521 1966 571 prin-

249 584 367 633 cipes,
408 584 582 629 barones,
618 591 652 619 et
687 581 837 618 nobiles
873 589 976 618 metu
1011 580 1208 618 dictarum
1241 594 1438 630 penarum
1474 580 1608 618 urbem
1642 581 1845 618 exiverunt
1879 588 1967 618 ante

251 644 472 692 ingressum
499 641 592 679 dicti
619 640 828 688 conclavis,
856 640 922 691 qui
949 640 1052 677 alias
1080 654 1159 677 non
1184 640 1408 687 exivissent,
1437 649 1478 678 ut
1504 640 1716 678 dicebatur.
1746 640 1890 692 Petrus
1919 639 1966 678 de

249 704 392 741 Crosso
419 702 456 740 S.
485 702 532 739 R.
561 702 607 739 Ε.
625 700 879 739 Camerarius
905 700 964 738 ita
990 699 1095 737 dixit
1119 699 1161 737 in
1177 713 1249 737 sua
1275 699 1530 750 depositione
1549 699 1564 722 1
1587 716 1593 738 :
1623 700 1721 737 Item
1744 699 1846 737 dixit
1869 699 1970 750 quod

250 763 483 812 expulerunt
506 762 550 798 de
579 760 681 799 Urbe
705 760 882 798 comitem
905 759 1112 797 Nolanum
1139 767 1173 796 et
1195 759 1372 797 comitem
1395 759 1631 797 Fundorum
1654 767 1688 797 et
1721 759 1822 797 alios
1846 759 1968 796 domi-

252 837 320 859 nos
343 836 412 871 per
435 835 528 871 quos
550 820 662 870 furor
684 820 825 870 populi
849 827 998 869 poterat
1022 818 1211 869 deprimi,
1237 827 1271 856 et
1291 819 1466 868 fecerunt
1489 819 1618 856 venire
1642 818 1914 856 montanarios
1937 827 1970 856 et

252 882 351 919 alios
381 880 546 918 rusticos
578 880 621 917 in
652 894 799 928 magna
829 878 1096 916 multitudine.
1130 878 1289 917 Marcus
1322 878 1541 926 Fernandi,
1574 878 1792 917 canonicus
1826 878 1968 916 Palen-

253 941 376 987 tinus‚
412 941 689 989 interrogatus
726 954 849 989 super
885 953 957 976 xv1
984 938 1158 976 articulo
1196 952 1311 976 casus
1341 938 1509 976 secundi
1546 938 1663 976 electi
1685 939 1711 985 2,
1742 938 1843 975 dixit
1871 937 1972 988 quod

250 1000 406 1038 azidivit
429 1000 597 1049 gridam,
621 1007 655 1036 et
676 999 748 1036 scit
771 998 873 1049 quod
895 998 1044 1035 nobiles
1069 997 1135 1048 qui
1160 997 1216 1035 ibi
1240 1006 1350 1035 erant
1373 1006 1610 1035 recesserunt
1632 1006 1739 1035 extra
1762 997 1969 1045 civitatem,

255 1061 353 1097 inter
376 1074 469 1109 quos
490 1059 653 1109 fuerunt
675 1073 799 1096 comes
823 1058 1008 1095 Nolanus
1026 1060 1065 1095 'et
1088 1057 1273 1095 dominus
1300 1058 1503 1095 Jordanus
1527 1058 1570 1095 de
1594 1057 1761 1095 Marino
1786 1065 1820 1095 et
1841 1057 1971 1095 Lucas

254 1120 427 1166 Sabell03
463 1127 496 1156 et
530 1118 685 1156 audivit
718 1118 840 1155 altera
874 1117 935 1155 die
970 1117 1156 1154 mercurii
1193 1116 1389 1166 ingressos
1424 1117 1618 1154 conclavis
1653 1117 1774 1154 Rome
1808 1117 1858 1154 ab
1893 1131 1971 1154 uno

254 1180 432 1216 Romano
457 1178 523 1229 qui
547 1177 850 1227 cognominatur
874 1176 1116 1215 Sarrazinus
1141 1177 1242 1226 quod
1263 1176 1299 1214 si
1321 1191 1445 1214 comes
1460 1177 1697 1214 Fundorum
1720 1177 1972 1214 remansisset

255 1247 340 1289 post
374 1238 542 1287 gridam,
579 1238 649 1275 illa
683 1245 789 1275 nocte
822 1245 1073 1286 amputatum
1106 1236 1236 1285 fuerat
1267 1236 1347 1273 sibi
1382 1245 1512 1286 caput.
1551 1236 1681 1274 Addit
1717 1235 1971 1283 Fernandus,

253 1298 466 1349 episcopus
499 1297 773 1347 Legionensis,
803 1296 846 1334 in
873 1294 1167 1347 responsione3
1196 1296 1248 1333 ad
1277 1296 1468 1335 eumdem
1498 1311 1569 1334 xv1
1600 1296 1818 1348 articulum
1858 1295 1972 1333 audi-

258 1359 359 1396 visse
388 1373 428 1396 se
458 1358 559 1407 quod
585 1357 676 1395 talis
704 1365 786 1394 erat
813 1356 1048 1393 consuetudo
1076 1356 1197 1393 Rome
1226 1356 1381 1406 quando
1410 1355 1640 1393 accedebant
1667 1355 1818 1393 similes
1843 1369 1972 1402 casus,

257 1418 449 1457 nimirum
469 1426 516 1455 ut
535 1417 690 1455 nobiles
711 1416 1025 1466 expellerentur.
1049 1415 1127 1454 Sed
1146 1415 1258 1454 istud
1279 1415 1376 1453 alibi
1395 1430 1478 1453 non
1497 1415 1587 1465 legi.
1611 1415 1813 1465 Nuspiam
1832 1423 1972 1453 autem

258 1478 314 1515 ita
350 1491 541 1527 expressa
577 1476 662 1514 vidi
698 1475 864 1514 nomina
901 1475 1101 1514 nobilium
1138 1474 1208 1525 qui
1244 1475 1400 1528 Romae
1436 1483 1554 1513 erant
1588 1490 1635 1513 eo
1671 1478 1855 1525 tempore
1892 1488 1973 1524 quo

258 1536 472 1587 Gregorius
504 1536 564 1573 XI
594 1544 780 1574 mortuus
809 1544 871 1574 est
900 1549 1025 1585 quam
1052 1535 1095 1572 in
1123 1534 1378 1585 depositione
1407 1534 1544 1573 fratris
1575 1534 1765 1572 Menendi
1793 1533 1974 1584 episcopi

257 1596 544 1643 Cordubensis,
569 1595 610 1633 in
636 1609 716 1645 qua
745 1595 801 1633 sic
829 1595 1030 1645 scriptum
1054 1603 1115 1633 est
1142 1611 1148 1632 :
1183 1594 1451 1643 Interrogatus
1484 1594 1520 1632 si
1549 1594 1704 1644 quando
1741 1594 1838 1631 obiit
1865 1608 1975 1643 papa

265 1656 475 1705 Gregorius
508 1656 543 1693 si
578 1663 688 1692 erant
722 1654 848 1705 aliqui
882 1654 1086 1705 principes
1122 1654 1165 1691 in
1199 1654 1346 1691 vicinio
1380 1654 1559 1691 Romano
1594 1653 1661 1704 qui
1695 1662 1820 1691 essent
1853 1652 1974 1691 amici

260 1715 429 1753 Ecclesie
450 1723 483 1752 et
504 1714 772 1752 cardinalium
794 1715 1191 1761 ultramontanorum,
1215 1714 1315 1751 discit
1337 1714 1438 1763 quod
1457 1714 1527 1760 sic,
1550 1713 1697 1751 scilicet
1717 1727 1841 1750 comes
1862 1713 1973 1750 Fun-

259 1776 410 1822 dorum,
433 1783 466 1812 et
487 1774 672 1812 dominus
696 1774 900 1811 Jordanus
921 1774 965 1811 de
986 1773 1167 1821 Marino,
1190 1782 1224 1811 et
1243 1773 1374 1810 Lucas
1396 1773 1551 1811 Sabello
1573 1781 1607 1810 et
1627 1787 1751 1810 comes
1773 1772 1972 1819 Nolanus,

260 1844 292 1873 et
315 1834 530 1881 Petrucliii,
554 1842 588 1871 et
610 1833 850 1871 Franciscus
873 1834 916 1870 de
939 1833 1178 1883 Columpna,
1202 1841 1236 1870 et
1257 1833 1487 1883 Reynaldus
1510 1833 1554 1870 de
1582 1832 1756 1870 Ursinis.

314 1895 357 1932 P.
382 1893 471 1941 432,
495 1893 560 1943 lig.
586 1893 647 1931 24.
673 1893 1003 1940 MONTANARIOS,
1028 1892 1126 1930 alias
1151 1892 1428 1931 comitatinos.
1457 1892 1503 1929 In
1527 1891 1781 1942 depositione
1804 1890 1975 1929 Antonii

259 1953 441 2004 episcopi
474 1951 712 1990 Firmani4:
739 1953 837 1990 Item
853 1952 932 2001 fuit
962 1952 1219 1989 deliberatum
1250 1952 1351 2002 quod
1380 1952 1554 1989 Romani
1583 1951 1754 2001 facerent
1784 1950 1974 1994 custodiri

262 2022 393 2063 portas
415 2021 448 2050 et
469 2021 605 2062 pontes
629 2012 735 2049 intus
757 2020 790 2049 et
811 2020 930 2058 extra,
955 2026 1001 2048 ne
1023 2007 1243 2048 cardinales
1265 2020 1423 2061 possent
1444 2000 1611 2048 recedere
1633 2011 1685 2048 ad
1705 2010 1807 2048 alias
1829 2018 1972 2060 partes,

261 2081 294 2110 et
321 2073 490 2121 facerent
518 2071 647 2109 venire
676 2071 923 2109 comitatinos
953 2071 996 2108 in
1024 2071 1218 2108 civitatem
1246 2085 1316 2121 pro
1347 2071 1524 2108 custodia
1551 2079 1585 2108 et
1612 2085 1682 2120 pro
1711 2070 1894 2108 tumultu.
1924 2069 1975 2107 Et

262 2132 319 2169 sic
346 2133 520 2181 jecerunt
547 2131 648 2168 sicut
677 2131 987 2168 deliberaverunt
1017 2131 1059 2167 in
1087 2130 1173 2167 suis
1202 2130 1394 2168 consilii-5.

317 2192 360 2229 P.
398 2191 487 2238 434,
524 2190 590 2240 lig.
628 2189 690 2228 30.
731 2190 909 2227 REGENs
948 2204 1148 2228 OFFICIUM
1189 2204 1434 2227 cAMERARn.
1475 2189 1713 2227 Guillelmus
1752 2189 1800 2227 de
1838 2188 1975 2226 Vouta

263 2251 476 2301 episcopus
511 2249 771 2288 Massiliensis
814 2258 927 2296 tunc,
962 2258 1105 2299 postea
1140 2264 1235 2287 vero
1270 2249 1511 2287 Valentinus
1555 2248 1597 2286 in
1630 2248 1774 2295 Gallia,
1810 2248 1976 2286 demum

264 2325 359 2348 vero
404 2309 618 2348 Albiensis.
669 2309 757 2359 Ipse
803 2318 1116 2348 conterraneum
1161 2308 1271 2347 Petri
1316 2308 1526 2346 Flandrini
1571 2307 1786 2346 cardinalis
1836 2306 1976 2345 Sancti

266 2369 491 2416 Eustachii,
526 2369 595 2418 qui
626 2369 761 2418 patria
794 2368 1042 2406 Vivariensis
1076 2377 1177 2415 erat,
1210 2384 1250 2407 se
1283 2368 1405 2406 fuisse
1438 2368 1497 2405 ait
1528 2367 1570 2404 in
1600 2381 1673 2405 sua
1707 2366 1975 2417 depositione,

264 2428 614 2478 consanguineum
647 2443 748 2466 verov
776 2428 935 2466 comitis
971 2428 1132 2474 Nolani,
1165 2428 1206 2465 id
1239 2436 1313 2475 est,
1344 2436 1391 2466 ut
1418 2442 1491 2477 ego
1523 2427 1784 2477 interpretor,
1819 2425 1976 2464 Nicolai

267 2488 403 2526 Ursini
436 2487 594 2525 comitis
630 2487 791 2535 Nolani,
826 2501 948 2537 quem
980 2502 1030 2525 ex
1062 2487 1300 2526 testimonio
1333 2486 1571 2525 Theoderici
1604 2486 1652 2524 de
1687 2486 1818 2533 Niem,
1846 2485 1915 2523 lib.
1945 2485 1975 2531 Ι,

264 2548 322 2584 De
351 2547 579 2594 Schismate,
609 2561 696 2597 cap.
728 2562 825 2584 XLIV
859 2547 913 2597 [p.
935 2546 1018 2596 82],
1042 2547 1171 2596 liquet
1200 2555 1336 2586 ortum
1364 2561 1448 2585 esse
1476 2560 1527 2584 ex
1554 2545 1828 2584 illustrissima
1857 2552 1975 2594 gente

267 2606 513 2644 Bauciorum
534 2606 576 2643 in
599 2606 827 2645 Provincia.
853 2606 922 2644 Ait
944 2606 1052 2645 enim
1076 2606 1292 2644 Urbanum
1314 2614 1492 2652 sextum,
1516 2619 1609 2644 cum
1631 2613 1800 2643 externa
1823 2603 1976 2641 auxilia
2007 2645 2009 2649 ,

268 2666 538 2714 conquireret,
566 2665 720 2704 misisse
754 2680 846 2703 suos
882 2666 1048 2703 nuncios
1073 2666 1125 2703 ad
1150 2666 1355 2715 quemdam
1379 2673 1584 2702 strenuum
1609 2664 1738 2702 virum
1772 2663 1978 2701 dominum

268 2725 551 2773 Ragsmundum
577 2726 621 2762 de
636 2725 801 2772 Baueio,
823 2725 954 2774 filium
970 2725 1121 2762 domini
1140 2724 1293 2762 comitis
1311 2724 1498 2761 Nolensis
1518 2724 1561 2761 de
1586 2723 1760 2761 Ursinis.
1789 2722 1976 2760 Contelo—

268 2784 363 2830 rius,
380 2799 418 2833 p.
438 2784 524 2831 121,
541 2784 664 2822 refert
681 2785 958 2834 fragmentum
974 2799 1023 2822 ex
1039 2783 1168 2822 veteri
1183 2784 1461 2822 instrumento
1483 2782 1581 2820 anni
1597 2781 1974 2828 MCCCLXXXIV,

321 2932 349 2963 1.
382 2931 447 2964 Ms.
478 2932 561 2971 cite,
591 2932 652 2964 fol.
684 2933 727 2965 63
755 2937 798 2965 r0.

321 2984 350 3016 2.
384 2984 449 3017 ΜΞ.
476 2985 559 3021 cite.
584 2985 646 3018 fol.
674 2986 741 3018 225
766 2990 816 3019 v0.

320 3038 350 3068 3.
384 3038 448 3070 Ms.
476 3038 559 3077 cite,
586 3038 647 3070 fol.
676 3039 744 3071 215
769 3043 812 3071 ΓΟ.

325 3091 351 3121 ἰ.
380 3090 445 3122 Ms.
474 3091 556 3131 (silc,
587 3092 648 3123 fol.
672 3092 716 3124 48
739 3096 791 3125 v0.
