2083 3458
102 261 253 317 [1095]
619 281 834 306 PAPARUM
870 282 1251 309 Ax’ExloNENsmM
1697 271 1777 313 617

89 373 156 397 nec
173 359 288 398 dedit.
311 360 425 399 Idem
443 360 620 399 habetur
637 362 678 400 in
697 377 793 400 casu
811 364 978 402 secundi
997 365 1114 403 electi
1133 365 1264 403 diviso
1282 380 1354 416 per
1371 367 1584 415 articulos;
1603 368 1644 406 in
1664 382 1744 418 quo
1762 369 1775 391 ¹

87 418 286 469 scriptum
308 426 370 457 est
392 432 480 469 cap.
507 434 557 457 Lv
579 429 620 458 et
644 435 709 458 LVI
732 422 889 471 aliquos
913 423 1137 463 cardinales
1161 424 1310 463 dixisse
1333 440 1373 464 se
1396 426 1539 476 eligere
1561 427 1775 466 Bartholo-

87 491 250 517 maeum
265 478 486 516 Bau-ensem
502 479 637 517 animo
653 488 688 518 et
701 481 902 530 proposito
918 483 1020 532 quod
1035 483 1119 533 ipse
1132 492 1228 521 esset
1242 499 1353 522 verus
1364 500 1487 535 papa,
1500 486 1635 524 timore
1647 494 1776 524 tamen

87 536 222 575 mortis
245 536 288 574 in
309 551 443 574 eorum
464 538 615 575 animis
637 539 822 577 continuo
843 541 1097 590 perdurante,·
1118 551 1271 592 excepto
1295 558 1373 581 uno
1395 544 1553 582 domino
1575 546 1775 583 cardinale

92 595 244 634 Ytalico
264 595 456 643 Romano,
474 596 541 646 qui
562 597 663 635 discit
680 599 782 648 quod
795 607 953 649 propter
969 601 1163 638 notoriam
1178 601 1477 651 impressionem
1489 618 1605 654 quam
1621 604 1774 642 videbat

86 668 154 692 nec
170 654 251 692 sibi
271 669 339 692 nec
357 655 469 693 alteri
488 656 596 693 claret
614 670 740 694 vocem
758 672 886 705 suam,
908 658 989 696 nisi
1009 659 1138 708 primo
1157 669 1320 698 cessaret
1339 661 1546 712 impressio
1565 671 1599 700 et
1616 671 1712 701 esset
1731 663 1774 700 in

83 728 158 752 sua
182 713 368 752 libertate.
395 714 495 752 Vide
521 714 647 752 etiam
672 730 793 766 supra
819 731 856 766 p.
886 717 985 755 1002
1009 719 1294 759 testimonium
1320 721 1429 758 Petri
1456 722 1664 760 Flandrini
1689 736 1773 760 car-

84 772 229 811 dinalis
260 772 401 811 Sancti
432 773 657 812 Eustachii.
690 775 928 814 Guillelmus
963 777 1135 815 l‘oelleti
1166 778 1359 816 diaconus
1392 780 1606 818 cardinalis
1634 781 1773 819 Sancti

83 831 227 882 Angeli
246 832 295 870 de
313 832 459 871 misera
479 846 583 882 quae
602 841 693 870 tum
712 842 800 871 erat
819 835 1087 874 cardinalium
1106 837 1339 875 conditione
1359 852 1480 887 agens
1499 839 1540 876 in
1559 853 1630 879 sua
1650 840 1772 890 depo-

83 891 229 929 sitione
248 891 308 930 ait
327 891 341 913 ‘·’
361 906 369 928 t
390 891 441 928 Et
458 891 643 928 dominus
663 893 706 929 de
732 892 893 931 Ursinis
912 894 1013 931 dixit
1031 896 1132 944 quod
1150 910 1228 933 non
1247 898 1354 934 daret
1372 912 1497 935 vocem
1515 913 1630 936 suam
1648 898 1772 936 alicui

84 951 201 988 donec
215 957 312 989 esset
327 949 370 987 in
384 950 569 988 libertate.
592 951 680 1001 Ipse
698 965 860 1001 quoque
875 953 1088 1003 episcopus
1106 955 1325 993 Lucerinus
1344 956 1520 995 Thomas
1537 957 1584 995 de
1600 958 1771 1005 Acervo,

82 1009 205 1048 homo
229 1009 340 1059 parti
369 1009 524 1047 Urbani
552 1010 871 1059 addictissimus,
898 1011 939 1049 id
966 1012 1101 1062 ipsum
1127 1014 1331 1063 professus
1359 1023 1420 1053 est
1446 1015 1487 1053 in
1514 1030 1585 1054 sua
1614 1016 1771 1066 deposi-

83 1068 193 1106 tione
212 1067 228 1091 3
244 1083 252 1106 :
267 1068 370 1106 Cum
384 1068 488 1106 venit
500 1069 631 1106 electio
644 1084 712 1106 seu
724 1084 795 1107 νοω
805 1071 857 1107 ad
868 1070 1051 1108 diaconos
1066 1072 1300 1120 cardinales,
1317 1074 1535 1111 cardinalis
1549 1076 1592 1112 cle
1611 1075 1772 1112 Ursinis

83 1127 183 1165 dimit
204 1143 212 1165 ε
234 1127 320 1177 Ego
340 1127 452 1165 hoclie
474 1142 553 1165 non
573 1128 718 1177 eligam
738 1143 900 1178 papam.
926 1130 979 1166 Et
1001 1144 1097 1168 mox
1121 1147 1127 1167 :
1150 1132 1201 1169 Et
1220 1132 1277 1169 sic
1298 1146 1429 1170 omnes
1449 1134 1644 1181 elegerunt
1669 1148 1771 1181 eum,

81 1187 233 1224 duobus
261 1186 443 1236 exceptiS‚
473 1187 632 1224 domino
663 1188 810 1225 Jacobo
839 1189 883 1226 (le
918 1189 1091 1236 Ursinis,
1122 1190 1189 1239 qui
1219 1191 1345 1229 noluit
1372 1192 1523 1241 eligere,
1553 1201 1587 1230 et
1615 1193 1772 1230 domino

81 1245 323 1293 Florentino,
356 1245 423 1295 qui
455 1246 618 1294 elegerat
650 1247 854 1284 dominum
887 1247 1023 1285 Sancti
1055 1249 1175 1286 Petri.
1214 1249 1317 1287 Item
1351 1251 1525 1300 Angelus
1559 1251 1770 1302 episcopus

84 1304 333 1343 pisaurensis
347 1304 624 1354 interrogatus
638 1320 760 1356 super
774 1320 870 1344 casu
884 1307 1051 1345 secundi
1065 1308 1183 1346 electi
1196 1308 1210 1330 ⁴
1227 1324 1234 1346 :
1253 1309 1350 1346 Item
1363 1309 1464 1347 dixit
1477 1311 1578 1360 quod
1588 1311 1772 1348 (lominus

83 1364 256 1402 Jacobus
281 1364 326 1401 cle
357 1364 518 1401 Ursinis
543 1363 645 1402 discit
668 1364 747 1401 sibi
774 1365 876 1415 quod
900 1380 1105 1415 nunquam
1130 1367 1252 1405 voluit
1276 1368 1414 1417 eligere
1441 1369 1484 1405 in
1510 1369 1576 1406 illo
1602 1370 1772 1407 tumultu

79 1431 204 1461 stante
223 1423 493 1473 impressione,
514 1438 580 1461 nec
598 1438 724 1461 vocem
741 1438 857 1461 suam
873 1423 997 1462 alicui
1016 1425 1138 1463 voluit
1155 1427 1244 1463 flare
1263 1441 1330 1464 nec
1348 1427 1463 1465 dedit.
1487 1428 1591 1466 Item
1607 1428 1770 1466 Bonifa-

81 1482 164 1520 cius
185 1482 233 1520 de
254 1482 470 1521 Amanatis
490 1482 532 1520 in
552 1483 874 1532 Allegationibus
893 1498 965 1534 pro
986 1485 1193 1523 Clemente
1215 1485 1294 1522 VII
1315 1486 1355 1523 in
1376 1486 1512 1525 codice
1532 1486 1609 1525 814
1628 1487 1770 1525 biblio-

79 1542 222 1579 thecae
245 1542 502 1580 Colbertinae
521 1541 536 1564 5
560 1557 567 1578 :
596 1542 693 1579 Item
720 1550 754 1579 et
785 1542 881 1580 dicte
912 1543 1031 1580 littere
1057 1544 1219 1592 suerunt
1248 1545 1346 1593 facte
1379 1546 1430 1582 [αἱ
1456 1546 1649 1583 dictamen
1678 1546 1771 1583 dicti

80 1601 282 1646 Barensis,
301 1608 335 1638 et
351 1601 527 1638 minutas
543 1600 670 1638 videre
687 1601 809 1638 voluit
826 1609 1035 1652 antequam
1063 1602 1198 1651 fierent
1224 1603 1321 1641 dicte
1346 1604 1478 1642 littere.
1507 1605 1558 1642 Et
1583 1604 1639 1642 ibi
1665 1605 1772 1654 posi-

79 1668 161 1697 tum
179 1660 258 1709 fuit
278 1659 443 1710 qualiter
463 1674 596 1697 omnes
616 1660 768 1697 domini
789 1661 1023 1701 cardinales.
1047 1662 1202 1699 nemine
1223 1662 1478 1712 discrepante,
1503 1663 1636 1713 ipsum
1656 1665 1771 1711 elege-

78 1727 178 1757 rant.
206 1719 258 1756 Et
282 1727 412 1756 tamen
436 1719 585 1768 salsum
610 1728 703 1765 erat,
731 1719 825 1770 quia
851 1721 1037 1757 dominus
1062 1721 1280 1759 cardinalis
1306 1722 1349 1759 cle
1382 1722 1542 1759 Ursinis
1569 1738 1770 1772 nunquam

78 1777 200 1815 voluit
223 1778 302 1815 sibi
329 1779 419 1816 clare
445 1792 572 1816 vocem
596 1792 724 1817 suam.
756 1779 869 1816 Idem
894 1787 1075 1817 testatur
1104 1780 1307 1818 Robertus
1334 1781 1532 1829 Gervasii,
1559 1782 1771 1832 episcopus

78 1837 326 1881 senecensis,
347 1837 388 1874 in
408 1845 593 1875 tractatu
612 1838 671 1874 De
690 1838 898 1875 schismate
916 1838 942 1885 ⁶,
966 1839 1033 1877 fol.
1068 1839 1115 1876 21
1147 1847 1190 1875 v0
1213 1855 1219 1876 :
1240 1839 1439 1877 Dominus
1459 1840 1577 1877 etiam
1600 1841 1772 1878 Jacobus

77 1896 121 1933 cle
157 1896 331 1943 Ursinis,
363 1897 449 1934 licet
487 1896 663 1934 Ytalicus
694 1897 751 1934 vel
779 1898 997 1943 Romanus,
1030 1912 1235 1948 nunquam
1266 1899 1379 1936 illum
1409 1900 1623 1936 Barensem
1653 1900 1772 1936 voluit

77 1955 294 1993 nominare.
330 1956 445 1992 Istud
474 1955 609 2005 ipsum
638 1970 689 1993 ex
717 1956 913 1993 relatione
944 1957 1159 1995 cardinalis
1186 1958 1233 1995 de
1262 1958 1375 1995 Luna
1402 1966 1581 1996 testatur
1603 1958 1769 2007 quidam

76 2013 162 2063 ejus
198 2014 502 2052 contubernalis
536 2015 578 2052 in
613 2014 749 2053 codice
784 2014 861 2053 812
902 2015 1085 2065 ejusdem
1130 2016 1400 2054 bibliothecae
1436 2017 1692 2055 Colbertinae
1712 2017 1726 2039 ⁷
1763 2034 1770 2054 :

75 2073 112 2110 E
137 2073 193 2110 los
221 2073 352 2111 diclios
380 2074 564 2111 cardenal
590 2074 636 2111 do
663 2073 897 2123 Limogenes
923 2082 957 2111 et
982 2083 1057 2112 este
1084 2076 1269 2113 cardenal
1295 2077 1461 2125 veyendo
1489 2090 1559 2125 que
1587 2077 1642 2113 los
1669 2083 1770 2112 otros

75 2132 298 2170 cardenales
322 2133 543 2170 acordavan
569 2133 613 2170 de
637 2141 836 2170 contentar
860 2133 901 2170 al
923 2134 1065 2183 pueblo
1090 2134 1269 2171 clioeieron
1294 2149 1364 2184 que
1389 2149 1486 2184 pnes
1511 2149 1581 2184 que
1606 2134 1765 2184 querian

74 2191 187 2228 esleir
209 2191 388 2229 Romano
410 2206 431 2228 o
457 2191 643 2238 Italian0‚
669 2206 739 2242 que
761 2207 827 2230 era
853 2192 939 2229 bien
964 2207 1034 2242 que
1056 2194 1268 2242 esleyessen
1291 2201 1365 2230 este
1388 2193 1592 2243 arc-obispo
1612 2194 1656 2230 de
1672 2193 1766 2230 Bar.

74 2250 126 2288 Et
145 2265 169 2287 a
189 2258 267 2288 esto
286 2265 326 2288 se
346 2251 562 2289 acordaron
583 2251 689 2288 todos
711 2252 767 2288 los
788 2259 901 2297 otros,
924 2253 1030 2289 salvo
1051 2252 1086 2288 el
1105 2253 1290 2289 cardenal
1310 2253 1353 2289 de
1382 2252 1555 2296 Ursinis,
1582 2266 1651 2301 que
1677 2251 1767 2289 dimo

74 2323 145 2359 que
162 2323 234 2359 por
251 2310 289 2346 la
308 2309 545 2359 impression
563 2324 633 2360 que
649 2323 740 2359 veya
761 2325 837 2347 non
851 2311 983 2360 queria
999 2311 1112 2347 esleir
1124 2311 1229 2359 fasta
1244 2325 1314 2360 que
1326 2311 1454 2359 fucsse
1467 2325 1514 2347 en
1527 2325 1574 2347 su
1589 2310 1764 2348 libertacl.

77 2368 124 2405 In
146 2367 400 2418 depositione
426 2369 596 2407 Joannis
621 2369 669 2407 de
693 2370 835 2407 Crosso
860 2369 1074 2407 cardinalis
1098 2370 1246 2418 legitur
1266 2369 1281 2392 ⁸
1307 2369 1530 2406 :Dominus
1550 2369 1766 2406 cardinalis

74 2427 118 2464 de
149 2426 310 2465 Ursinis
335 2442 413 2464 non
439 2427 560 2465 voluit
583 2428 736 2476 eligere,
763 2428 857 2477 quia
882 2428 982 2465 (liarit
1007 2429 1107 2477 quozl
1125 2428 1249 2465 nichil
1266 2428 1416 2465 valebat
1432 2429 1533 2478 quod
1556 2428 1763 2476 agebatur:

73 2493 108 2524 et
120 2486 263 2535 adjecit
277 2487 379 2535 quod
391 2486 509 2524 etiam
523 2486 558 2523 si
575 2486 709 2536 ipsum
723 2487 918 2536 eligerent,
935 2488 1036 2536 quotl
1050 2501 1128 2524 non
1142 2494 1355 2536 acceptaret
1369 2494 1525 2536 propter
1540 2486 1762 2536 impressio-

73 2559 161 2582 nem
184 2545 436 2594 manifestam
459 2559 530 2595 que
554 2545 671 2594 fiebat
693 2546 762 2584 eis.

130 2603 217 2654 Ipse
250 2603 465 2641 cardinalis
499 2604 668 2642 Ursinus
699 2605 1062 2643 Bartholomacum
1093 2604 1147 2643 sic
1179 2605 1354 2642 electum
1385 2604 1598 2642 coronavit
1628 2604 1669 2642 in
1700 2604 1763 2642 die

183 2766 249 2799 Ms.
275 2767 358 2806 cite,
383 2767 445 2800 fol.
470 2769 515 2801 32
540 2773 589 2801 νο.

182 2819 249 2852 Ms.
274 2819 357 2860 cite,
383 2820 444 2853 fol.
469 2821 514 2853 42
538 2826 588 2854 νο.

183 2871 249 2905 Ms.
280 2872 363 2912 cite,
394 2873 455 2907 sol.
487 2875 531 2907 88
559 2879 602 2907 r0.

182 2924 249 2958 Ms.
272 2926 355 2966 cite,
377 2926 438 2959 fol.
463 2927 531 2959 252
551 2931 594 2960 1²⁰.

145 3004 152 3011 .
182 2978 222 3011 B.
250 2977 307 3018 N.,
332 2991 398 3012 ms.
424 2979 519 3011 latin
542 2979 646 3019 1469,
671 2979 733 3014 fol.
759 2981 827 3013 149
853 2985 902 3014 νο.

145 3057 152 3064 .
182 3031 222 3064 Β.
250 3031 307 3070 N.,
331 3043 398 3065 ms.
424 3032 519 3064 latin
541 3032 646 3066 1467.

144 3110 152 3117 .
181 3084 221 3117 B.
248 3083 305 3123 N.,
329 3096 396 3118 ms.
420 3085 515 3118 latin
536 3084 641 3125 1472,
665 3085 727 3119 fol.
752 3086 821 3118 140
844 3091 893 3118 v0.

144 3163 151 3169 .
181 3137 220 3170 B.
248 3136 304 3176 N.,
328 3149 394 3171 ms.
418 3137 512 3170 latin
534 3137 663 3177 11745,
687 3138 748 3172 fol.
772 3140 817 3172 36
841 3144 890 3171 v0.

119 2767 152 3169 oesmwswse
