2083 3458
65 185 189 241 [839]
592 201 807 226 PAPARUM
844 197 1226 225 AVENIONENSIUM
1668 184 1748 224 347

52 287 160 324 inter
181 299 292 335 reges
318 284 511 322 Franciae
535 293 575 322 et
599 284 767 333 Angliae
791 283 968 321 vidimus
991 283 1099 321 inter
1121 296 1186 320 eas
1212 282 1404 332 epistolas
1432 282 1659 320 Innocentii
1678 283 1749 330 VI,

53 359 155 395 quas
174 343 335 394 scripsit
352 343 394 381 in
410 343 528 381 initio
544 343 812 393 pontificatus
831 342 905 380 sui.
925 341 1076 379 Mansit
1094 349 1234 379 autem
1251 341 1293 379 in
1311 355 1356 379 ea
1375 341 1575 390 legatione
1596 341 1748 379 Gallica

53 417 183 453 usque
209 403 261 440 ad
286 416 440 440 annum
466 410 705 451 sequentem
730 409 968 447 exeuntem3
993 399 1085 438 vide
1109 399 1320 446 Bzovium,
1345 414 1410 438 an.
1436 400 1547 447 1353,
1579 400 1594 447 ξ
1621 400 1682 446 28,
1709 408 1750 438 et

53 461 276 501 Odoricum
302 461 673 510 Raynaldum,'an.
702 460 822 507 1353,
846 461 862 509 ἓ
888 460 948 507 15,
975 459 1088 506 1534,
1121 459 1136 507 ξ
1163 458 1224 496 19.

109 521 168 559 Eo
195 528 335 558 autem
362 534 484 567 anno,
511 534 583 557 xvl
611 520 690 558 kal.
720 519 897 557 octobris
927 518 991 569 [16
1011 517 1280 569 septembre],
1302 516 1509 555 dedicavit
1540 517 1749 555 ecclesiam

55 579 370 619 Carmelitarum
401 578 690 617 Parisiensium
713 577 997 628 praesentibus
1020 591 1110 626 rege
1139 584 1180 614 et
1208 575 1364 625 regina3
1391 576 1482 613 vide
1504 584 1532 614 t.
1560 591 1615 614 iv.
1643 576 1748 614 Hist.

59 638 341 677 Universitatis
372 637 520 685 Paris.‚
552 652 591 687 p.
625 637 713 676 328.
1004 633 1008 637 ’

109 697 359 735 Froissartus
385 697 462 747 [ed.
490 696 672 745 Kervyn,
697 703 726 734 t.
752 710 852 742 xvn,
875 710 914 745 p.
940 694 1038 745 298]
1064 693 1205 732 scribit
1227 693 1341 731 illum
1366 707 1500 731 mense
1530 694 1750 743 septembri

54 756 272 795 excessisse
295 755 460 793 Lutetia
482 763 523 793 et
544 754 708 793 rediisse
732 754 997 792 Avenionem.

108 814 332 853 Cardinalis
369 814 563 852 Boloniae
600 821 688 852 erat
727 813 915 851 Lutetiae
953 827 1061 850 anno
1101 811 1214 858 1354,
1253 825 1390 849 mense
1428 810 1584 861 aprilis:
1625 810 1753 848 Codex

56 874 341 924 homagiorum
364 873 543 923 episcopi
567 871 925 919 Claromontensis,
950 887 988 921 p.
1015 871 1102 909 256.

108 933 227 971 Anno
257 932 480 979 MCCCLV,
510 946 602 970 cum
631 939 820 981 ageretur
848 931 896 968 de
926 930 1138 968 mittendis
1172 930 1346 967 Romam
1376 928 1649 965 cardinalibus
1681 943 1753 977 pro

56 991 290 1030 coronando
326 991 478 1029 Karolo
515 991 568 1028 IV
602 991 862 1040 imperatore,
897 1004 1071 1039 eumque
1106 989 1303 1026 honorem
1336 995 1573 1037 expeterent
1609 988 1752 1035 Talay-

56 1051 208 1088 randus
232 1050 447 1088 cardinalis
471 1049 812 1099 petragoricensis
834 1057 876 1087 et
898 1048 1032 1086 Guido
1054 1048 1102 1085 de
1125 1047 1309 1093 Bolonia,
1334 1046 1448 1091 facile
1473 1046 1752 1084 obtinuerunt.

58 1110 151 1148 Non
175 1109 295 1147 ivisse
321 1117 461 1148 tamen
487 1109 546 1146 ait
573 1109 808 1146 Matthaeus
835 1107 1047 1154 Villanius,
1074 1106 1142 1144 lib.
1176 1107 1243 1152 IV,
1271 1120 1358 1155 cap.
1397 1119 1496 1142 Lxx1
1527 1105 1753 1155 [Muratori,

57 1177 87 1208 t.
113 1183 198 1216 Χιν,
223 1169 296 1207 col.
321 1168 436 1218 286],
461 1168 556 1218 quia
579 1182 686 1218 papa
710 1175 751 1205 et
775 1167 999 1204 cardinales
1026 1166 1247 1204 noluerunt
1280 1164 1543 1214 suppeditare
1566 1172 1753 1213 sumptus

57 1227 315 1266 necessarios.

110 1287 229 1325 Anno
257 1286 495 1324 MCCCLIX
521 1285 556 1324 ei
582 1285 775 1335 imposita
803 1293 864 1322 est
890 1284 1040 1333 legatio
1071 1283 1292 1333 Hispanica
1311 1282 1344 1327 ¹3.
1382 1283 1522 1328 Bzov.‚
1546 1296 1610 1320 an.
1641 1281 1754 1327 1359,

64 1346 81 1394 ἓ
98 1345 134 1393 6,
153 1345 267 1392 1360,
293 1346 309 1394 ἓ
326 1346 362 1392 8,
381 1345 541 1384 Odoric.
564 1344 782 1394 Raynald.,
800 1358 864 1382 an.
886 1343 999 1390 1359,
1024 1343 1040 1391 ἓ
1058 1342 1093 1389 2,
1113 1341 1226 1389 1362,
1251 1341 1267 1390 ἓ
1287 1341 1346 1388 18,
1365 1349 1405 1379 et
1423 1341 1572 1387 Surita,
1591 1340 1658 1379 lib.
1682 1340 1754 1387 IX,

57 1405 207 1444 Annal.
236 1405 449 1453 Arragon.,
478 1418 565 1454 cap.
596 1418 684 1450 xxl,
714 1417 863 1449 xxxin,
892 1410 933 1440 et
959 1402 1027 1440 lib.
1062 1402 1137 1448 ΙΙΙ,
1169 1401 1311 1447 India,
1340 1414 1404 1439 an.
1435 1399 1547 1446 1359,
1577 1407 1617 1437 et
1643 1398 1753 1437 1361.

60 1463 200 1502 Rediit
219 1463 312 1502 inde
334 1478 441 1501 anno
463 1463 714 1509 MCCCLXI,
737 1470 783 1499 ut
804 1461 863 1499 ait
882 1461 990 1500 iden]
1010 1460 1199 1506 Bzovius,
1220 1474 1285 1498 an.
1304 1459 1417 1506 1361,
1440 1459 1455 1507 ἓ
1478 1459 1512 1497 6.
1538 1459 1625 1506 Qua
1647 1458 1695 1495 de
1716 1472 1755 1495 re

58 1522 114 1561 sic
131 1522 279 1572 legitur
295 1522 336 1560 in
355 1522 535 1572 quodam
553 1522 656 1559 libro
674 1521 973 1570 Obligationum
990 1519 1145 1557 archivi
1165 1518 1353 1557 Vaticani
1372 1518 1422 1556 ad
1442 1532 1596 1555 annum
1615 1517 1727 1554 illum
1747 1532 1755 1553 ε

56 1582 132 1619 Die
147 1590 280 1619 octava
296 1581 515 1619 novembris
537 1581 665 1618 Gaiclo
681 1581 726 1618 de
741 1579 911 1617 Bolonia
926 1578 1143 1617 cardinalis
1160 1578 1275 1615 rediit
1291 1578 1333 1615 (le
1350 1577 1540 1626 legatione
1556 1575 1757 1626 Hispanie

57 1649 92 1679 et
123 1640 284 1678 intravit
312 1640 476 1679 curiam.
510 1640 611 1678 Vide
642 1639 767 1678 etiam
801 1638 1047 1677 Rodericum
1079 1637 1281 1683 santium,
1313 1650 1398 1686 par.
1436 1636 1503 1682 lv,
1536 1650 1623 1685 cap.
1657 1649 1756 1682 xvn,

58 1700 147 1738 Rer.
171 1699 433 1749 Hispanicar.
458 1707 499 1737 et
522 1699 703 1736 Primam
725 1698 846 1736 vitam
871 1696 1093 1735 Innocentii
1122 1696 1193 1743 VI,
1216 1710 1255 1746 p.
1281 1695 1368 1734 323.

112 1759 231 1797 Anno
273 1758 595 1797 MCCCLXVIII
638 1757 759 1796 fuisse
808 1757 991 1807 legatum
1040 1755 1081 1793 in
1127 1755 1245 1792 Italia
1287 1755 1407 1792 docet
1448 1752 1757 1802 Boninsegnius,

58 1833 99 1868 p.
120 1818 188 1865 533
208 1817 301 1856 vide
321 1817 447 1870 etiam
466 1817 647 1855 Primam
667 1816 786 1854 vitam
811 1815 965 1854 Urbani
991 1815 1036 1862 V,
1056 1830 1094 1864 p.
1117 1814 1193 1852 369
1212 1822 1253 1852 et
1273 1827 1375 1863 quae
1396 1828 1467 1851 nos
1487 1812 1566 1850 illic
1585 1812 1757 1849 adnota-

59 1891 162 1915 mus.

113 1936 232 1973 Anno
261 1935 533 1981 MCCCLXX,
563 1934 762 1973 concessit
788 1934 831 1972 in
856 1933 1104 1971 locationem
1131 1932 1184 1970 ad
1213 1931 1446 1981 quindecim
1474 1944 1601 1967 annos
1630 1943 1757 1966 unum

59 2003 242 2034 castrum
269 2009 362 2033 cum
388 1994 592 2044 aliquibus
619 1993 941 2044 possessionibus
981 1991 1171 2030 ecclesiae
1202 1990 1435 2028 portuensis
1460 1990 1614 2038 absque
1642 2002 1756 2037 supe-

61 2053 174 2092 rioris
196 2053 445 2092 auctoritate
466 2054 530 2091 vel
551 2053 706 2102 absque
728 2051 909 2091 evidenti
930 2050 1120 2089 ecclesiae
1140 2049 1374 2087 portuensis
1393 2046 1592 2086 utilitate:
1616 2046 1756 2095 Aegid.

65 2112 283 2150 Bellamera
302 2112 344 2150 in
362 2112 546 2150 Clement.
569 2112 613 2150 Si
632 2127 713 2149 ana
731 2112 774 2149 cle
791 2111 905 2148 rebus
922 2111 1049 2148 eccles.
1071 2124 1146 2146 non
1166 2109 1284 2146 alien.

114 2171 233 2210 Anno
252 2172 547 2217 MCCCLXXI,
567 2172 629 2209 die
646 2179 793 2220 quarta
807 2169 998 2220 januarii,
1014 2169 1110 2207 fecit
1124 2168 1410 2218 presbyterum
1427 2165 1664 2214 Gregorium
1682 2163 1756 2210 XI,

60 2231 237 2269 electum
263 2230 503 2281 pontificem
533 2231 784 2275 Romanum3
815 2229 995 2267 Secunda
1022 2228 1098 2265 vita
1133 2226 1310 2276 Gregorii
1336 2225 1417 2272 XI,
1445 2240 1482 2275 p.
1513 2224 1598 2261 438.

117 2290 272 2328 Eodem
303 2304 410 2328 anno
439 2289 547 2328 idem
578 2289 792 2339 Gregorius
823 2287 857 2326 ei
887 2296 928 2326 et
958 2286 1127 2337 Aegidio
1158 2284 1361 2331 Aiscelini,
1385 2283 1574 2333 episcopo
1607 2282 1756 2319 Tuscu-

63 2348 172 2395 lano,
206 2349 411 2388 commisit
444 2362 610 2387 causam
643 2347 836 2386 Astruchi
880 2347 928 2385 de
972 2346 1086 2384 Piera
1130 2344 1278 2382 Judaei
1318 2340 1641 2387 Barcinonensis,
1666 2385 1668 2389 ι
1690 2338 1758 2388 qui

65 2407 271 2446 confessus
311 2408 445 2446 fuerat
485 2407 596 2457 quod
636 2407 853 2445 daemones
893 2405 1173 2451 invocaverat,
1214 2402 1530 2443 sacrificaverat,
1566 2411 1757 2448 responsa

64 2474 357 2517 expectaverat
391 2474 432 2505 et
465 2467 685 2511 habuerat3
724 2465 851 2504 Nicol.
888 2463 1090 2514 Eymerici
1124 2463 1164 2500 in
1195 2461 1372 2500 secunda
1402 2467 1517 2509 parte
1550 2456 1758 2494 Directorii

68 2525 312 2576 Inquisitor„
334 2533 491 2576 quaest.
514 2540 611 2562 vai
635 2525 688 2575 [p.
711 2524 824 2574 250].

65 2693 107 2725 de
124 2693 215 2736 paix
233 2696 329 2725 entre
348 2691 383 2724 la
403 2691 544 2724 France
562 2695 593 2723 et
612 2689 848 2733 l'Angleterre
871 2687 1101 2731 (1353-1355)
1126 2686 1218 2718 dans
1239 2684 1358 2716 Reme
1377 2682 1560 2715 d'liistoire
1579 2680 1759 2713 ecclesias-

67 2746 173 2789 tique,
191 2751 218 2778 t.
237 2757 263 2777 x
284 2744 416 2788 (1909),
434 2756 469 2787 p.
488 2743 673 2786 729—743).
690 2762 738 2766 —
753 2742 823 2775 Sur
838 2742 869 2774 le
886 2742 1010 2784 sejour
1027 2741 1075 2772 du
1093 2738 1255 2772 cardina]
1274 2748 1319 2768 cn
1338 2735 1488 2773 France,
1508 2733 1587 2766 voir
1604 2733 1758 2776 Deprez,

67 2798 242 2831 Innocent
265 2798 331 2837 VI,
353 2809 387 2830 n.
410 2798 466 2836 32,
488 2797 545 2836 46,
568 2797 624 2835 70,
647 2797 703 2835 87,
725 2796 806 2834 198,
828 2794 909 2834 199,
932 2793 1012 2832 204,
1036 2793 1115 2831 208,
1139 2791 1218 2829 217,
1242 2790 1320 2828 257,
1344 2789 1428 2826 258;
1453 2787 1495 2819 R.
1521 2785 1757 2824 Delachenal,

65 2851 265 2885 Premic’res
287 2850 532 2893 negociations
553 2850 594 2882 de
615 2848 762 2882 Cliarles
784 2849 814 2881 le
835 2847 1012 2880 Maavais
1033 2856 1114 2877 auec
1135 2844 1183 2876 les
1203 2842 1373 2885 Anglais,
1399 2841 1490 2873 dans
1513 2839 1760 2881 Bibliotheque

67 2905 108 2938 de
122 2897 255 2938 l’Ecole
270 2904 329 2937 des
345 2903 502 2942 Charles,
520 2908 546 2935 t.
566 2914 628 2935 LXI
648 2901 781 2945 (1900),
799 2912 833 2944 p.
853 2899 1026 2938 253-2823
1043 2897 1205 2930 Histoire
1221 2896 1261 2928 de
1276 2894 1423 2928 Charles
1442 2893 1483 2931 V,
1502 2898 1527 2925 t.
1543 2904 1566 2931 1,
1585 2903 1619 2935 p.
1638 2891 1757 2924 85-89.

115 2957 147 2991 1.
178 2956 220 2990 G.
251 2956 428 2995 Daumet,
467 2955 642 2988 Innocent
672 2954 728 2987 VI
754 2959 785 2987 et
810 2952 970 2986 Blanche
997 2951 1037 2984 de
1063 2949 1246 2988 Bourbon,
1278 2946 1391 2986 Paris,
1430 2945 1534 2984 1899,
1573 2956 1607 2988 p.
1638 2944 1758 2984 70-75‚

67 3009 413 3051 166-1743M011at,
442 3008 510 3041 Les
535 3019 649 3051 papea
676 3006 896 3049 d’Avignon,
925 3016 960 3048 p.
991 3004 1058 3037 288
1086 3009 1123 3036 et
1152 3002 1236 3041 2973
1267 2999 1504 3038 Delachenal‚
1533 2997 1695 3031 Histoire
1722 2997 1762 3031 de

68 3063 215 3097 Charles
238 3062 281 3103 V,
304 3068 330 3096 t.
351 3074 402 3101 111,
425 3073 459 3105 p.
484 3061 563 3094 257.
