2083 3458
119 214 228 271 [353]
642 233 859 258 PAPARUM
895 197 1279 259 xVENIONENsiUM
1716 207 1799 248 367

102 315 264 362 titulus,
284 329 330 353 eo
349 315 547 362 extincto,
568 315 688 352 datus
709 316 906 354 estfratri
925 317 1011 366 ejus
1032 316 1154 355 Petro
1174 316 1222 353 de
1243 313 1419 359 Judicia,
1440 324 1567 361 quum
1587 309 1721 346 factus
1741 313 1802 344 est

105 373 322 412 cardinalis
347 387 369 411 a
396 373 588 423 Gregorio
616 374 691 421 XI,
717 383 764 412 ut
789 383 906 424 patet
931 390 981 414 ex
1007 375 1188 413 Secunda
1212 373 1298 423 ejus
1330 372 1434 419 Vita,
1461 385 1499 420 p.
1527 366 1711 406 440-442.
1741 365 1803 402 Ex

106 447 186 481 quo
208 432 472 481 consequitur
492 432 576 469 falli
598 447 663 470 eos
686 433 755 482 qui
775 442 928 483 putant
950 434 1189 483 Gregorium
1212 433 1272 470 XI
1294 432 1345 469 ab
1367 446 1427 477 eo,
1449 437 1496 466 ut
1515 427 1648 478 priore
1670 424 1803 462 diaco-

104 505 265 538 norum,
288 491 411 529 fuisse
434 500 690 529 coronatum.

159 550 278 587 Anno
328 550 671 596 MCCCLXXIII,
713 551 963 589 constitutus
1013 559 1074 589 est
1122 557 1331 601 protector
1380 546 1530 586 ordinis
1580 544 1802 587 Minorum,

107 608 339 657 Wadding.‚
361 623 426 646 an.
451 608 564 655 1373,
593 608 609 656 ξ
631 609 680 646 23
703 609 748 659 [t.
772 624 854 656 VIII,
876 625 914 659 p.
939 610 1052 660 281}

157 667 277 705 Anno
304 667 624 705 MCCCLXXIV
652 667 754 705 obiit
781 668 982 706 Avenioni
1010 669 1052 706 in
1079 669 1189 705 domo
1215 682 1289 704 sua
1315 665 1480 716 propria
1505 671 1551 700 ut
1578 662 1637 699 ait
1663 667 1806 697 auctor

106 726 308 764 Secundae
333 727 433 764 vitae
463 726 641 775 Gregorii
665 726 747 773 XI,
772 741 917 776 papae,
944 743 981 777 p.
1009 727 1098 773 440,
1125 727 1188 765 die
1214 740 1347 763 xxvnl
1373 723 1524 774 aprilis,
1550 721 1634 758 sive
1658 733 1700 756 1v
1726 717 1805 755 kal.

106 785 214 823 maii.
249 785 422 823 Constat
453 793 593 823 autem
626 800 770 835 corpus
803 786 889 835 ejus
923 786 1106 824 delatum
1138 800 1222 823 esse
1254 785 1306 822 ad
1338 780 1633 820 monasterium
1665 778 1807 816 Casae-

108 843 195 891 Dei,
219 844 357 893 ibique
382 844 589 894 sepultum
613 844 654 881 in
679 845 801 882 choro
824 844 866 881 in
890 846 1050 882 tumulo
1075 844 1235 882 modico
1258 843 1393 893 lapide
1418 839 1590 890 simplici
1615 843 1807 886 cooperto

104 903 225 952 juxta
244 904 497 940 avunculum
516 903 767 941 Clementem
785 902 812 941 ¹.

159 962 201 1000 P.
230 961 318 1009 243,
344 962 409 1011 lig.
439 962 498 999 14.
527 962 821 1000 GUILLERMUM
849 963 992 1000 CunTJ.
1023 962 1080 999 De
1106 963 1182 999 hac
1207 960 1409 1010 legatione
1428 959 1442 980 '3
1467 955 1671 996 Guillelmi
1692 952 1806 991 Curti

104 1028 251 1059 extant
274 1021 385 1071 apud
410 1020 631 1058 Odoricum
658 1021 935 1070 Raynaldum,
961 1035 1025 1059 an.
1053 1020 1167 1067 1342,
1199 1020 1215 1068 ἓ
1241 1020 1301 1067 17,
1327 1019 1467 1056 literae
1492 1013 1710 1054 Clementis
1735 1012 1807 1059 VI,

106 1079 227 1118 datae
251 1079 408 1118 decimo
433 1088 580 1129 quarto
604 1080 683 1118 kal.
708 1080 872 1129 augusti
896 1094 1003 1117 anno
1026 1080 1158 1129 primo
1184 1077 1248 1127 [19
1270 1078 1404 1127 juillet
1428 1075 1567 1124 1342],
1587 1088 1636 1112 ex
1660 1071 1807 1122 quibus

104 1146 222 1189 patet
249 1138 336 1188 ejus
364 1138 559 1188 legationi
587 1139 795 1188 subjectos
825 1138 947 1177 fuisse
976 1138 1281 1188 patriarchatus
1311 1135 1611 1185 Aquileiensem
1640 1140 1681 1170 et
1709 1131 1807 1168 Gra-

105 1197 271 1236 densem
300 1212 458 1235 necnon
489 1197 848 1244 Mediolanensem,
880 1198 1145 1243 Januensem,
1169 1197 1466 1246 Spalatensem,
1499 1191 1806 1242 Ragusiensem,

105 1256 352 1307 Cretensem,
391 1264 432 1294 et
470 1257 786 1295 Antibarensem
824 1256 1070 1306 provincias,
1110 1270 1156 1293 ac
1200 1254 1455 1305 Papiensem,
1496 1250 1806 1295 Ferrariensem,

105 1315 402 1363 placentinam,
427 1316 703 1363 Parmensem,
727 1315 911 1353 Mutiner
932 1323 1084 1362 sem,et
1102 1314 1401 1363 Rheginensem
1424 1311 1613 1350 civitates
1636 1316 1677 1347 et
1700 1307 1806 1345 dioe-

104 1389 224 1412 ceses.
257 1374 488 1424 Peroptime
518 1389 684 1413 munere
713 1390 785 1412 suo
815 1374 1004 1412 functum
1034 1389 1117 1411 esse
1146 1374 1328 1423 legatum
1358 1372 1506 1409 docent
1535 1369 1637 1406 aliae
1664 1367 1806 1404 literae

105 1433 322 1471 Clementis
349 1447 452 1483 quae
477 1441 624 1472 extant
649 1434 759 1483 apud
785 1434 974 1471 eumdem
1001 1433 1279 1481 Raynaldum,
1305 1446 1369 1469 an.
1399 1429 1512 1476 1342,
1545 1428 1561 1476 ξ
1587 1426 1648 1473 19,
1674 1433 1715 1464 et
1740 1439 1804 1463 an.

106 1492 219 1539 1346,
251 1492 267 1539 ἓ
290 1492 353 1539 59,
377 1492 417 1530 in
442 1492 589 1542 quibus
613 1492 748 1542 agitur
772 1493 820 1530 de
844 1492 995 1541 treugis
1019 1491 1289 1529 triennalibus
1313 1490 1399 1539 ejus
1424 1486 1672 1526 auctoritate
1695 1483 1806 1522 initis

104 1550 210 1589 inter
235 1551 389 1589 nobiles
414 1560 454 1589 et
479 1552 797 1589 communitates
830 1550 1114 1589 Lombardiae.
1144 1551 1201 1588 De
1226 1550 1368 1588 eadem
1392 1563 1432 1585 re
1458 1547 1592 1596 agitur
1616 1544 1742 1583 ctiam
1765 1542 1806 1580 in

104 1609 207 1648 libro
234 1618 382 1660 quarto
409 1611 564 1659 Regesti
590 1610 775 1660 ejusdem
800 1624 946 1661 papae,
973 1610 1090 1660 epist.
1113 1622 1241 1656 CXXV,
1263 1623 1385 1654 CLXV,
1406 1620 1577 1651 ccxxxi,
1601 1616 1806 1649 cccxcvn,

106 1683 247 1716 CDle,
266 1677 307 1707 et
322 1669 364 1707 in
382 1669 600 1707 Collatione
615 1668 630 1691 3
649 1684 773 1719 quam
790 1669 899 1707 idem
918 1670 1100 1707 Clemens
1120 1668 1215 1706 fecit
1232 1668 1270 1705 in
1290 1667 1425 1705 reditu
1443 1665 1529 1714 ejus
1548 1678 1569 1701 a
1587 1661 1804 1712 legatione,

103 1727 173 1765 ubi
186 1727 241 1766 sic
252 1728 456 1777 loquitur:
476 1728 587 1766 Unde
599 1728 750 1766 videtur
766 1727 884 1765 michi
898 1729 999 1778 quod
1009 1728 1120 1765 hodie
1136 1728 1187 1764 ad
1202 1741 1271 1764 nos
1283 1726 1435 1763 rediens
1451 1724 1648 1762 virtuosus
1659 1729 1692 1759 et
1707 1734 1806 1758 com-

105 1787 342 1824 mendabilis
367 1802 412 1824 ex
437 1788 637 1824 commissi
662 1787 792 1837 operis
831 1787 1166 1824 consummatione
1191 1785 1306 1831 venit,
1333 1799 1378 1822 ea:
1404 1797 1555 1821 morum
1583 1782 1625 1818 in
1651 1781 1747 1818 clero
1773 1787 1807 1816 et

103 1847 250 1896 populo
273 1846 558 1895 reformatione.
589 1846 705 1884 Venit
725 1846 950 1895 fructuosus
973 1855 1006 1883 et
1029 1846 1138 1883 valde
1161 1844 1272 1882 utilis
1295 1859 1340 1882 ex
1362 1842 1461 1881 tanti
1484 1841 1626 1891 sederis
1649 1839 1807 1889 copula-

103 1904 218 1943 tione.
241 1905 354 1952 Dico,
377 1905 520 1955 primo,
543 1913 608 1943 etc.
633 1905 699 1943 Ad
720 1906 888 1943 litteram
909 1905 1016 1942 enim
1040 1904 1173 1954 ipsum
1195 1911 1352 1954 propter
1381 1901 1536 1950 negotia
1558 1913 1628 1950 que
1656 1898 1707 1936 ad
1728 1898 1806 1947 offi-

104 1963 209 2001 cium
226 1962 343 2013 legati
361 1964 596 2001 incumbunt
612 1964 796 2002 misimus
812 1965 864 2001 ad
879 1964 956 2001 tria
971 1977 1090 2014 opera
1105 1963 1328 2013 specialiter
1354 1960 1576 2006 eoeercenda,
1594 1959 1645 1995 ad
1659 1957 1807 2007 sacien-

103 2023 197 2060 clum
217 2037 352 2072 pacem
389 2038 458 2060 seu
478 2031 634 2072 treugas
656 2024 699 2060 in
719 2023 973 2069 Lombardia,
996 2038 1066 2073 que
1086 2030 1167 2060 erat
1187 2021 1310 2059 variis
1334 2020 1442 2058 bellis
1462 2027 1495 2056 et
1516 2016 1806 2067 multiplicibus

102 2082 247 2130 afflicta
266 2082 501 2119 mirabiliter
519 2091 553 2120 et
571 2097 772 2128 concussa,
792 2083 961 2119 secundo
980 2082 1031 2119 asl
1051 2081 1269 2119 uniendum
1291 2094 1423 2117 omnes
1451 2079 1495 2115 de
1523 2077 1604 2114 illis
1623 2075 1804 2126 partibus

102 2141 154 2178 ad
176 2140 435 2178 resistendum
458 2141 627 2188 Bavaro,
652 2141 688 2178 si
712 2142 819 2178 vellet
842 2141 1124 2178 Lombardiam
1149 2140 1308 2186 intrare,
1333 2138 1441 2176 tertio
1465 2137 1517 2174 acl
1541 2134 1805 2172 inducendum

108 2199 270 2237 Venetos
299 2208 333 2237 et
361 2200 461 2237 alios
491 2201 542 2237 acl
569 2201 876 2238 succurrendum
907 2199 1151 2237 Christianis
1177 2199 1219 2235 in
1249 2197 1442 2235 Romanie
1463 2195 1645 2246 partibus
1675 2200 1808 2230 contra

106 2258 265 2297 Turcos,
300 2258 391 2308 Ipse
420 2267 549 2296 autem
578 2259 753 2308 predicta
782 2259 942 2309 perfecit
970 2258 1192 2296 auxiliante
1217 2257 1403 2294 Domino.
1437 2255 1590 2292 Eodem
1622 2261 1807 2301 tempore

103 2317 342 2355 Guillelmus
371 2318 484 2355 Curti
509 2317 694 2356 inducias
722 2318 763 2355 in
785 2317 1113 2367 quinquennium
1138 2315 1356 2355 constituit
1382 2314 1488 2351 inter
1513 2311 1806 2355 Lombardum,

103 2376 340 2426 episcopum
379 2377 688 2424 Vercellensem,
728 2385 768 2415 et
808 2377 990 2423 Petrum,
1031 2375 1242 2413 dominum
1270 2373 1394 2423 Burgi
1433 2370 1592 2417 Masini,
1623 2370 1805 2418 aliosque

151 2558 182 2591 1.
201 2556 275 2590 Son
291 2557 471 2590 tombeau
487 2556 644 2589 n’existe
662 2557 743 2600 plus
764 2556 824 2598 (M.
845 2556 1007 2593 Faucon,
1025 2555 1189 2588 Bulletin
1214 2552 1492 2594 archeologique,
1522 2551 1626 2589 1884,
1647 2562 1681 2592 p.
1711 2549 1794 2592 428)

102 2629 150 2634 —
178 2610 388 2643 Guillaume
418 2610 461 2642 de
490 2610 525 2642 la
553 2609 663 2652 Jugie
693 2609 911 2642 construisit
939 2620 979 2641 sa
1007 2608 1119 2640 livree
1148 2619 1211 2639 sur
1238 2605 1540 2648 l⁷emplacement
1569 2603 1612 2635 de
1641 2603 1728 2635 celle
1760 2603 1805 2634 de

102 2663 315 2697 Guillaume
334 2662 455 2695 Pierre
473 2662 517 2695 de
536 2662 669 2695 Godin.
690 2662 866 2695 L’edifice
884 2661 977 2695 etait
995 2661 1133 2694 aehcve
1151 2671 1197 2692 en
1213 2659 1318 2697 1351,
1338 2657 1430 2690 mais
1447 2657 1471 2689 il
1488 2656 1546 2688 fut
1564 2655 1720 2698 agr-andi
1738 2666 1806 2698 par

103 2717 224 2749 divers
245 2717 418 2758 acquets3
438 2715 462 2747 il
483 2727 592 2758 passa
611 2716 631 2747 a
653 2715 773 2747 Pierrc
795 2716 838 2747 de
858 2716 892 2747 la
908 2714 1031 2757 Jugie.
1048 2714 1068 2745 a
1086 2713 1206 2745 Pierrc
1228 2712 1270 2743 de
1292 2711 1397 2743 Luna
1416 2716 1454 2742 et
1473 2710 1493 2741 a
1513 2709 1583 2742 Gui
1604 2709 1646 2741 de
1667 2708 1804 2740 Malscc

109 2770 161 2812 (P.
180 2768 343 2808 Pansicr,
359 2768 415 2800 La
429 2768 535 2801 livree
549 2768 590 2801 de
603 2768 760 2801 Poitiers
775 2769 797 2800 a
810 2768 984 2810 Avignon
1000 2767 1048 2799 clu
1061 2765 1177 2798 XIVe
1193 2776 1242 2797 au
1255 2763 1420 2796 XVIIIe
1435 2762 1549 2801 siecle,
1570 2762 1661 2794 dans
1673 2761 1804 2793 Anna-

106 2823 154 2856 les
168 2821 390 2864 d'Avignon,
407 2827 433 2854 t.
448 2833 487 2853 111
506 2821 751 2864 (1914-1915),
770 2832 804 2864 p.
822 2821 978 2854 233-256
994 2826 1031 2852 et
1045 2816 1434 2854 Albanes-Chevalier‚
1457 2814 1578 2848 Gallia
1594 2814 1809 2847 Christiana

106 2875 315 2913 novissima,
336 2880 363 2907 t.
385 2885 447 2913 vn,
468 2885 503 2907 n.
524 2873 707 2917 1534).—
722 2873 793 2906 Sur
812 2873 1034 2912 Guillaume,
1057 2871 1137 2904 voir
1158 2870 1311 2913 Deprcz,
1330 2881 1364 2902 n.
1387 2869 1455 2902 628
1475 2874 1512 2900 et
1531 2868 1617 2907 678;
1639 2866 1804 2905 schefer,

103 2927 281 2961 Benedilct
315 2926 412 2966 XII,
451 2938 485 2969 p.
524 2927 604 2960 748.

155 2982 184 3014 2.
208 2980 362 3023 Deprez‚
380 2991 414 3012 n.
434 2980 602 3019 739-741‚
621 2980 701 3019 776,
720 2980 800 3012 777.
817 2997 865 3001 —
880 2978 929 3010 Le
946 2977 1112 3010 cardinal
1129 2975 1247 3019 partit
1262 2975 1293 3007 le
1311 2975 1330 3007 9
1348 2974 1499 3007 octobre
1518 2973 1611 3006 1342
1628 2979 1665 3005 et
1680 2972 1806 3005 revint

105 3035 136 3067 le
158 3034 203 3067 30
224 3033 375 3066 octobre
397 3032 489 3065 1343
514 3032 657 3075 (Eubel,
679 3031 909 3070 Hierarchia,
932 3036 958 3063 t.
978 3042 1002 3069 1,
1024 3041 1059 3073 p.
1082 3029 1153 3072 17).

155 3088 187 3120 3.
214 3085 477 3128 Bibliotheque
503 3084 874 3123 Sainte—Genevieve‚
901 3095 968 3116 ms.
995 3082 1077 3122 240,
1104 3082 1166 3114 sol.
1195 3081 1262 3113 249
1288 3085 1331 3113 ΥΟ.
