2083 3458
78 201 204 255 [642]
606 216 822 242 PAPARUM
860 218 1243 243 AVENIONENsmM
1695 206 1766 245 125

68 299 270 346 nitanum,
292 306 434 349 postea
457 313 552 337 vero
575 299 806 348 Aquensem
829 301 870 339 in
891 301 1067 339 secunda
1091 301 1358 339 Narbonensi.
1382 302 1553 340 Videtur
1573 311 1712 341 autem
1734 303 1765 341 is

65 356 213 396 obiisse
235 372 343 396 anno
375 357 675 406 MCCCXVIII,
715 373 794 407 quo
827 360 992 397 Petrum
1015 359 1062 397 de
1091 360 1214 397 Prato
1236 360 1391 397 factum
1408 361 1529 399 fuisse
1551 362 1766 411 archiepis·

65 431 214 467 copum
245 417 478 466 Aquensem
509 424 672 454 constat
703 432 752 454 ex
781 418 901 455 Libro
931 418 1215 467 obligationum
1247 419 1396 456 archivi
1432 420 1627 458 Vaticani.
1662 421 1765 458 Nam

65 476 179 513 illum
203 475 324 513 fuisse
347 475 482 513 adhuc
503 475 711 513 hominem
745 490 852 514 anno
891 477 1166 523 MCCCXVII,
1203 477 1265 515 die
1290 493 1421 515 xxvm
1445 479 1622 528 augusti,
1647 479 1765 517 docet

66 542 184 572 vetus
217 535 358 572 charta
389 533 589 584 Aquensis
611 534 721 571 edita
752 549 773 572 a
807 535 970 573 Pittone
1000 536 1042 574 in
1071 536 1302 574 Annalibus
1324 536 1523 574 Ecclesiae
1553 538 1764 587 Aquensis,

65 608 104 643 p.
133 593 218 631 168.
574 598 577 602 ”

119 652 161 690 Ρ.
185 651 247 699 61,
268 652 333 701 lig.
357 652 417 689 23.
441 651 679 689 ARNALDUS
704 666 757 689 DE
783 651 1028 691 PELAGRUA.
1073 654 1118 691 In
1150 662 1306 702 regesto
1329 668 1510 692 camerae
1553 664 1764 705 computo-

65 725 155 748 rum
180 710 415 749 Parisiensis
437 718 584 749 notato
609 710 650 748 F.
678 711 737 757 F.,
761 711 828 748 fel.
854 711 916 755 51.
940 712 1176 750 nominatur
1200 713 1469 761 Raymundus
1493 714 1540 751 de
1561 714 1764 763 Pelegrue.

62 769 252 808 dominus
277 770 325 807 de
348 769 552 818 Pelegrue,
575 769 615 806 in
640 769 811 807 dioecesi
835 770 1061 809 Vasatensi.
1088 771 1335 809 Froissartus
1359 786 1454 810 vero
1479 771 1523 821 [t.
1547 787 1602 819 111,
1626 787 1663 822 p.
1690 773 1760 822 60]

63 829 122 866 ait
150 836 329 866 castrum
359 828 406 866 de
445 828 636 877 Pelegrue
664 842 748 866 esse
786 828 828 869 in
857 829 1056 867 comitatu
1095 830 1426 879 Petragoricensi.
1460 831 1642 880 Denique
1670 832 1763 869 Ber—

63 887 214 925 nardus
239 886 435 925 Guidonis
459 887 565 927 inter
588 887 740 937 priores
765 896 990 926 conventus
1014 888 1349 937 BrageriaCfflisis,
1375 889 1525 928 ordinis
1552 890 1763 928 Praedica-

63 954 213 991 torum,
234 954 416 984 recenset
434 945 443 967 ¹
467 946 636 983 fratrem
658 946 860 984 Joannem
883 947 929 984 de
952 947 1162 996 Pelagrua,
1177 948 1460 997 Bajonensem.
1485 949 1634 986 Verum
1655 949 1762 987 hunc

62 1005 289 1045 Arnaldum
313 1004 560 1043 cardinalem
584 1013 747 1045 constat
771 1013 906 1042 ortum
930 1020 1012 1043 esse
1037 1021 1085 1043 ex
1107 1020 1151 1044 ea
1179 1014 1296 1055 gente
1321 1021 1424 1056 quae
1448 1007 1583 1045 sedem
1609 1015 1761 1045 statam

63 1072 104 1102 et
131 1064 256 1101 fixam
282 1064 464 1101 habebat
484 1063 530 1116 ¹in
547 1063 718 1101 dioecesi
736 1064 964 1102 Yasatensi.
997 1065 1112 1101 Illum
1137 1065 1332 1111 nonnulli,
1360 1065 1420 1103 uti
1446 1080 1581 1116 supra,
1608 1081 1646 1116 p.
1672 1066 1759 1113 608,

60 1123 326 1161 observatum
362 1131 436 1170 est,
472 1122 590 1161 aiunt
625 1122 746 1160 fuisse
783 1123 945 1161 affinem
982 1124 1198 1161 Clementis
1235 1124 1382 1173 quinti,
1418 1124 1486 1162 alii
1521 1133 1712 1175 nepotem
1732 1129 1758 1163 ².

62 1182 258 1232 Corrupte
288 1196 409 1232 porro
438 1181 644 1220 Arduinus
673 1190 846 1219 vocatur
863 1182 905 1219 in
924 1182 1291 1232 subscriptionibus
1310 1183 1443 1221 bullae
1464 1184 1680 1222 Clementis
1713 1185 1760 1221 de

60 1241 224 1290 negotio
241 1240 352 1290 regni
372 1240 541 1287 Siciliae,
562 1255 665 1290 quae
684 1240 794 1278 edita
813 1249 874 1279 est
892 1241 1001 1291 apud
1021 1241 1241 1279 Odoricuni
1265 1242 1540 1290 Raynaldum,
1559 1256 1623 1281 an.
1646 1243 1759 1290 1307,

66 1299 85 1348 g
106 1299 167 1338 23.

113 1358 232 1397 Anno
251 1358 438 1405 MCCCV,
458 1358 520 1396 die
541 1373 597 1395 xx·
617 1358 854 1405 decembris,
875 1359 1006 1396 factus
1025 1367 1086 1396 est
1105 1359 1297 1397 diaconus
1317 1359 1531 1397 cardinalis
1551 1360 1587 1398 S.
1608 1360 1758 1397 Mariae

63 1417 104 1454 in
136 1417 313 1455 Porticu.

111 1476 230 1515 Anno
254 1476 454 1526 sequenti,
479 1476 614 1514 nescio
638 1490 718 1526 quo
743 1476 865 1513 titulo
890 1491 1021 1525 quave
1046 1476 1308 1524 auctoritate,
1334 1477 1618 1527 subdelegavit
1636 1478 1756 1515 Boni-

58 1534 210 1573 facium
232 1535 280 1573 de
304 1535 453 1573 Sancta
477 1535 600 1582 Julia‚
621 1535 857 1585 episcopum
880 1535 1111 1577 Albensem,
1135 1548 1257 1573 causa
1280 1535 1447 1573 uniendi
1469 1549 1632 1574 mensae
1655 1536 1756 1586 epis-

56 1594 189 1644 copali
212 1593 451 1632 Taurinensi
473 1593 683 1632 ecclesiam
705 1594 1000 1644 parrochialem
1024 1594 1215 1635 Cadralii;
1236 1594 1490 1643 Augustinus
1512 1594 1561 1632 ab
1580 1595 1756 1632 Ecclesia

56 1653 101 1690 in
124 1653 222 1690 serie
244 1653 518 1703 episcoporum
542 1653 791 1691 Albensium.

109 1712 228 1750 Anno
247 1712 467 1750 MCCCVII
485 1719 527 1750 et
545 1712 731 1761 sequenti
751 1712 829 1749 fuit
847 1712 888 1750 in
907 1712 1004 1749 urbe
1025 1711 1271 1749 pictaviensi
1300 1726 1392 1749 cum
1410 1726 1517 1762 papa
1534 1712 1752 1751 Clemente.

59 1769 112 1808 Et
146 1785 238 1808 eum
270 1770 302 1808 is
335 1770 429 1809 hinc
463 1770 712 1809 discessisset
744 1771 997 1809 Avenionem
1031 1770 1248 1817 rediturus,
1283 1770 1318 1808 ei
1351 1785 1484 1808 eomes
1517 1771 1753 1808 individuus

57 1829 257 1868 adhaesit.
284 1829 523 1880 Reperimus
545 1830 652 1868 enim
674 1830 715 1868 in
737 1838 850 1867 tomo
870 1829 1002 1880 primo
1025 1829 1199 1867 Bullarii
1221 1829 1468 1876 Casinensis,
1487 1844 1525 1879 p.
1550 1830 1612 1877 41,
1634 1830 1754 1868 fuisse

55 1902 149 1926 cum
175 1888 242 1926 illo
270 1889 452 1935 Tolosae,
481 1903 590 1927 anno
618 1889 821 1927 MCCCIX
848 1889 1027 1927 ineunte.
1060 1888 1257 1926 Odoricus
1285 1902 1380 1926 vero
1410 1888 1665 1937 Raynaldus.
1686 1903 1750 1926 an.

59 1947 170 1995 1309,
197 1947 213 1996 ξ
232 1947 267 1995 2,
287 1947 410 1986 refert
438 1947 715 1997 fragmentum
738 1947 952 1997 cujusdam
975 1947 1108 1985 bullae
1128 1947 1345 1985 Clementis
1371 1961 1420 1984 ex
1448 1961 1527 1996 qua
1547 1947 1749 1996 colligitur

56 2007 306 2044 Clementem
349 2014 390 2044 et
427 2007 534 2044 hunc
568 2007 795 2044 Arnaldum
829 2021 915 2044 xvn
950 2007 1029 2043 kal.
1066 2005 1259 2043 februarii
1303 2005 1368 2055 [16
1398 2005 1598 2056 januarii]
1635 2006 1751 2043 simul

56 2065 177 2103 fuisse
205 2065 314 2115 apud
343 2065 555 2104 Convenas
571 2065 598 2103 3.
630 2065 814 2115 Denique
840 2065 1071 2103 Bernardus
1100 2064 1296 2102 Gnidonis
1322 2065 1365 2102 in
1390 2064 1572 2102 Historia
1599 2079 1752 2102 monas-

54 2124 143 2161 terii
163 2124 353 2162 Pruliani
367 2123 384 2147 4
404 2124 634 2162 describens
654 2124 732 2163 iter
753 2124 971 2163 Clementis
994 2123 1246 2162 Avenionem
1266 2122 1560 2173 proficiscentis
1581 2123 1640 2160 ait
1661 2138 1752 2161 eum

53 2183 231 2221 secunda
259 2182 346 2221 vice
374 2183 496 2221 fuisse
522 2183 565 2221 in
592 2183 840 2221 monasterio
869 2183 1049 2221 Pruliani
1077 2182 1140 2220 die
1169 2181 1355 2220 mercurii
1380 2196 1422 2219 1v
1451 2182 1529 2220 kal.
1560 2182 1752 2220 februarii

65 2241 130 2291 [29
152 2241 352 2292 januarii]
379 2250 419 2280 et
443 2242 630 2292 sequenti
655 2242 717 2280 die
740 2242 846 2292 jovis
870 2242 1042 2280 intrasse
1068 2242 1291 2279 claustrum
1316 2248 1356 2278 et
1391 2240 1616 2290 capitulum
1645 2255 1751 2278 soro-

53 2315 143 2338 rum
171 2315 263 2339 cum
290 2300 469 2350 quinque
498 2301 786 2348 cardinalibus,
813 2301 862 2339 iis
898 2300 1091 2338 nimirum
1119 2299 1187 2350 qui
1223 2300 1488 2338 nominantur
1514 2299 1555 2337 in
1581 2299 1749 2337 laudata

52 2433 256 2474 Chevalier,
280 2434 402 2468 Gallia
417 2435 630 2469 Christiana
645 2437 855 2476 novissima,
872 2436 960 2474 Ait,
980 2434 1102 2474 Iustu,
1122 2435 1200 2467 doc.
1221 2446 1309 2473 xrv,
1328 2434 1395 2466 col.
1411 2434 1482 2477 54).
1499 2434 1528 2466 Il
1541 2446 1584 2466 ne
1597 2441 1749 2467 mourut

55 2498 121 2530 pas
143 2499 188 2519 en
211 2487 316 2527 1318,
341 2499 403 2520 car
425 2500 476 2520 un
499 2489 702 2522 document
725 2495 862 2522 atteste
886 2500 953 2521 son
975 2488 1162 2521 existence
1185 2488 1216 2520 le
1240 2488 1293 2519 ‘ler
1315 2487 1405 2519 aofit
1428 2487 1519 2520 1323
1556 2487 1749 2529 (Albanes-

54 2540 257 2580 Chevalier‚
280 2541 441 2585 ibidem).
462 2541 533 2574 Sur
551 2542 582 2574 le
602 2554 832 2586 personnage
853 2542 934 2574 voir
952 2540 1339 2579 Albanes-Chevalier,
1361 2551 1417 2583 op.
1439 2541 1509 2579 cil„
1532 2540 1598 2573 col.
1621 2541 1746 2579 77-79;

52 2592 212 2626 Clement
236 2593 277 2634 V,
300 2605 336 2627 n.
367 2594 472 2634 7601,
496 2595 606 2635 8502;
635 2595 860 2638 Αρρεηάίεε,
892 2607 926 2638 p.
962 2595 1038 2627 169.
1082 2613 1130 2615 —
1159 2593 1368 2625 Guillaume
1400 2592 1531 2625 Ruffat
1561 2593 1667 2626 avait
1695 2605 1746 2625 un

52 2652 159 2679 autre
182 2658 302 2679 neveu
326 2647 536 2680 Guinaume
561 2648 763 2691 Raymond
787 2648 830 2680 de
853 2647 1077 2686 Mauvoisin,
1103 2646 1165 2689 qui
1190 2648 1274 2689 gera
1296 2646 1331 2678 la
1353 2646 1485 2688 charge
1510 2646 1552 2678 de
1576 2646 1748 2679 tresorier

52 2711 99 2731 en
123 2699 308 2732 l’absence
335 2700 378 2733 de
406 2699 550 2733 Robert
579 2701 751 2743 (Cle‘ment
779 2701 821 2740 V,
848 2701 1072 2744 Appendice,
1100 2711 1135 2742 p.
1164 2699 1259 2742 169).
1288 2699 1346 2731 On
1371 2704 1503 2731 trouve
1530 2699 1746 2732 mentionne

53 2752 146 2785 dans
173 2752 224 2785 les
252 2752 423 2796 registres
453 2754 503 2786 du
530 2753 692 2787 Vatican
719 2766 770 2786 un
799 2754 1009 2787 Guillaume
1041 2751 1172 2784 Rufl‘at
1201 2752 1243 2784 de
1274 2752 1462 2791 Cassanct‚
1493 2762 1560 2783 son
1587 2751 1747 2784 familier

56 2804 227 2848 (clement
256 2805 298 2845 V,
326 2817 361 2838 n.
390 2806 510 2850 7106).

100 2858 131 2891 1.
162 2856 357 2899 Toulouse,
379 2871 455 2892 ms..
469 2859 550 2899 490,
571 2859 595 2893 f.
618 2860 687 2893 198
708 2863 758 2893 νο.

101 2911 132 2944 2.
154 2910 321 2944 Clement
345 2911 378 2944 V
402 2912 573 2956 l’appelle
594 2913 784 2945 lui-meme
810 2924 877 2945 son
896 2925 908 2941 κ
934 2911 1163 2954 consanguin
1187 2923 1218 2950 »3
1236 2909 1432 2949 Schwalm,
1451 2909 1744 2951 Constitutiones,

54 2970 80 2996 t.
95 2962 162 3004 1v1,
179 2975 214 2997 n.
231 2964 312 3004 390,
328 2976 364 3007 p.
381 2965 461 2998 338.

100 3018 132 3050 3.
162 3016 320 3050 clement
340 3017 380 3058 V,
398 3029 433 3051 n.
451 3018 555 3051 3994.

99 3070 132 3102 4.
162 3069 357 3110 Toulouse,
380 3082 447 3104 ms.
470 3070 552 3109 490,
575 3071 598 3104 f.
622 3071 691 3104 108
713 3075 764 3104 ΥΟ.
