2083 3458
131 206 272 264 [1191]
645 225 861 250 PAPARUM
896 225 1277 251 AVENIONENSIUM
1739 212 1818 254 709

116 305 306 354 frustrare
339 314 456 343 totam
490 315 662 344 nostram
697 307 950 346 intentionem
983 324 1053 359 pro
1085 324 1126 346 eo
1160 311 1261 360 quod
1292 311 1558 348 cardinalium
1591 311 1744 358 creatio,
1780 318 1820 348 ut

117 364 329 412 dicebatur,
363 364 468 413 fieret
497 365 540 402 in
573 366 688 413 brevi,
721 367 776 404 ita
806 368 907 417 quod
934 383 1022 405 cum
1046 369 1135 405 novi
1161 369 1448 407 ambasciatores
1472 370 1657 416 venirent,
1680 370 1820 407 creatio

116 423 384 461 cardinalium
410 424 551 472 suisset
576 425 693 474 jacta,
724 426 919 463 voluimus
948 427 1152 465 dominum
1180 429 1376 465 consulere
1406 430 1448 465 de
1477 429 1684 477 Aragonia
1710 445 1716 466 :
1739 429 1818 479 qui,

115 482 184 519 hoc
213 483 361 530 auditO,
394 484 560 521 multum
590 484 690 534 cepit
720 486 913 522 admirari
943 500 984 522 eo
1015 487 1116 536 quod
1146 487 1215 524 iste
1245 487 1428 524 dominus
1460 488 1595 525 Sancti
1626 488 1733 525 Petri
1766 488 1821 525 ita

117 550 291 591 patenter
322 543 558 592 procurabat
590 544 691 593 quod
722 544 787 581 isti
821 544 977 581 domino
1010 553 1051 582 ut
1067 560 1170 595 pape
1201 546 1431 593 obediretur,
1455 547 1586 584 dicens
1618 547 1717 596 quod
1744 561 1822 583 non

118 601 266 638 deberet
299 609 445 638 motum
479 602 608 639 animi
641 603 706 639 sui
742 603 796 640 ita
830 612 1004 652 patenter
1038 605 1216 652 detegere.
1257 606 1339 643 Ista
1374 605 1564 643 videlicet
1598 606 1821 643 ostendunt

119 660 284 698 Petrum
317 660 365 698 de
397 661 511 698 Luna
542 669 708 711 putasse
738 662 976 700 electionem
1011 663 1165 700 Urbani
1195 663 1296 701 vitio
1328 664 1480 703 factam
1509 679 1608 711 esse,
1638 665 1820 713 adeoque

117 733 200 757 non
215 719 362 757 valere.
385 720 430 756 In
448 734 528 769 qua
545 734 637 758 eum
655 721 859 759 sententia
877 721 998 760 fuisse
1016 722 1108 760 hinc
1126 731 1235 760 certo
1253 723 1454 772 colligitur
1471 723 1580 772 quod
1597 737 1686 761 cum
1705 723 1820 761 initio

115 786 294 816 testatus
314 787 432 825 esset,
452 787 499 816 ut
517 794 639 829 supra
658 780 850 827 vidimus,
869 796 908 818 se
928 781 1029 818 velle
1048 782 1210 819 studere
1229 796 1282 819 an
1299 782 1442 819 electio
1460 782 1546 831 ejus
1565 790 1670 820 esset
1691 782 1820 829 firma,

118 851 208 875 eum
238 846 381 887 postea
409 838 604 876 adversus
633 838 745 876 illam
772 839 947 889 scripsit,
969 840 1183 879 manifeste
1206 841 1398 890 probavit
1425 856 1464 879 se
1493 849 1586 891 post
1614 841 1820 890 negotium

117 896 229 935 istud
257 905 447 935 accurate
478 897 707 937 discussum
735 898 948 947 agnovisse
978 913 1067 936 eam
1096 914 1178 936 non
1206 914 1321 949 posse
1351 900 1569 938 subsistere
1598 900 1822 938 secundum

118 956 275 1005 regulas
301 956 415 1005 juris.
445 956 605 994 Extant
631 957 739 994 enim
766 957 807 994 111
833 957 1039 995 codicibus
1067 957 1143 995 811
1170 967 1209 996 et
1228 958 1306 996 814
1330 958 1600 997 bibliothecae
1627 959 1821 997 Colberti-

117 1015 226 1053 nael
259 1015 523 1065 allegationes
559 1015 744 1065 ejusdem
779 1016 902 1063 Petri,
936 1017 978 1054 in
1012 1017 1159 1066 quibus
1206 1017 1386 1055 ostendit
1413 1018 1655 1057 electionem
1692 1031 1821 1068 papae

120 1074 274 1112 factam
294 1089 365 1125 per
384 1083 542 1113 metum
563 1090 647 1113 esse
670 1075 837 1113 nullam.

170 1134 360 1172 Ceterum
381 1133 422 1171 id
444 1134 546 1172 serio
570 1134 727 1172 dictum
749 1149 770 1172 a
794 1134 998 1173 cardinale
1022 1135 1068 1172 de
1094 1136 1207 1172 Luna
1230 1135 1351 1173 fuisse
1375 1136 1484 1184 quod
1507 1136 1554 1173 de
1577 1135 1664 1185 ipso
1686 1149 1820 1185 supra,

116 1207 154 1242 p.
179 1192 292 1240 1182,
314 1193 456 1231 retulit
476 1193 650 1231 Alvarus
673 1194 853 1240 Martini,
876 1194 1067 1231 nimirum
1087 1194 1201 1231 illum
1221 1195 1383 1232 studere
1406 1195 1578 1232 voluisse
1600 1203 1645 1232 ut
1666 1194 1823 1232 videret

117 1251 215 1301 quid
230 1252 330 1301 juris
348 1252 519 1290 haberet
536 1252 727 1290 Urbanus
745 1253 799 1291 sic
817 1253 967 1291 electus
985 1253 1025 1290 in
1042 1267 1202 1291 summo
1219 1253 1480 1303 pontificatu,
1499 1253 1678 1291 ostendit
1698 1253 1822 1291 etiam

117 1311 354 1349 Fernandus
392 1311 516 1358 Petri,
554 1312 730 1350 decanus
768 1312 1060 1357 Tirasoneusis,
1097 1312 1370 1362 interrogatus
1412 1327 1531 1361 super
1567 1312 1737 1350 articulo
1774 1312 1822 1349 SO

116 1384 231 1408 casus
257 1371 424 1408 secundi
449 1371 566 1408 electi
585 1370 600 1392 2
626 1387 633 1408 z
664 1371 759 1408 Item
793 1371 892 1408 dixit
917 1372 1018 1421 quod
1042 1386 1122 1408 una
1148 1372 1221 1418 die,
1247 1371 1365 1408 credit
1388 1372 1488 1421 quod
1511 1379 1605 1408 esset
1629 1372 1672 1408 de
1696 1385 1823 1408 mense

115 1429 259 1479 aprilis
284 1438 370 1479 post
395 1430 696 1475 coronationem,
722 1431 790 1467 sed
814 1431 857 1467 de
883 1430 944 1467 die
970 1445 1054 1472 non-
1076 1431 1166 1467 bene
1200 1431 1432 1477 recordatur,
1467 1445 1554 1467 cum
1579 1438 1673 1467 esset
1698 1430 1823 1467 dictus

114 1489 332 1526 cardinalis
359 1489 543 1526 dominus
569 1503 665 1526 suus
695 1489 737 1526 in
763 1489 906 1536 studio,
937 1489 1097 1526 intravit
1125 1490 1194 1526 iste
1221 1489 1339 1535 testis.
1367 1497 1400 1526 et
1427 1489 1523 1526 vidit
1550 1490 1649 1538 quod
1675 1490 1836 1527 tenebat.

111 1547 317 1585 Decretum
338 1557 531 1598 apertum,
555 1556 588 1586 et
608 1548 802 1586 scribebat
825 1548 867 1585 in
889 1549 1045 1598 papiro.
1069 1548 1119 1585 Et
1141 1557 1182 1586 ut
1203 1548 1300 1585 vidit
1321 1548 1446 1586 dictus
1467 1548 1683 1585 cardinalis
1706 1548 1821 1585 istum

115 1615 257 1654 testem,
283 1608 446 1645 cessavit
467 1608 634 1645 scribere
657 1616 690 1645 et
713 1608 917 1645 abscondit
940 1608 1130 1657 papirum
1157 1608 1199 1644 in
1222 1622 1296 1657 qua
1321 1607 1524 1644 scribebat.
1552 1607 1601 1644 Et
1626 1607 1694 1644 iste
1718 1607 1822 1644 testis

116 1666 217 1704 dixit
237 1666 317 1704 sibi
343 1683 350 1704 :
376 1667 505 1716 Quare
527 1667 770 1704 absconditis
793 1681 837 1704 ea
861 1681 931 1717 que
947 1666 1150 1704 scribitis?
1169 1666 1275 1704 Nam
1296 1667 1404 1703 credo
1425 1667 1525 1715 quod
1548 1666 1733 1703 divinabo
1756 1679 1822 1712 ego

116 1724 217 1763 illud
239 1726 340 1775 quod
360 1726 548 1772 scribitis,
573 1734 606 1763 et
628 1727 737 1763 credo
761 1727 861 1776 quod
878 1726 929 1763 sit
950 1727 992 1763 de
1014 1726 1115 1774 jacto
1135 1740 1237 1775 pape
1260 1734 1293 1763 et
1315 1725 1592 1762 cardinalium.
1618 1725 1668 1762 Et
1698 1725 1821 1761 cardi-

116 1785 221 1822 nalis
246 1785 346 1822 discit
368 1785 448 1822 sibi
475 1801 481 1823 :
509 1786 653 1822 Amore
674 1785 749 1822 Dei
776 1800 853 1822 non
878 1785 1019 1823 dicatis
1046 1801 1052 1822 :
1080 1785 1172 1834 quia
1197 1785 1282 1822 licet
1308 1784 1362 1822 ita
1385 1784 1436 1821 sit
1462 1793 1502 1821 ut
1526 1783 1669 1829 dicitis,
1696 1792 1823 1821 tamen

115 1852 260 1893 oportet
285 1845 386 1894 quod
411 1859 489 1881 non
513 1845 673 1882 sciatur.
702 1844 809 1882 Nam
833 1844 869 1882 si
897 1844 980 1894 ipse
1006 1845 1062 1881 vel
1085 1844 1158 1881 alii
1184 1843 1355 1881 Romani
1380 1843 1522 1880 scirent
1547 1843 1646 1892 quod
1676 1857 1743 1891 ego
1769 1843 1824 1879 wel

115 1903 262 1953 aliquis
284 1918 330 1941 ecc
351 1904 524 1941 dominis
548 1904 644 1941 meis
667 1904 938 1941 dubitaremus
961 1904 1004 1940 de
1025 1918 1099 1940 sua
1121 1903 1313 1949 electione,
1339 1903 1472 1939 nullus
1496 1910 1670 1939 nostrum
1692 1902 1821 1938 evade-

115 1971 180 2000 ret.
209 1963 259 2000 Et
284 1963 488 2000 mandavit
513 1963 612 2000 dicto
639 1963 724 2000 testi
750 1963 851 2012 quod
876 1964 919 1999 de
945 1962 1029 2010 hoc·
1047 1977 1126 1999 non
1158 1962 1299 2010 faceret
1332 1962 1489 1998 verbum
1514 1961 1636 1998 alicui
1662 1975 1822 2009 persone

115 2021 272 2069 viventi,
295 2037 366 2071 pro
387 2037 428 2059 eo
451 2023 552 2072 quod
571 2022 678 2059 solus
701 2022 785 2071 ipse
806 2022 964 2068 sciebat,
987 2030 1021 2060 et
1043 2036 1121 2058 non
1142 2021 1260 2058 alius.

169 2081 231 2118 Ex
249 2081 309 2119 his
330 2095 433 2131 quae
453 2081 562 2119 dicta
582 2082 660 2119 huc
678 2096 806 2131 usque
834 2089 930 2119 sunt
958 2080 1055 2118 satis
1075 2080 1204 2129 liquet
1230 2079 1353 2117 etiam
1382 2077 1819 2136 dubitare‘volentibus

116 2139 264 2178 falsum
285 2155 369 2178 esse
392 2140 502 2190 quod
522 2140 670 2190 legitur
689 2141 730 2178 in
751 2140 1004 2190 depositione
1025 2140 1340 2177 Bonaventurae
1362 2137 1576 2176 cardinalis
1598 2137 1644 2174 de
1668 2136 1820 2181 Padua,

117 2199 310 2238 nimirum
350 2200 458 2237 hunc
500 2200 763 2246 cardinalem,
806 2214 898 2237 cum
939 2198 1061 2237 ceteri
1101 2198 1212 2248 apud
1252 2196 1481 2246 Anagniam
1524 2195 1821 2233 meditarentur

116 2258 390 2297 defectionem
419 2259 471 2296 ab
504 2259 686 2306 Urbano,
717 2267 898 2296 tentasse
929 2258 1108 2295 reditum
1137 2257 1189 2294 ad
1220 2257 1447 2301 Urbanum,
1478 2255 1547 2292 sed
1576 2253 1819 2303 impeditum

116 2317 168 2355 ab
199 2317 247 2356 iis
279 2317 401 2356 fuisse
417 2317 432 2339 3
455 2334 462 2355 :
489 2318 586 2355 Item
608 2318 708 2355 dixit
728 2317 925 2367 predictus
947 2316 1163 2354 cardinalis
1185 2316 1285 2365 quod
1305 2316 1397 2351 dum
1427 2313 1645 2351 cardinales
1666 2312 1820 2361 antiqui

117 2385 241 2414 essent
273 2377 315 2414 in
346 2377 554 2425 Anagnia,
587 2377 668 2426 ipsi
699 2377 942 2426 scripserunt
971 2375 1221 2412 sanctissimo
1253 2374 1408 2411 domino
1445 2372 1604 2410 Urbano
1636 2380 1821 2420 tanquam

116 2450 201 2473 vero
227 2444 261 2473 et
288 2436 462 2484 legitimo
489 2450 592 2485 pape
619 2450 690 2485 pro
722 2435 921 2484 beneficiis
950 2434 1209 2483 impetrandis
1236 2441 1269 2470 et
1296 2432 1390 2469 aliis
1419 2431 1557 2480 gratiis
1585 2429 1818 2467 obtinendis.

116 2495 166 2532 Et
193 2495 303 2532 addit
329 2495 527 2544 predictus
555 2495 773 2532 cardinalis
802 2495 902 2544 quod
929 2494 1089 2543 quidam
1117 2491 1351 2529 venerabilis
1377 2491 1496 2539 frater
1523 2489 1750 2526 Bernardus
1778 2489 1821 2525 de

116 2554 319 2591 Florentia
345 2553 512 2591 biblicus
534 2553 781 2591 Parisiensis
804 2554 847 2590 de
868 2552 1026 2601 familia
1050 2551 1200 2588 domini
1224 2549 1509 2587 Ambianensis
1532 2548 1631 2585 discit
1652 2547 1821 2596 predicto

114 2613 311 2650 cardinali
341 2613 442 2662 quod
470 2613 563 2650 dum
594 2613 678 2661 ipse
699 2612 819 2661 frater
840 2612 1068 2654 Bernardus
1096 2609 1392 2659 suprascriptus
1421 2615 1515 2644 esset
1545 2607 1587 2643 in
1616 2606 1820 2654 Anagnia,

116 2672 184 2709 ubi
211 2680 321 2709 erant
346 2671 567 2709 cardinales
592 2679 626 2709 et
651 2671 887 2708 ordinarunt
912 2670 1112 2719 procedere
1138 2677 1270 2706 contra
1294 2666 1589 2704 sanctissimum
1619 2665 1821 2703 dominum

115 2739 291 2768 nostrum
327 2731 548 2777 Urbanum,
580 2730 797 2768 cardinalis
828 2730 872 2766 de
902 2729 1032 2775 Luna,
1064 2727 1280 2765 cardinalis
1317 2724 1606 2771 GlandatensiS,
1639 2724 1705 2773 qui
1739 2724 1821 2772 jam

113 2798 377 2839 acceptaverat
406 2789 565 2827 titulum
593 2789 844 2826 Hostiensem
873 2803 897 2825 a
924 2786 1174 2825 sanctissimo
1204 2785 1361 2823 domino
1397 2784 1569 2830 Urbano,
1600 2791 1634 2820 et
1663 2782 1821 2832 quidam

115 2849 188 2887 alii
209 2849 429 2886 cardinales
449 2856 688 2898 paraverunt
706 2862 746 2885 se
767 2856 807 2885 ut
827 2847 1000 2884 venirent
1019 2846 1185 2883 Romam
1205 2845 1256 2882 ad
1275 2844 1388 2894 pedes
1407 2841 1650 2880 sanctissimi
1671 2841 1821 2879 domini

291 2986 348 3026 N„
367 2997 435 3019 ms,
454 2984 552 3018 latin
569 2984 675 3024 1462,
694 2984 757 3018 fol.
778 2985 821 3017 63
841 2983 940 3016 v0-71
962 2988 1005 3023 r⁰‚
1024 2988 1062 3015 et
1079 2993 1146 3014 ms.
1166 2981 1270 3021 1469,
1290 2981 1352 3014 fol.
1371 2981 1440 3014 172
1457 2980 1626 3013 r0-179r0.

285 3039 343 3078 N.‚
366 3050 433 3071 ms.
456 3037 552 3071 latin
572 3038 701 3077 11745,
724 3037 786 3070 fol.
811 3037 879 3069 244
899 3041 943 3069 r0.

264 3104 290 3125 5.
317 3092 402 3131 cite,
429 3091 490 3124 fol.
516 3091 561 3124 72
584 3095 628 3123 r0.

165 2987 198 3020 1.
229 2987 257 3019 Β

167 3041 197 3073 2.
220 3040 260 3073 B.

165 3094 197 3126 3.
224 3093 261 3125 M
