2083 3458
79 219 202 274 [736]
603 235 820 260 PAPARUM
856 235 1243 260 AVENIONENSIUM
1688 220 1769 261 233

123 318 181 357 De
195 317 389 356 Bertoldo
404 325 533 367 agunt
546 316 922 367 idemBaynaldus,
939 332 1003 356 an.
1022 317 1135 365 1328,
1155 317 1236 366 §50
1250 326 1291 357 et
1304 318 1614 368 Boninsegnius,
1627 333 1665 369 p.
1681 318 1768 356 225.

122 377 356 415 Matthaeus
376 375 589 424 Villanius,
608 375 677 414 lib.
703 376 732 422 I,
754 390 840 426 cap.
864 391 898 423 L,
915 377 974 415 ait
992 384 1130 414 totum
1150 377 1230 416 fere
1256 377 1468 426 collegium
1488 377 1770 422 cardinalium,

67 435 174 485 fuori
191 435 282 473 delli
300 433 500 481 Catalani,
519 434 711 472 extremis
732 434 902 473 Joannis
922 435 1050 473 XXII
1069 436 1323 486 temporibus
1350 436 1471 474 fuisse
1497 436 1771 486 compositum

69 508 120 533 ex
150 493 384 532 hominibus
419 492 556 531 Gallis.
594 493 711 540 Quod
754 493 1022 532 confirmatur
1055 508 1105 532 ex
1146 494 1318 544 epistola
1353 494 1523 533 Joannis
1559 494 1687 532 XXII
1722 494 1770 532 de

70 552 327 591 cardinalatu
358 551 607 601 Talayrandi
639 552 748 590 edita
781 552 832 589 ab
865 552 1039 591 Odorico
1072 553 1303 602 Raynaldo,
1336 567 1400 591 an.
1435 553 1548 602 1331,
1588 553 1604 602 ἓ
1636 553 1698 601 33,
1730 553 1773 590 in

70 625 150 662 qua
182 625 290 662 papa
323 609 464 649 scribit
497 609 686 660 Philippo
719 611 789 658 VI,
823 611 905 660 regi
939 611 1202 660 Francorum,
1235 612 1321 661 jam
1352 611 1499 661 viginti
1532 611 1771 658 cardinales,

70 671 113 708 de
141 670 284 720 quibus
311 669 448 707 XVII
475 669 518 706 de
554 683 671 718 regno
699 670 870 706 Francie
900 670 1094 719 originem
1130 670 1294 708 traxisse
1332 678 1557 718 noscuntur,
1587 670 1772 709 extitisse

69 729 111 767 in
136 728 302 778 collegio
327 735 574 775 memorat03
596 741 669 778 pro
691 742 771 777 quo
788 728 897 766 idem
921 728 1132 777 Odoricus,
1155 737 1357 779 tanquam
1377 737 1545 779 putaret
1569 730 1771 767 Joalinem

70 787 243 826 nescisse
265 802 359 826 vere
384 801 601 825 numerum
624 801 791 825 suorum
815 787 1096 835 cardinalium,
1126 787 1287 838 scripsit
1314 788 1583 826 novendecim
1605 795 1771 826 tantum

72 847 207 894 fuisse,
231 854 271 884 et
293 860 343 884 ex
363 844 424 884 his
447 845 652 884 sexdecim
675 860 694 883 e
717 845 857 884 Galliis
881 846 1076 895 originem
1097 847 1283 885 traxisse.
1298 846 1353 885 At
1375 861 1446 896 ego
1471 861 1562 885 cum
1584 860 1771 885 recenseo

72 905 296 945 cardinales
321 912 412 942 tum
437 904 624 942 viventes
653 918 745 942 curn
771 905 870 943 haec
897 905 1069 955 epistola
1095 905 1247 956 scripta
1274 913 1348 953 est,
1376 920 1441 944 eos
1468 905 1622 956 reperio
1650 905 1772 944 fuisse

70 978 199 1002 unum
224 977 345 1020 supra
370 963 530 1013 viginti,
557 963 682 1001 etiam
707 963 967 1012 Talayrando
992 978 1073 1001 non
1106 972 1335 1012 numerato,
1363 973 1403 1002 et
1427 979 1477 1002 ex
1500 964 1547 1002 iis
1575 964 1771 1002 tredecim

71 1031 237 1061 tantum
270 1022 392 1061 fuisse
426 1030 535 1060 ortos
569 1037 588 1060 e
621 1036 742 1072 regno
779 1022 1042 1070 Francorum,
1077 1031 1230 1061 ceteros
1273 1021 1394 1061 fuisse
1440 1022 1577 1070 Italos,
1611 1031 1772 1073 praeter

74 1083 240 1121 Petrum
267 1081 444 1120 Gomesii
470 1081 518 1119 de
543 1081 730 1128 Barroso,
759 1081 827 1131 qui
856 1081 1062 1131 Hispanus
1089 1090 1188 1120 erat.
1221 1082 1365 1131 Itaque
1392 1082 1572 1132 suspicor
1598 1095 1773 1120 errorem

72 1156 156 1180 esse
184 1140 226 1178 in
254 1140 427 1190 epistola
457 1140 628 1178 Joannis
657 1154 789 1190 papae
819 1148 859 1178 et
887 1155 960 1190 pro
991 1155 1076 1178 xv11
1100 1140 1223 1178 Gallis
1253 1140 1557 1179 rescribendum
1587 1155 1670 1179 esse
1701 1155 1771 1178 xm

72 1207 250 1238 tantum.
276 1199 382 1237 Nam
404 1198 620 1237 verisimile
643 1213 725 1237 non
747 1207 808 1237 est
832 1199 1034 1237 Joannem
1057 1200 1238 1249 potuisse
1260 1199 1435 1237 incidere
1457 1199 1498 1236 in
1521 1199 1621 1237 adeo
1644 1199 1773 1236 mani—

72 1260 223 1297 festum
251 1272 426 1297 errorem
446 1258 470 1297 1.
503 1258 647 1306 Quoad
676 1258 935 1296 Matthaeum
963 1272 1059 1296 vero
1088 1258 1324 1305 Villanium,
1354 1272 1445 1296 cum
1475 1266 1584 1296 certo
1614 1265 1774 1296 constet

71 1317 276 1356 neminem
298 1317 543 1355 Catalanum
565 1317 688 1355 fuisse
710 1331 755 1355 ea
777 1325 1027 1367 tempestate
1049 1317 1310 1364 cardinalem,
1333 1324 1414 1355 tres
1438 1324 1577 1354 autem
1599 1316 1774 1354 nominis

72 1376 252 1426 Gaytani
273 1376 381 1414 viros
403 1375 445 1413 in
466 1390 606 1414 eorum
629 1376 794 1425 collegio
818 1376 952 1423 fuisse,
976 1384 1077 1426 puto
1100 1390 1172 1426 pro
1193 1376 1300 1425 fuori
1322 1376 1413 1414 delli
1435 1375 1621 1413 Catalani
1643 1376 1774 1425 legen-

72 1436 170 1474 dum
196 1449 280 1473 esse
304 1434 411 1484 fuori
437 1435 527 1473 delli
559 1434 743 1485 Gaytani.
773 1435 1034 1484 Quamquam
1060 1443 1180 1473 errat.
1210 1435 1340 1472 Erant
1366 1434 1473 1472 enim
1498 1442 1709 1484 praeterea
1734 1434 1774 1470 in

73 1509 118 1533 eo
140 1508 309 1532 numero
333 1501 510 1544 quatuor
533 1494 757 1532 cardinales
785 1494 890 1538 Itali,
913 1508 1018 1532 unus
1043 1494 1263 1544 Hispanus.

126 1554 169 1592 P.
192 1553 279 1600 154,
297 1553 364 1602 lig.
386 1553 446 1591 14.
469 1553 729 1591 LUDovlcUM
752 1567 836 1601 ErM
857 1553 1041 1591 TfloLos.
1065 1553 1152 1601 Qua
1173 1553 1221 1591 de
1246 1567 1287 1590 re
1312 1566 1419 1602 papa
1439 1552 1600 1602 scripsit
1629 1551 1773 1589 Sancio

73 1612 155 1662 regi
189 1611 490 1662 Majoricarum.
519 1611 706 1662 Epistola
732 1620 849 1650 extat
877 1612 918 1649 in
945 1620 1057 1650 tomo
1082 1611 1256 1662 septimo
1285 1611 1495 1661 Spicilegii
1516 1610 1773 1648 Daclzeriani.

74 1671 154 1709 Alii
181 1685 273 1709 eum
309 1685 331 1708 a
360 1671 566 1709 Clemente
596 1671 628 1708 V
658 1671 947 1709 canonizatum
979 1670 1176 1718 scribunt,
1207 1685 1307 1720 quos
1335 1678 1444 1709 recte
1471 1670 1614 1708 erroris
1643 1669 1775 1719 arguit

74 1730 331 1780 Spondanus.
357 1730 460 1768 Sane
483 1730 735 1768 Clementem
764 1730 812 1768 de
839 1745 884 1768 eo
914 1730 1194 1768 canonizando
1218 1730 1416 1779 cogitasse
1437 1729 1450 1750 ²
1474 1729 1596 1766 fidem
1618 1728 1776 1766 faciunt

74 1803 119 1828 ea
143 1803 246 1839 quae
269 1789 379 1839 apud
403 1788 623 1827 Odoricum
648 1789 925 1838 Raynaldum,
945 1803 1009 1827 an.
1032 1788 1146 1836 1307,
1169 1789 1184 1819 3
1208 1788 1269 1836 22,
1293 1789 1496 1837 leguntur.
1524 1788 1581 1825 De
1604 1787 1776 1824 transla-

74 1847 184 1886 tione
214 1861 421 1886 sacrarum
450 1847 536 1897 ejus
562 1848 827 1897 reliquiarum
849 1848 942 1886 vide
990 1847 1280 1897 Waddingum,
1307 1861 1371 1885 an.
1401 1846 1514 1894 1319,
1546 1846 1561 1894 ἓ
1591 1846 1612 1882 2
1653 1846 1696 1896 [t.
1723 1861 1775 1892 VI,

73 1921 111 1957 p.
140 1905 239 1957 334]
269 1914 310 1945 et
337 1906 596 1945 Guesnaeum
622 1907 663 1944 in
685 1907 917 1944 Annalibus
938 1906 1204 1955 Massiliens.,
1229 1921 1267 1956 p.
1297 1905 1384 1944 401.
1414 1906 1471 1943 De
1497 1905 1662 1943 brachio
1690 1905 1776 1953 ejus

74 1965 357 2004 transferendo
387 1965 440 2003 ad
469 1966 919 2016 Montempessulanum
949 1965 1034 2016 agit
1061 1965 1252 2012 Bzovius,
1282 1979 1346 2003 an.
1380 1964 1493 2012 1366,
1530 1964 1546 2012 ἓ
1577 1964 1610 2002 6.
1645 1963 1702 2001 De
1732 1977 1778 2001 eo

75 2025 129 2063 sic
161 2024 302 2063 scribit
334 2024 527 2074 Aegidius
558 2025 785 2063 Bellamera
816 2025 858 2062 in
891 2039 978 2075 cap.
1015 2026 1107 2062 Post
1139 2024 1332 2071 translat„
1362 2024 1420 2061 De
1445 2021 1735 2060 renuntiatione
1769 2037 1776 2058 :

74 2083 125 2121 Et
149 2091 270 2133 potest
296 2096 375 2120 esse
402 2084 503 2133 quod
528 2091 683 2133 uterque
709 2083 944 2121 renuntians
969 2083 1065 2133 facit
1090 2091 1247 2134 propter
1273 2082 1528 2132 abjectionem
1553 2095 1721 2131 pompae
1747 2088 1780 2117 et

74 2156 194 2180 causa
212 2141 462 2190 humilitatis,
482 2142 584 2180 sicut
607 2143 780 2192 fecerunt
797 2143 943 2192 plures,
964 2142 1030 2192 qui
1050 2142 1208 2191 magnis
1226 2140 1490 2189 dignitatibus
1514 2148 1547 2177 et
1565 2139 1780 2176 honoribus

75 2200 349 2238 mundialibus
369 2200 513 2251 absque
533 2201 697 2239 crimine
717 2216 838 2239 causa
857 2201 1096 2239 humilitatis
1116 2200 1396 2238 renuntiarunt
1414 2214 1459 2236 ex
1479 2207 1564 2246 toto,
1586 2207 1618 2235 et
1665 2211 1777 2235 cano-

76 2259 198 2297 nizati
226 2259 388 2309 suerunt
418 2268 459 2297 ut
487 2261 626 2299 sancti.
661 2260 728 2298 Sic
762 2260 893 2298 beatus
923 2260 1147 2298 Ludovicus
1178 2258 1454 2297 Massiliensis
1484 2266 1517 2295 et
1548 2256 1660 2294 multi
1691 2256 1776 2294 alii.

128 2319 171 2357 P.
203 2318 290 2367 154,
329 2318 396 2368 lig.
436 2318 496 2357 18.
537 2319 761 2357 HUGONEM
800 2320 1008 2357 GERALDI.
1047 2319 1118 2357 Vir
1145 2332 1316 2368 magnus
1354 2324 1526 2355 vocatur
1567 2315 1609 2352 in
1652 2314 1778 2352 Gestis

73 2377 347 2428 episcoporum
373 2377 785 2416 Autissiodorensium
803 2378 830 2427 3,
858 2393 896 2428 p.
927 2377 1015 2426 510,
1044 2377 1113 2415 ubi
1141 2385 1286 2415 auctor
1312 2377 1481 2425 loquens
1505 2375 1553 2412 de
1577 2374 1699 2411 Petro
1727 2373 1775 2411 de

124 2509 155 2542 1.
185 2508 244 2541 Au
268 2509 361 2542 mois
386 2510 430 2542 de
454 2509 529 2541 mai
553 2510 658 2549 1331,
683 2509 708 2542 il
730 2522 754 2553 y
779 2509 884 2542 avait
909 2510 1001 2542 dans
1025 2509 1056 2542 le
1081 2510 1182 2542 sacre
1208 2508 1351 2550 College
1376 2507 1636 2550 vingt-quatre
1661 2505 1779 2538 cardi—

76 2573 189 2602 naux,
213 2573 238 2605 y
261 2562 421 2605 compris
446 2562 683 2606 Talleyrand,
708 2563 802 2596 dont
824 2562 880 2595 six
902 2562 1050 2595 italiens
1074 2568 1112 2594 et
1130 2573 1182 2594 un
1197 2560 1386 2604 espagnol.
1402 2559 1526 2592 Parmi
1549 2560 1599 2592 les
1624 2558 1778 2591 Italiens

80 2614 279 2658 figuraient
306 2616 514 2648 seulement
543 2616 641 2648 deux
670 2615 825 2648 Caetani
855 2628 861 2648 :
891 2615 1056 2648 Annibal
1085 2615 1128 2647 de
1158 2614 1323 2646 Ceceano
1351 2619 1388 2646 et
1416 2612 1524 2646 Jean.
1556 2612 1627 2644 Par
1655 2612 1781 2644 conse-

77 2673 196 2711 quent
221 2668 253 2700 le
280 2668 436 2701 nombre
464 2668 527 2701 des
555 2668 762 2701 cardinaux
789 2668 950 2710 francais
977 2667 1148 2701 s'elevait
1174 2667 1195 2698 a
1222 2666 1399 2709 dix-sept,
1429 2676 1572 2698 comme
1599 2664 1779 2707 l'indique

77 2721 175 2753 Jean
191 2720 310 2753 XXII
330 2720 475 2765 (Eubel,
492 2721 723 2761 Hierarchia,
741 2728 767 2755 t.
784 2734 807 2761 1⁷
825 2733 860 2765 p.
878 2722 935 2760 15,
953 2721 1025 2764 16).

127 2774 158 2807 2.
178 2773 338 2808 Clement
356 2774 398 2814 V,
416 2786 452 2808 n.
470 2775 576 2808 1777.
595 2774 648 2807 La
664 2775 763 2808 bulle
780 2786 825 2807 ne
842 2780 948 2818 porte
966 2785 1032 2817 pas
1050 2773 1094 2805 de
1112 2773 1217 2811 date3
1237 2771 1388 2804 Rinaldi
1405 2770 1468 2814 qui
1484 2770 1535 2803 lui
1553 2770 1675 2803 donne
1693 2769 1780 2802 celle

79 2827 129 2859 du
148 2827 168 2860 3
189 2827 252 2860 des
272 2838 387 2860 nones
408 2827 540 2860 d'aofit
559 2838 657 2860 anno
675 2828 830 2860 secundo
854 2827 885 2870 (3
907 2827 998 2859 aout
1017 2825 1123 2869 1307)
1147 2824 1340 2867 n’indique
1361 2835 1426 2867 pas
1446 2824 1481 2856 Ia
1500 2834 1629 2856 source
1650 2821 1741 2865 qu’il
1761 2833 1782 2854 a

77 2880 280 2913 consultee.
298 2898 348 2902 —
364 2880 417 2912 La
434 2880 533 2913 bulle
553 2880 596 2913 de
615 2880 878 2913 canonisation
896 2891 916 2912 a
935 2881 992 2912 ete
1011 2878 1158 2922 publiee
1177 2888 1245 2921 par
1264 2876 1393 2916 Eubel,
1413 2876 1456 2909 Β,
1477 2876 1533 2915 Ε,
1554 2881 1580 2908 t.
1601 2887 1635 2915 v,
1656 2887 1690 2908 11.
1712 2875 1779 2907 257

81 2920 176 2975 (voir
197 2932 350 2973 Coulon,
374 2944 408 2966 n.
433 2933 514 2973 160,
538 2933 618 2973 164,
643 2934 730 2973 165;
753 2932 917 2972 Schafer,
942 2932 1094 2964 Johann
1113 2929 1251 2969 XXII,
1275 2941 1310 2973 p.
1334 2930 1414 2969 277,
1440 2929 1535 2971 284).

125 2986 157 3018 3.
188 2985 328 3026 Labbe,
350 2985 595 3019 Bibliothecae
616 2997 727 3019 novae
748 2985 1090 3028 manuscriptorum,
1115 2989 1141 3016 t.
1162 2995 1247 3016 1.-—
1263 2982 1402 3015 Toutes
1423 2980 1649 3014 indications
1670 2979 1781 3013 utiles

76 3049 140 3070 sur
167 3037 203 3070 la
233 3037 389 3071 cari-iere
419 3037 699 3082 ecclesiastique
731 3038 925 3081 d'Hugues
958 3036 1107 3070 Geraud
1138 3041 1204 3068 ont
1233 3036 1291 3068 ete
1322 3035 1484 3067 donnees
1515 3045 1583 3078 par
1614 3033 1654 3066 E.
1687 3032 1780 3065 Albe

81 3090 238 3133 (Autour
258 3091 298 3124 de
318 3090 416 3124 Jean
435 3078 574 3131 ΧΧΙῘ,
596 3091 752 3134 Hugues
778 3090 932 3130 Ger-aud,
954 3091 1079 3132 aveque
1100 3089 1140 3121 de
1161 3087 1324 3131 Cahors).
1347 3091 1350 3093 ’
