2083 3458
270 235 349 277 728
916 248 1067 273 NOTAE
1102 250 1162 274 AD
1197 250 1325 275 VITAS
1829 237 1973 292 [12101

268 336 343 374 viri
366 344 407 374 et
429 335 537 372 unde
561 334 749 372 venerint
765 333 806 370 in
821 333 893 370 has
910 332 1106 382 regiones.
1133 334 1316 372 Primum
1333 344 1497 374 constat
1519 351 1570 375 ex
1591 336 1830 375 testimonio
1854 338 1985 391 Theo3

268 395 390 433 derici
414 395 462 433 de
488 394 619 441 Niem,
643 394 712 431 lib.
742 393 770 439 I,
791 393 850 429 De
874 392 1105 440 Sclzismate,
1135 408 1223 444 cap.
1253 409 1325 432 xlv
1355 394 1408 445 [p.
1434 395 1517 446 30],
1548 396 1819 437 castellanum
1843 397 1985 436 Sancti

267 454 410 505 Angeli
435 454 557 491 fuisse
579 453 745 491 natione
763 451 978 490 Gallicum.
1000 451 1183 502 Idipsum
1199 462 1379 492 testatur
1402 454 1444 492 in
1459 469 1531 493 sua
1551 455 1833 506 depositionel
1856 456 1988 495 frater

268 514 504 560 Menendus‚
529 512 679 550 ordinis
704 511 921 558 timorum,
945 511 1158 562 episcopus
1184 513 1471 562 Cordubensis,
1495 514 1565 564 qui
1586 515 1645 553 ait
1666 516 1775 554 hunc
1797 516 1982 554 castella-

266 588 365 613 num
389 573 511 611 fuisse
535 573 579 609 de
603 572 761 610 natione
784 579 817 609 et
839 570 1016 608 dominio
1046 571 1299 611 Gallicorum.
1326 574 1444 612 Unde
1468 589 1564 612 vero
1587 575 1762 613 traxerit
1786 575 1983 625 originem

265 633 397 684 aperit
424 641 596 683 patruus
626 632 668 669 in
695 631 868 682 epistola
889 629 903 652 2
932 630 979 668 de
1008 631 1084 669 hoc
1112 632 1332 671 schismate
1360 633 1513 684 scripta
1542 634 1594 672 ad
1621 648 1757 684 regem
1781 635 1980 673 Castellae

265 708 372 732 anno
408 691 726 738 MCCCLXXX,
762 690 825 729 die
861 689 1018 728 decima
1053 691 1202 730 mensis
1238 693 1496 743 septembris,
1532 693 1573 731 in
1609 708 1689 743 qua
1723 702 1905 732 testatur
1939 710 1979 733 se

266 762 401 792 ortum
439 767 523 790 esse
563 752 611 789 de
652 750 922 801 Dalphinatu,
964 749 1268 790 Ebredunensis
1308 752 1515 791 dioecesis.
1557 754 1737 791 Joannes
1777 754 1981 801 columbi,

265 813 429 852 clericus
455 810 766 858 Avenionensis,
790 810 833 848 in
856 824 928 848 sua
953 809 1209 859 depositione
1224 810 1240 833 3
1262 812 1393 850 tradit
1416 826 1510 851 eum
1534 812 1656 851 fuisse
1681 813 1983 852 provincialem

263 873 327 911 vel
358 872 406 910 de
440 871 709 921 Dalphinatu.
744 870 934 908 Praestat
965 877 1106 908 autem
1136 871 1283 910 referre
1315 872 1440 910 verba
1471 872 1611 922 patrui
1641 887 1692 910 ex
1722 872 1895 923 epistola
1926 873 1978 910 ad

263 946 398 982 regem
424 931 638 978 Castellae,
663 944 788 980 quam
813 929 952 967 inveni
977 928 1020 965 in
1046 930 1182 969 codice
1207 931 1441 969 Harlaeano
1454 930 1480 969 4.
1504 931 1565 969 Ne
1580 946 1649 982 per
1667 932 1857 983 quosdam
1882 932 1979 970 veri-

264 992 355 1030 tatis
379 991 540 1037 emulos,
566 990 715 1039 inquit,
743 989 885 1027 veritas
911 989 1002 1039 ipsa
1028 989 1152 1028 valeat
1177 991 1357 1028 nubilari
1377 991 1413 1028 si
1440 991 1630 1029 diceretur
1650 1006 1719 1041 per
1745 991 1854 1042 ipsos
1875 992 1981 1030 :Hic

263 1052 373 1089 homo
398 1050 573 1088 scribens
605 1049 781 1087 Gallicus
806 1057 872 1096 est,
899 1048 1111 1097 respondeo
1138 1051 1239 1099 quod
1262 1050 1450 1097 scribens,
1477 1051 1564 1089 licet
1587 1066 1612 1088 a
1637 1051 1787 1088 modico
1811 1059 1980 1102 tempore

263 1111 366 1149 circa
383 1110 529 1160 fuerim
548 1110 592 1147 de
612 1109 788 1146 dominio
815 1108 1068 1154 Gallicorum,
1090 1109 1184 1159 quia
1204 1110 1247 1147 de
1263 1110 1476 1159 Dalfinatu
1495 1110 1794 1148 Ebredunensis
1814 1110 1980 1148 diocesis

261 1180 295 1209 et
317 1170 389 1208 loci
413 1171 456 1207 de
481 1170 623 1207 Sancto
647 1168 838 1219 Crispino
862 1169 1048 1206 dominus
1069 1167 1146 1216 fui,
1171 1178 1300 1207 tamen
1323 1178 1356 1207 et
1377 1184 1467 1207 sum
1492 1170 1672 1208 Ytalicus
1695 1170 1923 1208 educatione
1946 1178 1981 1208 et

260 1230 464 1280 affectione
480 1238 513 1267 et
529 1228 682 1266 carnali
699 1228 986 1277 conjunctione.
1007 1225 1115 1265 Nam
1131 1230 1183 1266 ad
1204 1229 1334 1267 Ytalie
1350 1238 1481 1279 partes
1497 1244 1596 1279 puer
1612 1230 1812 1277 deductus,
1832 1229 1979 1267 ibidem

262 1304 330 1340 per
350 1289 547 1327 XXXVI
567 1303 694 1326 annos
717 1288 760 1325 in
782 1288 863 1325 illis
883 1285 1067 1338 partibus
1089 1288 1132 1326 in
1154 1289 1312 1338 magnis
1332 1297 1366 1326 et
1387 1289 1552 1326 diversis
1574 1289 1818 1327 notabilibus
1839 1289 1978 1339 officiis

261 1349 432 1387 actitavi.
451 1349 622 1385 Demum
643 1348 685 1385 in
706 1347 787 1385 illis
806 1347 990 1398 partibus
1011 1359 1169 1386 uxorem
1189 1349 1360 1386 nobilem
1379 1348 1601 1396 transduxi,
1622 1363 1668 1386 esc
1687 1364 1764 1399 qua
1782 1348 1979 1399 plurimos

264 1409 368 1459 filios
403 1408 617 1459 procreavi.
652 1408 812 1455 Demos,
849 1421 978 1455 agros,
1013 1408 1209 1446 territoria
1244 1423 1404 1457 magna,
1431 1408 1579 1458 partim
1623 1409 1781 1455 donata,
1829 1407 1978 1458 partim

263 1468 476 1518 adquisita,
513 1482 584 1518 pro
610 1467 786 1517 filiorum
822 1467 1027 1505 hereditate
1054 1476 1217 1517 paterno
1252 1482 1355 1505 more
1404 1468 1650 1517 congregavi.
1677 1468 1729 1506 Et
1751 1467 1899 1505 ibidem
1935 1467 1978 1504 in

263 1528 416 1566 civitate
441 1527 595 1578 Assisii
623 1527 666 1564 in
691 1527 852 1564 ecclesia
877 1527 974 1564 almi
995 1527 1229 1577 confessoris
1253 1527 1462 1565 Francisci
1489 1542 1614 1565 meam
1644 1534 1678 1564 et
1704 1541 1878 1565 meorum
1904 1527 1975 1564 ele-

263 1602 394 1637 geram
421 1587 596 1637 corporis
622 1587 882 1636 sepulturam.
1700 1599 1703 1600 ⁷

314 1647 434 1685 Anno
469 1646 777 1685 MCCCLXXII
812 1646 1028 1696 Gregorius
1065 1647 1126 1685 XI
1155 1646 1393 1694 Geraldum,
1418 1647 1615 1685 abbatem
1642 1646 1974 1696 Majorismonas-

260 1707 353 1745 terii
385 1705 648 1753 Turonensis,
682 1705 904 1744 constituit
935 1708 1137 1746 vicarium
1161 1704 1393 1756 generalem
1429 1705 1588 1744 Italiae.
1619 1706 1653 1743 Is
1690 1720 1786 1744 vero
1821 1720 1894 1755 per
1929 1719 1974 1744 ea

260 1775 449 1817 tempora
484 1765 719 1805 custodiam
753 1765 877 1803 castri
903 1766 1043 1805 Sancti
1074 1765 1219 1815 Angeli
1261 1765 1426 1804 nomine
1462 1765 1646 1815 Gregorii
1680 1765 1742 1803 XI
1768 1764 1977 1804 commisit

262 1827 384 1864 Petro
411 1825 613 1875 Rostagni
636 1825 803 1875 juniori.
829 1825 951 1862 Anno
971 1826 1146 1863 Domino
1171 1825 1381 1863 millesimo
1406 1825 1672 1863 trecentesimo
1705 1824 1977 1875 septuagsimo

262 1886 411 1935 quinto,
444 1884 580 1935 inquit
614 1893 787 1935 patruus
821 1884 863 1922 in
895 1885 1067 1923 laudata
1112 1884 1302 1935 epistola,
1336 1884 1545 1922 rebellione
1578 1884 1750 1922 Ecclesie
1781 1884 1887 1934 facta
1934 1883 1975 1920 in

267 1945 396 1983 Ytalie
421 1945 618 1995 partibus,
635 1959 724 1982 cum
749 1944 912 1994 quidam
936 1959 1057 1995 nepos
1080 1959 1188 1982 meus
1212 1944 1388 1982 carnalis
1409 1960 1433 1982 a
1452 1953 1584 1982 sancte
1609 1943 1792 1981 memorie
1816 1942 1976 1981 domino

268 2005 453 2053 Gregorio
488 2019 598 2054 papa
633 2004 702 2041 XI
731 2004 887 2041 haberet
923 2005 965 2042 in
988 2004 1167 2042 custodia
1202 2012 1375 2041 castrum
1411 2003 1549 2041 Sancti
1570 2003 1719 2052 Angeli
1755 2004 1799 2041 de
1834 2003 1976 2048 Roma,

261 2079 328 2113 ego
343 2079 431 2102 cum
446 2078 564 2101 uscore
578 2072 612 2101 et
622 2063 785 2113 familia
801 2078 885 2101 mea
901 2063 943 2101 in
963 2064 1063 2102 dicto
1082 2072 1205 2101 castro
1223 2062 1313 2113 [me]
1328 2063 1480 2102 reduxi.
1499 2064 1562 2100 Ex
1573 2063 1633 2101 his
1648 2071 1767 2113 patet
1780 2070 1976 2113 nepotem

262 2123 383 2162 fuisse
418 2123 689 2161 castellanum
729 2123 852 2161 castri
886 2123 1027 2161 Sancti
1061 2122 1218 2173 Angeli,
1252 2137 1335 2160 non
1367 2137 1464 2161 vero
1497 2131 1709 2172 patruum.
1746 2122 1799 2159 Et
1831 2130 1975 2161 tamen

261 2183 369 2223 idem
394 2192 567 2233 patruus
594 2182 700 2220 infra
728 2182 786 2219 ait
813 2197 852 2220 se
880 2183 1147 2233 capitaneum
1173 2182 1359 2232 ejusdem
1387 2182 1511 2220 castri
1547 2181 1823 2220 constitutum
1850 2180 1973 2218 fuisse

261 2257 282 2280 a
308 2256 415 2292 papa
443 2242 651 2292 Gregorio,
677 2250 717 2280 et
742 2242 934 2282 eumdem
961 2242 1203 2292 Gregorium
1228 2241 1473 2281 morientem
1498 2241 1575 2279 sibi
1597 2250 1803 2291 tanquam
1828 2240 1973 2279 castel—

260 2303 353 2339 lano
371 2316 417 2339 ac
438 2310 655 2352 propterea
676 2302 730 2339 ad
750 2316 790 2339 se
812 2310 985 2340 evocato
1006 2301 1275 2352 praecepisse,
1290 2316 1338 2339 ne
1352 2309 1534 2340 castrum
1550 2300 1650 2338 illud
1667 2299 1860 2350 cuiquam
1877 2307 1973 2350 post

261 2370 436 2400 mortem
472 2375 590 2399 suam
625 2361 808 2399 traderet
845 2362 1000 2411 absque
1038 2375 1238 2399 consensu
1275 2360 1547 2398 cardinalium
1583 2359 1653 2410 qui
1688 2366 1974 2399 remanserant

263 2420 485 2458 Avenione.
515 2421 631 2458 Hanc
656 2420 945 2460 difficultatem
968 2420 1024 2458 sic
1047 2421 1203 2458 solvere
1227 2434 1444 2470 possumus
1468 2428 1516 2457 ut
1539 2419 1723 2457 dicamus
1747 2423 1972 2468 utrumque

262 2480 384 2517 fuisse
414 2480 699 2527 castellanum,
731 2479 826 2529 quia
855 2480 1058 2519 ambobus
1089 2479 1207 2530 quasi
1235 2494 1285 2518 ex
1312 2479 1490 2517 indiviso
1520 2478 1738 2518 commissa
1767 2486 1855 2516 erat
1884 2491 1971 2515 cus-

260 2539 374 2576 todia
398 2539 534 2586 castri,
554 2539 623 2577 sed
641 2548 782 2578 tamen
798 2548 993 2589 nepotem
1014 2539 1136 2577 fuisse
1156 2538 1319 2589 proprie
1336 2539 1621 2576 castellanum.
1642 2538 1759 2575 Hanc
1780 2537 1970 2575 observa-

260 2598 416 2636 tionem
439 2599 632 2637 debemus
656 2598 775 2636 fratri
798 2598 998 2637 Menendo
1020 2598 1212 2649 episcopo
1235 2597 1503 2645 Cordubensi,
1526 2597 1596 2647 qui
1616 2597 1658 2634 in
1680 2595 1935 2647 depositione
1955 2595 1970 2618 ⁵

261 2672 332 2694 sua
359 2657 458 2694 (lirit
483 2659 583 2707 quod
605 2666 694 2695 ante
719 2666 878 2695 mortem
901 2672 1005 2708 pape
1036 2657 1216 2706 Gregorii
1239 2666 1321 2695 erat
1346 2657 1454 2695 intus
1478 2657 1715 2694 castellanus
1740 2656 1784 2693 de
1812 2655 1971 2693 natione

262 2725 294 2753 et
310 2717 485 2753 dominio
511 2717 764 2764 Gallicorum,
784 2717 851 2767 qui
869 2718 1080 2755 vocabatur
1096 2718 1238 2754 Petrus
1256 2716 1438 2763 Rostain,
1457 2724 1490 2754 et
1508 2730 1628 2766 nepos
1644 2715 1969 2761 suusPetrollus,

263 2775 328 2823 qui
359 2776 517 2825 proprie
545 2784 626 2813 erat
654 2777 903 2814 castellanus

318 2942 342 2972 1.
379 2941 413 2972 11.
442 2941 497 2975 N..
522 2954 587 2974 ms.
612 2942 706 2974 latin
728 2941 857 2981 11745,
882 2942 943 2974 fol.
968 2943 1036 2975 ’136
1058 2947 1102 2974 r0.

314 2996 342 3025 2.
376 2994 441 3025 Ms.
469 2994 551 3033 cite,
578 2995 638 3027 fol.
666 2995 710 3027 6-4
736 3000 785 3027 v0.

314 3050 343 3078 ¹.
376 3046 440 3078 MS.
472 3047 554 3085 cite,
585 3048 645 3080 sol.
676 3049 743 3081 ‘167
773 3052 814 3080 r0.

313 3099 343 3130 si.
376 3100 440 3130 Ms.
469 3100 550 3137 cite,
579 3101 638 3133 sol.
666 3102 709 3133 64
735 3106 784 3134 VO.

313 3152 343 3183 «3.
377 3152 439 3184 Ms.
468 3153 550 3191 vile,
578 3154 638 3186 fol,
668 3155 734 3187 ’136
760 3159 802 3187 1'0.

312 3049 331 3077 L·-
