2083 3458
108 179 233 235 [646]
634 193 851 220 PAPARUM
887 193 1272 219 AVENIONENSIUM
1722 177 1802 217 129

96 277 307 316 falluntur.
334 277 500 315 Certum
525 275 675 326 quippe
700 284 762 314 est
785 276 1012 314 Arnaldum
1036 276 1272 326 episcopum
1297 276 1562 314 Sabinensem
1587 289 1799 314 coronasse

95 336 398 386 imperatorem.
421 334 521 372 Vide
542 334 763 372 Odoricum
785 335 1061 384 Raynaldum,
1081 349 1146 375 an.
1170 334 1283 382 1311,
1310 334 1326 383 ἓ
1347 335 1382 381 6,
1404 335 1425 372 7
1463 365 1471 373 .

150 394 368 445 Pompeius
391 393 568 432 Pellinus
588 393 615 440 ²,
638 401 743 443 part.
772 394 801 440 I,
828 394 934 432 Hist.
958 394 1112 441 Perus„
1143 393 1211 432 lib.
1237 393 1284 441 V,
1306 408 1344 443 p.
1378 393 1468 440 398,
1490 393 1549 431 ait
1571 392 1798 431 Arnaldum

95 453 345 492 cardinalem
364 452 475 490 tituli
494 452 531 490 S.
553 452 704 490 Mariae
727 452 768 490 in
788 452 953 490 Porticu
980 452 1101 490 fuisse
1120 466 1227 494 anno
1247 452 1472 490 MCCCXII
1499 459 1594 502 post
1618 466 1797 490 mensem

96 512 249 550 maium
268 512 378 562 apud
398 511 818 549 Monteinssasconem.
837 512 942 548 Eum
961 519 1101 549 tamen
1118 511 1239 549 fuisse
1259 511 1368 561 apud
1388 511 1641 549 Avenionem
1657 525 1698 548 111
1718 511 1796 549 kal.

95 571 259 622 augusti
297 569 362 621 [30
391 569 494 620 julii]
529 569 714 619 ejusdem
746 570 843 607 anni
875 570 994 608 docet
1027 570 1198 620 epistola
1221 570 1438 608 Clementis
1461 570 1493 606 V
1521 584 1568 607 eo
1589 569 1652 607 die
1685 569 1798 616 data,

95 644 200 681 quae
233 630 343 668 edita
368 637 430 668 est
455 643 477 666 a
505 628 721 666 Guillelmo
751 629 901 666 Cruceo
934 629 976 667 in
1011 629 1119 667 Serie
1151 629 1441 679 Epi-§coponem
1470 628 1797 675 Cacliircensiam,

93 704 133 740 p.
153 689 239 727 183.

146 748 266 787 Anno
300 746 549 785 MCCCXIII
582 746 716 784 factus
759 754 821 784 est
861 754 1070 796 protector
1103 746 1254 784 ordinis
1298 746 1500 784 Minorum
1543 753 1584 784 et
1616 760 1799 784 sororum

94 807 269 848 Sanctae
292 807 446 853 Clarae,
469 805 703 854 Wadding„
726 819 791 843 an.
818 805 930 852 1313,
960 806 976 853 ἓ
1000 806 1023 842 4
1055 805 1100 855 [t.
1126 820 1178 852 VI,
1202 820 1239 855 p.
1265 805 1378 855 213]
1403 805 1504 843 Vide
1527 805 1651 843 etiam
1676 804 1799 842 Fede-

92 865 222 904 ricum
239 864 491 903 Federicium
506 864 548 902 in
562 863 745 901 Historia
756 864 937 913 familiae
952 864 1119 911 Fliscae,
1133 864 1266 914 p.146,
1283 864 1369 911 152,
1383 872 1423 902 et
1439 863 1619 902 codicem
1633 862 1711 901 324
1724 877 1798 902 ms.

91 924 268 963 latinum
286 924 558 962 bibliothecae
576 923 747 961 Antonii
764 923 996 972 Augustini.

146 984 265 1024 Anno
292 982 547 1030 MCCCXIV,
574 996 711 1020 mense
738 982 870 1032 aprili,
896 982 1004 1020 idem
1026 982 1229 1019 Arnaldus
1254 982 1369 1031 jussu
1395 980 1614 1024 ‚Clementis
1642 981 1676 1017 V
1695 981 1798 1030 jam-

91 1042 177 1092 jam
199 1042 387 1080 morituri
410 1049 564 1080 certam
586 1048 747 1091 partem
769 1040 964 1087 thesauri,
987 1055 1122 1079 rerum
1144 1048 1184 1078 et
1207 1041 1408 1081 bonorum
1431 1054 1613 1078 camerae
1635 1047 1799 1089 aposto-

91 1101 192 1140 licae
227 1109 326 1139 tunc
361 1100 629 1139 existentium
664 1099 774 1150 apud
811 1100 1000 1137 Castrum
1034 1114 1189 1140 novum
1234 1099 1467 1146 Calsanerii,
1504 1098 1799 1139 Avenionensis

92 1160 299 1207 dioecesis,
330 1159 541 1198 transferri
570 1158 731 1197 curavit
760 1159 811 1196 ad
842 1167 1022 1196 castrum
1052 1158 1228 1196 Montilii
1256 1158 1298 1197 in
1327 1158 1527 1196 comitatu
1557 1156 1800 1206 Venayssini

92 1219 167 1257 sub
183 1218 466 1269 jurisdictione
483 1232 676 1259 romanae
696 1218 900 1256 Ecclesiae
919 1217 1212 1263 constitutum3
1232 1232 1276 1254 eac
1293 1225 1437 1266 regesto
1458 1216 1630 1254 Joannis
1647 1215 1798 1263 XXII,

92 1292 165 1316 ms.
197 1278 237 1316 in
268 1278 518 1316 bibliotheca
549 1277 828 1315 Colbertina12.

145 1338 246 1375 Cum
270 1351 366 1375 vero
390 1344 484 1387 post
508 1344 684 1374 mortem
709 1335 928 1374 Clementis
954 1343 1043 1373 orta
1068 1342 1173 1373 esset
1198 1334 1399 1372 discordia
1425 1333 1559 1383 gravis
1584 1333 1691 1372 inter
1715 1347 1799 1371 car-

92 1396 246 1434 dinales
272 1396 447 1438 inclusos
472 1395 514 1434 in
539 1395 723 1433 conclavi
748 1395 858 1445 apud
884 1395 1260 1444 Carpentoractem,
1285 1393 1417 1442 jurgia
1443 1401 1484 1431 et
1508 1406 1668 1443 pugnae
1694 1392 1800 1430 inter

91 1469 232 1493 eorum
254 1455 487 1502 familiares,
510 1469 556 1492 ac
577 1462 786 1505 postremo
807 1453 995 1491 incendio
1019 1452 1312 1502 conflagrasset
1332 1451 1535 1502 palatium
1557 1459 1598 1490 et
1619 1451 1799 1488 maxima

90 1528 184 1564 pars
214 1514 409 1561 civitatis,
439 1514 632 1554 conclave
661 1512 917 1551 concorditer
945 1511 1133 1550 exierunt
1162 1511 1265 1549 circa
1294 1511 1445 1549 festum
1474 1511 1619 1548 beatae
1648 1509 1799 1548 Mariae

92 1573 371 1623 Magdalenae‚
404 1580 634 1612 statuentes
667 1580 829 1622 tempus
860 1571 970 1609 intra
1002 1570 1111 1620 quod
1142 1570 1270 1608 redire
1303 1570 1498 1608 deberent
1528 1569 1580 1607 ad
1612 1569 1800 1606 eumdem

90 1632 224 1670 locum
263 1647 336 1682 pro
384 1632 581 1670 electione
620 1631 769 1669 summi
807 1630 1015 1681 pontificis
1064 1629 1325 1673 celebranda3
1372 1629 1462 1665 Vita
1499 1627 1710 1665 Clementis
1754 1627 1798 1674 V,

90 1706 129 1741 p.
161 1691 223 1738 77,
260 1691 347 1738 105,
377 1698 419 1729 et
461 1691 553 1728 Vita
593 1690 766 1728 „loannis
802 1689 954 1736 XXII,
983 1704 1022 1739 p.
1055 1689 1140 1726 107.
1173 1688 1290 1736 Quod
1318 1687 1388 1725 ubi
1429 1694 1685 1737 compertum
1723 1685 1801 1723 fuit

92 1749 282 1800 Philippo
313 1750 379 1797 IV,
406 1750 489 1799 regi
517 1750 781 1796 Francorum,
809 1763 976 1798 gravem
1002 1747 1219 1798 epistolam
1246 1746 1407 1796 scripsit
1432 1746 1484 1783 ad
1509 1745 1800 1794 Berengarium

92 1809 265 1856 Fredoli‚
300 1808 537 1859 episcopum
570 1809 861 1854 Tusculanum,
896 1815 937 1845 et
969 1806 1197 1845 Arnaldum
1230 1806 1278 1843 de
1322 1805 1519 1854 Pelagrua
1553 1804 1800 1842 cardinalem

92 1868 130 1906 S.
158 1867 308 1906 Mariae
333 1868 375 1906 in
402 1867 586 1915 Porticu3
603 1881 683 1917 qua
699 1867 754 1906 eis
780 1866 1029 1917 significavit
1055 1880 1094 1903 se
1117 1865 1402 1905 vehementem
1427 1863 1573 1902 exinde
1599 1862 1800 1900 turbatio-

91 1941 185 1965 nem
219 1926 448 1977 concepisse
482 1934 683 1976 tantoque
716 1926 915 1976 majorem
949 1925 1129 1962 dolorem
1163 1931 1319 1973 quanto
1358 1922 1514 1972 majora
1547 1921 1726 1972 pericula
1760 1928 1801 1959 et

92 1986 284 2024 scandala
311 2000 361 2024 ex
387 2000 546 2036 egressu
574 1985 810 2035 hujusmodi
837 1984 950 2034 sequi
977 1991 1156 2034 possent.
1187 1983 1388 2020 Hortatus
1414 1995 1535 2031 porro
1553 1988 1614 2019 est
1639 1980 1727 2018 illos
1754 1987 1800 2017 ut

92 2052 351 2095 quantocyus
375 2045 417 2083 in
438 2059 567 2085 unum
591 2044 859 2083 convenirent
883 2057 976 2081 cum
1000 2042 1141 2080 ceteris
1166 2041 1439 2079 cardinalibus
1464 2040 1491 2078 ⁴.

149 2103 318 2142 Interim
347 2103 425 2143 fine
452 2103 575 2153 hujus
602 2103 699 2144 anni
726 2110 912 2141 mortuus
941 2110 1002 2140 est
1028 2101 1136 2139 idem
1165 2100 1390 2150 Philippus,
1419 2113 1549 2148 neque
1577 2097 1800 2147 quicquam

92 2163 202 2213 apud
228 2162 452 2201 cardinales
477 2163 640 2201 valuere
665 2162 752 2212 ejus
778 2161 1032 2199 hortationes
1058 2168 1099 2198 et
1123 2174 1272 2210 preces.
1300 2158 1484 2198 Tandem
1518 2164 1611 2206 post
1634 2156 1799 2205 longam

94 2221 206 2260 Sedis
249 2222 498 2272 apostolicae
530 2221 792 2260 vacationem
820 2220 1046 2270 Philippus,
1070 2225 1340 2268 cognomento
1372 2218 1529 2265 longus,
1557 2215 1644 2265 ejus
1678 2214 1798 2262 filius,

93 2287 183 2318 tum
199 2280 364 2330 quidem
381 2295 513 2318 comes
530 2280 813 2327 pictaviensis,
830 2287 973 2330 postea
990 2292 1085 2316 vero
1101 2292 1172 2315 rex
1188 2277 1451 2322 Francorum,
1467 2289 1533 2313 eos
1549 2273 1799 2312 dexteritate

93 2353 165 2377 sua
181 2339 224 2378 in
240 2354 368 2378 unum
386 2339 518 2389 coegit
535 2340 645 2390 apud
664 2339 924 2389 Lugdunum,
943 2345 984 2376 et
1000 2337 1042 2375 in
1059 2336 1228 2374 aedibus
1248 2334 1582 2372 praedicatorum
1600 2331 1799 2373 conclusit

92 2412 175 2439 non
197 2406 294 2436 ante
318 2412 546 2448 egressuros
563 2412 687 2448 quam
703 2411 910 2436 summum
934 2396 1175 2446 pontificem
1196 2393 1421 2443 elegissent.
1442 2391 1571 2430 Divisi
1594 2399 1735 2430 autem
1757 2390 1799 2431 in

94 2457 277 2498 conclavi
309 2457 379 2495 diu
411 2457 534 2505 fuere,
567 2457 832 2508 praevalente
864 2470 1033 2495 numero
1066 2453 1335 2492 cardinalium
1367 2452 1613 2497 Vasconum,
1647 2449 1715 2499 qui
1746 2449 1798 2487 ad

92 2530 299 2554 summum
322 2516 615 2566 pontificatum
637 2516 807 2554 evehere
832 2514 1055 2565 cupiebant
1086 2513 1193 2550 hunc
1228 2511 1455 2550 Arnaldum
1479 2510 1527 2547 de
1552 2509 1749 2558 Pelagrua
1768 2507 1798 2556 ⁵,

139 2678 171 2711 1.
202 2678 362 2711 Clement
387 2678 429 2719 V,
451 2690 486 2712 n.
511 2677 615 2712 7181.

142 2731 172 2764 2.
204 2731 335 2764 Pellini
359 2743 404 2764 ne
426 2737 505 2765 met
526 2731 634 2775 point
655 2731 698 2764 de
721 2731 807 2762 date
830 2728 987 2773 precise3
1010 2727 1102 2760 c’cst
1123 2726 1259 2758 Baluze
1282 2725 1345 2768 qui
1366 2725 1400 2757 la
1421 2723 1588 2757 restitue.

140 2785 172 2817 3.
202 2784 350 2824 Baluze,
378 2791 404 2818 t.
434 2797 486 2825 111,
514 2796 548 2828 p.
576 2785 657 2817 300.

140 2837 173 2871 4.
196 2837 344 2878 Baluze,
368 2844 394 2871 t.
416 2850 467 2877 111,
492 2849 526 2881 p.
552 2838 633 2870 241.

142 2891 173 2923 5.
203 2890 253 2923 Le
275 2891 319 2923 20
339 2890 461 2934 juillet
481 2891 586 2930 1316,
609 2889 725 2923 Arnal
746 2889 790 2922 de
812 2887 942 2920 Comes
964 2885 1121 2919 ecrivait
1142 2896 1189 2917 au
1209 2883 1263 2917 roi
1285 2883 1475 2926 d'Aragon
1496 2894 1503 2915 :
1527 2881 1796 2916 Citramontani

91 2948 177 2976 sunl
195 2944 305 2977 divisi
323 2955 333 2976 .·
357 2944 536 2976 Vascones
554 2944 653 2976 enim
671 2942 793 2975 volunt
811 2941 1000 2974 dominam
1017 2937 1226 2971 Arnaldum
1245 2937 1285 2970 de
1302 2936 1497 2978 Pelagraa‚
1517 2946 1582 2978 pro
1601 2946 1669 2978 quo
1687 2935 1795 2968 etiam

93 2996 263 3029 dominus
279 3007 393 3029 comes
411 2995 687 3037 [Pictaviensis]
707 2995 846 3037 rogavit
864 2994 1049 3031 instanter,
1068 2989 1315 3024 Provinciales
1331 2994 1362 3022 el
1381 2989 1497 3031 aliqui
1519 2987 1651 3021 Gallici
1672 2987 1796 3020 vellent

93 3049 282 3082 dominum
301 3049 554 3083 Tusculanum
574 3049 716 3092 (Finke,
736 3047 829 3080 Acta
845 3044 1114 3088 Aragonensia‚
1134 3049 1160 3076 t.
1180 3055 1202 3082 1,
1223 3054 1257 3086 p.
1279 3041 1374 3086 210).
1395 3041 1444 3074 Le
1463 3041 1482 3074 7
1503 3041 1604 3081 aofit,
1624 3041 1655 3073 le
1674 3041 1793 3074 meme

749 3129 899 3152 BALUZE
917 3135 967 3142 —
988 3118 1037 3150 ΙΙ.
1056 3135 1104 3140 —-
1124 3118 1143 3148 5
