2083 3458
112 225 260 278 [1119]
627 240 842 266 PAPARUM
878 240 1260 265 AVENIONENSIUM
1713 225 1793 265 641

105 322 448 373 conspirationem
476 322 595 360 fuisse
624 337 696 373 pro
722 338 768 360 60
801 323 1089 360 substituendo
1120 323 1161 360 in
1191 323 1325 360 locum
1358 336 1486 373 papae
1520 322 1713 361 defuncti.
1752 324 1797 360 In

103 381 241 431 primis
262 395 357 419 vero
377 381 551 431 plurima
573 381 620 419 de
642 382 844 420 cardinale
864 382 943 419 isto
964 382 1073 420 dicta
1094 390 1203 427 sunt,
1225 382 1319 431 quia
1341 382 1559 419 constabat
1578 382 1692 419 illum
1712 397 1795 420 esse

103 440 280 479 amicum
297 440 615 487 BarthOIOInaei,
636 448 682 478 ut
700 441 784 490 ipse
805 441 1019 478 cardinalis
1040 441 1087 478 de
1108 441 1256 478 Vernio
1275 449 1453 479 testatur
1477 441 1518 478 in
1544 441 1795 490 depositione

103 513 174 536 sua
192 499 206 521 ¹
233 515 240 537 :
269 499 366 537 Item
389 499 489 536 dixit
511 500 612 548 quod
635 499 698 536 ille
722 499 911 537 Bar-ensis
934 499 1155 549 specialiter
1177 500 1418 549 afficiebatur
1441 500 1492 537 asl
1516 500 1636 537 istum
1670 500 1794 538 cardi-

103 558 242 605 nalem,
257 566 291 595 et
305 558 463 595 vocabat
482 558 600 595 istum
617 566 650 596 et
667 558 766 595 alios
782 559 1001 595 cardinales
1016 558 1167 596 domini
1180 559 1267 605 mei,
1284 567 1317 596 et
1330 559 1484 595 domine
1500 559 1552 596 mi
1566 559 1609 595 cle
1628 559 1794 596 Vernhio

103 617 260 655 vocabat
278 617 396 655 istum
414 625 447 654 et
465 617 614 654 dicebat
634 617 713 666 ipsi
729 618 830 667 quod
853 617 936 667 ipse
956 617 1170 667 provideret
1192 617 1271 654 sibi
1293 617 1526 666 largissime,
1550 617 1626 654 imo
1649 619 1791 667 promi-

100 684 201 714 serat
218 676 297 713 sibi
314 676 439 724 ]‘aeere
451 691 576 713 unum
590 676 842 723 cardinalem,
859 684 934 714 etc.
953 677 1088 715 Primo
1103 676 1242 725 itaque
1259 676 1414 714 dictum
1431 685 1491 714 est
1506 691 1598 714 eum
1614 677 1792 714 inaximo

102 735 250 784 gaudio
274 736 478 773 exultasse
504 749 594 773 cum
622 735 726 772 vidit
750 735 1111 774 Bartholomaeum
1136 749 1219 773 6556
1245 749 1407 785 papam.
1437 735 1660 785 Episcopus
1685 736 1792 774 enim

104 794 379 832 Recinetensis
398 794 508 844 apud
528 794 748 832 Odoricum
768 794 1043 843 Raynaldum,
1063 808 1127 831 an.
1150 794 1262 841 1378,
1288 794 1304 842 ἓ
1324 794 1384 841 15,
1403 795 1460 831 ait
1480 794 1725 832 cardinalem
1744 795 1791 833 de

102 853 249 891 Vernio
271 853 349 891 ista
373 852 544 903 presenti
568 853 680 903 quasi
704 861 780 890 tota
801 867 875 890 sua
896 853 1056 901 familia
1086 853 1162 890 sibi
1194 853 1341 891 dixisse
1366 869 1373 890 :
1411 854 1547 890 Frater
1577 853 1790 901 carissime,

102 927 305 962 nunquam
327 921 400 950 toto
422 921 589 962 tempore
612 912 684 950 vite
707 926 785 949 mee
807 912 928 949 habui
951 920 1103 949 tantum
1126 912 1329 960 gaudium,
1353 912 1446 962 quia
1468 912 1666 961 negotium
1689 912 1792 950 istud

101 971 211 1009 lioclie
223 971 281 1009 sic
294 971 458 1021 pacifice
472 971 761 1021 complevimus,
781 971 857 1009 Sed
870 971 983 1008 istud
998 971 1279 1009 testimonium
1291 971 1579 1021 pessumdatur
1593 986 1643 1009 ex
1658 972 1789 1009 verbis

100 1030 363 1081 depositionis
392 1030 510 1068 istius
541 1030 770 1077 cardinalis,
803 1044 925 1079 quam
957 1030 1143 1068 dabimus
1173 1045 1222 1067 ex
1253 1030 1387 1067 codice
1416 1029 1495 1067 815
1520 1030 1788 1068 bibliothecae

100 1090 353 1128 Colbertinae
372 1089 398 1128 2.
422 1089 576 1128 Deinde
596 1089 703 1127 idem
723 1089 934 1139 episcopus
957 1089 1246 1127 Recanatensis
1266 1097 1442 1126 testatus
1462 1097 1524 1126 est
1543 1089 1785 1127 cardinalem

99 1149 146 1187 (16
176 1149 353 1187 Vernhio
381 1149 457 1187 sibi
486 1147 665 1186 dixisse3
694 1149 736 1185 in
773 1148 965 1196 Anagnia
1003 1149 1104 1197 quod
1131 1147 1287 1185 nomine
1314 1161 1384 1184 suo
1412 1156 1445 1185 et
1472 1147 1719 1185 dominorum
1746 1149 1790 1186 cle

98 1208 227 1256 Luna,
251 1209 295 1245 de
317 1208 545 1255 Britannia,
571 1208 706 1245 Sancti
729 1207 887 1256 Augen,
918 1206 1207 1253 Glandatensis,
1230 1215 1264 1243 et
1290 1206 1535 1243 Is'ivariensis
1557 1206 1790 1256 promitteret

99 1267 270 1305 dominis
297 1267 568 1305 cardinalibus
599 1266 766 1304 Ytalicis
792 1267 893 1316 quod
919 1266 1020 1315 ipsis
1046 1262 1217 1303 dominis
1249 1265 1415 1303 Ytalicis
1443 1265 1569 1314 firmis
1594 1266 1788 1303 stantibus

97 1341 188 1375 erga
213 1326 359 1364 (lictum
384 1326 589 1364 dominum
614 1327 840 1372 Barensem,
869 1325 948 1374 ipsi
975 1325 1157 1362 dominus
1183 1325 1227 1361 (Ie
1258 1324 1426 1361 I'ernhio
1451 1333 1484 1362 et
1508 1324 1580 1361 alii
1605 1325 1788 1374 superius

99 1385 292 1423 nominati
311 1394 435 1423 essent
452 1400 540 1423 cam
558 1385 614 1422 eis
634 1385 739 1434 firmi
761 1399 879 1434 usqae
898 1384 949 1421 acl
967 1392 1136 1422 mortem.
1158 1384 1286 1433 Super
1304 1397 1349 1421 ea
1371 1399 1408 1421 re
1434 1384 1640 1420 consultus
1662 1384 1786 1421 cardi-

98 1445 198 1482 nalis
222 1445 477 1483 Florentinus
499 1459 522 1482 a
543 1445 685 1493 legatis
707 1444 807 1493 regis
829 1444 1083 1492 Arragonuni
1106 1442 1315 1492 respondit
1335 1456 1380 1480 ea
1412 1442 1546 1480 omnia
1575 1457 1658 1480 esse
1680 1451 1786 1480 tota-

97 1504 187 1542 liter
211 1503 330 1550 falsa3
354 1519 405 1543 ex
428 1504 564 1542 codice
587 1503 665 1541 811
688 1503 958 1540 bibliothecae
983 1502 1237 1540 Colbertinae
1252 1499 1279 1539 4.

149 1563 263 1601 Certe
291 1563 470 1601 dubitari
496 1578 578 1601 non
602 1563 806 1600 immerito
833 1576 948 1612 posse
976 1561 1023 1599 de
1050 1561 1125 1599 hoc
1151 1560 1386 1599 testimonio
1412 1560 1563 1598 evincit
1589 1560 1787 1609 depositio

98 1622 334 1672 Raynulphi
361 1623 576 1661 cardinalis
602 1621 888 1668 Sistaricensis,
919 1621 987 1670 qui
1014 1620 1071 1657 ait
1099 1635 1152 1667 se,
1176 1634 1267 1657 cum
1288 1627 1393 1657 esset
1414 1619 1522 1668 apud
1545 1619 1785 1668 Anagniarn,

96 1681 363 1731 interrogasse
381 1681 396 1704 5
436 1682 574 1719 iterum
604 1680 843 1719 cardinalem
881 1681 924 1717 cle
954 1679 1140 1716 Alvernio
1171 1687 1300 1716 utrum
1330 1678 1512 1715 dominus
1542 1686 1666 1715 noster
1695 1686 1788 1715 esset

95 1755 205 1778 verus
225 1756 333 1790 papa
353 1742 409 1778 wel
429 1756 518 1779 non.
542 1741 591 1778 Et
610 1740 752 1790 recepit
773 1739 873 1776 idem
893 1738 1108 1776 cardinalis
1130 1752 1271 1775 manus
1292 1752 1395 1774 meas
1416 1737 1546 1774 dicens
1568 1753 1574 1774 ι
1597 1738 1673 1773 Per
1694 1737 1787 1774 istas

96 1814 250 1847 manus,
268 1800 304 1837 si
323 1800 406 1850 ipse
419 1800 602 1838 (lominus
618 1807 744 1837 noster
761 1800 866 1836 wellet
877 1799 1023 1836 credere
1042 1797 1159 1835 michi
1175 1798 1218 1834 cle
1237 1797 1304 1834 hoc
1318 1797 1418 1846 quod
1434 1810 1501 1845 ego
1517 1795 1679 1833 dicerem
1693 1795 1785 1842 sibi,

96 1858 178 1908 ipse
200 1867 295 1897 esset
317 1874 427 1897 verus
450 1874 570 1909 papa.
596 1859 646 1896 Et
668 1867 759 1896 tunc
782 1858 865 1895 slioei
891 1874 897 1895 :
921 1857 1102 1903 Domine,
1128 1871 1205 1893 non
1228 1864 1354 1905 posset
1379 1855 1463 1904 fieri
1487 1855 1587 1904 quod
1609 1854 1715 1892 iretis
1737 1855 1788 1891 ad

93 1932 194 1965 eum,
218 1926 252 1956 et
274 1919 382 1956 credo
405 1919 506 1968 quod
527 1919 688 1956 crederet
709 1917 817 1954 vobis
839 1918 882 1954 cle
902 1931 943 1952 eo
967 1916 1067 1965 quod
1089 1915 1275 1952 diceretis.
1305 1915 1416 1951 Tunc
1438 1913 1637 1963 respondit
1661 1930 1667 1951 2
1695 1913 1786 1950 Non

97 1977 192 2014 bono
211 1978 332 2025 modo,
352 1978 445 2028 quia
461 1978 534 2015 alii
552 1977 703 2014 domini
722 1976 796 2014 mei
814 1976 995 2013 haberent
1013 1989 1070 2012 me
1086 1982 1320 2023 suspectum.
1342 1973 1528 2010 Profecto
1546 1973 1643 2010 haec
1662 1973 1783 2010 verba

95 2050 176 2073 non
199 2045 295 2074 sunt
318 2037 492 2076 hominis
517 2036 665 2086 gaudio
689 2035 912 2074 exultantis
937 2042 1103 2084 propter
1126 2033 1363 2071 electionem
1386 2031 1700 2069 Bartholomaei.

151 2095 196 2132 In
221 2095 428 2134 diversum
454 2104 591 2134 autem
620 2095 775 2133 abeunt
800 2094 970 2132 aliorum
1000 2092 1269 2142 quorumdam
1298 2091 1546 2132 testimonia,
1575 2090 1642 2139 qui
1669 2089 1784 2127 aiunt

95 2154 342 2193 cardinalem
367 2155 414 2193 de
441 2155 617 2193 Vernhio
641 2154 773 2192 risisse
792 2153 840 2192 de
860 2167 906 2191 ea
931 2152 1125 2190 electione
1150 2159 1191 2189 et
1214 2164 1307 2188 eum
1344 2164 1424 2187 11011
1449 2149 1661 2187 credidisse
1700 2163 1782 2186 esse

94 2228 236 2252 verum
251 2228 414 2264 papam.
434 2215 612 2252 Joannes
629 2213 841 2264 episcopus
858 2211 1081 2249 Castrensis
1097 2210 1212 2248 testis
1224 2209 1383 2258 juratus
1399 2209 1456 2246 ita
1472 2216 1647 2245 testatus
1663 2215 1724 2245 est
1743 2207 1780 2244 ⁶:

97 2272 192 2310 Item
210 2273 309 2311 dixit
325 2273 521 2323 predictus
539 2272 644 2311 testis
662 2272 763 2322 quod
780 2271 822 2308 in
839 2270 979 2320 vigilia
997 2268 1259 2307 coronationis
1278 2268 1392 2305 istius
1422 2266 1574 2304 L'rbani
1601 2273 1784 2303 venerunt

93 2332 145 2369 ad
169 2332 440 2370 dormiendum
466 2332 509 2369 in
535 2333 645 2370 domo
669 2346 744 2368 sua
770 2330 953 2368 dominus
985 2327 1260 2366 Glandatensis
1286 2335 1319 2364 et
1344 2325 1526 2363 (lominus
1552 2326 1595 2362 (le
1625 2324 1780 2369 Vernio,

92 2398 126 2428 et
144 2399 220 2428 tota
240 2399 343 2429 nocte
363 2391 589 2429 deridebant
608 2392 651 2428 de
672 2390 743 2427 isto
764 2388 926 2438 negotio,
953 2388 1040 2437 lpse
1063 2388 1204 2424 Petrus
1226 2386 1273 2423 (16
1296 2385 1484 2431 Vernhio,
1500 2392 1546 2421 ut
1565 2384 1606 2420 in
1626 2383 1781 2433 deposi-

92 2450 203 2488 tione
231 2450 317 2499 ejus
344 2450 492 2500 legitur
518 2450 560 2488 in
587 2449 723 2487 codice
751 2440 994 2492 Harlaeano,
1015 2446 1119 2483 dixit
1142 2445 1308 2483 Urbano
1327 2443 1564 2481 electionem
1587 2442 1672 2491 ejus
1702 2456 1782 2479 non

94 2509 238 2547 valere.
268 2510 378 2548 Haec
403 2517 499 2547 sunt
522 2509 647 2547 verba
673 2508 823 2557 scripta
848 2507 889 2544 in
913 2520 958 2544 ea
985 2504 1236 2554 depositione
1255 2503 1268 2524 ⁷
1295 2518 1301 2540 ε
1331 2502 1427 2539 Item
1460 2501 1559 2538 dia-it
1590 2501 1690 2550 quod
1714 2500 1782 2537 iste

93 2568 261 2617 quadam
277 2568 338 2605 die
354 2568 454 2606 dixit
470 2567 530 2605 illi
546 2567 715 2605 Barensi
732 2566 832 2616 quod
848 2579 925 2602 non
941 2572 1021 2601 erat
1035 2578 1144 2613 papa
1159 2570 1314 2612 propter
1331 2561 1398 2598 illa
1415 2574 1485 2610 que
1503 2560 1768 2597 intervertet-an

93 2627 246 2676 quando
268 2627 346 2676 suit
367 2627 518 2674 electus,
542 2635 576 2664 et
598 2626 699 2676 quocl
724 2626 867 2662 bonum
889 2631 984 2661 esset
1007 2622 1107 2672 quocl
1129 2621 1350 2669 reeligerent
1373 2634 1460 2656 eum
1483 2619 1592 2668 apucl
1613 2618 1782 2667 aliquem

199 2785 265 2818 Ms.
296 2785 379 2824 cite,
408 2784 470 2817 fol.
500 2785 545 2817 39
572 2788 616 2817 r0.

199 2837 347 2877 Baluze,
378 2843 403 2870 t.
432 2849 482 2876 iv,
512 2849 546 2880 p.
574 2837 653 2870 267.

198 2891 238 2924 B.
271 2891 327 2930 N„
357 2902 423 2923 ms.
452 2889 548 2922 latin
574 2889 679 2929 1462,
709 2888 770 2922 fol.
800 2889 845 2922 36
874 2892 923 2921 v⁰.

198 2943 264 2976 Ms.
295 2943 378 2983 cite,
407 2942 469 2976 fol.
499 2943 541 2975 41
572 2946 612 2974 v0
638 2948 676 2974 et
703 2942 749 2974 44
776 2946 826 2974 v0.

198 2997 237 3030 B.
265 2996 322 3036 N.‚
347 3008 413 3029 ms.
438 2995 533 3029 latin
555 2994 684 3034 11745,
709 2994 771 3027 fol.
796 2994 841 3027 74
864 2997 914 3026 νο.

197 3049 263 3082 Μ5.
294 3049 377 3088 cite,
406 3048 468 3081 fol.
499 3049 543 3081 92
571 3052 613 3081 1²⁰.

198 3102 264 3135 Ms.
295 3103 378 3141 cite,
409 3101 469 3134 sol.
499 3102 543 3134 39
571 3105 614 3134 ΓΟ.

136 2785 169 3136 NP’QPP'N?

720 3182 880 3204 BALUZE.
900 3190 946 3195 —
970 3171 1016 3203 ΙΙ.
1038 3188 1083 3192 -
1103 3170 1143 3201 21
