2083 3458
280 238 363 280 402
942 248 1094 275 NOTAE
1128 250 1188 275 AD
1223 250 1350 275 vrrAS
1551 218 1583 298 γ’
1856 235 1983 291 [890]

279 338 495 377 transtulit
531 337 723 375 Nicolaus
756 335 975 374 Bertrandi
1009 334 1051 372 in
1085 334 1189 373 libro
1222 334 1282 372 De
1318 335 1434 384 gestis
1484 336 1782 384 Tolosanorum‚
1819 336 1888 375 fol.
1922 336 1983 375 41.

333 399 376 436 P.
405 396 494 445 255,
521 396 587 446 lig.
618 396 678 434 10.
711 396 932 433 IMBERTUS
962 394 1228 433 DELPfflNUS.
1258 394 1360 433 Vide
1386 394 1604 433 Albertum
1631 395 1985 445 Argentinensem,

279 472 317 508 p.
344 457 432 504 228,
457 464 498 494 et
522 455 744 493 Odoricum
770 454 1049 503 Raynaldum,
1073 468 1138 492 an.
1166 453 1280 501 1345,
1310 453 1327 502 ξ
1351 453 1374 491 6
1396 468 1471 503 sq.‚
1495 462 1536 492 et
1558 468 1623 493 an.
1650 454 1765 502 1346,
1795 454 1811 503 ἓ
1834 454 1898 502 64,
1922 454 1984 493 66.

283 517 327 554 In
357 530 542 554 sermone
571 514 791 553 Clementis
820 513 878 551 VI
907 513 1018 551 facto
1047 527 1168 563 super
1197 513 1461 552 coronatione
1490 522 1531 552 et
1558 514 1749 552 missione
1780 513 1987 564 Delphini,

278 583 373 626 post
392 575 566 613 relatam
586 581 763 612 mortem
786 572 951 611 Henrici
971 571 1231 622 patriarchae
1253 572 1322 622 Cp.
1344 572 1424 610 ista
1444 573 1636 623 leguntur
1653 573 1667 595 1
1690 588 1698 611 :
1722 573 1799 611 Sed
1817 573 1986 621 tandem,

277 634 380 672 sicut
396 633 570 671 Domino
590 632 755 683 placuit,
779 632 866 682 ipso
886 631 1082 669 subtracto
1103 632 1147 668 de
1168 631 1307 679 media,
1329 639 1364 669 et
1385 631 1472 681 ipso
1493 632 1640 670 vivente
1662 632 1705 670 in
1727 632 1865 682 gloria,
1887 646 1987 670 mor-

280 702 344 732 tuo
357 701 487 731 autem
502 693 544 730 in
557 706 685 739 carne,
701 706 779 729 non
793 691 949 741 quidem
961 690 1063 728 sicut
1082 691 1206 728 solent
1218 691 1317 728 mori
1332 691 1482 740 ignavi,
1495 692 1562 729 sed
1586 692 1689 729 sicut
1700 692 1846 729 cadunt
1858 705 1988 729 coram

281 751 379 803 filiis
404 751 630 802 iniquitatis
652 750 780 788 sancti.
803 758 837 788 et
863 750 976 799 justi,
1000 750 1128 800 reperi
1151 750 1195 787 de
1219 750 1351 800 aliquo
1381 750 1474 788 duce
1502 759 1536 788 et
1567 751 1772 801 capitaneo
1801 750 1987 788 exercitui

279 812 455 862 agminis
495 810 663 848 Domini
709 810 786 847 Dei
824 809 950 847 Israel
989 809 1201 859 providere.
1245 809 1296 846 Et
1333 809 1427 859 quia
1466 809 1565 847 inter
1603 818 1741 848 ceteros
1782 810 1987 860 principes

280 872 405 922 reperi
426 871 637 908 instantem
658 869 808 919 sepius,
824 868 1118 918 supplicantem
1141 868 1349 916 humilius,
1365 869 1563 918 optantem
1586 868 1803 917 ardentius,
1823 869 1984 919 offeren-

279 939 352 968 tem
380 930 600 977 liberalius,
630 928 814 966 dilectum
843 928 974 978 filium
1005 927 1221 965 Imbertum
1249 927 1487 977 dalphinum
1520 928 1784 966 Viennensem
1811 928 1874 966 hic
1901 943 1986 978 pre-

278 998 436 1037 sentem,
464 989 607 1027 idcirco
634 989 769 1038 ipsum
794 988 838 1025 de
861 987 1032 1036 fratrum
1058 995 1278 1024 nostrorum
1308 988 1472 1025 consilio
1498 988 1633 1025 ducem
1666 996 1700 1025 et
1733 988 1987 1037 capitaneum

278 1050 467 1087 exercitus
495 1057 628 1086 contra
652 1048 799 1085 Turcos
826 1047 1015 1093 duximus
1042 1046 1325 1096 deputandum.
1352 1046 1527 1085 Solvisse
1555 1061 1648 1086 eum
1666 1062 1685 1085 e
1702 1055 1826 1097 portu
1846 1047 1986 1085 Massi—

277 1108 393 1147 liensi
415 1123 480 1147 an.
505 1107 759 1146 MCCCXLV
779 1106 883 1145 circa
907 1106 1015 1144 diem
1038 1120 1125 1143 xvn
1147 1106 1312 1155 augusti
1329 1105 1344 1128 2
1367 1106 1499 1158 colligi
1520 1114 1659 1156 potest
1681 1121 1731 1144 ex
1748 1106 1874 1145 literis
1898 1106 1985 1156 ejus

279 1168 397 1206 editis
421 1168 473 1205 ab
497 1167 661 1204 Andrea
686 1165 919 1204 Duchesnio
941 1165 1048 1204 inter
1066 1165 1325 1202 Probationes
1341 1165 1528 1203 historiae
1541 1165 1841 1215 Dalphinorum
1868 1165 1986 1203 Vien-

279 1227 476 1274 nensium,
500 1241 539 1277 p.
564 1226 626 1264 65.
654 1226 712 1264 De
740 1226 884 1263 eodem
915 1224 1080 1274 negotio
1112 1232 1229 1262 extat
1261 1225 1392 1263 multa
1415 1225 1570 1263 mentio
1593 1225 1661 1263 lib.
1692 1225 1745 1262 IV
1769 1225 1985 1275 Epistolar.

278 1286 489 1335 Clementis
515 1285 586 1333 VI,
608 1285 725 1335 epist.
749 1299 852 1332 cen,
875 1298 992 1331 CCLV,
1015 1298 1172 1323 cch111.

332 1346 374 1384 P.
406 1345 495 1392 255,
523 1345 590 1395 lig.
622 1344 683 1382 17.
716 1344 781 1381 DE
811 1358 890 1381 suo
923 1343 1221 1381 DELPHINATU.
1252 1343 1353 1381 Vide
1383 1343 1601 1382 Albertum
1629 1343 1985 1393 Argentinensem,

277 1420 315 1455 p.
339 1404 428 1452 228,
452 1404 675 1442 Henricum
696 1403 979 1441 Rebdorffium
1000 1403 1052 1440 ad
1072 1416 1227 1440 annum
1246 1402 1441 1440 MCCCLI
1463 1402 1517 1453 [p.
1539 1400 1639 1452 563]
1662 1411 1703 1441 et
1724 1403 1984 1441 Matthaeum

278 1464 513 1510 Villanium,
533 1463 601 1502 lib.
628 1463 657 1510 Ι,
679 1477 765 1513 cap.
790 1477 893 1499 xxvi
915 1461 1145 1511 [Muratori,
1167 1470 1195 1500 t.
1219 1476 1304 1509 xiv,
1327 1462 1399 1499 col.
1421 1461 1509 1511 30].
1539 1462 1597 1499 Ea
1626 1477 1746 1512 porro
1773 1462 1985 1501 occasione

278 1523 552 1561 Theodericus
573 1537 594 1560 a
616 1522 747 1569 Niem,
766 1522 835 1559 lib.
861 1522 899 1558 ΙΙ
915 1521 974 1558 De
995 1521 1215 1567 schismate,
1233 1535 1319 1571 cap.
1339 1535 1427 1558 xxv
1445 1519 1499 1571 [p.
1523 1521 1620 1571 167]
1639 1521 1786 1559 acriter
1810 1521 1985 1571 insurgit

278 1582 319 1620 in
343 1583 543 1621 Karolum
570 1582 622 1619 IV
644 1581 936 1631 imperatorem
957 1589 1175 1630 propterea
1201 1580 1311 1629 quod
1336 1580 1632 1631 Delphinatum
1658 1580 1918 1619 transtulerit
1942 1580 1985 1619 in

244 1681 247 1686 ,
277 1656 413 1691 regem
446 1642 709 1679 Francorum.

330 1701 372 1739 P.
401 1700 490 1747 255,
516 1701 581 1750 lig.
599 1699 672 1738 -22,
702 1700 961 1737 Ri-:uolosus
983 1713 1197 1736 EFFECTUS
1220 1713 1342 1736 suasu
1369 1698 1610 1749 praesertim
1636 1699 1807 1737 ,Ioannis
1832 1699 1984 1737 Birellii

278 1759 522 1806 Cartusiani,
556 1768 603 1797 ut
638 1759 807 1808 quidam
840 1758 1038 1805 scribunt,
1074 1758 1184 1807 quod
1217 1772 1314 1796 sane
1346 1757 1388 1795 in
1420 1758 1523 1796 libro
1558 1766 1719 1807 quarto,
1755 1772 1842 1808 cap.
1878 1772 1983 1806 xxn,

277 1818 464 1856 Chronici
490 1818 761 1856 Cartusiensis
785 1818 952 1856 innuere
978 1817 1144 1855 videtur
1170 1817 1314 1855 Petrus
1343 1817 1588 1855 Dorlandus.

331 1878 373 1916 P.
396 1878 484 1925 255,
503 1878 569 1927 lig.
591 1877 652 1915 24.
674 1878 883 1915 JOHANNE
905 1891 1016 1914 REGE
1038 1877 1229 1914 FRANCIE
1253 1877 1322 1926 qui
1349 1884 1440 1914 tum
1467 1885 1555 1915 erat
1582 1877 1692 1927 apud
1712 1876 1981 1925 Avenionem,

277 1945 324 1974 ut
346 1937 466 1975 docet
491 1937 689 1975 Henricus
716 1936 974 1974 Hebdorffius
1001 1936 1054 1986 [p.
1080 1935 1194 1986 562].
1220 1935 1321 1974 Vide
1345 1935 1471 1974 etiam
1504 1950 1608 1985 quae
1631 1950 1703 1974 nos
1726 1935 1768 1973 in
1791 1935 1908 1973 Notis
1930 1936 1983 1973 ad

277 1996 533 2045 Capitularia
557 1996 710 2045 Regum
735 1996 995 2042 Francorum,
1021 2010 1059 2045 p.
1090 1994 1204 2036 1088.
1230 1995 1444 2033 retulimus
1471 2010 1521 2033 ex
1547 1995 1763 2033 Guillelmo
1787 1990 1980 2033 Bardino.

331 2056 372 2093 P.
393 2055 481 2102 255,
499 2056 564 2105 lig.
585 2055 645 2093 25.
660 2055 1032 2092 ALEXANDRINUM.
1052 2054 1155 2099 Male
1174 2054 1432 2093 Rebdorffius
1448 2054 1752 2092 Antiochenam.
1769 2054 1871 2093 Vide
1889 2069 1982 2092 con-

276 2115 528 2153 tinuatorem
552 2114 713 2164 Nangii,
736 2123 764 2152 t.
787 2129 829 2161 11,
851 2129 889 2164 p.
914 2113 1002 2151 347.
1027 2113 1264 2152 Matthaeus
1286 2113 1485 2151 Villanius
1507 2113 1566 2151 ait
1593 2128 1686 2152 eum
1708 2113 1908 2164 cogitasse
1933 2113 1982 2152 de

276 2174 533 2211 cardinalatu
568 2188 695 2223 quum
727 2174 863 2211 induit
895 2173 1086 2211 habitum
1120 2172 1358 2212 clericalem.
1394 2173 1587 2211 Albertus
1621 2181 1762 2211 autem
1795 2172 1983 2222 Argenti-

276 2234 410 2271 nensis
430 2233 488 2270 ait
505 2233 621 2272 illum
640 2247 845 2283 egressum
865 2247 915 2270 ex
934 2232 1074 2270 ordine
1094 2232 1432 2270 praedicatorum
1451 2232 1609 2270 factum
1628 2247 1713 2270 esse
1732 2232 1981 2271 cardinalem

276 2301 316 2330 et
340 2293 608 2342 postmodum
632 2292 912 2342 patriarcham
938 2290 993 2342 [p.
1020 2291 1134 2341 285]

330 2352 371 2390 P.
389 2351 476 2399 255,
488 2351 554 2401 lig.
573 2352 633 2389 29.
650 2352 746 2389 UNo
765 2365 1008 2399 coN'rEXTU,
1025 2350 1156 2388 tribus
1172 2358 1314 2389 tamen
1329 2350 1501 2398 vicibus,
1515 2351 1688 2388 servatis
1704 2350 1841 2400 aliquo
1857 2350 1980 2388 modo

277 2410 523 2457 interstitiis,
551 2420 597 2448 ut
622 2419 741 2461 patet
766 2425 816 2448 ex
841 2409 1074 2447 Annalibus
1102 2410 1267 2448 Henrici
1295 2409 1520 2448 Rebdorffii
1547 2408 1601 2459 [p.
1630 2409 1744 2459 563].

329 2470 371 2508 P.
395 2469 483 2517 255,
504 2470 570 2519 lig.
594 2470 654 2507 32.
682 2470 914 2507 DUODECIM
940 2469 1470 2507 CARD1NAL1UM.>Henricus
1490 2468 1749 2507 Rebdorsfius
1767 2467 1822 2518 [p.
1845 2467 1944 2518 562]
1970 2483 1977 2505 ε

274 2529 394 2566 Anno
427 2529 657 2576 M'CCCLI,
690 2538 777 2579 post
816 2529 958 2577 festum
1000 2528 1220 2567 nativitatis
1249 2528 1431 2575 Domini,
1467 2528 1671 2565 Llohannes
1705 2539 1777 2565 'rex
1809 2527 1979 2564 Francie

273 2587 406 2625 visitat
433 2597 520 2638 post
547 2589 836 2625 coronationem
864 2602 980 2625 suam
1009 2588 1215 2625 dominum
1243 2602 1407 2636 papam,
1437 2586 1592 2624 intrans
1617 2586 1860 2624 Avinionem
1890 2600 1978 2623 cum

273 2660 416 2695 magno
442 2655 655 2697 apparatu,
683 2647 735 2685 Et
759 2655 851 2685 tunc
877 2661 987 2697 papa
1012 2647 1064 2684 acl
1090 2646 1325 2684 instantiam
1353 2646 1484 2695 ipsius
1510 2654 1612 2684 creat
1635 2645 1733 2683 XII
1756 2645 1979 2683 cardinales

274 2719 402 2744 novos.
424 2706 613 2744 Albertus
632 2706 939 2756 Argentinensis
957 2706 971 2727 ³
988 2721 1026 2756 p.
1048 2705 1122 2743 154
1141 2721 1148 2743 :
1166 2705 1246 2742 Hic
1265 2706 1442 2742 Joannes
1457 2720 1564 2742 anno
1576 2704 1744 2742 Domini
1760 2703 1978 2742 MCCCLI

320 2862 351 2893 1.
372 2861 634 2904 Bibliotheque
654 2861 1026 2901 Sainte-Genevieve‚
1048 2873 1114 2894 ms.
1135 2860 1217 2898 240,
1237 2860 1261 2893 f.
1282 2860 1348 2893 521
1370 2864 1420 2892 v0.

322 2915 351 2946 2.
379 2914 408 2945 Il
431 2914 670 2957 s'embarqua
693 2915 724 2947 le
747 2915 789 2947 31
816 2915 908 2947 aofit
934 2914 1041 2958 (Gay,
1065 2926 1122 2957 op.
1147 2915 1218 2954 cit„
1243 2925 1277 2956 p.
1304 2912 1376 2956 64).
1402 2912 1472 2946 Sur
1494 2924 1562 2946 son
1583 2912 1813 2957 expedition,
1839 2912 1919 2946 voir
1940 2913 1972 2946 le

273 2968 390 2999 memo:
414 2972 557 3005 auteur,
582 2979 615 3010 p.
640 2968 766 3007 61—803
790 2967 826 3001 C.
852 2968 982 3007 Faure,
1005 2967 1055 3000 Le
1071 2967 1254 3010 Dauphin
1273 2966 1453 2999 Humbert
1473 2966 1519 2998 II
1538 2967 1561 2999 ἀ
1584 2966 1716 2999 Venise
1736 2971 1766 2999 et
1785 2977 1830 2999 en
1849 2965 1974 3000 Orient

276 3019 521 3063 (1345-1347)‚
544 3021 636 3052 dans
657 3020 848 3063 [Melanges
866 3020 1124 3063 d'archeologie
1142 3025 1174 3053 et
1192 3019 1386 3059 &histoire
1408 3025 1434 3052 t.
1456 3031 1566 3052 xxvn
1590 3018 1723 3063 (1907),
1744 3030 1778 3062 p.
1801 3019 1969 3052 509-562.

272 3072 341 3105 Sur
360 3084 399 3104 sa
420 3079 530 3111 mort,
552 3073 802 3117 Bibliolhc‘que
821 3074 862 3107 de
881 3073 1014 3107 l'Ecole
1033 3074 1093 3106 des
1111 3073 1257 3112 chartas,
1281 3079 1306 3105 t.
1331 3084 1450 3105 Lxxw
1474 3071 1608 3116 (1915),
1629 3083 1664 3116 p.
1686 3072 1855 3105 467—471.

321 3128 351 3157 3.
383 3125 435 3156 Ed
462 3126 632 3165 Biihmer,
660 3133 685 3159 t.
711 3138 761 3166 1v,
788 3138 822 3169 p.
850 3128 929 3160 275.
