2083 3458
276 133 330 175 66
928 147 1080 172 NOTAE
1115 146 1175 171 AD
1211 145 1340 171 VITAs
1867 129 1992 185 [598]

275 233 340 271 tit.
360 248 477 279 xxm,
495 231 712 282 Aegidium
728 232 964 269 Romanum
982 230 1025 268 in
1044 231 1230 267 Tractatu
1246 238 1379 267 contra
1391 230 1689 281 exemptionem,
1703 238 1744 269 et
1760 229 1994 269 additiones

276 293 328 331 ad
348 301 508 331 tomum
529 292 698 330 tertium
719 290 884 329 Odorici
906 289 1114 339 Raynaldi
1132 290 1158 327 ¹.

331 353 373 390 P.
394 352 454 399 19,
470 352 536 401 lig.
553 351 615 389 31.
635 351 801 388 NOLUIT
819 364 938 387 PAPA.
958 350 1142 387 Clement
1159 349 1192 386 V
1209 363 1249 386 se
1265 363 1475 399 prononca
1491 364 1541 387 611
1557 349 1701 388 faveur
1717 350 1787 387 des
1805 357 1993 400 exempts

277 420 370 449 tout
392 426 439 449 611
462 411 689 462 reprimant
709 411 764 448 les
787 410 889 447 abus
913 409 1037 459 qu’on
1060 409 1146 446 leur
1167 408 1366 459 imputait
1391 408 1497 458 (voir
1518 409 1553 447 16
1576 409 1733 459 Corpus
1752 408 1859 459 juris
1880 423 1995 447 cano-

279 471 372 518 nici,
393 472 597 518 Clement„
617 470 686 508 lib.
708 470 756 517 V,
777 469 842 507 tit.
865 484 918 516 vl,
934 469 994 506 De
1005 468 1228 506 excessibus
1245 468 1527 518 praelatorum,
1544 483 1577 507 c.
1593 469 1776 516 unicum,
1793 476 1836 507 et
1851 468 1922 507 lib.
1943 468 1992 516 V,

277 530 342 568 tit.
363 546 429 575 v11,
444 530 503 567 De
518 529 742 579 privilegiis
758 537 791 566 et
806 528 1028 566 excessibus
1044 527 1402 578 privilegiatorum,
1421 543 1453 566 c.
1473 528 1525 577 1).

332 591 374 628 Ρ.
403 590 464 637 19,
489 589 555 639 lig.
582 589 644 627 32.
673 589 1010 633 EXTORQUENDA
1037 596 1238 626 PECUNIA.
1267 587 1372 625 Jean
1398 588 1447 626 de
1474 587 1754 626 Saint-Victor
1778 587 1994 638 reproduit

277 649 325 687 ici
344 650 381 687 la
403 649 624 699 chronique
642 648 766 686 rimee
786 648 834 686 de
855 647 1049 697 Geoffroy
1068 648 1117 685 de
1137 647 1250 685 Paris
1273 647 1342 695 (H.
1363 647 1427 695 F.,
1447 655 1477 687 t.
1500 662 1604 695 xxn,
1625 662 1664 698 p.
1688 647 1778 697 133)
1798 664 1806 686 ε

758 726 805 763 Je
830 740 931 775 croy,
958 725 997 762 la
1022 739 1138 762 cause
1163 725 1216 762 du
1241 724 1388 762 concile

755 785 820 823 Fu
838 800 940 835 pour
958 784 1104 822 atraire
1123 784 1224 822 crois
1242 792 1277 822 et
1294 784 1402 835 pille.

333 864 517 902 Clement
537 864 571 901 V
591 863 764 913 imposa,
787 877 836 901 en
857 862 967 910 effet,
989 863 1038 900 de
1058 862 1220 900 lourdes
1243 862 1409 913 charges
1430 877 1514 901 aux
1535 862 1864 912 ecclesiastiques
1888 878 1895 900 :
1917 877 1997 901 une

280 924 434 962 (16611116
461 923 678 961 sexennale
706 937 755 961 en
782 937 861 960 vue
890 922 938 960 de
964 922 1003 960 la
1031 921 1214 960 croisade
1244 921 1436 972 (Clement
1467 922 1513 970 V,
1542 937 1580 961 n.
1610 922 1727 970 8853,
1755 921 1997 970 8913-8916,

278 983 394 1031 8986,
416 982 532 1029 8987,
561 982 677 1030 9983,
705 981 946 1030 9985—9987,
970 981 1112 1029 10034,
1142 981 1301 1031 10243),
1325 996 1404 1020 une
1432 982 1587 1020 decime
1617 996 1695 1032 que
1721 982 1777 1020 les
1805 985 1920 1032 peres
1949 982 1998 1020 de

280 1043 448 1089 Vienne,
479 1044 500 1080 a
528 1041 777 1092 l'exception
807 1042 856 1080 de
886 1042 995 1080 deux
1025 1044 1215 1091 eveques,
1244 1041 1302 1079 lui
1330 1041 1499 1080 avaient
1529 1041 1672 1080 offerte
1702 1050 1808 1079 motu
1835 1040 1999 1092 proprio

219 1134 221 1136 .
279 1102 512 1140 liberalitate
529 1101 593 1151 (22
610 1101 714 1139 avril
731 1101 851 1148 1312,
869 1100 1045 1139 Cle'ment
1065 1101 1111 1149 V,
1127 1116 1167 1140 n.
1182 1101 1305 1149 8781;
1324 1100 1466 1149 Finke,
1482 1101 1709 1152 Papsttum,
1726 1109 1756 1140 t.
1773 1116 1816 1150 11,
1831 1116 1872 1152 p.
1891 1100 1998 1151 298).

334 1163 376 1199 P.
413 1161 474 1209 19,
506 1161 571 1211 lig.
606 1160 668 1200 33.
703 1161 1001 1200 CONSTITUTIO.
1036 1161 1145 1200 C’est
1185 1161 1224 1199 13
1257 1160 1533 1200 constitution
1565 1161 1687 1199 Exivi
1719 1162 1764 1199 de
1795 1160 1998 1213 paradiso,

279 1222 543 1273 promulgue'e
563 1221 598 1259 16
620 1220 644 1258 6
664 1220 746 1258 11131
768 1220 869 1259 1312
893 1221 1055 1271 (Eubel,
1073 1222 1121 1260 Β.
1144 1221 1208 1268 F.,
1231 1229 1260 1259 t.
1285 1236 1324 1268 V,
1346 1236 1386 1272 p.
1409 1221 1472 1268 80,
1494 1236 1534 1260 11.
1559 1220 1633 1259 195
1655 1228 1697 1259 61;
1717 1220 1875 1271 Corpus
1894 1219 2001 1271 juris

280 1281 475 1328 canonici,
509 1280 710 1329 Clement.‚
733 1280 817 1328 lib.,
843 1280 892 1328 V,
913 1280 979 1319 tit.
1003 1295 1060 1328 xl,
1078 1281 1139 1318 De
1158 1281 1363 1318 verborum
1388 1280 1697 1331 significatione,
1734 1295 1823 1332 cap.
1853 1280 1894 1328 13
1916 1279 2001 1318 Cle-

281 1349 384 1379 ment
404 1341 449 1387 V,
472 1354 511 1378 n.
540 1340 675 1389 8873).

335 1401 378 1439 P.
401 1400 463 1448 20,
484 1400 551 1450 lig.
574 1400 609 1438 6.
633 1400 944 1438 SARRABAITAS.
969 1400 1086 1439 Cette
1107 1400 1345 1451 expression
1366 1414 1388 1438 a
1411 1403 1475 1438 ete
1496 1414 1589 1439 sans
1612 1400 1737 1438 doute
1759 1401 2001 1451 empruntee

281 1462 303 1498 a
323 1460 485 1498 Cassien
505 1475 512 1497 ε
535 1459 633 1497 Tria
648 1467 742 1497 sunt
760 1459 803 1497 in
819 1461 1000 1509 Aegypto
1018 1474 1160 1509 genera
1178 1460 1460 1498 monachorum
1477 1474 1685 1510 quorum...
1701 1459 1858 1497 tertium
1875 1473 2001 1510 repre,-

281 1519 472 1557 hensibile
505 1519 811 1557 Sarabaitarum
842 1527 897 1557 est
923 1519 1095 1570 (Corpus
1125 1519 1365 1570 scriptorum
1396 1519 1746 1558 ecclesiasticorum
1771 1519 2000 1567 latinorum,

282 1588 311 1617 t.
338 1594 424 1627 xm,
448 1595 486 1630 p.
511 1578 715 1628 509-517).

335 1640 377 1677 P.
398 1638 461 1686 20,
479 1639 546 1689 lig.
568 1639 602 1677 7.
628 1639 675 1676 ΙΝ
696 1639 933 1677 ΡΒονΙΝεῙΑ
954 1639 1158 1677 ΝΑΒΒΟΝ.
1178 1640 1296 1685 Hanc
1314 1639 1531 1677 historiam
1550 1638 1606 1677 sic
1625 1646 1790 1677 enarrat
1805 1637 1999 1677 Nicolaus

283 1699 477 1737 Minorita
502 1706 593 1736 tum
612 1698 756 1736 vivens
780 1698 820 1735 in
846 1698 984 1737 codice
1000 1698 1078 1737 678
1101 1698 1381 1738 bibliothecae
1403 1698 1662 1737 Colbertinae
1686 1686 1777 1749 [11151
1794 1698 1867 1736 lat.
1883 1697 2001 1746 5154,

282 1759 309 1797 f.
327 1758 346 1796 1
366 1758 418 1809 r0]
437 1774 443 1796 z
461 1759 581 1796 Anno
593 1757 762 1795 Domini
783 1757 1068 1806 MCCCXXI,
1082 1758 1203 1808 fratre
1224 1758 1424 1797 Michaele
1445 1759 1489 1796 de
1510 1758 1677 1806 Cesena,
1691 1772 1800 1796 sacre
1816 1756 2004 1807 theologie

282 1818 482 1867 magistro,
499 1818 683 1856 existente
702 1817 858 1856 ordinis
871 1818 1042 1867 fratrum
1056 1818 1268 1856 Minorum
1288 1818 1461 1868 generali
1477 1818 1672 1865 ministro,
1687 1817 1753 1855 sui
1779 1815 2001 1855 ministerii

281 1892 387 1915 anno
404 1886 521 1925 sexto,
541 1877 704 1928 quidam
722 1877 932 1929 Beguinus
949 1892 1019 1915 seu
1037 1877 1200 1916 Bizotus
1217 1878 1297 1927 suit
1315 1887 1454 1928 captus
1475 1878 1517 1915 in
1536 1877 1690 1916 civitate
1709 1877 1908 1915 Narbona
1929 1890 2000 1927 pro

280 1937 381 1987 sacto
400 1937 544 1975 heresis
561 1951 631 1987 per
648 1937 991 1988 archiepiscopum
1010 1937 1310 1975 Narbonensem
1322 1946 1355 1975 et
1367 1938 1529 1987 fratrem
1550 1938 1577 1975 J
1580 1937 1777 1975 ohannem
1793 1937 1841 1975 'de
1858 1936 1999 1984 Belna,

282 1996 435 2035 ordinis
454 1997 624 2046 fratrum
643 1996 955 2045 Predicatorum,
979 1996 1252 2047 inquisitorem
1272 1997 1432 2035 heretice
1450 1997 1675 2048 pravitatis.
1693 1996 1772 2047 Qui
1792 1995 2003 2046 Beguinus

284 2056 383 2094 inter
400 2055 486 2094 alia⁴
499 2056 696 2094 asserebat
711 2057 813 2107 quod
829 2056 1012 2094 Christus
1029 2064 1063 2094 et
1078 2057 1247 2107 apostoli
1268 2057 1375 2095 viam
1391 2056 1643 2107 perfectionis
1659 2063 1861 2107 sequentes
1878 2054 2003 2093 nichil
2031 2059 2034 2063 “

283 2116 504 2153 habuerunt
522 2116 611 2166 jure
630 2116 886 2166 proprietatis
906 2124 941 2154 et
961 2116 1131 2154 dominii
1148 2116 1191 2154 in
1211 2116 1378 2167 speciali
1400 2131 1469 2154 nec
1489 2116 1609 2154 etiam
1625 2116 1668 2153 in
1690 2114 1905 2154 communi.
1922 2113 2002 2166 Qui

285 2175 496 2225 inquisitor
520 2176 650 2213 volens
672 2175 853 2225 judicare
877 2176 1026 2214 dictum
1050 2175 1281 2225 Beguinum
1305 2176 1529 2214 convocavit
1552 2176 1605 2214 ad
1629 2175 1843 2213 consilium
1868 2187 2002 2212 omnes

285 2234 449 2285 priores,
486 2235 702 2284 gardianos
735 2243 769 2272 et
801 2236 956 2273 lectores
989 2235 1265 2285 religiosorum
1298 2243 1331 2273 et
1357 2235 1611 2286 quamplures
1644 2234 1746 2272 alios
1778 2233 2002 2284 sapientes,·

293 2295 391 2332 inter
410 2308 504 2344 quos
523 2294 643 2345 affuit
659 2295 780 2344 frater
798 2294 1067 2344 Berengarius
1090 2295 1247 2343 Taloni,
1268 2295 1382 2333 lector
1403 2294 1445 2332 in
1465 2302 1655 2332 conventu
1673 2294 1845 2344 fratrum
1865 2293 1916 2331 M
1919 2292 2002 2331 ino-

286 2368 374 2391 rum
393 2355 437 2391 de
455 2353 661 2392 Narbona.
681 2354 733 2392 Et
752 2353 851 2391 inter
869 2362 990 2392 cetera
1006 2354 1185 2404 prefatus
1205 2354 1417 2405 inquisitor
1433 2354 1525 2404 jecit
1542 2353 1620 2403 legi
1637 2353 1838 2404 prefatum
1855 2351 2002 2390 articu-

287 2413 369 2450 lum
388 2414 432 2450 de
449 2421 680 2463 paupertate
699 2413 849 2451 Christi
868 2422 901 2451 et
919 2414 1185 2464 apostolorum
1203 2414 1302 2464 ejus,
1323 2428 1394 2464 pro
1414 2428 1487 2464 quo
1506 2413 1656 2451 volebat
1672 2412 1904 2462 Beguinum
1924 2425 2003 2449 non

286 2472 513 2521 Begardum
531 2472 761 2522 hujusmodi
779 2481 968 2523 tanquam
985 2473 1195 2511 hereticum
1210 2473 1402 2523 judicare.
1422 2473 1652 2521 Prelibatus
1667 2472 1789 2522 frater
1806 2471 2002 2520 Berenga-

287 2531 373 2568 rius
401 2532 513 2569 lector
535 2546 655 2582 super
677 2532 778 2570 dicto
805 2532 971 2570 articulo
995 2532 1208 2583 requisitus
1232 2532 1434 2583 respondit
1457 2533 1559 2583 quod
1585 2532 1654 2569 hoc
1672 2531 1797 2569 dicere
1818 2545 1898 2568 non
1918 2537 2005 2568 erat

288 2590 509 2638 hereticum,
531 2592 598 2629 sed
619 2592 760 2640 dogma
781 2605 939 2639 sanum,
963 2592 1197 2630 catholicum
1218 2600 1252 2630 et
1275 2588 1399 2642 fidele,
1424 2591 1595 2630 maxime
1616 2605 1705 2629 cum
1728 2591 1798 2628 hoc
1819 2597 1916 2627 esset
1935 2603 2005 2640 per

338 2770 369 2802 ’1.
395 2770 454 2802 Au
480 2770 589 2802 iram&
613 2770 753 2803 Contra
775 2776 955 2814 exemptos
978 2782 1025 2803 ou
1046 2771 1101 2804 De
1123 2771 1426 2815 exemptionibus,
1452 2770 1544 2804 ecrit
1567 2781 1635 2814 par
1659 2769 1771 2803 Gilles
1797 2770 1842 2802 de
1868 2768 2001 2810 Rome,

292 2834 340 2854 un
356 2822 551 2855 cistercien
566 2824 730 2867 vJacques
748 2825 792 2856 (16
809 2824 987 2857 Therinos
1004 2836 1148 2868 opposa
1163 2837 1215 2857 un
1231 2831 1351 2864 autre,
1369 2825 1401 2857 ]6
1418 2824 1555 2857 Contra
1571 2825 1845 2867 impugnatores
1860 2834 2003 2866 exemp-

289 2877 441 2908 tionum.
463 2874 575 2909 Gilles
596 2883 715 2919 ayant
734 2877 861 2920 publie
880 2890 931 2910 un
958 2878 1093 2921 abrege
1114 2879 1158 2911 de
1177 2890 1245 2910 son
1271 2889 1448 2921 ouvrage,
1468 2876 1501 2910 16
1517 2877 1573 2910 De
1592 2877 1720 2910 divina
1744 2875 1942 2919 influentia
1964 2877 2003 2909 in

293 2929 422 2968 baulos,
444 2930 607 2971 Ι13631165
629 2929 778 2974 redige-a
800 2943 852 2963 un
873 2930 1154 2975 Compendiam,
1178 2932 1260 2975 puis
1282 2943 1355 2964 une
1376 2937 1477 2964 sorte
1508 2931 1552 2963 de
1574 2929 1793 2963 conference
1818 2929 2002 2973 (Quaestio

291 2983 331 3014 (lc
356 2984 673 3026 exemptionibus),
700 2984 803 3016 enfin
828 2996 880 3016 un
905 2991 1013 3017 court
1034 2986 1212 3028 0911561116
1230 2985 1447 3028 (Responsio
1468 2984 1516 3017 ad
1535 2984 1713 3027 quaedam
1728 2992 1819 3026 quae
1836 2982 2004 3026 petebant

292 3036 445 3077 praelati
466 3037 505 3069 in
523 3036 795 3079 praeiudicium
813 3038 1091 3082 exemptorum);
1112 3038 1160 3071 H.
1182 3038 1236 3078 L.,
1258 3044 1285 3071 t.
1307 3049 1446 3077 xxxlv,
1467 3047 1502 3080 p.
1526 3037 1697 3070 193-211.
