2083 3458
278 190 359 231 914
927 203 1078 228 NOTAE
1112 202 1173 227 AD
1207 202 1336 227 VITAs
1832 185 1987 242 [1402]

278 287 495 328 cardinalis
531 286 847 338 Lemovicensis‚
880 295 921 326 et
954 301 1093 324 omnes
1127 285 1195 324 alii
1227 285 1357 325 secuti
1389 286 1557 325 fuerunt
1589 300 1684 324 eum
1724 293 1772 323 ut
1803 285 1990 323 vitarent

277 348 505 399 periculum
539 347 697 385 mortis.
735 346 936 384 Attamen
969 354 1052 384 tres
1092 345 1318 384 cardinales
1345 345 1411 384 vel
1438 354 1618 396 quatuor
1644 345 1867 383 noluerunt
1892 358 1986 383 eum

278 407 503 454 nominare,
527 406 716 444 videntes
737 406 1049 456 impressionem
1068 405 1354 452 manifestam3
1378 419 1555 456 quorum
1572 419 1677 443 unus
1698 404 1778 443 fuit
1795 404 1990 442 dominus

279 467 326 505 de
351 466 522 513 Ursinis,
545 465 615 515 qui
636 474 698 503 est
726 479 935 504 romanus.
961 465 1014 503 Et
1035 473 1130 516 post
1162 479 1369 515 egressum
1391 464 1612 513 conclavis,
1633 464 1821 515 predicto
1842 463 1987 503 mortis

277 535 390 564 metu
422 526 612 572 durante,
644 533 948 563 coronaverunt
979 539 1087 572 eum,
1119 539 1201 563 non
1231 524 1431 563 audentes
1463 533 1622 563 mentes
1653 538 1747 562 suas
1779 523 1989 562 declarare

278 585 477 636 quamdiu
510 585 678 623 fuerunt
715 585 843 622 Rome
877 585 1073 623 timentes
1106 584 1288 635 pericula
1321 598 1592 634 personarum
1625 592 1666 621 et
1693 597 1882 630 suorum;
1916 582 1988 621 sed

277 654 447 695 captata
480 644 795 695 opportunitate
828 644 948 683 citius
982 644 1093 694 quod
1124 652 1353 695 potuerunt
1384 644 1550 682 iverunt
1581 643 1634 681 ad
1667 643 1914 693 Anagniam,
1946 650 1990 681 et

276 705 422 743 exinde
444 704 681 742 habuerunt
702 704 863 742 favores
886 704 1120 754 aliquorum
1145 703 1384 742 Italicorum
1406 703 1607 742 nobilium
1628 711 1669 741 et
1692 711 1831 753 gentes
1854 716 1988 740 armo-

276 779 367 802 rum
396 778 469 814 pro
501 763 737 802 defensione
767 777 855 810 sua,
886 772 927 802 et
956 772 1057 802 tunc
1089 763 1407 802 declaraverunt
1436 778 1491 811 se,
1534 771 1575 801 et
1613 770 1904 813 processerunt
1934 761 1987 799 ad

276 823 518 862 electionem
542 823 711 862 secundi
735 823 853 861 electi
877 823 1071 862 canonice
1097 832 1137 861 et
1159 823 1285 873 juste,
1310 823 1417 861 sicut
1439 822 1518 873 ipsi
1541 830 1744 860 asserunt.
1771 822 1886 860 Tunc
1906 836 1985 860 res-

276 883 423 934 pondit
448 882 581 921 dictus
608 882 798 921 dominus
825 883 1035 921 Johannes
1061 883 1172 933 quod
1196 883 1426 922 secundum
1450 896 1591 922 casum
1614 897 1686 933 per
1710 896 1783 920 nos
1802 880 1987 932 positum

276 958 380 980 unus
409 943 571 992 juvenis
603 942 672 992 qui
702 942 865 981 audiret
893 942 985 992 jura
1014 957 1086 993 per
1117 942 1298 993 quinque
1329 956 1457 981 annos
1488 950 1628 993 posset
1658 941 1843 980 decidere
1873 940 1988 978 istud

276 1001 462 1040 dubium.
494 1002 600 1040 Nam
628 1002 856 1041 secundum
883 1002 1106 1047 veritatem
1132 1002 1233 1052 juris
1261 1002 1356 1040 talis
1384 1002 1530 1041 electio
1558 1010 1647 1040 erat
1674 1000 1918 1052 impressiva
1946 1007 1988 1038 et

275 1061 472 1109 invalida,
503 1062 573 1100 sed
603 1062 829 1100 secundum
860 1076 1000 1100 casum
1029 1061 1107 1100 sibi
1135 1062 1340 1100 traditum
1370 1061 1489 1100 aliter
1517 1076 1558 1099 se
1587 1075 1648 1099 res
1678 1060 1840 1099 habuit.
1881 1059 1989 1097 Nam

277 1121 441 1160 dicebat
477 1121 588 1171 quod
623 1121 779 1159 domini
814 1122 1041 1160 cardinales
1076 1129 1173 1160 ante
1207 1122 1437 1172 ingressum
1472 1120 1678 1160 conclavis
1715 1120 1913 1171 gerebant
1946 1119 1990 1157 in

276 1180 484 1219 mentibus
510 1181 591 1219 suis
617 1180 762 1231 eligere
788 1181 947 1219 dictum
970 1182 1017 1220 B.
1044 1189 1084 1220 et
1108 1196 1270 1232 semper
1302 1181 1541 1220 habuerunt
1573 1188 1732 1219 mentes
1766 1179 1988 1218 inclinatas

276 1240 328 1278 ad
363 1240 596 1290 eligendum
630 1240 780 1291 ipsum,
816 1255 939 1291 quem
973 1250 1121 1279 notum
1149 1241 1381 1289 habebant,
1416 1249 1457 1279 et
1489 1240 1745 1291 reputabant
1778 1239 1991 1277 hominem

276 1300 381 1338 bone
412 1300 534 1347 same,
565 1300 889 1338 conversationis
921 1309 962 1339 et
992 1301 1091 1348 vite,
1123 1310 1164 1339 et
1192 1310 1288 1351 post
1314 1301 1545 1351 ingressum
1573 1299 1779 1339 conclavis
1820 1299 1989 1337 fuerunt

276 1359 317 1397 in
352 1359 497 1397 eodem
530 1360 759 1410 proposito,
795 1368 836 1398 et
870 1360 966 1399 licet
1000 1373 1141 1399 rumor
1175 1360 1322 1411 aliquis
1348 1368 1603 1410 sequeretur,
1628 1374 1712 1397 non
1734 1367 1823 1397 erat
1843 1357 1990 1397 electio

276 1419 519 1469 impressiva
542 1434 614 1457 nec
636 1419 834 1467 invalida,
858 1420 1037 1458 maxime
1060 1420 1292 1470 reeligendo
1314 1420 1466 1458 iterum
1487 1419 1624 1471 ipsum
1645 1433 1808 1457 rumore
1829 1418 1990 1465 sedato,

278 1478 451 1516 dicendo
477 1478 650 1528 quilibet
678 1495 684 1516 z
712 1480 798 1529 Ego
824 1479 915 1518 dico
938 1479 1048 1518 idem
1074 1480 1185 1530 quod
1208 1479 1345 1527 hodie,
1364 1488 1406 1518 et
1426 1488 1522 1530 post
1539 1492 1747 1529 egressum
1766 1477 1990 1524 conclavis,

276 1537 373 1588 ipsis
407 1538 684 1577 cardinalibus
718 1539 992 1577 existentibus
1026 1539 1067 1577 in
1098 1539 1195 1578 locis
1227 1538 1463 1586 tutissimis,
1495 1538 1708 1577 redierunt
1732 1538 1784 1576 ad
1815 1536 1988 1575 introni-

276 1597 455 1635 zandum
486 1606 527 1636 et
557 1599 841 1636 coronandum
871 1599 1007 1649 ipsum
1038 1599 1230 1647 electum,
1261 1607 1302 1637 et
1332 1599 1612 1637 exhibuerunt
1639 1597 1917 1636 reverentiam
1948 1604 1990 1634 et

277 1656 556 1695 obedientiam
583 1665 631 1695 ut
657 1673 754 1696 vero
780 1672 901 1708 pape.
932 1659 986 1696 Et
1013 1658 1179 1697 dicebat
1204 1658 1315 1696 idem
1343 1658 1534 1697 dominus
1563 1659 1774 1696 ,lohannes
1809 1656 1920 1707 quod
1947 1655 1990 1693 in

276 1716 363 1754 istis
391 1716 585 1754 fundavit
610 1725 842 1755 tractatum
868 1732 1003 1765 suum,
1030 1718 1062 1756 si
1088 1718 1190 1757 bene
1216 1718 1476 1757 advertatur.
1504 1718 1568 1755 Ad
1593 1717 1672 1756 ista
1700 1717 1889 1755 dicebam
1915 1730 1989 1765 ego

277 1775 387 1825 quod
416 1776 551 1826 posito
582 1777 691 1826 quod
722 1777 947 1816 cardinales
978 1786 1074 1816 ante
1103 1777 1332 1828 ingressum
1362 1777 1567 1816 conclavis
1597 1777 1800 1815 haberent
1829 1783 1989 1813 mentes

275 1834 494 1873 inclinatas
516 1836 568 1873 ad
589 1836 822 1886 eligendum
842 1837 978 1887 ipsum
997 1837 1043 1875 Β.
1065 1837 1106 1875 in
1126 1851 1293 1888 papam,
1315 1845 1505 1876 attamen
1525 1837 1557 1875 si
1577 1844 1671 1887 post
1691 1836 1788 1886 ipsis
1811 1834 1987 1873 dominis

277 1894 552 1933 cardinalibus
570 1895 845 1934 existentibus
863 1897 938 1934 sub
957 1897 1150 1935 conclave
1168 1897 1409 1947 supervenit
1425 1905 1559 1935 metus
1573 1904 1759 1946 tempore
1776 1893 1988 1933 electionis

277 1953 347 2003 qui
373 1954 512 2003 potuit
540 1955 682 1993 cadere
709 1955 750 1994 in
778 1965 1016 1994 constantes
1044 1957 1168 2004 viros,
1196 1956 1340 1995 electio
1364 1964 1471 1995 esset
1492 1955 1750 2006 impressiva,
1774 1954 1923 2003 Arg.,l.
1955 1953 1986 2001 I,

277 2013 373 2051 Cod.
401 2013 440 2051 Si
465 2013 553 2063 quis
579 2014 759 2064 aliquem
782 2023 858 2054 tes.
883 2016 1014 2066 prohi.
1040 2015 1111 2054 ubi
1135 2015 1300 2063 dicitur,
1329 2016 1545 2054 Institutio
1568 2015 1727 2054 heredis
1753 2028 1835 2052 non
1859 2013 1985 2060 valet,

276 2072 307 2110 si
334 2080 513 2110 testator
540 2082 654 2112 metu
682 2074 877 2113 instituat
906 2090 1006 2125 quos
1035 2075 1227 2123 voluerit,
1257 2084 1297 2114 et
1325 2075 1506 2114 faciebat
1534 2089 1623 2125 cap.
1654 2074 1931 2124 Principatus,
1958 2087 1987 2119 1,

277 2146 314 2180 q.
340 2147 364 2170 1.
394 2132 483 2182 Ipse
508 2141 649 2171 autem
673 2134 863 2172 dominus
890 2136 1100 2173 Johannes
1124 2135 1339 2186 respondit
1363 2135 1473 2185 quod
1497 2143 1586 2173 erat
1609 2134 1666 2172 ibi
1690 2134 1845 2184 duplex
1866 2132 1984 2170 litera

276 2192 503 2229 secundum
533 2192 608 2242 glo.
639 2202 679 2231 et
709 2194 818 2243 quod
847 2209 968 2245 super
995 2194 1075 2233 ista
1104 2195 1278 2233 materia
1306 2195 1406 2232 alias
1434 2195 1679 2232 haberemus
1708 2192 1986 2238 collationem,

277 2264 372 2287 nam
403 2250 488 2300 ipse
518 2251 765 2291 intendebat
795 2253 850 2291 ire
882 2254 1097 2293 nobiscum
1128 2254 1169 2293 in
1200 2255 1313 2305 galea
1344 2267 1474 2304 usque
1505 2254 1557 2292 ad
1587 2261 1757 2304 portum
1788 2252 1985 2290 Pisanum

278 2310 443 2358 quando
466 2310 543 2348 iret
566 2312 617 2349 ad
639 2312 884 2361 Bononiam,
908 2314 979 2351 ubi
1002 2322 1063 2352 est
1086 2314 1293 2352 habitatio
1316 2328 1402 2352 sua.
1426 2328 1441 2349 ))

329 2370 575 2419 Congressus
607 2371 683 2410 iste
714 2380 755 2410 et
786 2373 1037 2423 colloquium
1068 2373 1351 2424 delegatorum
1381 2372 1586 2423 regiorum
1617 2386 1709 2410 cum
1743 2372 1904 2409 Joanne
1935 2369 1985 2407 de

278 2427 460 2477 Lignano
487 2429 653 2468 videtur
680 2431 794 2469 illum
821 2432 1083 2482 aliquatenus
1112 2433 1383 2471 commovisse
1410 2441 1458 2470 ut
1496 2439 1679 2470 mutaret
1717 2429 1983 2469 sententiam.

280 2487 442 2525 Etenim
464 2503 555 2526 cum
575 2490 905 2542 archiepiscopus
928 2492 1148 2531 Toletanus
1167 2493 1373 2542 quaedam
1394 2491 1518 2530 dubia
1538 2490 1820 2542 proposuisset
1839 2489 1983 2526 adver-

276 2560 342 2583 sus
366 2555 596 2585 tractatum
621 2550 732 2588 Petri
757 2551 968 2589 Flandrini
992 2552 1209 2590 cardinalis
1235 2551 1376 2590 Sancti
1401 2550 1629 2597 Eustachii,
1653 2549 1694 2587 in
1717 2548 1857 2599 primis
1885 2562 1984 2586 vero

276 2605 310 2640 si
341 2620 455 2643 casus
485 2607 599 2644 (latus
629 2609 787 2646 domino
820 2611 999 2648 „Iohanni
1029 2612 1074 2648 de
1102 2612 1302 2660 Lignano,
1332 2625 1452 2661 super
1481 2624 1554 2660 quo
1585 2610 1670 2659 ipse
1697 2608 1873 2658 scripsit,
1903 2606 1982 2644 sibi

275 2664 352 2710 suit
378 2665 492 2702 (latiis
517 2674 549 2703 et
574 2667 697 2705 eidem
724 2669 871 2706 missus
889 2685 958 2719 per
983 2670 1328 2708 reverendissimos
1345 2678 1477 2720 patres
1491 2678 1525 2706 et
1549 2668 1728 2706 dominos
1747 2667 1984 2713 cardinales,

276 2732 375 2759 sis-nt
397 2724 480 2772 ipse
499 2727 639 2763 asserit
659 2727 700 2764 in
720 2729 890 2777 quadam
908 2730 1245 2779 superscriptione
1263 2744 1350 2776 sua,
1369 2728 1586 2767 cardinalis
1606 2727 1747 2765 Sancti
1769 2725 1984 2764 Eustachii

278 2780 330 2817 im
361 2784 597 2832 respondit1
627 2802 633 2822 :
660 2787 724 2823 Ad
746 2788 922 2836 primurn
946 2789 1030 2826 dico
1053 2790 1154 2838 quod
1175 2789 1328 2826 domini
1355 2788 1430 2826 mei
1453 2787 1676 2825 cardinales
1702 2784 1984 2823 citramontani

279 2854 437 2877 numero
474 2843 592 2880 XIII
632 2845 673 2882 in
710 2847 901 2895 Anagnia
939 2848 1145 2886 existentes
1181 2856 1215 2885 et
1250 2849 1416 2885 volentes
1451 2846 1766 2896 assumptionem
1791 2843 1985 2882 Barensis

277 2913 320 2933 mc
332 2900 501 2937 (mittere
523 2911 619 2939 recto
641 2904 849 2942 libramini
871 2907 1053 2954 rationis,
1070 2922 1159 2945 cam
1171 2908 1256 2957 jam
1273 2915 1398 2944 essent
1412 2915 1520 2944 extra
1537 2905 1759 2943 districtum
1773 2913 1806 2942 ec
1822 2903 1983 2953 fortiam

282 2957 559 3007 lo'mnmmorimi,
589 2978 658 3010 pro
684 2966 915 3002 serenandis
942 2967 1194 3004 conscientiis
1214 2981 1347 3003 eoram
1369 2965 1606 3003 ordinarunt
1628 2964 1729 3014 quod
1756 2963 1797 3000 in
1821 2962 1982 3012 scriptis

327 3081 357 3113 Ἰ.
388 3082 424 3114 F.
456 3084 505 3116 l'l.
535 3086 851 3127 J³3lienictzricden
880 3092 1121 3126 Literarische
1146 3092 1324 3127 Polemilc,
1353 3103 1387 3134 p.
1416 3091 1472 3123 72-
