2083 3458
109 242 262 297 [1332]
569 285 571 287 ,
630 255 845 280 PAPARUM
882 253 1266 279 AVENIONENsmM
1713 232 1792 273 847

103 340 234 387 Niem,
252 340 320 378 lib.
343 339 444 386 LDe
458 339 678 386 schismate,
698 353 786 388 cap.
807 353 933 384 XXXI3
957 338 1223 388 Radulphum
1241 336 1289 374 de
1312 335 1430 382 Rivo,
1451 349 1539 384 cap.
1561 348 1650 380 x1x,
1668 348 1708 383 p.
1733 332 1794 379 57,

98 400 157 437 De
186 399 301 448 gestis
355 398 629 448 episcoporum
656 397 947 443 Laodicensium,
986 405 1026 435 et
1068 396 1420 445 Walsinghamum
1460 394 1505 444 [t.
1534 408 1576 440 11,
1616 407 1656 442 p.
1689 392 1796 440 121),

101 457 172 496 ubi
199 459 391 496 observat
419 458 634 495 Urbanum
661 457 783 495 fuisse
812 456 1084 505 foedifragum
1109 463 1150 493 et
1177 455 1325 494 falsum
1350 453 1512 504 publice
1539 459 1794 502 reputatum.

103 517 203 555 Vide
226 517 352 556 etiam
375 516 528 553 bullam
552 515 752 554 Bonifacii
781 515 854 560 IX,
878 515 1034 553 editam
1057 515 1098 552 in
1120 523 1234 552 tomo
1257 521 1374 552 sexto
1398 511 1609 562 Spica'legii
1638 511 1794 548 Dache-

102 575 219 623 riani,
238 591 279 626 p.
301 576 362 614 52.

157 636 199 673 P.
222 635 313 681 492,
334 634 398 684 lig.
421 634 455 672 7.
478 634 614 671 VENIT
638 634 883 671 NucEmAM.
908 634 1036 670 Extat
1057 632 1097 670 in
1117 632 1253 670 codice
1274 631 1377 669 3317
1414 630 1686 668 bibliothecae
1708 628 1794 666 Col-

102 694 286 732 bertinae
305 694 332 741 ¹,
356 693 426 743 qui
446 701 631 742 tempore
658 692 814 730 Urbani
837 692 893 729 VI
916 692 1091 741 scriptus
1115 699 1190 737 est,
1214 689 1474 729 denuntiatio
1497 688 1660 739 publica
1685 688 1794 725 facta

100 768 172 803 per
188 766 432 803 praeconem
451 751 513 790 die
534 751 721 791 mercurii
740 751 896 790 decima
917 751 1026 797 maii,
1047 765 1127 800 qua
1146 750 1268 789 duces
1291 748 1431 787 Karoli
1455 747 1524 798 qui
1542 746 1796 785 obsidionem

104 812 298 850 Nuceriae
326 811 533 850 faciebant
559 810 729 861 polliciti
754 819 851 848 sunt
877 810 925 847 de
952 810 1151 849 mandato
1176 809 1262 859 ejus
1289 824 1329 847 se
1356 809 1496 846 decem
1522 806 1647 844 millia
1683 806 1797 843 ssore-

103 886 248 909 norum
274 870 362 908 auri
387 870 554 908 daturos
581 870 616 908 ei
642 869 711 919 qui
736 870 926 909 eumdem
955 870 1169 907 Urbanum
1194 868 1338 905 vivum
1362 876 1436 905 aut
1462 874 1675 904 mortuum
1700 865 1796 915 ipsis

104 931 167 968 vel
189 930 307 968 alteri
329 944 469 979 eorum
491 937 565 966 aut
587 929 707 968 alicui
731 928 917 966 ministro
940 928 1048 978 regio
1070 926 1354 977 assignaverit.

157 990 200 1028 P.
219 990 308 1036 492,
325 989 391 1038 lig.
411 989 471 1026 15.
493 988 554 1025 ΒΕ
575 1003 663 1026 sms
682 1002 1101 1025 ANTmARmNALmus
1120 986 1312 1025 nimirum
1330 985 1586 1023 Ludovicum
1602 984 1650 1022 de
1669 984 1796 1021 Vene-

101 1048 182 1096 tiis,
213 1049 346 1086 Adam
374 1048 422 1085 de
454 1048 597 1094 Eston,
626 1047 991 1087 Bartholomaeum
1018 1045 1371 1096 archiepiscopum
1399 1045 1663 1090 januensem,
1694 1043 1797 1080 Gen-

104 1107 217 1148 tilem
247 1108 295 1145 de
328 1108 496 1156 Sangro,
529 1108 733 1146 ,loannem
763 1105 1116 1155 archiepiscopum
1147 1105 1408 1150 Corfiensem,
1439 1111 1480 1141 et
1513 1102 1715 1141 Marinum
1750 1101 1797 1140 de

105 1167 248 1205 Judice
277 1165 630 1216 archiepiscopum
659 1165 940 1203 Tarentinum.
972 1164 1071 1202 Vide
1101 1164 1455 1213 VValsinghamum
1493 1163 1539 1212 [t.
1568 1177 1609 1209 11,
1636 1176 1676 1211 p.
1707 1161 1798 1198 122-

105 1226 211 1276 124]
242 1225 361 1276 Capti
388 1234 486 1264 sunt
504 1225 518 1247 2
546 1233 686 1264 autem
714 1225 824 1275 apud
856 1224 1073 1263 Nuceriam
1101 1238 1208 1261 anno
1246 1222 1459 1261 millesimo
1486 1220 1800 1266 CCCLXXXV,

100 1285 166 1323 die
191 1300 231 1322 XI
253 1284 444 1335 januarii.

159 1345 200 1382 P.
221 1345 310 1391 492,
329 1344 395 1393 lig.
417 1344 477 1382 15.
501 1344 563 1380 DE
592 1357 808 1381 PREMISSIS
836 1342 875 1380 id
901 1350 977 1388 est,
997 1342 1044 1379 de
1064 1341 1366 1391 conspiratione
1389 1339 1529 1377 Karoli
1554 1329 1602 1376 de
1624 1337 1799 1376 Duracio

103 1404 299 1441 adversus
322 1403 469 1454 ipsum,
492 1411 538 1440 ut
559 1402 700 1441 scribit
721 1401 846 1439 etiam
872 1401 1112 1451 Radulphus
1139 1400 1187 1438 de
1212 1400 1316 1437 Rivo
1348 1400 1402 1450 [p.
1427 1399 1508 1448 57].
1540 1399 1595 1435 At
1619 1397 1800 1435 Theode—

105 1463 208 1501 ricus
235 1477 256 1500 a
287 1462 417 1508 Niem,
444 1462 511 1500 lib.
532 1462 560 1508 Ι,
585 1463 642 1498 De
667 1461 873 1498 schismate
898 1474 986 1510 cap.
1029 1475 1110 1497 xtn
1148 1464 1202 1510 1p.
1231 1459 1296 1509 77]
1333 1458 1430 1496 alias
1466 1458 1615 1496 irarum
1646 1455 1802 1494 Urbani

104 1537 247 1560 causas
284 1530 592 1567 commemorat,
630 1520 822 1558 nimirum
858 1519 952 1569 quia
989 1519 1326 1557 consultaverant
1366 1531 1464 1556 num
1506 1530 1637 1567 papae
1682 1515 1799 1553 nimis

108 1580 327 1631 negligenti
346 1589 419 1618 aut
439 1580 575 1618 inutili
593 1580 646 1617 ad
662 1579 900 1629 regendum,
917 1587 958 1617 et
975 1578 1043 1628 qui
1060 1578 1162 1616 adeo
1182 1570 1426 1615 inniteretur
1444 1591 1517 1614 suo
1537 1574 1671 1614 sensui
1691 1574 1798 1624 quod

107 1656 177 1691 per
195 1641 282 1690 ejus
304 1640 459 1679 fastum
476 1639 778 1690 periclitaretur
797 1638 1036 1676 universalis
1060 1636 1252 1684 Ecclesia,
1273 1636 1337 1674 vel
1356 1635 1537 1682 effraeni,
1557 1634 1627 1684 qui
1646 1635 1800 1683 absque

107 1700 274 1738 consilio
305 1699 575 1738 cardinalium
604 1713 678 1748 pro
708 1698 825 1735 libito
859 1697 1083 1735 voluntatis
1116 1696 1252 1734 omnia
1283 1710 1398 1745 agere
1430 1695 1568 1741 vellet,
1598 1708 1651 1731 an
1680 1693 1715 1730 ei
1745 1692 1807 1736 sic

109 1759 336 1797 constituto
356 1758 493 1796 liceret
514 1766 746 1797 curatorem
767 1757 829 1795 vel
849 1757 1006 1806 aliquos
1028 1756 1193 1794 idoneos
1215 1763 1421 1794 curatores
1441 1769 1513 1804 per
1532 1752 1800 1792 cardinalium

110 1818 349 1856 electionem
381 1817 644 1864 substituere,
675 1817 795 1866 juxta
829 1816 944 1865 cujus
977 1830 1046 1853 seu
1079 1828 1254 1865 quorum
1286 1813 1500 1852 consilium
1531 1804 1600 1851 seu
1631 1810 1801 1849 rationis

108 1877 317 1916 dictamen
345 1891 452 1927 papa
483 1876 672 1926 expedire
703 1875 860 1925 singula
895 1874 1095 1913 Ecclesiae
1127 1873 1289 1923 negotia
1318 1880 1541 1911 teneretur.
1575 1872 1732 1908 Extant
1762 1870 1803 1907 in

110 1937 245 1975 codice
270 1935 347 1973 814
373 1936 644 1977 bibliothecae
672 1934 927 1973 Colbertinae
948 1934 964 1956 3
989 1934 1128 1972 literae
1155 1932 1427 1983 quorumdam
1456 1929 1725 1969 cardinalium
1750 1928 1801 1966 ab

112 1996 278 2034 Urbano
295 2004 525 2033 creatorum
541 1994 716 2044 scriptae
733 1994 784 2031 ad
801 1994 953 2032 clerum
973 1994 1206 2032 Romanum
1222 2006 1326 2042 quae
1342 1990 1604 2040 scriptionem
1621 1988 1801 2027 Theode-

109 2055 179 2093 rici
203 2055 465 2101 conlirmant,
490 2054 665 2104 scriptae
689 2061 782 2103 post
807 2053 1013 2102 conjectos
1047 2052 1087 2089 in
1111 2065 1314 2090 carcerem
1345 2065 1415 2089 sex
1451 2048 1675 2088 cardinales
1701 2062 1801 2097 quos

110 2127 231 2164 supra
252 2113 569 2159 nominavimus,
588 2127 634 2151 ac
651 2121 863 2162 praeterea
881 2119 1090 2150 testantur
1108 2126 1147 2149 se
1166 2109 1374 2148 recessisse
1393 2109 1444 2146 ab
1463 2108 1549 2158 ejus
1569 2106 1801 2145 obedientia

109 2182 313 2222 tanquam
338 2171 619 2222 incorrigibilis
646 2180 686 2210 et
712 2171 760 2209 de
789 2171 867 2209 fide
901 2170 1094 2220 suspecti,
1128 2178 1170 2207 et
1202 2184 1242 2207 se
1274 2177 1533 2218 quantocyus
1567 2165 1802 2217 provisuros

111 2232 240 2270 statui
264 2232 480 2278 Ecclesiae,
501 2231 585 2269 sive
606 2246 677 2281 per
697 2231 809 2268 viam
830 2229 987 2268 concilii
1009 2228 1203 2278 generalis
1225 2237 1298 2265 aut
1318 2225 1589 2277 particularis,
1610 2233 1683 2262 aut
1704 2224 1801 2262 alias

111 2301 233 2342 prout
262 2290 545 2341 expedientius
575 2299 616 2328 et
644 2289 784 2327 utilius
814 2304 898 2327 esse
928 2288 1136 2326 videbitur
1164 2286 1292 2325 statui
1320 2285 1554 2336 praedictae
1586 2283 1802 2322 Ecclesiae.
1840 2331 1845 2337 .
1898 2294 1899 2298 ’

116 2351 254 2400 Neque
279 2365 374 2388 vero
396 2358 486 2387 tum
509 2349 687 2399 primum
709 2363 755 2387 ea
779 2348 974 2397 cogitatio
997 2347 1225 2385 intraverat
1258 2345 1301 2383 in
1331 2344 1488 2384 animos
1521 2342 1804 2388 cardinalium,

113 2410 182 2448 sed
203 2410 255 2446 ab
276 2408 371 2459 ipsis
392 2409 537 2447 statim
560 2407 716 2452 Urbani
736 2407 1004 2457 pontificatus
1026 2405 1166 2444 initiis.
1189 2404 1319 2443 Testis
1341 2411 1403 2442 est
1422 2403 1538 2441 nobis
1559 2402 1727 2451 hujusce
1748 2401 1802 2439 rei

115 2469 175 2506 vir
201 2468 381 2518 partium
411 2467 565 2506 Urbani
593 2467 782 2505 Nicolaus
812 2466 1036 2515 Misquinus
1063 2463 1279 2503 cardinalis
1307 2462 1446 2500 Sancti
1471 2461 1642 2511 Cyriaci,
1669 2460 1739 2510 qui
1764 2459 1805 2497 in

112 2527 369 2577 depositione
394 2541 466 2564 sua
491 2526 599 2564 facta
625 2540 761 2571 coram
785 2525 928 2574 legatis
953 2524 1053 2573 regis
1079 2523 1277 2561 Castellae
1300 2529 1479 2560 testatus
1503 2529 1565 2559 est
1590 2520 1805 2558 Nicolaum

119 2586 335 2636 Eymeriei,
363 2585 648 2635 inquisitorem
682 2584 944 2633 Arragoniae,
978 2582 1054 2621 sibi
1087 2581 1268 2619 dixisse4
1299 2580 1398 2620 scire
1432 2595 1472 2618 se
1499 2579 1609 2628 quod
1644 2578 1700 2616 illi
1729 2577 1806 2628 ipsi

117 2645 341 2684 cardinales
363 2644 433 2694 qui
452 2644 711 2682 declararant
732 2644 946 2681 Urbanum
966 2656 1048 2679 non
1066 2656 1149 2679 esse
1169 2654 1322 2691 papam
1341 2640 1477 2677 vellent
1491 2653 1562 2688 pro
1581 2637 1806 2675 removendo

115 2705 296 2742 scismate
325 2702 622 2741 condescendere
651 2703 751 2752 qaod
781 2702 850 2739 iste
880 2700 1070 2739 Barensis
1100 2707 1271 2737 maneret
1298 2713 1420 2748 papa,
1451 2697 1659 2735 dummodo
1701 2696 1809 2733 vellet

117 2764 284 2813 recipere
305 2763 458 2811 aliquos
479 2763 522 2799 de
545 2761 632 2798 istis
652 2761 925 2798 cardinalibus
948 2760 990 2797 in
1011 2767 1218 2805 curatores,
1241 2758 1334 2807 qaia
1355 2758 1439 2807 ipse
1459 2764 1514 2793 est
1532 2756 1681 2805 fatuus.
1703 2755 1807 2792 Tho-

168 2909 198 2940 1.
230 2908 379 2945 Baluze,
398 2913 490 2945 t.1v‚
507 2918 541 2949 p.
560 2906 640 2938 297.
663 2924 703 2928 -—
720 2904 864 2938 Urbain
880 2905 931 2936 Vl
954 2910 1063 2937 entra
1079 2904 1097 2935 a
1115 2904 1258 2936 Nocera
1272 2904 1304 2935 le
1320 2904 1364 2936 16
1379 2903 1461 2947 juin
1476 2903 1569 2936 1384
1591 2902 1811 2945 (Chronicon

116 2961 298 2999 Siculam,
324 2960 380 2992 ed.
407 2960 440 2992 J.
468 2960 511 2991 de
536 2958 696 3002 Blasiis).
981 3000 983 3002 η

169 3015 199 3046 2.
232 3013 320 3046 Voir
344 3013 386 3045 N.
412 3012 537 3044 Valois
563 3011 602 3054 (t.
624 3023 662 3050 11,
686 3023 719 3054 p.
745 3011 826 3053 113)
852 3016 890 3043 et
912 3011 941 3042 le
966 3009 1173 3042 Chronicon
1195 3009 1363 3042 Siculam
1387 3009 1438 3051 (ut
1457 3020 1499 3048 s.,
1523 3020 1557 3052 p.
1582 3008 1654 3051 54).

167 3068 199 3100 3.
230 3067 380 3104 Baluze,
403 3071 429 3098 t.
450 3077 501 3105 1v,
523 3077 558 3109 p.
582 3064 662 3098 298.
1169 3055 1172 3056 ⁷

168 3121 199 3152 4.
233 3120 270 3152 H.
295 3119 352 3157 N„
374 3130 439 3151 ms.
461 3117 556 3150 latin
576 3117 704 3156 11745,
726 3117 787 3149 fol.
809 3117 853 3149 73
875 3121 924 3149 v0.
