2083 3458
120 276 272 332 [1062]
637 292 852 318 PAPARUM
887 293 1270 318 AVENIONENsmM
1719 276 1797 318 581

109 376 262 415 tionum
284 376 336 414 ad
360 390 422 415 me
445 376 567 415 missa
592 391 641 415 ex
663 377 762 416 urbe
788 378 919 416 Roma
947 392 1127 416 mensem
1148 378 1297 428 julium
1318 377 1557 428 praeferunt
1579 391 1651 427 pro
1673 375 1803 426 junio.

110 436 228 484 Quod
254 434 387 474 verius
413 435 602 474 arbitror.
628 435 793 474 Etenim
819 450 898 474 uno
924 444 1065 476 tenore
1090 444 1352 475 recensentur
1370 451 1441 486 per
1466 436 1650 474 ordinem
1676 434 1806 473 cardi·

109 495 220 533 nales
244 501 335 533 tum
358 494 524 541 mortui,
549 494 741 532 videlicet
766 496 945 534 Joannes
979 496 1026 534 de
1051 496 1175 534 Turre
1212 496 1274 534 die
1299 510 1357 533 xv
1388 494 1540 545 aprilis,
1565 494 1804 538 Guillelmus

111 553 267 591 Judicis
289 553 352 592 die
373 560 521 602 quarta
542 553 652 600 maii,
676 553 916 602 Raynaldus
938 554 986 593 de
1009 554 1163 592 Ursinis
1186 555 1248 593 die
1279 562 1396 593 sexta
1415 554 1533 603 junii,
1553 551 1806 592 Bertrandus

110 612 159 650 de
183 612 364 650 Cosnaco
389 612 452 650 die
477 626 578 649 xvm
600 612 719 661 junii,
745 620 785 650 et
808 621 1016 662 postremo
1042 613 1186 651 Petrus
1212 613 1388 651 Gomesii
1413 613 1476 650 die
1500 612 1678 651 secunda
1701 610 1805 660 julii.

164 671 317 721 Corpus
353 670 439 719 ejus
474 671 684 720 sepultum
717 679 779 709 est
820 671 862 709 in
897 671 1062 710 ecclesia
1109 672 1347 710 monasterii
1383 669 1724 717 Montisfaventii,
1759 676 1806 707 ut

111 730 231 768 docet
268 729 461 779 Anglicus
499 729 716 768 cardinalis
754 729 996 767 Albanensis
1035 730 1075 767 in
1112 745 1185 769 suo
1222 728 1506 769 testamento1
1545 745 1553 767 :
1595 729 1692 767 Item
1727 729 1810 777 lego

109 788 379 826 executoribus
418 788 636 826 testamenti
679 788 773 826 bone
812 789 994 836 memorie
1033 789 1184 826 domini
1224 788 1332 827 Petri
1371 788 1589 826 cardinalis
1628 786 1812 836 Hispani

113 847 250 885 ultimo
278 847 464 896 defuncti,
494 847 610 896 cujus
637 861 779 897 corpus
806 848 1002 897 sepultam
1033 856 1087 885 est
1126 848 1168 884 in
1195 847 1355 885 ecclesia
1384 846 1611 885 monasterii
1640 845 1813 883 Montis-

109 906 290 956 faventii,
325 906 480 943 ordinis
513 906 642 943 sancti
670 906 907 955 Augustini,
938 906 1226 943 Avinionensis
1257 906 1434 953 diocesis,
1464 914 1617 944 centum
1643 905 1813 954 florenos

111 980 215 1003 auri.

168 1024 215 1062 In
245 1024 500 1074 depositione
531 1024 687 1062 domini
718 1024 922 1062 Fernandi
953 1024 1132 1074 episcopi
1164 1024 1437 1073 Legionensis‚
1468 1023 1584 1061 testis
1614 1022 1742 1072 jurati
1772 1021 1812 1058 in

112 1097 234 1122 causa
254 1083 501 1130 schismatis,
517 1083 576 1121 ita
595 1083 744 1134 legitur
757 1082 772 1105 ²
791 1099 797 1120 :
818 1083 915 1121 Item
930 1082 1032 1121 dixit
1046 1083 1148 1133 quod
1161 1083 1316 1132 quando
1332 1078 1458 1120 dictus
1473 1081 1658 1119 dominus
1674 1081 1814 1118 electus

123 1142 479 1192 [Bartholomaeus
500 1141 707 1191 Barensis]
734 1142 890 1180 recessit
910 1142 954 1179 de
975 1142 1101 1179 Roma
1122 1142 1174 1179 ad
1194 1142 1338 1179 dictam
1359 1141 1517 1178 civitam
1542 1139 1815 1184 Tiburtinam,

115 1201 200 1251 ipse
218 1201 337 1239 etiam
356 1201 513 1239 recessit
531 1201 576 1238 de
595 1201 722 1239 Roma
741 1202 794 1238 ad
811 1201 1060 1250 Anagniam,
1082 1209 1115 1238 et
1136 1200 1206 1238 ivit
1226 1200 1319 1238 illuc
1339 1215 1426 1237 cum
1446 1198 1667 1249 principali
1689 1198 1815 1235 inten-

113 1260 218 1298 tione
249 1260 421 1298 habendi
453 1275 478 1298 a
510 1259 626 1298 dictis
659 1259 935 1298 cardinalibus
967 1260 1124 1309 aliquas
1155 1259 1288 1296 literas
1320 1274 1390 1308 pro
1424 1259 1523 1296 dicto
1556 1257 1714 1295 domino
1745 1269 1815 1305 pro

113 1319 361 1369 expeditione
383 1319 628 1368 negotiorum
649 1333 826 1367 suorum,
849 1319 1083 1356 secundario
1108 1327 1147 1356 at
1168 1318 1282 1355 sciret
1303 1318 1438 1367 aliqua
1461 1331 1531 1366 que
1547 1324 1685 1354 secrete
1715 1314 1816 1352 clice-

118 1378 260 1416 bantur
291 1393 361 1428 per
392 1378 615 1427 familiares
647 1393 781 1415 eorum
814 1386 893 1416 tam
926 1378 1047 1415 Rome
1080 1392 1194 1427 quam
1223 1376 1423 1425 Anagnie.
1455 1376 1506 1413 Et
1537 1390 1624 1412 cum
1657 1373 1820 1411 accessit

114 1437 364 1487 Anagniam,
395 1437 496 1475 dixit
522 1438 623 1487 quod
649 1438 778 1487 primo
805 1437 980 1475 visitavit
1007 1437 1249 1474 cardinalem
1284 1434 1586 1477 Gebennensem,
1614 1442 1647 1471 et
1668 1431 1820 1470 invenit

114 1510 204 1534 eum
230 1496 273 1534 in
298 1497 469 1546 quadam
502 1511 656 1534 camera
681 1496 859 1539 obscura,
887 1504 920 1533 et
945 1495 1147 1533 dicebatur
1171 1495 1272 1545 quod
1305 1494 1539 1543 patiebatur.
1574 1493 1624 1530 Et
1658 1490 1820 1529 accessit

115 1556 167 1593 ad
181 1569 283 1603 eum,
300 1564 334 1593 et
348 1555 439 1604 fecit
453 1555 534 1593 sibi
550 1555 820 1602 reverentiam,
838 1564 871 1592 et
886 1554 1069 1604 exposuit
1083 1554 1164 1591 sibi
1179 1568 1254 1591 sua
1272 1552 1424 1601 negotia
1443 1567 1512 1602 pro
1530 1551 1673 1601 quibus
1691 1549 1816 1587 venie-

90 1634 93 1636 ·
120 1615 194 1662 bat,
220 1614 445 1665 specialiter
469 1615 571 1665 quod
594 1615 811 1652 concederet
834 1614 915 1651 sibi
941 1614 1074 1651 literas
1099 1612 1409 1662 supplicatorias
1434 1626 1504 1660 pro
1533 1611 1633 1647 (licto
1659 1608 1817 1646 domino

116 1688 237 1723 papa,
271 1673 322 1711 Et
352 1674 454 1723 quod
482 1673 702 1711 cardinalis
733 1673 936 1723 respondit
964 1673 1045 1710 sibi
1077 1673 1178 1722 quod
1205 1673 1346 1720 jaceret
1377 1669 1563 1720 quicquid
1592 1676 1719 1718 posset
1749 1681 1818 1716 pro

115 1740 220 1771 statu
250 1747 322 1770 suo
354 1741 388 1770 et
418 1733 573 1777 honore,
608 1732 703 1782 quia
734 1732 937 1770 tenebatur
967 1740 1125 1782 propter
1158 1729 1385 1767 memoriam
1417 1728 1635 1766 cardinalis
1667 1725 1820 1764 domini

115 1791 223 1829 Petri
245 1791 311 1828 sui
335 1790 638 1840 consanguinei,
669 1790 784 1840 cujus
813 1791 946 1828 anime
972 1790 1081 1827 Deus
1107 1797 1253 1839 parcat.

172 1851 214 1889 P.
248 1850 337 1898 417,
368 1851 435 1902 lig.
468 1850 530 1890 25.
565 1851 799 1888 JOHANNES
841 1865 896 1888 DE
929 1850 1104 1888 CROSSO.
1140 1849 1270 1898 Supra
1301 1862 1339 1898 p.
1373 1846 1448 1884 900
1483 1846 1640 1884 dictum
1679 1851 1739 1882 est
1770 1843 1818 1880 de

117 1911 206 1948 loco
223 1911 332 1948 unde
349 1910 527 1960 sumpsit
544 1910 742 1959 originem
758 1924 855 1959 gens
872 1910 921 1948 de
939 1909 1097 1956 crosso,
1116 1908 1184 1946 ubi
1202 1908 1328 1945 etiam
1340 1907 1590 1944 adnotatum
1607 1911 1669 1943 est
1684 1903 1819 1952 ipsum

118 1969 242 2008 fuisse
260 1969 611 2019 consanguineum
630 1969 813 2018 Gregorii
834 1968 894 2006 XI
912 1968 953 2006 in
980 1968 1103 2007 tertio
1124 1968 1265 2015 gradu.
1289 1966 1378 2015 Ipse
1406 1965 1447 2002 in
1465 1963 1720 2013 depositione
1748 1974 1819 1998 sua

119 2028 168 2067 de
189 2028 308 2066 initio
330 2028 562 2067 schismatis
587 2028 685 2066 data
708 2028 852 2077 legatis
876 2027 978 2077 regis
1003 2027 1202 2065 Castellae
1224 2032 1403 2064 testatus
1427 2032 1488 2061 est
1511 2023 1558 2061 de
1582 2019 1822 2069 consangui-

118 2088 264 2126 nitate.
292 2087 459 2125 Etenim
481 2087 539 2125 ita
563 2087 645 2125 illic
668 2086 819 2137 legitur
835 2085 852 2109 3
877 2102 885 2124 ε
914 2086 1012 2124 Item
1033 2086 1151 2122 semel
1173 2085 1324 2122 dixerat
1348 2083 1412 2120 ille
1435 2080 1626 2119 Barensis
1651 2078 1717 2116 isti
1741 2093 1823 2115 car-

120 2146 250 2184 dinali
273 2160 391 2196 quare
413 2154 510 2184 esset
531 2145 657 2184 tristis
678 2154 713 2183 et
734 2144 993 2195 cogitativus?
1023 2144 1097 2181 Iste
1120 2143 1321 2193 respondit
1344 2141 1437 2192 quia
1459 2140 1625 2178 habebat
1646 2151 1822 2180 causam,

120 2204 214 2256 quia
246 2205 434 2243 amiserat
465 2205 671 2243 dominum
703 2219 822 2242 suum
851 2203 1002 2255 papam
1042 2202 1286 2252 Gregorium,
1317 2198 1659 2248 consanguineum
1690 2209 1823 2233 suam.

121 2265 254 2313 Quare
289 2272 448 2304 certum
475 2272 536 2302 est
571 2278 723 2302 errasse
753 2264 921 2302 Petrum
950 2262 1152 2308 Roderici‚
1181 2260 1424 2299 canonicum
1440 2257 1643 2296 Ecclesiae
1671 2255 1823 2293 Cordu-

121 2323 270 2371 bensis,
285 2323 326 2361 in
343 2324 600 2373 depositione
615 2337 703 2371 sua,
720 2322 790 2360 ubi
806 2322 866 2360 ait
880 2322 990 2359 hunc
1005 2320 1255 2359 cardinalem
1271 2318 1393 2356 fuisse
1409 2316 1661 2354 avunculum
1676 2327 1822 2363 papae.

124 2382 235 2422 Haec
264 2391 362 2420 sunt
391 2382 478 2432 ejus
508 2380 667 2420 verba4
695 2397 702 2419 :
731 2381 848 2419 Discit
876 2381 978 2431 quod
1004 2379 1159 2418 audivit
1188 2378 1280 2425 dici,
1312 2376 1432 2414 nescit
1475 2390 1499 2412 a
1536 2373 1692 2424 quibus,
1724 2371 1825 2421 quod

121 2449 332 2492 antequam
368 2441 591 2479 cardinales
629 2441 821 2478 intrarent
858 2440 1048 2483 conclave,
1087 2436 1344 2475 existentibus
1382 2433 1655 2472 cardinalibus
1687 2431 1821 2476 Rome,

123 2501 245 2539 nescit
268 2509 398 2539 tamen
424 2500 467 2538 in
498 2514 571 2550 quo
595 2500 688 2547 loco,
716 2500 773 2537 vel
796 2514 850 2537 an
875 2512 1019 2545 omnes,
1046 2505 1115 2534 (lut
1139 2510 1232 2546 pars
1265 2509 1410 2539 eorum,
1432 2493 1582 2530 dixerat
1606 2487 1826 2528 cardinalis

130 2559 398 2598 Gebennensis
421 2574 428 2596 z
447 2558 630 2606 Domini,
646 2559 681 2596 si
704 2557 905 2596 volueritis
926 2556 1065 2605 eligere
1087 2554 1410 2599 Lemovicensem,
1427 2565 1507 2589 ecce
1528 2550 1590 2587 hic
1606 2546 1825 2587 cardinalis

123 2618 427 2665 Lemovicensis,
452 2618 519 2668 qui
542 2627 597 2656 est
618 2618 730 2655 homo
753 2617 944 2667 antiquus
966 2623 1000 2653 et
1022 2614 1243 2652 avunculus
1265 2626 1369 2662 pape
1399 2609 1590 2658 Gregorii.
1810 2662 1821 2668 ‚

180 2678 300 2716 Hune
340 2678 544 2715 Joannem
582 2677 765 2715 Clemens
805 2676 862 2713 VI
902 2674 999 2714 fecit
1036 2674 1273 2723 episcopum
1312 2669 1645 2708 Lemovicensem
1682 2670 1824 2704 anno⁰

126 2736 464 2783 MCCCXLVIII,
490 2736 708 2785 tenuitque
733 2748 824 2773 eam
849 2733 1089 2772 cathedram
1114 2745 1242 2780 usque
1268 2730 1319 2767 ad
1344 2741 1500 2766 annum
1525 2723 1824 2769 MCCCLXXI,

126 2811 207 2847 quo
241 2794 457 2845 Gregorius
495 2794 555 2832 XI
590 2808 684 2834 eum
714 2793 926 2844 promovit
959 2791 1010 2828 ad
1045 2790 1291 2839 dignitatem
1325 2786 1552 2838 presbyteri
1588 2781 1822 2822 cardinalis.

174 2945 206 2978 1.
235 2944 384 2984 Baluze,
413 2950 439 2977 t.
465 2955 516 2983 ιν,
543 2954 578 2987 p.
607 2943 688 2975 344.

175 2999 206 3031 2.
230 2997 271 3031 Β.
297 2997 354 3037 N.‚
377 3008 444 3029 ms.
468 2995 562 3029 latin
583 2994 712 3033 11745,
735 2993 797 3026 fol.
822 2993 890 3026 214
914 2996 964 3025 v0.

174 3052 207 3085 3.
237 3050 304 3083 Ms.
331 3050 414 3089 cite,
440 3048 503 3082 fol.
529 3049 574 3082 37
598 3052 642 3080 ΓΟ.

175 3105 207 3138 4.
238 3103 305 3136 Ms.
335 3102 418 3142 cite,
449 3101 510 3135 fol.
540 3101 609 3134 148
636 3104 680 3133 r0.

177 3158 208 3191 5.
238 3155 288 3189 Le
316 3155 361 3188 14
387 3154 462 3187 mai
490 3154 581 3187 1347
613 3152 757 3196 (Eubel,
786 3150 1015 3190 Hierarchia,
1045 3155 1071 3181 t.
1099 3161 1122 3188 1,
1151 3160 1186 3192 p.
1215 3147 1312 3191 301).
