2083 3458
285 256 367 298 372
936 270 1088 295 NOTAE
1123 270 1183 294 AD
1218 269 1346 294 V1TAs
1869 251 1990 308 [8631
2026 228 2035 304 si

286 358 429 409 pantia
465 357 613 394 nullius
649 364 710 394 est
744 353 957 393 momenti.
993 353 1156 403 Agebat
1190 361 1331 392 autem
1364 352 1429 391 ille
1463 361 1554 392 tum
1601 352 1705 391 circa
1752 352 1997 403 vigesimum

286 432 441 456 annum
457 416 606 455 aetatis
622 415 649 462 ³,
665 423 712 452 ut
732 413 862 451 tradit
881 413 1075 451 Albertus
1092 412 1401 462 Argentinensis
1420 412 1474 463 [p.
1493 411 1598 462 198}
1619 412 1723 450 Sane
1737 411 1853 450 illum
1873 411 2013 473 fuissef

286 477 512 516 admodum
549 475 744 524 juvenem
782 480 964 511 testatur
1003 472 1184 510 Joannes
1223 471 1412 509 Andreae
1449 471 1491 509 in
1529 471 1741 509 additione
1781 471 1833 508 ad
1872 476 2009 533 caputs

288 536 448 586 Speculi
478 533 663 571 Durandi
686 533 745 569 De
771 546 886 569 sacra
904 531 1086 569 unctione
1108 531 1168 569 his
1196 530 1331 569 verbis
1357 546 1364 568 :
1389 530 1630 580 Nuperrime
1648 538 1806 580 propter
1825 530 2007 568 schisma}

286 595 435 632 Bavari
469 594 645 631 videmus
677 591 884 629 dominum
917 599 1093 628 nostrum
1124 605 1275 640 papam
1308 589 1544 627 Clementem
1575 598 1727 627 sextum
1757 580 2005 640 promovisse]y

287 654 490 692 dominum
521 652 563 690 G.
589 652 632 689 de
655 651 833 698 Nassau,
858 650 990 700 filium
1012 649 1165 687 domini
1187 649 1240 687 Ν.
1274 649 1428 686 comitis
1458 649 1502 686 de
1524 649 1702 696 Nassau,
1725 649 1777 686 ad
1796 643 2001 686 ecclesiam³

289 712 587 762 Rloguntinam,
614 710 713 748 satis
736 710 919 759 juvenem
944 717 1053 755 etate,
1081 723 1163 746 vere
1189 717 1319 746 tamen
1343 708 1511 746 scientia
1536 716 1570 746 et
1594 708 1772 745 moribus
1798 715 2003 745 maturum

287 773 408 817 valde,
430 780 464 809 et
485 772 527 808 in
549 770 616 807 boc
636 769 766 807 studio
786 769 1020 818 gratiosum,
1043 783 1155 818 quem
1174 776 1333 818 propter
1355 767 1397 805 id
1414 782 1566 805 summe
1587 767 1720 815 dilexi,
1743 775 1776 804 et
1797 767 1891 817 quia
1913 767 2004 817 ipse*

287 832 472 869 <lominus
495 844 632 876 comes,
657 837 767 878 pater
790 828 889 878 ejus,
912 828 992 877 juit
1014 827 1107 865 hinc
1128 827 1319 865 scholaris
1342 835 1376 865 et
1398 835 1605 877 compater.

340 892 382 929 P.
415 889 503 936 245,
532 889 598 939 lig.
630 888 691 926 28.
724 888 1008 926 OCCUPATUM.
1039 887 1136 925 Voir
1165 886 1212 925 A.
1246 886 1407 934 Hauck,
1437 885 1831 935 Kirchengeschichte
1856 885 1998 923 Deuts-

287 950 462 995 clilands,
492 947 669 998 Leipzig,
699 946 813 995 1920,
841 955 870 985 t.
900 946 956 994 v2,
985 961 1022 997 p.
1053 946 1128 984 655
1155 954 1196 984 et
1224 946 1381 993 Mollat,
1408 945 1467 983 La
1494 945 1677 983 collation
1704 945 1768 982 des
1798 944 2002 992 benefices,

292 1024 329 1059 p.
362 1009 450 1055 177,
480 1007 569 1055 276,
598 1006 687 1054 281,
717 1006 806 1044 319.

344 1069 386 1107 Ρ.
417 1067 505 1113 246,
534 1067 601 1116 lig.
631 1067 666 1104 4.
698 1066 981 1104 ELEGERUNT.
1015 1065 1133 1103 Istud
1161 1073 1222 1103 est
1251 1064 1537 1103 certissimum.
1569 1064 1624 1101 Et
1651 1071 1795 1102 tamen
1820 1063 1863 1100 in
1891 1063 2003 1101 calce

295 1128 407 1165 Vitae
429 1126 573 1164 Karoli
598 1125 661 1162 IV
682 1125 884 1175 scriptum
906 1133 968 1163 est
989 1124 1106 1162 illum
1125 1132 1310 1174 tempore
1331 1117 1546 1162 Benedicti
1567 1123 1652 1160 XII
1675 1122 1799 1160 fuisse
1823 1123 2003 1160 electum

287 1186 328 1224 in
352 1201 487 1236 regem
513 1186 809 1223 Romanorum.
836 1185 900 1221 Ex
923 1198 1004 1234 quo
1027 1183 1145 1222 facile
1168 1183 1373 1233 colligitur
1393 1190 1605 1233 postrema
1626 1181 1723 1220 folia
1745 1181 1864 1219 istius
1887 1181 2004 1219 vitae

289 1245 518 1296 composita
543 1259 625 1283 non
651 1244 773 1282 fuisse
799 1258 822 1281 a
851 1244 1017 1282 Karolo.
1044 1242 1319 1282 Confirmavit
1343 1256 1435 1281 eam
1459 1242 1701 1281 electionem
1731 1241 1915 1280 Clemens
1941 1240 2001 1277 VI

287 1305 415 1343 literis
434 1304 449 1327 ²
474 1305 525 1342 ad
551 1304 743 1343 eumdem
770 1303 971 1341 Karolum
996 1302 1104 1340 datis
1130 1317 1200 1340 v111
1224 1302 1315 1340 idus
1343 1301 1405 1352 [6]
1433 1300 1669 1341 novembris
1706 1315 1815 1338 anno
1853 1299 2005 1350 quinto

290 1362 439 1416 [1346],
468 1378 568 1413 quas
595 1364 647 1401 ad
673 1377 830 1400 annum
865 1362 979 1410 1346,
1013 1362 1029 1393 Q
1066 1362 1129 1409 34,
1168 1361 1311 1400 retulit
1337 1360 1536 1399 Odor-icus
1576 1360 1832 1409 Raynaldus.
1869 1359 2006 1396 Extat

288 1432 499 1474 praeterea
517 1423 558 1460 in
580 1422 717 1460 codice
739 1436 976 1460 sermonum
995 1421 1180 1471 ejusdem
1199 1420 1419 1459 Clementis
1437 1419 1605 1458 Collatio
1625 1434 1696 1470 per
1716 1433 1810 1458 eum
1827 1418 1939 1456 facta
1958 1418 2003 1456 in

288 1482 589 1533 approbatione
612 1481 769 1520 domini
794 1481 936 1519 Karoli
956 1481 999 1518 in
1021 1495 1156 1530 regem
1181 1480 1466 1519 Romanorum
1487 1479 1606 1518 electi
1628 1478 1692 1517 die
1715 1484 1832 1518 sexta
1850 1477 2006 1517 mensis

288 1542 537 1589 novembris,
559 1541 831 1592 pontificatus
848 1540 909 1579 sui
925 1555 1034 1578 anno
1051 1540 1197 1590 quinto
1212 1539 1371 1590 [134ss],
1386 1539 1429 1576 id
1444 1546 1519 1586 est,
1536 1538 1680 1577 eadem
1697 1537 1760 1576 die
1779 1551 1860 1587 qua
1878 1537 2005 1575 datae

288 1610 384 1639 sunt
408 1601 550 1639 literae
576 1601 623 1639 de
650 1600 798 1650 quibus
823 1601 948 1650 paulo
968 1608 1065 1638 ante
1087 1599 1338 1637 dicebamus.
1365 1599 1410 1636 In
1435 1598 1544 1636 calce
1559 1597 1574 1620 3
1597 1597 1723 1647 igitur
1746 1596 1853 1634 illius
1872 1595 2004 1634 Colla-

288 1661 409 1698 tionis
432 1660 512 1699 ista
536 1661 753 1710 leguntur:
780 1660 904 1697 Facta
922 1659 1045 1708 igitur
1068 1658 1170 1696 brevi
1194 1658 1420 1696 recitatione
1449 1665 1529 1695 tam
1566 1657 1610 1694 de
1642 1656 1803 1694 diutina
1839 1655 2003 1705 imperii

289 1720 503 1767 vacatione,
539 1720 633 1770 quia
667 1734 691 1757 a
725 1728 894 1769 tempore
928 1718 1064 1756 mortis
1099 1717 1350 1768 imperatoris
1383 1716 1566 1764 Henrici,
1602 1716 1669 1766 qui
1704 1715 1865 1753 decessit
1897 1729 2009 1752 anno

290 1779 582 1826 MCCCXIJI,
611 1779 673 1816 die
698 1792 804 1816 XXIV
831 1777 1006 1827 augusti,
1036 1792 1154 1827 quam
1180 1777 1299 1814 etiam
1326 1777 1370 1814 de
1396 1776 1578 1813 electione
1605 1775 1775 1813 discordi
1802 1773 2006 1811 Frederici

289 1839 451 1876 Austrie
477 1847 511 1876 et
536 1838 728 1875 Ludovici
755 1837 927 1875 Bcwarie
953 1837 1048 1874 olim
1075 1837 1232 1884 ducum,
1261 1844 1295 1873 et
1320 1836 1365 1873 de
1392 1843 1510 1873 morte
1537 1834 1630 1872 dicti
1657 1834 1872 1881 Frederici,
1899 1841 1934 1870 et
1959 1832 2009 1870 de

288 1898 511 1948 privatione
548 1898 654 1947 facta
692 1911 761 1947 per
801 1896 1007 1934 dominum
1044 1896 1282 1942 Johannem,
1321 1895 1628 1945 predecessorem
1665 1901 1855 1940 nostrum,
1898 1892 2011 1942 justo

287 1957 439 2006 judicio
473 1957 756 1994 sententialiter
790 1956 884 1994 dicti
918 1955 1125 2002 Ludovici,
1159 1955 1246 1992 suis
1281 1954 1479 1992 demeritis
1513 1952 1775 2002 exigentibus,
1811 1952 1861 1989 ab
1895 1950 2007 1989 omni

287 2017 388 2066 jure,
404 2017 439 2053 si
455 2017 556 2066 quod
569 2016 649 2053 sibi
664 2030 709 2053 ea:
723 2015 904 2053 electione
919 2014 1149 2064 hujusmodi
1166 2014 1209 2051 in
1223 2028 1342 2063 regno
1356 2022 1390 2051 et
1405 2013 1572 2063 imperio
1587 2011 1836 2062 competebat,
1854 2024 2009 2048 necnon

290 2077 334 2113 de
358 2076 613 2125 requisitione
636 2083 669 2113 et
693 2075 909 2112 monitione
932 2089 1010 2124 qua
1032 2074 1208 2111 electores
1232 2073 1462 2111 monuimus
1486 2079 1527 2108 ut
1550 2072 1602 2109 ad
1627 2071 1850 2109 electionem
1873 2084 2008 2120 proce-

290 2136 432 2181 derent,
455 2135 636 2184 alioquin
655 2142 844 2184 oporteret
864 2148 934 2171 nos
954 2134 999 2171 de
1019 2141 1212 2183 oportuno
1232 2132 1400 2170 remedio
1420 2131 1635 2182 providere,
1657 2138 1691 2167 et
1709 2130 1828 2167 etiam
1849 2130 1893 2167 de
1912 2129 2010 2186 elec-

291 2194 394 2231 tione
422 2194 515 2231 dicti
543 2194 687 2231 Karoli
714 2194 825 2243 apud
851 2193 978 2230 Reens
1003 2193 1119 2243 juxta
1145 2191 1443 2241 Confluentiam
1464 2190 1700 2228 concorditer
1719 2188 1910 2227 celebrata
1935 2202 2011 2238 per

290 2254 465 2290 electores
486 2254 552 2303 qui
574 2253 790 2290 debuerunt
809 2260 843 2289 et
861 2260 1074 2302 potuerunt
1093 2260 1126 2289 et
1144 2252 1349 2288 voluerunt
1362 2250 1539 2287 electioni
1552 2248 1784 2299 hujusmodi
1807 2248 2006 2293 interesse,

291 2320 324 2349 et
346 2313 389 2350 de
412 2327 603 2350 consensu
625 2326 694 2362 per
715 2312 863 2349 dictum
885 2312 1082 2349 Karolum
1104 2319 1196 2348 tunc
1218 2310 1484 2348 marchionem
1505 2308 1688 2346 Moravie
1709 2306 1883 2357 prestito,
1906 2314 1940 2344 et
1961 2306 2011 2343 de

291 2371 588 2421 significatione
607 2379 686 2409 tam
704 2385 773 2421 per
791 2385 880 2408 eum
900 2385 1017 2421 quam
1035 2385 1104 2420 per
1122 2370 1297 2407 electores
1314 2383 1434 2418 super
1447 2368 1628 2405 electione
1641 2366 1871 2416 hujusmodi
1891 2365 2011 2403 nobis

292 2431 409 2479 jacta,
430 2445 579 2467 necnon
595 2445 715 2480 super
732 2430 921 2468 missione
938 2430 990 2467 ad
1007 2438 1180 2467 nostram
1197 2429 1436 2479 presentiam
1455 2427 1694 2465 nunciorum
1709 2424 2009 2475 sollempnium‚

293 2498 326 2526 et
347 2504 479 2527 eorum
500 2489 770 2539 propositione
791 2497 825 2527 et
847 2489 1013 2526 instanti
1035 2504 1080 2526 ac
1101 2487 1245 2526 humili
1266 2496 1301 2525 et
1319 2486 1512 2537 frequenti
1533 2485 1841 2536 supplicatione,
1863 2492 1896 2521 et
1916 2497 2010 2521 exa-

294 2549 529 2586 minationis
561 2549 658 2586 (licte
689 2548 888 2585 electionis
919 2548 1194 2585 commissione
1223 2547 1327 2596 facta
1359 2561 1425 2583 sea:
1456 2544 1744 2591 cardinalibus,
1777 2551 1857 2581 tam
1887 2556 2012 2592 super

295 2608 419 2655 forma
447 2622 563 2657 quam
587 2622 706 2657 super
729 2622 899 2657 persona
923 2607 1016 2644 dicti
1041 2607 1161 2653 electi,
1185 2606 1364 2655 jactaque
1389 2605 1503 2642 nobis
1527 2604 1684 2641 tandem
1709 2603 1752 2640 in
1776 2602 2011 2640 consistorio·

296 2667 335 2703 in
358 2667 553 2715 presentia
573 2667 743 2715 fratrum
764 2675 984 2703 nostroru7n
1004 2666 1190 2703 relatione
1211 2665 1332 2715 fideli,
1354 2663 1625 2701 concludimus
1647 2662 1689 2699 in
1708 2662 1812 2699 hunc
1833 2661 2007 2698 modum-

344 2827 374 2858 ¹1.
403 2826 558 2869 D’aprss
592 2838 663 2859 unc
696 2824 794 2860 bulle
829 2832 1032 2870 octroyant
1064 2838 1136 2859 une
1161 2825 1331 2869 dispense
1365 2824 1483 2867 d'age„
1517 2824 1541 2856 il
1573 2823 1668 2857 etait
1691 2824 1783 2856 dans
1815 2833 1856 2855 sa
1879 2821 2008 2864 vingt—

297 2879 503 2920 ‹matrimus-
524 2882 640 2913 nnnee
660 2880 691 2912 le
712 2881 731 2913 7
752 2880 846 2913 avril
865 2881 959 2913 1346
982 2880 1162 2923 (Zeumer,
1184 2878 1478 2917 constitutiones,
1500 2883 1526 2909 t.
1549 2874 1641 2916 vml,
1661 2888 1696 2909 n.
1717 2875 1766 2920 3).
1787 2874 1877 2908 Voir
1897 2874 2006 2914 ibid„

299 2944 330 2963 ιι.
368 2933 396 2966 ἰ,
430 2934 461 2963 la
495 2932 592 2964 bullo
626 2934 668 2965 de
700 2933 949 2966 nomination.

347 2988 375 3016 2.
401 2985 565 3019 Zvumcr,
590 2985 883 3026 constitutiones,
906 2992 932 3019 t.
956 2984 1047 3026 will,
1069 2997 1104 3018 n.
1127 2986 1207 3018 102.
1228 3003 1276 3007 -
1296 2983 1384 3016 Voir
1399 2982 1674 3020 surl’electiom
1698 2982 1799 3021 ibid„
1822 2992 1856 3014 n.
1880 2980 2006 3019 63-72,

299 3038 441 3069 (ΔΒ-104.

348 3094 376 3121 “,’.
410 3090 666 3134 ΙΞίΜίυΗιιῑιμη]
694 3092 1066 3131 Sainte-Genevieve,
1094 3103 1160 3124 ms.
1180 3090 1262 3130 240,
1288 3090 1350 3123 scd.
1379 3090 1447 3122 434
1473 3094 1516 3122 r0.
1534 3088 1645 3121 —Le
1664 3087 1829 3121 discours
1856 3087 1899 3119 de
1925 3085 2008 3119 Cle—

276 3166 278 3169 .
299 3149 396 3173 nwnt
420 3142 469 3174 VJ
490 3155 507 3173 a
523 3145 579 3175 (216
599 3144 845 3177 cnut—rement
862 3145 1034 3188 imprime
1048 3156 1115 3188 par
1128 3144 1294 3182 Zeumer,
1315 3143 1608 3182 Constitutiones‚
1623 3148 1650 3175 t.
1670 3139 1762 3180 vn1¹‚
1777 3152 1811 3184 p.
1831 3139 2005 3172 143-163.
