2083 3458
244 202 325 243 556
807 253 809 255 ¹
880 218 1031 244 NOTAE
1067 219 1126 244 AD
1162 220 1288 244 VITAs
1802 194 1944 259 [1039]

298 303 338 341 P.
374 302 462 349 375,
495 302 560 352 lig.
597 302 657 340 20.
693 302 877 340 PETRUM
912 317 967 340 DE
1002 303 1188 351 STAGNO,
1222 303 1345 353 vulgo
1373 303 1615 353 D’Estaing,
1646 318 1728 342 non
1764 318 1860 342 vero
1889 303 1949 340 De

243 361 438 410 l'Estang,
460 369 507 399 ut
528 361 698 411 quidam
717 362 823 401 male
842 370 1026 401 vertunt.
1049 362 1120 400 Vir
1140 362 1219 399 fuit
1238 375 1412 413 magnae
1431 362 1662 402 nobilitatis
1681 362 1695 386 1
1713 364 1756 402 in
1775 363 1949 402 dioecesi

249 421 516 468 Ruthcnensi,
535 435 554 458 6
573 434 653 469 qua
670 421 914 470 prodierunt
931 421 1052 459 multi
1069 421 1145 459 viri
1161 422 1353 460 illustres.
1374 422 1493 460 Unde
1508 430 1618 462 recte
1636 422 1852 473 Gregorius
1872 422 1948 469 XI,

241 480 282 517 in
311 480 484 530 epistola
514 480 667 529 scripta
696 480 748 517 ad
779 480 1052 527 Florentinos,
1082 488 1264 518 testatur
1290 481 1406 518 illum
1435 496 1519 520 esse
1548 481 1766 520 nobilitate
1795 481 1949 531 perspi-

244 552 377 577 cuum.
402 539 531 589 Ipsius
550 547 663 589 gesta
680 539 822 577 multis
840 539 957 577 claris
974 540 1243 589 scriptoribus
1260 541 1490 579 memorata
1507 549 1616 580 sunt.
1645 541 1800 580 Idcirco
1815 554 1947 591 pauca

245 598 291 637 de
318 598 387 636 illo
415 612 488 636 nos
517 598 667 636 dicturi
695 611 850 646 sumus,
877 599 979 636 illud
1006 599 1049 636 in
1076 599 1217 649 primis
1245 599 1516 639 admonentes
1544 600 1647 640 falso
1677 597 1771 639 eu'm
1801 599 1948 639 S.R.E.

244 657 514 695 camerarium
538 672 623 697 esse
647 665 845 696 vocatum
869 658 920 695 ab
944 658 990 696 iis
1016 659 1086 707 qui
1109 658 1225 696 illum
1249 659 1500 709 distinguere
1522 659 1757 699 nescierunt
1779 673 1802 697 a
1827 659 1950 698 Petro

246 717 294 754 de
332 717 490 764 Crosso,
529 717 737 755 cardinale
774 717 1019 756 Arelatensi.
1063 717 1232 756 Creatus
1271 718 1351 756 fuit
1389 718 1607 768 presbyter
1643 719 1861 757 cardinalis
1897 718 1949 756 ab

247 775 415 814 Urbano
445 776 480 813 V
509 790 618 814 anno
648 776 864 815 millesimo
895 776 1126 824 CCCLXX,
1158 791 1296 816 mense
1323 776 1453 828 junio.
1486 778 1588 816 Erat
1617 786 1758 816 autem
1787 777 1949 825 absens,

246 849 374 884 quum
405 835 539 873 factus
572 844 633 874 est
665 836 898 884 cardinalis,
930 843 971 874 et
1001 845 1146 886 postea
1176 837 1353 875 intravit
1384 837 1539 875 curiam
1571 838 1634 876 die
1666 851 1801 875 xxvm
1831 837 1951 887 junii,

245 902 291 932 ut
316 902 377 933 est
400 894 443 933 in
466 894 570 933 libro
596 894 910 944 Obligassionum.
939 895 1105 934 Certum
1131 904 1193 934 est
1217 904 1358 934 autem
1383 897 1625 936 cathedram
1647 896 1949 947 Biturigensem

245 967 412 993 vacasse
438 969 511 1004 per
536 954 862 1005 assumptionem
891 954 978 1004 ejus
1005 956 1057 993 ad
1085 955 1390 994 cardinalatum
1415 956 1532 1006 eique
1559 956 1703 1001 statim
1729 956 1951 994 suffectum

247 1013 370 1051 fuisse
395 1013 564 1051 Petrum
588 1014 637 1052 de
661 1014 819 1062 Crosso,
843 1022 891 1051 ut
911 1014 1019 1052 infra
1043 1029 1116 1053 suo
1138 1015 1228 1053 loco
1252 1015 1446 1054 dicemus.
1474 1015 1607 1064 Quare
1630 1015 1834 1054 affirmare
1856 1015 1952 1053 licet

245 1072 401 1122 absque
422 1073 505 1111 ullo
524 1073 705 1123 periculo
727 1073 876 1111 falsum
897 1088 983 1113 esse
1005 1074 1115 1123 quod
1136 1074 1195 1112 ait
1217 1074 1397 1113 Joannes
1417 1075 1611 1125 Baptista
1630 1075 1765 1113 Bellus
1786 1075 1829 1112 in
1847 1074 1952 1112 libro

244 1131 303 1168 De
321 1131 401 1170 vita
420 1131 630 1169 Francisci
649 1133 694 1170 de
713 1132 876 1182 StagnO,
891 1133 1071 1183 episcopi
1093 1133 1386 1182 Ruthenensis,
1399 1148 1437 1184 p.
1457 1134 1492 1182 7,
1509 1134 1618 1172 hunc
1632 1135 1801 1172 Petrum
1816 1134 1952 1171 adhuc

247 1191 389 1229 fuisse>
412 1192 768 1242 archiepiscopum
796 1192 1032 1243 Biturigum
1073 1207 1182 1231 anno
1223 1193 1568 1242 MCCCLXXIII,
1610 1207 1690 1244 quo
1728 1194 1763 1232 ei
1803 1193 1952 1244 Grego-

245 1250 327 1288 rius
351 1251 413 1288 XI
432 1251 475 1289 in
493 1252 609 1289 illum
633 1252 810 1290 contulit
830 1252 1115 1303 episcopatum
1140 1252 1386 1301 Ostiensem,
1407 1267 1614 1292 recusasse
1634 1268 1756 1303 porro
1777 1266 1872 1291 eum
1891 1252 1953 1290 uti

248 1310 555 1360 dispensatione
576 1311 781 1349 retinendi
805 1312 927 1350 simul
947 1311 1265 1362 Biturigensem,
1289 1326 1414 1362 quam
1444 1313 1479 1351 ei
1507 1312 1723 1363 Gregorius
1752 1312 1953 1351 offerebat

246 1377 287 1407 et
302 1369 429 1408 nihilo
446 1371 581 1408 minus
598 1378 745 1421 sponte
762 1371 1021 1409 renuntiasse
1038 1371 1259 1410 cathedrae
1275 1372 1537 1422 Biturigensi.
1560 1372 1605 1409 In
1624 1386 1704 1422 quo
1721 1386 1804 1409 non
1820 1373 1952 1409 solum

245 1429 457 1467 temeritas
498 1438 572 1477 est,
606 1430 676 1469 sed
710 1431 838 1470 etiam
869 1430 1046 1469 inscitia.
1085 1430 1310 1470 Temeritas
1348 1431 1528 1482 quidem,
1568 1431 1663 1481 quia
1699 1431 1765 1469 ille
1797 1431 1952 1481 primus

245 1496 286 1526 et
314 1489 421 1527 solus
451 1489 608 1539 absque
637 1490 719 1527 ullo
748 1498 938 1529 veterum
966 1490 1206 1530 testimonio
1236 1504 1327 1530 eam
1355 1504 1441 1530 rem
1468 1491 1653 1541 prodidit
1682 1504 1808 1541 quam
1842 1498 1954 1529 certo

246 1556 410 1586 constat
449 1564 534 1587 6556
574 1549 850 1589 falsissimam.
896 1549 1063 1588 Inscitia
1103 1564 1214 1598 Vero,
1256 1550 1351 1600 quia
1389 1550 1605 1600 imperitus
1645 1563 1808 1589 morum
1846 1550 1953 1588 illius

246 1607 337 1645 aevi
368 1616 409 1646 et
439 1608 679 1658 disciplinae
708 1608 899 1659 publicae
928 1609 1105 1648 nescivit
1135 1610 1352 1649 cathedras
1380 1623 1521 1648 eorum
1548 1610 1836 1660 episcoporum
1864 1610 1954 1659 ipso

245 1666 334 1715 jure
366 1681 513 1706 vacare
547 1667 615 1717 qui
646 1676 948 1718 promoventur
969 1669 1021 1707 ad
1054 1669 1372 1717 cardinalatum,
1398 1677 1439 1707 et
1469 1683 1552 1706 non
1577 1669 1837 1707 consuevisse
1863 1677 1954 1706 tum

250 1725 456 1764 Romanos
480 1727 699 1777 pontifices
724 1728 779 1766 eis
803 1728 967 1766 tradere
989 1729 1031 1766 in
1057 1729 1344 1781 commendam
1369 1728 1630 1778 episcopatus
1657 1728 1805 1779 quibus
1830 1736 1953 1766 antea

247 1785 525 1834 praefuerant.

300 1845 423 1884 Petro
445 1846 493 1884 de
516 1846 670 1896 Stagno
691 1846 835 1885 statim
856 1855 952 1897 post
972 1848 1169 1897 adeptam
1190 1861 1343 1885 novam
1363 1847 1469 1885 hanc
1491 1847 1739 1897 dignitatem
1758 1847 1952 1897 imposita

248 1911 310 1942 est
326 1905 478 1954 legatio
500 1905 657 1944 Italica.
678 1906 810 1944 Extat
826 1906 869 1944 in
888 1906 1025 1946 codice
1045 1905 1121 1944 756
1138 1906 1412 1945 bibliothecae
1430 1906 1690 1945 Colbertinae
1704 1905 1719 1928 2
1733 1904 1954 1944 instructio

247 1976 373 2012 quam
399 1965 433 2002 ei
460 1965 575 2003 dedit
601 1965 794 2015 Anglicus
821 1966 1036 2016 episcopus
1064 1966 1323 2014 Albanensis,
1351 1966 1420 2016 qui
1446 1980 1496 2004 ex
1529 1980 1575 2004 63
1601 1966 1814 2015 provincia
1841 1965 1954 2004 dece·

245 2022 384 2063 debat.
634 2070 639 2077 .

300 2082 364 2119 Ad
402 2097 495 2121 eum
532 2084 581 2123 de
618 2085 792 2134 negotiis
834 2085 978 2123 Italiae
1015 2085 1150 2123 varias
1188 2085 1382 2135 epistolas
1420 2085 1583 2135 scripsit
1621 2084 1837 2134 Gregorius
1878 2084 1953 2132 XI,

250 2155 354 2190 quae
383 2142 591 2181 habentur
617 2144 659 2182 in
689 2144 819 2183 veteri
850 2144 987 2183 codice
1017 2158 1090 2184 ms,
1122 2144 1393 2194 epistolarum
1422 2143 1522 2193 ejus.
1556 2143 1619 2180 Ex
1647 2158 1693 2182 ea
1723 2158 1820 2182 vero
1850 2157 1955 2193 quae

248 2200 346 2239 data
369 2210 431 2239 est
452 2201 503 2239 ad
527 2202 785 2241 Florentinos
808 2204 1013 2253 colligitur
1033 2204 1089 2241 illi
1112 2204 1374 2242 commissam
1396 2218 1480 2241 esse
1503 2203 1701 2241 ditionem
1723 2203 1954 2241 Bononien-

248 2273 346 2308 sem,
369 2260 703 2310 Romandiolam,
725 2262 951 2301 Marchiam
974 2263 1295 2310 Anconitanam,
1318 2262 1497 2301 Massam
1517 2262 1772 2310 Trabariam,
1801 2270 1955 2301 terram

248 2318 424 2359 Sanctae
459 2320 662 2370 Agathae,
701 2336 860 2361 necnon
897 2322 1110 2361 civitatem
1150 2330 1191 2360 et
1228 2322 1474 2360 comitatum
1513 2321 1671 2360 Urbini.
1710 2321 1956 2371 Aegrotasse

296 2457 328 2490 1.
348 2457 467 2491 Bonal
490 2458 665 2502 (Histoire
683 2461 742 2493 des
759 2462 904 2504 e'veques
923 2461 963 2493 de
980 2460 1108 2500 Rodez,
1128 2471 1163 2504 p.
1181 2459 1262 2503 702)
1286 2460 1342 2492 dit
1360 2472 1431 2503 que
1453 2459 1574 2493 Pieri-e
1594 2459 1770 2492 d’Estain
1785 2459 1879 2493 etait
1900 2458 1955 2493 fils

249 2510 292 2543 de
317 2510 529 2546 Guillaume
554 2513 729 2546 d'Estain
751 2520 791 2546 et
815 2514 1073 2557 d'Emynarde
1098 2513 1141 2547 de
1167 2512 1284 2557 Peyre
1320 2513 1448 2557 [Bal.].

298 2564 329 2596 2.
354 2564 395 2598 B.
414 2565 472 2606 N.,
489 2577 556 2600 ms.
573 2566 669 2600 latin
685 2566 791 2607 4115,
807 2566 869 2600 fol.
887 2568 956 2601 117
978 2568 1100 2600 r0-135
1124 2571 1174 2600 v0.
1195 2585 1243 2589 —
1266 2566 1336 2600 Sur
1357 2567 1389 2600 le
1412 2566 1591 2606 cardinal,
1616 2566 1698 2599 voir
1722 2566 1767 2599 H.
1793 2565 1954 2599 Lacaille

251 2617 483 2660 ¹Enguerran
506 2620 547 2652 de
571 2619 704 2663 Coucy,
730 2632 780 2653 αα
801 2621 933 2654 service
957 2621 998 2654 de
1027 2620 1195 2664 Gregoire
1217 2619 1291 2660 XI,
1319 2620 1412 2652 dans
1436 2620 1814 2653 Annuaire-Bulletin
1847 2620 1887 2653 de
1919 2619 1955 2651 la

257 2671 384 2704 ‘'oeie'te
416 2672 457 2705 de
489 2672 663 2707 Z’hisloire
687 2674 727 2706 de
751 2674 902 2713 France,
929 2674 1034 2714 1895,
1062 2685 1096 2717 p.
1124 2673 1204 2713 194,
1231 2673 1327 2716 198),
1355 2673 1515 2706 Theiner
1537 2673 1679 2716 (Codex,
1705 2679 1730 2706 t.
1754 2685 1792 2713 11,
1809 2684 1844 2706 n.
1870 2672 1952 2711 491,

251 2723 329 2763 300,
356 2724 437 2764 501,
464 2725 544 2765 506,
572 2727 652 2765 533,
679 2727 760 2767 537,
788 2727 868 2767 539,
895 2727 992 2771 555),
1019 2726 1067 2760 Μ.
1093 2727 1285 2760 Antonclli
1315 2727 1382 2769 (La
1405 2727 1658 2760 dominazione
1680 2726 1874 2770 pontificia
1898 2725 1955 2758 nel

253 2776 488 2818 murimonte,
507 2779 600 2812 dans
616 2780 790 2813 Archivio
807 2781 900 2813 della
914 2780 957 2813 R.
978 2775 1120 2813 Socielci
1133 2780 1302 2813 Romana
1319 2780 1356 2813 di
1371 2781 1484 2813 storia
1499 2781 1632 2823 patria,
1651 2786 1677 2813 t.
1697 2791 1796 2812 XXXI
1817 2778 1950 2822 (1908),

317 2830 498 2874 121-168),
527 2831 713 2866 Chaludet
743 2833 918 2876 (Histoire
944 2834 1003 2867 des
1028 2835 1172 2877 eveques
1189 2834 1239 2866 *de
1267 2833 1302 2866 S.
1331 2833 1455 2873 Flour,
1485 2834 1577 2866 dans
1604 2833 1724 2866 Revue
1750 2833 1790 2866 de
1815 2832 1953 2865 Haute—

253 2883 450 2926 ,irwergne⁷
476 2884 695 2926 1917-1918,
720 2898 756 2929 p.
782 2886 919 2930 29-60),
947 2887 985 2920 Ρ.
1013 2886 1173 2919 Durrieu
1201 2886 1268 2929 (La
1290 2898 1513 2930 provenance
1536 2887 1625 2920 d’un
1648 2887 1707 2919 des
1729 2886 1814 2930 plus
1840 2885 1954 2918 beaux

252 2937 466 2969 ss'l‘llllts'crilS
485 2938 604 2980 peinis
624 2949 674 2971 au
693 2938 810 2972 XIVe
829 2940 934 2973 siecle
953 2951 1022 2984 par
1038 2940 1167 2973 Nicolo
1189 2940 1225 2973 di
1246 2939 1416 2973 Giacomo
1437 2940 1484 2973 da
1502 2940 1680 2982 Bologna,
1697 2940 1789 2972 dans
1810 2938 1952 2972 Biblio-

251 2988 370 3029 :sistque
393 2990 433 3021 de
455 2983 588 3024 l'Ecole
610 2992 669 3025 des
692 2991 851 3033 Chanes,
877 2999 903 3026 t.
930 3005 1063 3026 LXXVII
1090 2993 1224 3036 (1916),
1250 3005 1284 3036 p.
1310 2992 1497 3036 111-136),
1523 2993 1564 3026 O.
1590 2992 1749 3026 Vancini
1775 2992 1954 3035 (Bologna

252 3042 337 3071 ,alla
368 3041 620 3083 C'l11·0sa,<lans
651 3044 730 3078 Atti
759 3057 776 3078 e
809 3047 976 3079 memorie
1006 3047 1098 3079 della
1124 3046 1166 3079 R.
1201 3047 1436 3090 depzclazione
1466 3047 1502 3079 di
1533 3046 1654 3080 Storia
1682 3046 1805 3090 patria
1834 3056 1897 3088 per
1923 3045 1953 3077 le

255 3093 292 3123 ,.””
310 3106 317 3123 .'
334 3108 338 3123 e
360 3106 446 3134 sne,
476 3103 498 3128 t.
525 3108 621 3129 XXIV
648 3097 782 3142 (1906),
807 3111 842 3143 p.
868 3100 1054 3142 508-541).
