<?xml version="1.0" encoding="UTF-8"?>
<!DOCTYPE html PUBLIC "-//W3C//DTD XHTML 1.0 Transitional//EN"
    "http://www.w3.org/TR/xhtml1/DTD/xhtml1-transitional.dtd">
<html xmlns="http://www.w3.org/1999/xhtml" xml:lang="en" lang="en">
 <head>
  <title>
</title>
<meta http-equiv="Content-Type" content="text/html;charset=utf-8" />
  <meta name='ocr-system' content='tesseract 3.04.00' />
  <meta name='ocr-capabilities' content='ocr_page ocr_carea ocr_par ocr_line ocrx_word'/>
</head>
<body>
  <div class='ocr_page' id='page_1' title='image "./vitaepaparumaven02balu_0366.png"; bbox 0 0 2083 3458; ppageno 0'>
   <div class='ocr_carea' id='block_1_1' title="bbox 224 185 1925 260">
    <p class='ocr_par' dir='ltr' id='par_1_1' title="bbox 224 185 1925 260">
     <span class='ocr_line' id='line_1_1' title="bbox 224 185 1925 260; baseline -0.004 -8"><span class='ocrx_word' id='word_1_1' title='bbox 224 209 309 252; x_wconf 84' lang='lat'>356</span> <span class='ocrx_word' id='word_1_2' title='bbox 877 220 1029 246; x_wconf 81' lang='lat' dir='ltr'><strong>NOTAE</strong></span> <span class='ocrx_word' id='word_1_3' title='bbox 1064 220 1124 245; x_wconf 80' lang='lat' dir='ltr'>An</span> <span class='ocrx_word' id='word_1_4' title='bbox 1159 220 1287 245; x_wconf 73' lang='lat' dir='ltr'>v1TAs</span> <span class='ocrx_word' id='word_1_5' title='bbox 1501 190 1506 198; x_wconf 47' lang='grc'>’</span> <span class='ocrx_word' id='word_1_6' title='bbox 1582 242 1584 245; x_wconf 82' lang='grc'><strong>,</strong></span> <span class='ocrx_word' id='word_1_7' title='bbox 1809 185 1925 260; x_wconf 76' lang='lat'>[847]</span> 
     </span>
    </p>
   </div>
   <div class='ocr_carea' id='block_1_2' title="bbox 228 303 1940 2960">
    <p class='ocr_par' dir='ltr' id='par_1_2' title="bbox 229 303 1935 413">
     <span class='ocr_line' id='line_1_2' title="bbox 229 303 1935 358; baseline -0.002 -11"><span class='ocrx_word' id='word_1_8' title='bbox 229 310 445 358; x_wconf 79' lang='lat' dir='ltr'>Hugonem</span> <span class='ocrx_word' id='word_1_9' title='bbox 462 307 585 345; x_wconf 83' lang='lat' dir='ltr'>fuisse</span> <span class='ocrx_word' id='word_1_10' title='bbox 601 306 809 344; x_wconf 90' lang='lat' dir='ltr'>hominem</span> <span class='ocrx_word' id='word_1_11' title='bbox 824 305 935 343; x_wconf 87' lang='lat' dir='ltr'>vitae</span> <span class='ocrx_word' id='word_1_12' title='bbox 952 311 1140 342; x_wconf 78' lang='lat' dir='ltr'>austerae</span> <span class='ocrx_word' id='word_1_13' title='bbox 1157 317 1203 342; x_wconf 89' lang='lat' dir='ltr'>ac</span> <span class='ocrx_word' id='word_1_14' title='bbox 1220 303 1488 353; x_wconf 86' lang='lat' dir='ltr'>spiritualem,</span> <span class='ocrx_word' id='word_1_15' title='bbox 1504 312 1552 342; x_wconf 86' lang='lat' dir='ltr'>ut</span> <span class='ocrx_word' id='word_1_16' title='bbox 1567 312 1733 352; x_wconf 87' lang='lat' dir='ltr'>vocant,</span> <span class='ocrx_word' id='word_1_17' title='bbox 1750 304 1935 355; x_wconf 83' lang='lat' dir='ltr'>adeoque</span> 
     </span>
     <span class='ocr_line' id='line_1_3' title="bbox 229 362 1389 413; baseline -0.005 -7"><span class='ocrx_word' id='word_1_18' title='bbox 229 369 349 406; x_wconf 72' lang='lat' dir='ltr'>valde</span> <span class='ocrx_word' id='word_1_19' title='bbox 376 368 555 405; x_wconf 88' lang='lat' dir='ltr'>alienum</span> <span class='ocrx_word' id='word_1_20' title='bbox 582 380 603 403; x_wconf 92' lang='lat' dir='ltr'>a</span> <span class='ocrx_word' id='word_1_21' title='bbox 628 364 874 403; x_wconf 75' lang='lat' dir='ltr'>scurrilitate</span> <span class='ocrx_word' id='word_1_22' title='bbox 901 377 1004 413; x_wconf 84' lang='lat' dir='ltr'>quae</span> <span class='ocrx_word' id='word_1_23' title='bbox 1027 363 1108 401; x_wconf 89' lang='lat' dir='ltr'>illic</span> <span class='ocrx_word' id='word_1_24' title='bbox 1133 362 1389 401; x_wconf 88' lang='lat' dir='ltr'>describitur.</span> 
     </span>
    </p>

    <p class='ocr_par' dir='ltr' id='par_1_3' title="bbox 229 422 1938 709">
     <span class='ocr_line' id='line_1_4' title="bbox 283 422 1936 472; baseline -0.002 -7"><span class='ocrx_word' id='word_1_25' title='bbox 283 428 400 465; x_wconf 80' lang='lat' dir='ltr'>Anno</span> <span class='ocrx_word' id='word_1_26' title='bbox 436 425 668 471; x_wconf 79' lang='lat' dir='ltr'>MCCCLII,</span> <span class='ocrx_word' id='word_1_27' title='bbox 704 424 767 462; x_wconf 87' lang='lat' dir='ltr'>die</span> <span class='ocrx_word' id='word_1_28' title='bbox 803 431 919 461; x_wconf 78' lang='lat' dir='ltr'>sexta</span> <span class='ocrx_word' id='word_1_29' title='bbox 955 422 1194 469; x_wconf 80' lang='lat' dir='ltr'>decembris,</span> <span class='ocrx_word' id='word_1_30' title='bbox 1231 422 1333 460; x_wconf 92' lang='lat' dir='ltr'>obiit</span> <span class='ocrx_word' id='word_1_31' title='bbox 1369 422 1553 472; x_wconf 80' lang='lat' dir='ltr'>Hugonis</span> <span class='ocrx_word' id='word_1_32' title='bbox 1589 422 1717 461; x_wconf 88' lang='lat' dir='ltr'>frater</span> <span class='ocrx_word' id='word_1_33' title='bbox 1752 423 1936 461; x_wconf 84' lang='lat' dir='ltr'><strong>Clemens</strong></span> 
     </span>
     <span class='ocr_line' id='line_1_5' title="bbox 231 481 1938 537; baseline -0.002 -13"><span class='ocrx_word' id='word_1_34' title='bbox 231 501 340 537; x_wconf 88' lang='lat' dir='ltr'>papa</span> <span class='ocrx_word' id='word_1_35' title='bbox 373 486 444 533; x_wconf 89' lang='lat' dir='ltr'>Vl,</span> <span class='ocrx_word' id='word_1_36' title='bbox 479 485 595 534; x_wconf 87' lang='lat' dir='ltr'>cujus</span> <span class='ocrx_word' id='word_1_37' title='bbox 629 498 773 533; x_wconf 89' lang='lat' dir='ltr'>corpus</span> <span class='ocrx_word' id='word_1_38' title='bbox 807 496 914 520; x_wconf 91' lang='lat' dir='ltr'>anno</span> <span class='ocrx_word' id='word_1_39' title='bbox 947 481 1148 531; x_wconf 75' lang='lat' dir='ltr'>sequenti,</span> <span class='ocrx_word' id='word_1_40' title='bbox 1181 489 1229 518; x_wconf 91' lang='lat' dir='ltr'>ut</span> <span class='ocrx_word' id='word_1_41' title='bbox 1265 481 1378 519; x_wconf 82' lang='lat' dir='ltr'>Vitae</span> <span class='ocrx_word' id='word_1_42' title='bbox 1412 481 1635 519; x_wconf 80' lang='lat' dir='ltr'>Innocentii</span> <span class='ocrx_word' id='word_1_43' title='bbox 1671 481 1733 519; x_wconf 91' lang='lat' dir='ltr'>VI</span> <span class='ocrx_word' id='word_1_44' title='bbox 1762 481 1938 520; x_wconf 86' lang='lat' dir='ltr'>auctor1</span> 
     </span>
     <span class='ocr_line' id='line_1_6' title="bbox 229 540 1937 592; baseline -0.003 -8"><span class='ocrx_word' id='word_1_45' title='bbox 229 545 384 592; x_wconf 83' lang='lat' dir='ltr'>scribit,</span> <span class='ocrx_word' id='word_1_46' title='bbox 411 544 490 582; x_wconf 82' lang='lat' dir='ltr'>fuit</span> <span class='ocrx_word' id='word_1_47' title='bbox 515 544 765 581; x_wconf 85' lang='lat' dir='ltr'>translatum</span> <span class='ocrx_word' id='word_1_48' title='bbox 789 542 841 579; x_wconf 92' lang='lat' dir='ltr'>ad</span> <span class='ocrx_word' id='word_1_49' title='bbox 867 540 1164 579; x_wconf 88' lang='lat' dir='ltr'>monasterium</span> <span class='ocrx_word' id='word_1_50' title='bbox 1190 540 1413 579; x_wconf 88' lang='lat' dir='ltr'>Casae—Dei</span> <span class='ocrx_word' id='word_1_51' title='bbox 1436 540 1479 578; x_wconf 92' lang='lat' dir='ltr'>in</span> <span class='ocrx_word' id='word_1_52' title='bbox 1504 540 1711 589; x_wconf 87' lang='lat' dir='ltr'>Arvernis,</span> <span class='ocrx_word' id='word_1_53' title='bbox 1738 541 1937 579; x_wconf 84' lang='lat' dir='ltr'>comitan-</span> 
     </span>
     <span class='ocr_line' id='line_1_7' title="bbox 229 599 1936 653; baseline -0.003 -10"><span class='ocrx_word' id='word_1_54' title='bbox 229 605 340 643; x_wconf 84' lang='lat' dir='ltr'>tibus</span> <span class='ocrx_word' id='word_1_55' title='bbox 363 605 484 642; x_wconf 84' lang='lat' dir='ltr'>funus</span> <span class='ocrx_word' id='word_1_56' title='bbox 517 603 697 653; x_wconf 88' lang='lat' dir='ltr'>quinque</span> <span class='ocrx_word' id='word_1_57' title='bbox 720 600 1010 647; x_wconf 76' lang='lat' dir='ltr'>cardinalibus,</span> <span class='ocrx_word' id='word_1_58' title='bbox 1032 599 1139 638; x_wconf 91' lang='lat' dir='ltr'>inter</span> <span class='ocrx_word' id='word_1_59' title='bbox 1169 614 1269 649; x_wconf 86' lang='lat' dir='ltr'>quos</span> <span class='ocrx_word' id='word_1_60' title='bbox 1299 608 1533 638; x_wconf 89' lang='lat' dir='ltr'>recensetur</span> <span class='ocrx_word' id='word_1_61' title='bbox 1561 600 1626 638; x_wconf 89' lang='lat' dir='ltr'>hic</span> <span class='ocrx_word' id='word_1_62' title='bbox 1658 608 1809 639; x_wconf 87' lang='lat' dir='ltr'>noster.</span> <span class='ocrx_word' id='word_1_63' title='bbox 1833 600 1936 639; x_wconf 88' lang='lat' dir='ltr'>Vide</span> 
     </span>
     <span class='ocr_line' id='line_1_8' title="bbox 230 659 980 709; baseline -0.005 -7"><span class='ocrx_word' id='word_1_64' title='bbox 230 664 356 703; x_wconf 86' lang='lat' dir='ltr'>etiam</span> <span class='ocrx_word' id='word_1_65' title='bbox 375 662 589 709; x_wconf 89' lang='lat' dir='ltr'>Bzovium,</span> <span class='ocrx_word' id='word_1_66' title='bbox 611 676 718 699; x_wconf 87' lang='lat' dir='ltr'>anno</span> <span class='ocrx_word' id='word_1_67' title='bbox 740 660 854 707; x_wconf 79' lang='lat'>1352,</span> <span class='ocrx_word' id='word_1_68' title='bbox 882 659 899 708; x_wconf 64' lang='grc' dir='ltr'>ἓ</span> <span class='ocrx_word' id='word_1_69' title='bbox 919 659 980 698; x_wconf 80' lang='grc'>20.</span> 
     </span>
    </p>

    <p class='ocr_par' dir='ltr' id='par_1_4' title="bbox 228 717 1938 1720">
     <span class='ocr_line' id='line_1_9' title="bbox 282 717 1936 769; baseline -0.002 -9"><span class='ocrx_word' id='word_1_70' title='bbox 282 724 401 761; x_wconf 86' lang='lat' dir='ltr'>Anno</span> <span class='ocrx_word' id='word_1_71' title='bbox 428 720 703 767; x_wconf 85' lang='lat' dir='ltr'>MCCCLXII,</span> <span class='ocrx_word' id='word_1_72' title='bbox 732 734 824 758; x_wconf 90' lang='lat' dir='ltr'>cum</span> <span class='ocrx_word' id='word_1_73' title='bbox 849 727 944 769; x_wconf 91' lang='lat' dir='ltr'>post</span> <span class='ocrx_word' id='word_1_74' title='bbox 969 726 1146 757; x_wconf 89' lang='lat' dir='ltr'>mortem</span> <span class='ocrx_word' id='word_1_75' title='bbox 1176 717 1405 756; x_wconf 90' lang='lat' dir='ltr'>Innocentii</span> <span class='ocrx_word' id='word_1_76' title='bbox 1430 718 1487 756; x_wconf 88' lang='lat' dir='ltr'>VI</span> <span class='ocrx_word' id='word_1_77' title='bbox 1515 718 1739 766; x_wconf 80' lang='lat' dir='ltr'>cardinales</span> <span class='ocrx_word' id='word_1_78' title='bbox 1765 733 1936 757; x_wconf 91' lang='lat' dir='ltr'>numero</span> 
     </span>
     <span class='ocr_line' id='line_1_10' title="bbox 233 777 1936 831; baseline -0.002 -11"><span class='ocrx_word' id='word_1_79' title='bbox 233 797 306 820; x_wconf 81' lang='lat' dir='ltr'>xxl</span> <span class='ocrx_word' id='word_1_80' title='bbox 332 783 380 820; x_wconf 85' lang='lat' dir='ltr'>de</span> <span class='ocrx_word' id='word_1_81' title='bbox 405 781 589 831; x_wconf 80' lang='lat' dir='ltr'>eligendo</span> <span class='ocrx_word' id='word_1_82' title='bbox 616 780 804 817; x_wconf 80' lang='lat' dir='ltr'>Romano</span> <span class='ocrx_word' id='word_1_83' title='bbox 830 777 1030 817; x_wconf 85' lang='lat' dir='ltr'>Pontifice</span> <span class='ocrx_word' id='word_1_84' title='bbox 1054 785 1298 824; x_wconf 81' lang='lat' dir='ltr'>tractarent,</span> <span class='ocrx_word' id='word_1_85' title='bbox 1325 777 1558 827; x_wconf 87' lang='lat' dir='ltr'>quindecim</span> <span class='ocrx_word' id='word_1_86' title='bbox 1582 792 1632 816; x_wconf 80' lang='lat' dir='ltr'>ex</span> <span class='ocrx_word' id='word_1_87' title='bbox 1654 777 1701 816; x_wconf 89' lang='lat' dir='ltr'>iis</span> <span class='ocrx_word' id='word_1_88' title='bbox 1726 785 1825 816; x_wconf 86' lang='lat' dir='ltr'>vota</span> <span class='ocrx_word' id='word_1_89' title='bbox 1849 792 1936 826; x_wconf 91' lang='lat' dir='ltr'>sua,</span> 
     </span>
     <span class='ocr_line' id='line_1_11' title="bbox 230 834 1936 887; baseline -0.002 -8"><span class='ocrx_word' id='word_1_90' title='bbox 230 850 276 879; x_wconf 88' lang='lat' dir='ltr'>ut</span> <span class='ocrx_word' id='word_1_91' title='bbox 298 842 356 879; x_wconf 91' lang='lat' dir='ltr'>ait</span> <span class='ocrx_word' id='word_1_92' title='bbox 378 841 614 878; x_wconf 84' lang='lat' dir='ltr'>Matthaeus</span> <span class='ocrx_word' id='word_1_93' title='bbox 637 838 836 876; x_wconf 88' lang='lat' dir='ltr'>Villanius</span> <span class='ocrx_word' id='word_1_94' title='bbox 857 837 899 875; x_wconf 89' lang='lat' dir='ltr'>in</span> <span class='ocrx_word' id='word_1_95' title='bbox 919 834 1008 875; x_wconf 89' lang='lat' dir='ltr'>loco</span> <span class='ocrx_word' id='word_1_96' title='bbox 1029 837 1153 887; x_wconf 91' lang='lat' dir='ltr'>paulo</span> <span class='ocrx_word' id='word_1_97' title='bbox 1176 844 1271 875; x_wconf 88' lang='lat' dir='ltr'>ante</span> <span class='ocrx_word' id='word_1_98' title='bbox 1292 836 1477 884; x_wconf 88' lang='lat' dir='ltr'>laudato,</span> <span class='ocrx_word' id='word_1_99' title='bbox 1500 837 1708 875; x_wconf 86' lang='lat' dir='ltr'>contulere</span> <span class='ocrx_word' id='word_1_100' title='bbox 1732 837 1773 874; x_wconf 91' lang='lat' dir='ltr'>in</span> <span class='ocrx_word' id='word_1_101' title='bbox 1797 851 1936 887; x_wconf 88' lang='lat' dir='ltr'>quem-</span> 
     </span>
     <span class='ocr_line' id='line_1_12' title="bbox 230 896 1938 939; baseline -0.003 0"><span class='ocrx_word' id='word_1_102' title='bbox 230 901 325 938; x_wconf 88' lang='lat' dir='ltr'>dam</span> <span class='ocrx_word' id='word_1_103' title='bbox 360 900 609 939; x_wconf 85' lang='lat' dir='ltr'>cardinalem</span> <span class='ocrx_word' id='word_1_104' title='bbox 644 897 979 936; x_wconf 88' lang='lat' dir='ltr'>Lemovicensem</span> <span class='ocrx_word' id='word_1_105' title='bbox 1012 896 1263 934; x_wconf 87' lang='lat' dir='ltr'>monachum</span> <span class='ocrx_word' id='word_1_106' title='bbox 1298 896 1448 934; x_wconf 90' lang='lat' dir='ltr'>ordinis</span> <span class='ocrx_word' id='word_1_107' title='bbox 1483 896 1615 934; x_wconf 89' lang='lat' dir='ltr'>sancti</span> <span class='ocrx_word' id='word_1_108' title='bbox 1648 896 1862 935; x_wconf 85' lang='lat' dir='ltr'>Benedicti</span> <span class='ocrx_word' id='word_1_109' title='bbox 1896 904 1938 935; x_wconf 90' lang='lat' dir='ltr'>et</span> 
     </span>
     <span class='ocr_line' id='line_1_13' title="bbox 230 955 1937 1011; baseline -0.004 -12"><span class='ocrx_word' id='word_1_110' title='bbox 230 960 481 1011; x_wconf 87' lang='lat' dir='ltr'>episcopum,</span> <span class='ocrx_word' id='word_1_111' title='bbox 505 958 640 996; x_wconf 89' lang='lat' dir='ltr'>virum</span> <span class='ocrx_word' id='word_1_112' title='bbox 662 965 883 1008; x_wconf 86' lang='lat' dir='ltr'>provectae</span> <span class='ocrx_word' id='word_1_113' title='bbox 906 955 1069 1003; x_wconf 82' lang='lat' dir='ltr'>aetatiS,</span> <span class='ocrx_word' id='word_1_114' title='bbox 1094 963 1276 994; x_wconf 90' lang='lat' dir='ltr'>ceterum</span> <span class='ocrx_word' id='word_1_115' title='bbox 1299 955 1452 993; x_wconf 89' lang='lat' dir='ltr'>austeri</span> <span class='ocrx_word' id='word_1_116' title='bbox 1474 955 1610 1003; x_wconf 89' lang='lat' dir='ltr'>moris,</span> <span class='ocrx_word' id='word_1_117' title='bbox 1634 963 1676 994; x_wconf 87' lang='lat' dir='ltr'>et</span> <span class='ocrx_word' id='word_1_118' title='bbox 1697 963 1836 995; x_wconf 88' lang='lat' dir='ltr'>totum</span> <span class='ocrx_word' id='word_1_119' title='bbox 1858 955 1937 1006; x_wconf 87' lang='lat' dir='ltr'>spi-</span> 
     </span>
     <span class='ocr_line' id='line_1_14' title="bbox 230 1014 1936 1065; baseline -0.001 -8"><span class='ocrx_word' id='word_1_120' title='bbox 230 1019 368 1057; x_wconf 85' lang='lat' dir='ltr'>rituali</span> <span class='ocrx_word' id='word_1_121' title='bbox 390 1019 501 1056; x_wconf 88' lang='lat' dir='ltr'>vitae</span> <span class='ocrx_word' id='word_1_122' title='bbox 525 1017 724 1056; x_wconf 88' lang='lat' dir='ltr'>deditum.</span> <span class='ocrx_word' id='word_1_123' title='bbox 751 1016 815 1054; x_wconf 85' lang='lat' dir='ltr'>Sic</span> <span class='ocrx_word' id='word_1_124' title='bbox 837 1015 945 1054; x_wconf 91' lang='lat' dir='ltr'>enim</span> <span class='ocrx_word' id='word_1_125' title='bbox 968 1015 1104 1053; x_wconf 88' lang='lat' dir='ltr'>virum</span> <span class='ocrx_word' id='word_1_126' title='bbox 1127 1014 1334 1062; x_wconf 84' lang='lat' dir='ltr'>describit,</span> <span class='ocrx_word' id='word_1_127' title='bbox 1358 1015 1428 1053; x_wconf 89' lang='lat' dir='ltr'>sed</span> <span class='ocrx_word' id='word_1_128' title='bbox 1450 1029 1600 1053; x_wconf 88' lang='lat' dir='ltr'>nomen</span> <span class='ocrx_word' id='word_1_129' title='bbox 1623 1029 1705 1053; x_wconf 90' lang='lat' dir='ltr'>non</span> <span class='ocrx_word' id='word_1_130' title='bbox 1728 1014 1936 1065; x_wconf 50' lang='lat' dir='ltr'>exprimit,</span> 
     </span>
     <span class='ocr_line' id='line_1_15' title="bbox 230 1073 1936 1124; baseline -0.002 -9"><span class='ocrx_word' id='word_1_131' title='bbox 230 1078 358 1116; x_wconf 76' lang='lat' dir='ltr'>Addit</span> <span class='ocrx_word' id='word_1_132' title='bbox 391 1086 532 1116; x_wconf 88' lang='lat' dir='ltr'>autem</span> <span class='ocrx_word' id='word_1_133' title='bbox 567 1076 816 1115; x_wconf 85' lang='lat' dir='ltr'>cardinalem</span> <span class='ocrx_word' id='word_1_134' title='bbox 848 1075 977 1123; x_wconf 87' lang='lat' dir='ltr'>illum,</span> <span class='ocrx_word' id='word_1_135' title='bbox 1013 1074 1157 1112; x_wconf 84' lang='lat' dir='ltr'>audito</span> <span class='ocrx_word' id='word_1_136' title='bbox 1191 1073 1388 1112; x_wconf 87' lang='lat' dir='ltr'>scrutinio</span> <span class='ocrx_word' id='word_1_137' title='bbox 1423 1088 1504 1124; x_wconf 89' lang='lat' dir='ltr'>quo</span> <span class='ocrx_word' id='word_1_138' title='bbox 1538 1074 1622 1112; x_wconf 89' lang='lat' dir='ltr'>sine</span> <span class='ocrx_word' id='word_1_139' title='bbox 1658 1073 1936 1113; x_wconf 86' lang='lat' dir='ltr'>controversia</span> 
     </span>
     <span class='ocr_line' id='line_1_16' title="bbox 230 1133 1936 1187; baseline -0.002 -11"><span class='ocrx_word' id='word_1_140' title='bbox 230 1138 447 1176; x_wconf 83' lang='lat' dir='ltr'>creabatur</span> <span class='ocrx_word' id='word_1_141' title='bbox 480 1150 602 1187; x_wconf 89' lang='lat' dir='ltr'>papa,</span> <span class='ocrx_word' id='word_1_142' title='bbox 638 1150 731 1173; x_wconf 90' lang='lat' dir='ltr'>cum</span> <span class='ocrx_word' id='word_1_143' title='bbox 764 1142 959 1173; x_wconf 89' lang='lat' dir='ltr'>votorum</span> <span class='ocrx_word' id='word_1_144' title='bbox 993 1148 1186 1172; x_wconf 87' lang='lat' dir='ltr'>numerus</span> <span class='ocrx_word' id='word_1_145' title='bbox 1222 1133 1323 1172; x_wconf 90' lang='lat' dir='ltr'>duas</span> <span class='ocrx_word' id='word_1_146' title='bbox 1358 1133 1501 1172; x_wconf 88' lang='lat' dir='ltr'>tertias</span> <span class='ocrx_word' id='word_1_147' title='bbox 1535 1141 1673 1184; x_wconf 87' lang='lat' dir='ltr'>partes</span> <span class='ocrx_word' id='word_1_148' title='bbox 1707 1133 1936 1182; x_wconf 84' lang='lat' dir='ltr'>excederet,</span> 
     </span>
     <span class='ocr_line' id='line_1_17' title="bbox 228 1192 1938 1247; baseline -0.002 -13"><span class='ocrx_word' id='word_1_149' title='bbox 228 1197 339 1247; x_wconf 90' lang='lat' dir='ltr'>prius</span> <span class='ocrx_word' id='word_1_150' title='bbox 365 1210 490 1246; x_wconf 88' lang='lat' dir='ltr'>quam</span> <span class='ocrx_word' id='word_1_151' title='bbox 513 1195 829 1233; x_wconf 87' lang='lat' dir='ltr'>denuntiaretur</span> <span class='ocrx_word' id='word_1_152' title='bbox 853 1193 1079 1247; x_wconf 84' lang='lat' dir='ltr'>humillime</span> <span class='ocrx_word' id='word_1_153' title='bbox 1103 1192 1359 1231; x_wconf 89' lang='lat' dir='ltr'>renuntiasse</span> <span class='ocrx_word' id='word_1_154' title='bbox 1383 1192 1572 1231; x_wconf 91' lang='lat' dir='ltr'>electioni</span> <span class='ocrx_word' id='word_1_155' title='bbox 1595 1207 1704 1232; x_wconf 87' lang='lat' dir='ltr'>suae.</span> <span class='ocrx_word' id='word_1_156' title='bbox 1732 1193 1822 1231; x_wconf 91' lang='lat' dir='ltr'>Duo</span> <span class='ocrx_word' id='word_1_157' title='bbox 1845 1200 1938 1230; x_wconf 90' lang='lat' dir='ltr'>tum</span> 
     </span>
     <span class='ocr_line' id='line_1_18' title="bbox 230 1251 1938 1302; baseline -0.003 -8"><span class='ocrx_word' id='word_1_158' title='bbox 230 1256 453 1295; x_wconf 87' lang='lat' dir='ltr'>cardinales</span> <span class='ocrx_word' id='word_1_159' title='bbox 481 1254 716 1293; x_wconf 80' lang='lat' dir='ltr'>Lemovices</span> <span class='ocrx_word' id='word_1_160' title='bbox 752 1253 943 1292; x_wconf 90' lang='lat' dir='ltr'>monachi</span> <span class='ocrx_word' id='word_1_161' title='bbox 969 1252 1119 1291; x_wconf 89' lang='lat' dir='ltr'>ordinis</span> <span class='ocrx_word' id='word_1_162' title='bbox 1149 1251 1419 1299; x_wconf 87' lang='lat' dir='ltr'>Benedictini,</span> <span class='ocrx_word' id='word_1_163' title='bbox 1447 1252 1569 1290; x_wconf 90' lang='lat' dir='ltr'>ambo</span> <span class='ocrx_word' id='word_1_164' title='bbox 1602 1252 1794 1302; x_wconf 87' lang='lat' dir='ltr'>episcopi,</span> <span class='ocrx_word' id='word_1_165' title='bbox 1820 1260 1938 1290; x_wconf 88' lang='lat' dir='ltr'>erant</span> 
     </span>
     <span class='ocr_line' id='line_1_19' title="bbox 231 1311 1938 1364; baseline -0.002 -11"><span class='ocrx_word' id='word_1_166' title='bbox 231 1316 273 1353; x_wconf 92' lang='lat' dir='ltr'>in</span> <span class='ocrx_word' id='word_1_167' title='bbox 300 1330 345 1354; x_wconf 88' lang='lat' dir='ltr'>eo</span> <span class='ocrx_word' id='word_1_168' title='bbox 373 1314 554 1364; x_wconf 79' lang='lat' dir='ltr'>collegio,</span> <span class='ocrx_word' id='word_1_169' title='bbox 584 1314 705 1363; x_wconf 83' lang='lat' dir='ltr'>Hugo</span> <span class='ocrx_word' id='word_1_170' title='bbox 746 1321 898 1360; x_wconf 88' lang='lat' dir='ltr'>noster,</span> <span class='ocrx_word' id='word_1_171' title='bbox 927 1320 968 1351; x_wconf 89' lang='lat' dir='ltr'>et</span> <span class='ocrx_word' id='word_1_172' title='bbox 995 1312 1235 1351; x_wconf 90' lang='lat' dir='ltr'>Guillelmus</span> <span class='ocrx_word' id='word_1_173' title='bbox 1267 1311 1315 1350; x_wconf 93' lang='lat' dir='ltr'>de</span> <span class='ocrx_word' id='word_1_174' title='bbox 1343 1311 1540 1361; x_wconf 82' lang='lat' dir='ltr'>Agrifolio</span> <span class='ocrx_word' id='word_1_175' title='bbox 1577 1311 1721 1350; x_wconf 87' lang='lat' dir='ltr'>senior.</span> <span class='ocrx_word' id='word_1_176' title='bbox 1753 1311 1938 1350; x_wconf 86' lang='lat' dir='ltr'>Praefert</span> 
     </span>
     <span class='ocr_line' id='line_1_20' title="bbox 230 1370 1938 1423; baseline -0.003 -10"><span class='ocrx_word' id='word_1_177' title='bbox 230 1383 371 1414; x_wconf 86' lang='lat' dir='ltr'>autem</span> <span class='ocrx_word' id='word_1_178' title='bbox 398 1388 471 1412; x_wconf 89' lang='lat' dir='ltr'>suo</span> <span class='ocrx_word' id='word_1_179' title='bbox 498 1373 652 1423; x_wconf 79' lang='lat' dir='ltr'>judicio</span> <span class='ocrx_word' id='word_1_180' title='bbox 682 1372 926 1423; x_wconf 85' lang='lat' dir='ltr'>Spondanus</span> <span class='ocrx_word' id='word_1_181' title='bbox 958 1372 1189 1421; x_wconf 80' lang='lat' dir='ltr'>Hugonem.</span> <span class='ocrx_word' id='word_1_182' title='bbox 1222 1371 1355 1419; x_wconf 87' lang='lat' dir='ltr'>Quam</span> <span class='ocrx_word' id='word_1_183' title='bbox 1383 1370 1664 1420; x_wconf 85' lang='lat' dir='ltr'>conjecturam</span> <span class='ocrx_word' id='word_1_184' title='bbox 1692 1370 1754 1408; x_wconf 90' lang='lat' dir='ltr'>uti</span> <span class='ocrx_word' id='word_1_185' title='bbox 1783 1378 1938 1409; x_wconf 87' lang='lat' dir='ltr'>certam</span> 
     </span>
     <span class='ocr_line' id='line_1_21' title="bbox 231 1429 1938 1484; baseline -0.003 -12"><span class='ocrx_word' id='word_1_186' title='bbox 231 1433 409 1484; x_wconf 81' lang='lat' dir='ltr'>amplexi</span> <span class='ocrx_word' id='word_1_187' title='bbox 431 1441 528 1471; x_wconf 91' lang='lat' dir='ltr'>sunt</span> <span class='ocrx_word' id='word_1_188' title='bbox 551 1432 619 1482; x_wconf 87' lang='lat' dir='ltr'>qui</span> <span class='ocrx_word' id='word_1_189' title='bbox 641 1440 785 1482; x_wconf 89' lang='lat' dir='ltr'>postea</span> <span class='ocrx_word' id='word_1_190' title='bbox 808 1430 1081 1481; x_wconf 85' lang='lat' dir='ltr'>conscripsere</span> <span class='ocrx_word' id='word_1_191' title='bbox 1103 1430 1328 1468; x_wconf 77' lang='lat' dir='ltr'>Historiam</span> <span class='ocrx_word' id='word_1_192' title='bbox 1351 1429 1645 1468; x_wconf 75' lang='lat' dir='ltr'>Cardinattum.</span> <span class='ocrx_word' id='word_1_193' title='bbox 1672 1430 1811 1482; x_wconf 85' lang='lat' dir='ltr'>Recte.</span> <span class='ocrx_word' id='word_1_194' title='bbox 1836 1430 1938 1468; x_wconf 89' lang='lat' dir='ltr'>Cum</span> 
     </span>
     <span class='ocr_line' id='line_1_22' title="bbox 230 1489 1938 1540; baseline -0.002 -9"><span class='ocrx_word' id='word_1_195' title='bbox 230 1494 338 1532; x_wconf 91' lang='lat' dir='ltr'>enim</span> <span class='ocrx_word' id='word_1_196' title='bbox 362 1492 560 1530; x_wconf 66' lang='lat' dir='ltr'>Vill&#39;anius</span> <span class='ocrx_word' id='word_1_197' title='bbox 584 1499 761 1530; x_wconf 88' lang='lat' dir='ltr'>testetur</span> <span class='ocrx_word' id='word_1_198' title='bbox 782 1491 898 1529; x_wconf 90' lang='lat' dir='ltr'>illum</span> <span class='ocrx_word' id='word_1_199' title='bbox 921 1490 1045 1528; x_wconf 85' lang='lat' dir='ltr'>fuisse</span> <span class='ocrx_word' id='word_1_200' title='bbox 1067 1497 1288 1540; x_wconf 86' lang='lat' dir='ltr'>provectae</span> <span class='ocrx_word' id='word_1_201' title='bbox 1312 1489 1475 1537; x_wconf 91' lang='lat' dir='ltr'>aetatis,</span> <span class='ocrx_word' id='word_1_202' title='bbox 1498 1503 1544 1528; x_wconf 91' lang='lat' dir='ltr'>ea</span> <span class='ocrx_word' id='word_1_203' title='bbox 1568 1504 1664 1528; x_wconf 90' lang='lat' dir='ltr'>vero</span> <span class='ocrx_word' id='word_1_204' title='bbox 1688 1497 1938 1540; x_wconf 85' lang='lat' dir='ltr'>tempestate</span> 
     </span>
     <span class='ocr_line' id='line_1_23' title="bbox 232 1548 1938 1601; baseline -0.002 -12"><span class='ocrx_word' id='word_1_205' title='bbox 232 1553 470 1591; x_wconf 89' lang='lat' dir='ltr'>Guillelmus</span> <span class='ocrx_word' id='word_1_206' title='bbox 505 1552 553 1590; x_wconf 92' lang='lat' dir='ltr'>de</span> <span class='ocrx_word' id='word_1_207' title='bbox 587 1550 783 1601; x_wconf 83' lang='lat' dir='ltr'>Agrifolio</span> <span class='ocrx_word' id='word_1_208' title='bbox 817 1558 923 1588; x_wconf 88' lang='lat' dir='ltr'>esset</span> <span class='ocrx_word' id='word_1_209' title='bbox 956 1548 1232 1600; x_wconf 81' lang='lat' dir='ltr'>quadraginta</span> <span class='ocrx_word' id='word_1_210' title='bbox 1266 1548 1447 1598; x_wconf 85' lang='lat' dir='ltr'>quinque</span> <span class='ocrx_word' id='word_1_211' title='bbox 1472 1563 1675 1586; x_wconf 91' lang='lat' dir='ltr'>annorum</span> <span class='ocrx_word' id='word_1_212' title='bbox 1701 1548 1938 1596; x_wconf 86' lang='lat' dir='ltr'>dumtaxat,</span> 
     </span>
     <span class='ocr_line' id='line_1_24' title="bbox 230 1607 1938 1658; baseline -0.002 -9"><span class='ocrx_word' id='word_1_213' title='bbox 230 1620 277 1649; x_wconf 89' lang='lat' dir='ltr'>ut</span> <span class='ocrx_word' id='word_1_214' title='bbox 304 1611 400 1649; x_wconf 87' lang='lat' dir='ltr'>alibi</span> <span class='ocrx_word' id='word_1_215' title='bbox 427 1611 622 1657; x_wconf 86' lang='lat' dir='ltr'>dicemus,</span> <span class='ocrx_word' id='word_1_216' title='bbox 649 1610 917 1649; x_wconf 86' lang='lat' dir='ltr'>manifestum</span> <span class='ocrx_word' id='word_1_217' title='bbox 939 1617 1000 1647; x_wconf 87' lang='lat' dir='ltr'>est</span> <span class='ocrx_word' id='word_1_218' title='bbox 1026 1623 1117 1648; x_wconf 89' lang='lat' dir='ltr'>eam</span> <span class='ocrx_word' id='word_1_219' title='bbox 1143 1608 1358 1647; x_wconf 87' lang='lat' dir='ltr'>historiam</span> <span class='ocrx_word' id='word_1_220' title='bbox 1381 1607 1607 1646; x_wconf 86' lang='lat' dir='ltr'>necessario</span> <span class='ocrx_word' id='word_1_221' title='bbox 1627 1607 1938 1658; x_wconf 83' lang='lat' dir='ltr'>intelligendam</span> 
     </span>
     <span class='ocr_line' id='line_1_25' title="bbox 234 1669 786 1720; baseline -0.002 -11"><span class='ocrx_word' id='word_1_222' title='bbox 234 1686 317 1709; x_wconf 89' lang='lat' dir='ltr'>esse</span> <span class='ocrx_word' id='word_1_223' title='bbox 340 1671 389 1709; x_wconf 92' lang='lat' dir='ltr'>de</span> <span class='ocrx_word' id='word_1_224' title='bbox 413 1671 586 1720; x_wconf 78' lang='lat' dir='ltr'>Hugone</span> <span class='ocrx_word' id='word_1_225' title='bbox 610 1669 786 1719; x_wconf 80' lang='lat' dir='ltr'>Rogerii.</span> 
     </span>
    </p>

    <p class='ocr_par' dir='ltr' id='par_1_5' title="bbox 232 1726 1939 2253">
     <span class='ocr_line' id='line_1_26' title="bbox 286 1726 1938 1780; baseline -0.003 -11"><span class='ocrx_word' id='word_1_226' title='bbox 286 1731 415 1780; x_wconf 79' lang='lat' dir='ltr'>Cogor</span> <span class='ocrx_word' id='word_1_227' title='bbox 442 1731 530 1768; x_wconf 90' lang='lat' dir='ltr'>heic</span> <span class='ocrx_word' id='word_1_228' title='bbox 559 1730 775 1767; x_wconf 87' lang='lat' dir='ltr'>observare</span> <span class='ocrx_word' id='word_1_229' title='bbox 805 1727 1039 1766; x_wconf 87' lang='lat' dir='ltr'>Frizonium</span> <span class='ocrx_word' id='word_1_230' title='bbox 1078 1735 1119 1765; x_wconf 91' lang='lat' dir='ltr'>et</span> <span class='ocrx_word' id='word_1_231' title='bbox 1157 1727 1379 1765; x_wconf 86' lang='lat' dir='ltr'>Oldoinum</span> <span class='ocrx_word' id='word_1_232' title='bbox 1411 1726 1457 1776; x_wconf 87' lang='lat' dir='ltr'>[t.</span> <span class='ocrx_word' id='word_1_233' title='bbox 1485 1741 1527 1773; x_wconf 90' lang='lat'>11,</span> <span class='ocrx_word' id='word_1_234' title='bbox 1557 1727 1631 1765; x_wconf 90' lang='lat' dir='ltr'>col.</span> <span class='ocrx_word' id='word_1_235' title='bbox 1662 1726 1761 1777; x_wconf 82' lang='lat'>490]</span> <span class='ocrx_word' id='word_1_236' title='bbox 1791 1740 1938 1776; x_wconf 90' lang='lat' dir='ltr'>parum</span> 
     </span>
     <span class='ocr_line' id='line_1_27' title="bbox 232 1785 1937 1835; baseline -0.003 -7"><span class='ocrx_word' id='word_1_237' title='bbox 232 1797 415 1828; x_wconf 87' lang='lat' dir='ltr'>attentos</span> <span class='ocrx_word' id='word_1_238' title='bbox 443 1789 495 1827; x_wconf 89' lang='lat' dir='ltr'>ad</span> <span class='ocrx_word' id='word_1_239' title='bbox 522 1804 583 1827; x_wconf 89' lang='lat' dir='ltr'>res</span> <span class='ocrx_word' id='word_1_240' title='bbox 610 1788 824 1826; x_wconf 89' lang='lat' dir='ltr'>historicas</span> <span class='ocrx_word' id='word_1_241' title='bbox 852 1787 954 1825; x_wconf 83' lang='lat' dir='ltr'>falso</span> <span class='ocrx_word' id='word_1_242' title='bbox 981 1786 1075 1824; x_wconf 89' lang='lat' dir='ltr'>huic</span> <span class='ocrx_word' id='word_1_243' title='bbox 1103 1786 1299 1824; x_wconf 86' lang='lat' dir='ltr'>cardinali</span> <span class='ocrx_word' id='word_1_244' title='bbox 1324 1785 1516 1824; x_wconf 86' lang='lat' dir='ltr'>tribuisse</span> <span class='ocrx_word' id='word_1_245' title='bbox 1544 1785 1805 1824; x_wconf 87' lang='lat' dir='ltr'>concordiam</span> <span class='ocrx_word' id='word_1_246' title='bbox 1833 1799 1937 1835; x_wconf 87' lang='lat' dir='ltr'>quae</span> 
     </span>
     <span class='ocr_line' id='line_1_28' title="bbox 234 1845 1939 1895; baseline -0.003 -8"><span class='ocrx_word' id='word_1_247' title='bbox 234 1864 341 1887; x_wconf 92' lang='lat' dir='ltr'>anno</span> <span class='ocrx_word' id='word_1_248' title='bbox 377 1848 639 1887; x_wconf 84' lang='lat' dir='ltr'>MCCCLXII</span> <span class='ocrx_word' id='word_1_249' title='bbox 672 1855 866 1886; x_wconf 91' lang='lat' dir='ltr'>revocata</span> <span class='ocrx_word' id='word_1_250' title='bbox 901 1854 962 1884; x_wconf 87' lang='lat' dir='ltr'>est</span> <span class='ocrx_word' id='word_1_251' title='bbox 988 1846 1052 1895; x_wconf 90' lang='lat' dir='ltr'>(ut</span> <span class='ocrx_word' id='word_1_252' title='bbox 1075 1845 1133 1883; x_wconf 91' lang='lat' dir='ltr'>ait</span> <span class='ocrx_word' id='word_1_253' title='bbox 1167 1846 1313 1883; x_wconf 83' lang='lat' dir='ltr'>Caesar</span> <span class='ocrx_word' id='word_1_254' title='bbox 1348 1845 1648 1884; x_wconf 86' lang='lat' dir='ltr'>Nostradamus</span> <span class='ocrx_word' id='word_1_255' title='bbox 1680 1845 1722 1882; x_wconf 90' lang='lat' dir='ltr'>in</span> <span class='ocrx_word' id='word_1_256' title='bbox 1755 1845 1939 1882; x_wconf 75' lang='lat' dir='ltr'>Historia</span> 
     </span>
     <span class='ocr_line' id='line_1_29' title="bbox 232 1904 1937 1958; baseline -0.002 -13"><span class='ocrx_word' id='word_1_257' title='bbox 232 1908 479 1955; x_wconf 73' lang='lat' dir='ltr'>Provinciae,</span> <span class='ocrx_word' id='word_1_258' title='bbox 497 1923 535 1958; x_wconf 89' lang='lat' dir='ltr'>p.</span> <span class='ocrx_word' id='word_1_259' title='bbox 555 1907 646 1957; x_wconf 76' lang='lat'>412&gt;</span> <span class='ocrx_word' id='word_1_260' title='bbox 665 1922 740 1957; x_wconf 91' lang='lat' dir='ltr'>ope</span> <span class='ocrx_word' id='word_1_261' title='bbox 764 1905 1033 1944; x_wconf 88' lang='lat' dir='ltr'>cardinalium</span> <span class='ocrx_word' id='word_1_262' title='bbox 1057 1904 1324 1952; x_wconf 82' lang='lat' dir='ltr'>Boloniensis,</span> <span class='ocrx_word' id='word_1_263' title='bbox 1343 1904 1658 1951; x_wconf 87' lang='lat' dir='ltr'>Lemovicensis,</span> <span class='ocrx_word' id='word_1_264' title='bbox 1676 1912 1717 1942; x_wconf 90' lang='lat' dir='ltr'>et</span> <span class='ocrx_word' id='word_1_265' title='bbox 1743 1904 1791 1942; x_wconf 90' lang='lat' dir='ltr'>de</span> <span class='ocrx_word' id='word_1_266' title='bbox 1807 1904 1937 1942; x_wconf 88' lang='lat' dir='ltr'>Bello-</span> 
     </span>
     <span class='ocr_line' id='line_1_30' title="bbox 234 1958 1938 2013; baseline -0.004 -7"><span class='ocrx_word' id='word_1_267' title='bbox 234 1968 330 2005; x_wconf 80' lang='lat' dir='ltr'>forti</span> <span class='ocrx_word' id='word_1_268' title='bbox 357 1968 464 2005; x_wconf 84' lang='lat' dir='ltr'>inter</span> <span class='ocrx_word' id='word_1_269' title='bbox 492 1967 684 2006; x_wconf 88' lang='lat' dir='ltr'>comitem</span> <span class='ocrx_word' id='word_1_270' title='bbox 713 1958 1142 2003; x_wconf 41' lang='lat' dir='ltr'>Armaniacensem&#39;et</span> <span class='ocrx_word' id='word_1_271' title='bbox 1169 1964 1453 2002; x_wconf 86' lang='lat' dir='ltr'>vicecomitem</span> <span class='ocrx_word' id='word_1_272' title='bbox 1475 1964 1791 2002; x_wconf 86' lang='lat' dir='ltr'>Turennensem.</span> <span class='ocrx_word' id='word_1_273' title='bbox 1818 1964 1938 2013; x_wconf 83' lang='lat' dir='ltr'>Hugo</span> 
     </span>
     <span class='ocr_line' id='line_1_31' title="bbox 232 2023 1937 2076; baseline -0.002 -12"><span class='ocrx_word' id='word_1_274' title='bbox 232 2027 342 2065; x_wconf 88' lang='lat' dir='ltr'>enim</span> <span class='ocrx_word' id='word_1_275' title='bbox 358 2041 572 2076; x_wconf 86' lang='lat' dir='ltr'>nunquam</span> <span class='ocrx_word' id='word_1_276' title='bbox 588 2034 760 2066; x_wconf 83' lang='lat' dir='ltr'>vocatus</span> <span class='ocrx_word' id='word_1_277' title='bbox 779 2025 858 2063; x_wconf 84' lang='lat' dir='ltr'>fuit</span> <span class='ocrx_word' id='word_1_278' title='bbox 875 2023 1090 2062; x_wconf 90' lang='lat' dir='ltr'>cardinalis</span> <span class='ocrx_word' id='word_1_279' title='bbox 1110 2023 1424 2070; x_wconf 88' lang='lat' dir='ltr'>Lemovicensis,</span> <span class='ocrx_word' id='word_1_280' title='bbox 1442 2023 1511 2061; x_wconf 88' lang='lat' dir='ltr'>sed</span> <span class='ocrx_word' id='word_1_281' title='bbox 1529 2023 1756 2061; x_wconf 88' lang='lat' dir='ltr'>Tutelensis</span> <span class='ocrx_word' id='word_1_282' title='bbox 1793 2023 1937 2072; x_wconf 86' lang='lat' dir='ltr'>Itaque</span> 
     </span>
     <span class='ocr_line' id='line_1_32' title="bbox 233 2081 1937 2135; baseline -0.004 -11"><span class='ocrx_word' id='word_1_283' title='bbox 233 2100 279 2124; x_wconf 88' lang='lat' dir='ltr'>ea</span> <span class='ocrx_word' id='word_1_284' title='bbox 303 2086 472 2124; x_wconf 87' lang='lat' dir='ltr'>historia</span> <span class='ocrx_word' id='word_1_285' title='bbox 496 2085 707 2124; x_wconf 83' lang='lat' dir='ltr'>referenda</span> <span class='ocrx_word' id='word_1_286' title='bbox 730 2084 867 2135; x_wconf 89' lang='lat' dir='ltr'>potius</span> <span class='ocrx_word' id='word_1_287' title='bbox 891 2092 953 2122; x_wconf 89' lang='lat' dir='ltr'>est</span> <span class='ocrx_word' id='word_1_288' title='bbox 975 2083 1028 2121; x_wconf 90' lang='lat' dir='ltr'>ad</span> <span class='ocrx_word' id='word_1_289' title='bbox 1052 2083 1267 2122; x_wconf 87' lang='lat' dir='ltr'>Nicolaum</span> <span class='ocrx_word' id='word_1_290' title='bbox 1291 2083 1339 2121; x_wconf 88' lang='lat' dir='ltr'>de</span> <span class='ocrx_word' id='word_1_291' title='bbox 1361 2081 1484 2120; x_wconf 85' lang='lat' dir='ltr'>Bessa</span> <span class='ocrx_word' id='word_1_292' title='bbox 1508 2082 1665 2121; x_wconf 88' lang='lat' dir='ltr'>dictum</span> <span class='ocrx_word' id='word_1_293' title='bbox 1689 2082 1937 2120; x_wconf 91' lang='lat' dir='ltr'>cardinalem</span> 
     </span>
     <span class='ocr_line' id='line_1_33' title="bbox 235 2142 1937 2194; baseline -0.002 -12"><span class='ocrx_word' id='word_1_294' title='bbox 235 2146 567 2184; x_wconf 86' lang='lat' dir='ltr'>Lemovicensem</span> <span class='ocrx_word' id='word_1_295' title='bbox 594 2144 688 2194; x_wconf 86' lang='lat' dir='ltr'>quia</span> <span class='ocrx_word' id='word_1_296' title='bbox 715 2145 866 2182; x_wconf 89' lang='lat' dir='ltr'>electus</span> <span class='ocrx_word' id='word_1_297' title='bbox 893 2149 981 2181; x_wconf 88' lang='lat' dir='ltr'>erat</span> <span class='ocrx_word' id='word_1_298' title='bbox 1007 2142 1220 2192; x_wconf 84' lang='lat' dir='ltr'>episcopus</span> <span class='ocrx_word' id='word_1_299' title='bbox 1247 2142 1547 2180; x_wconf 90' lang='lat' dir='ltr'>Lemovicensis</span> <span class='ocrx_word' id='word_1_300' title='bbox 1574 2156 1620 2180; x_wconf 90' lang='lat' dir='ltr'>eo</span> <span class='ocrx_word' id='word_1_301' title='bbox 1645 2149 1830 2191; x_wconf 85' lang='lat' dir='ltr'>tempore</span> <span class='ocrx_word' id='word_1_302' title='bbox 1857 2155 1937 2190; x_wconf 87' lang='lat' dir='ltr'>quo</span> 
     </span>
     <span class='ocr_line' id='line_1_34' title="bbox 234 2201 1229 2253; baseline -0.004 -10"><span class='ocrx_word' id='word_1_303' title='bbox 234 2205 367 2243; x_wconf 84' lang='lat' dir='ltr'>factus</span> <span class='ocrx_word' id='word_1_304' title='bbox 394 2213 454 2243; x_wconf 87' lang='lat' dir='ltr'>est</span> <span class='ocrx_word' id='word_1_305' title='bbox 480 2203 710 2251; x_wconf 89' lang='lat' dir='ltr'>cardinalis,</span> <span class='ocrx_word' id='word_1_306' title='bbox 736 2203 805 2253; x_wconf 82' lang='lat' dir='ltr'>uti</span> <span class='ocrx_word' id='word_1_307' title='bbox 823 2217 895 2241; x_wconf 89' lang='lat' dir='ltr'>suo</span> <span class='ocrx_word' id='word_1_308' title='bbox 920 2203 1008 2240; x_wconf 90' lang='lat' dir='ltr'>loco</span> <span class='ocrx_word' id='word_1_309' title='bbox 1035 2201 1229 2240; x_wconf 89' lang='lat' dir='ltr'>dicemus.</span> 
     </span>
    </p>

    <p class='ocr_par' dir='ltr' id='par_1_6' title="bbox 233 2258 1940 2960">
     <span class='ocr_line' id='line_1_35' title="bbox 288 2258 1938 2313; baseline -0.004 -11"><span class='ocrx_word' id='word_1_310' title='bbox 288 2264 401 2302; x_wconf 89' lang='lat' dir='ltr'>Obiit</span> <span class='ocrx_word' id='word_1_311' title='bbox 432 2264 551 2313; x_wconf 81' lang='lat' dir='ltr'>Hugo</span> <span class='ocrx_word' id='word_1_312' title='bbox 579 2277 686 2301; x_wconf 86' lang='lat' dir='ltr'>anno</span> <span class='ocrx_word' id='word_1_313' title='bbox 715 2262 1017 2308; x_wconf 86' lang='lat' dir='ltr'>MCCCLXIII,</span> <span class='ocrx_word' id='word_1_314' title='bbox 1047 2261 1110 2299; x_wconf 90' lang='lat' dir='ltr'>die</span> <span class='ocrx_word' id='word_1_315' title='bbox 1139 2275 1213 2298; x_wconf 85' lang='lat' dir='ltr'>XXI</span> <span class='ocrx_word' id='word_1_316' title='bbox 1242 2260 1433 2307; x_wconf 88' lang='lat' dir='ltr'>octobris,</span> <span class='ocrx_word' id='word_1_317' title='bbox 1454 2259 1503 2297; x_wconf 91' lang='lat' dir='ltr'>in.</span> <span class='ocrx_word' id='word_1_318' title='bbox 1518 2259 1767 2299; x_wconf 89' lang='lat' dir='ltr'>monasterio</span> <span class='ocrx_word' id='word_1_319' title='bbox 1790 2258 1938 2297; x_wconf 91' lang='lat' dir='ltr'>Monti-</span> 
     </span>
     <span class='ocr_line' id='line_1_36' title="bbox 233 2318 1938 2370; baseline -0.003 -9"><span class='ocrx_word' id='word_1_320' title='bbox 233 2323 350 2361; x_wconf 89' lang='lat' dir='ltr'>solivi</span> <span class='ocrx_word' id='word_1_321' title='bbox 379 2323 420 2360; x_wconf 92' lang='lat' dir='ltr'>in</span> <span class='ocrx_word' id='word_1_322' title='bbox 450 2323 622 2361; x_wconf 87' lang='lat' dir='ltr'>dioecesi</span> <span class='ocrx_word' id='word_1_323' title='bbox 652 2321 976 2368; x_wconf 87' lang='lat' dir='ltr'>Carcassonensi,</span> <span class='ocrx_word' id='word_1_324' title='bbox 1005 2328 1053 2358; x_wconf 87' lang='lat' dir='ltr'>ut</span> <span class='ocrx_word' id='word_1_325' title='bbox 1083 2320 1238 2370; x_wconf 86' lang='lat' dir='ltr'>opinor,</span> <span class='ocrx_word' id='word_1_326' title='bbox 1268 2319 1430 2369; x_wconf 87' lang='lat' dir='ltr'>illicque</span> <span class='ocrx_word' id='word_1_327' title='bbox 1460 2319 1746 2369; x_wconf 25' lang='lat' dir='ltr'>sepultusrest.</span> <span class='ocrx_word' id='word_1_328' title='bbox 1780 2318 1938 2368; x_wconf 86' lang='lat' dir='ltr'>Quippe</span> 
     </span>
     <span class='ocr_line' id='line_1_37' title="bbox 234 2377 1939 2431; baseline -0.003 -12"><span class='ocrx_word' id='word_1_329' title='bbox 234 2382 275 2419; x_wconf 86' lang='lat' dir='ltr'>in</span> <span class='ocrx_word' id='word_1_330' title='bbox 309 2382 540 2431; x_wconf 74' lang='lat' dir='ltr'>Necrologt&#39;o</span> <span class='ocrx_word' id='word_1_331' title='bbox 573 2381 689 2419; x_wconf 88' lang='lat' dir='ltr'>istius</span> <span class='ocrx_word' id='word_1_332' title='bbox 724 2379 963 2419; x_wconf 85' lang='lat' dir='ltr'>monasterii</span> <span class='ocrx_word' id='word_1_333' title='bbox 996 2379 1051 2418; x_wconf 88' lang='lat' dir='ltr'>sic</span> <span class='ocrx_word' id='word_1_334' title='bbox 1085 2379 1284 2429; x_wconf 86' lang='lat' dir='ltr'>scriptum</span> <span class='ocrx_word' id='word_1_335' title='bbox 1319 2386 1380 2417; x_wconf 89' lang='lat' dir='ltr'>est</span> <span class='ocrx_word' id='word_1_336' title='bbox 1415 2394 1422 2416; x_wconf 90' lang='lat'><strong>:</strong></span> <span class='ocrx_word' id='word_1_337' title='bbox 1458 2378 1578 2415; x_wconf 83' lang='lat' dir='ltr'>Anno</span> <span class='ocrx_word' id='word_1_338' title='bbox 1612 2377 1939 2425; x_wconf 83' lang='lat' dir='ltr'><em>MCCCLXIII,</em></span> 
     </span>
     <span class='ocr_line' id='line_1_38' title="bbox 234 2436 1940 2491; baseline -0.003 -12"><span class='ocrx_word' id='word_1_339' title='bbox 234 2441 296 2478; x_wconf 77' lang='lat' dir='ltr'>die</span> <span class='ocrx_word' id='word_1_340' title='bbox 321 2441 441 2491; x_wconf 24' lang='lat' dir='ltr'>XXI,</span> <span class='ocrx_word' id='word_1_341' title='bbox 459 2441 636 2488; x_wconf 82' lang='lat' dir='ltr'>octobris,</span> <span class='ocrx_word' id='word_1_342' title='bbox 665 2440 851 2489; x_wconf 65' lang='lat' dir='ltr'>migravit</span> <span class='ocrx_word' id='word_1_343' title='bbox 876 2439 927 2477; x_wconf 82' lang='lat' dir='ltr'>ad</span> <span class='ocrx_word' id='word_1_344' title='bbox 948 2438 1169 2476; x_wconf 70' lang='lat' dir='ltr'>Dominum</span> <span class='ocrx_word' id='word_1_345' title='bbox 1196 2437 1542 2475; x_wconf 67' lang='lat' dir='ltr'>reverendissimus</span> <span class='ocrx_word' id='word_1_346' title='bbox 1568 2445 1678 2487; x_wconf 81' lang='lat' dir='ltr'>pater</span> <span class='ocrx_word' id='word_1_347' title='bbox 1716 2437 1759 2474; x_wconf 78' lang='grc' dir='ltr'>ιῖη</span> <span class='ocrx_word' id='word_1_348' title='bbox 1785 2436 1940 2474; x_wconf 75' lang='lat' dir='ltr'>Christo</span> 
     </span>
     <span class='ocr_line' id='line_1_39' title="bbox 234 2495 1938 2547; baseline -0.003 -9"><span class='ocrx_word' id='word_1_349' title='bbox 234 2501 418 2537; x_wconf 68' lang='lat' dir='ltr'>«lominus</span> <span class='ocrx_word' id='word_1_350' title='bbox 448 2501 500 2538; x_wconf 89' lang='lat' dir='ltr'>H.</span> <span class='ocrx_word' id='word_1_351' title='bbox 535 2500 670 2538; x_wconf 74' lang='lat' dir='ltr'>Sancti</span> <span class='ocrx_word' id='word_1_352' title='bbox 701 2498 909 2537; x_wconf 74' lang='lat' dir='ltr'>Laurentii</span> <span class='ocrx_word' id='word_1_353' title='bbox 940 2498 983 2535; x_wconf 83' lang='lat' dir='ltr'>in</span> <span class='ocrx_word' id='word_1_354' title='bbox 1009 2498 1185 2535; x_wconf 80' lang='lat' dir='ltr'>Damaso</span> <span class='ocrx_word' id='word_1_355' title='bbox 1214 2497 1412 2547; x_wconf 76' lang='lat' dir='ltr'>presbyter</span> <span class='ocrx_word' id='word_1_356' title='bbox 1441 2496 1658 2534; x_wconf 72' lang='lat' dir='ltr'>cardinalis</span> <span class='ocrx_word' id='word_1_357' title='bbox 1690 2495 1938 2543; x_wconf 82' lang='lat' dir='ltr'>Tatellensis,</span> 
     </span>
     <span class='ocr_line' id='line_1_40' title="bbox 234 2554 1940 2608; baseline -0.002 -13"><span class='ocrx_word' id='word_1_358' title='bbox 234 2560 410 2608; x_wconf 71' lang='lat' dir='ltr'>sepultus</span> <span class='ocrx_word' id='word_1_359' title='bbox 451 2560 492 2596; x_wconf 76' lang='lat' dir='ltr'>in</span> <span class='ocrx_word' id='word_1_360' title='bbox 530 2559 689 2597; x_wconf 78' lang='lat' dir='ltr'>ecclesia</span> <span class='ocrx_word' id='word_1_361' title='bbox 716 2558 837 2608; x_wconf 74' lang='lat' dir='ltr'>hujus</span> <span class='ocrx_word' id='word_1_362' title='bbox 875 2557 1115 2595; x_wconf 76' lang='lat' dir='ltr'>monasterii.</span> <span class='ocrx_word' id='word_1_363' title='bbox 1149 2557 1297 2594; x_wconf 89' lang='lat' dir='ltr'>Postea</span> <span class='ocrx_word' id='word_1_364' title='bbox 1336 2570 1481 2606; x_wconf 85' lang='lat' dir='ltr'>corpus</span> <span class='ocrx_word' id='word_1_365' title='bbox 1513 2555 1599 2605; x_wconf 85' lang='lat' dir='ltr'>ejus</span> <span class='ocrx_word' id='word_1_366' title='bbox 1639 2555 1823 2593; x_wconf 90' lang='lat' dir='ltr'>delatum</span> <span class='ocrx_word' id='word_1_367' title='bbox 1861 2554 1940 2592; x_wconf 81' lang='lat' dir='ltr'>fuit</span> 
     </span>
     <span class='ocr_line' id='line_1_41' title="bbox 235 2614 1936 2668; baseline -0.002 -13"><span class='ocrx_word' id='word_1_368' title='bbox 235 2619 283 2655; x_wconf 87' lang='lat' dir='ltr'>ad</span> <span class='ocrx_word' id='word_1_369' title='bbox 304 2619 552 2665; x_wconf 85' lang='lat' dir='ltr'>Lemovices,</span> <span class='ocrx_word' id='word_1_370' title='bbox 568 2618 638 2655; x_wconf 90' lang='lat' dir='ltr'>ubi</span> <span class='ocrx_word' id='word_1_371' title='bbox 657 2618 866 2668; x_wconf 88' lang='lat' dir='ltr'>sepultum</span> <span class='ocrx_word' id='word_1_372' title='bbox 880 2625 942 2655; x_wconf 89' lang='lat' dir='ltr'>est</span> <span class='ocrx_word' id='word_1_373' title='bbox 959 2616 1001 2653; x_wconf 91' lang='lat' dir='ltr'>in</span> <span class='ocrx_word' id='word_1_374' title='bbox 1015 2615 1182 2654; x_wconf 86' lang='lat' dir='ltr'>ecclesia</span> <span class='ocrx_word' id='word_1_375' title='bbox 1199 2614 1338 2653; x_wconf 85' lang='lat' dir='ltr'>Sancti</span> <span class='ocrx_word' id='word_1_376' title='bbox 1354 2614 1546 2653; x_wconf 88' lang='lat' dir='ltr'>Germani</span> <span class='ocrx_word' id='word_1_377' title='bbox 1561 2614 1609 2652; x_wconf 89' lang='lat' dir='ltr'>de</span> <span class='ocrx_word' id='word_1_378' title='bbox 1625 2614 1767 2652; x_wconf 88' lang='lat' dir='ltr'>Manso</span> <span class='ocrx_word' id='word_1_379' title='bbox 1782 2627 1936 2660; x_wconf 85' lang='lat' dir='ltr'>sereno,</span> 
     </span>
     <span class='ocr_line' id='line_1_42' title="bbox 236 2664 1938 2727; baseline -0.002 -14"><span class='ocrx_word' id='word_1_380' title='bbox 236 2679 356 2723; x_wconf 57' lang='lat' dir='ltr'>vulgo</span> <span class='ocrx_word' id='word_1_381' title='bbox 376 2678 546 2724; x_wconf 55' lang='lat' dir='ltr'>illas-ere,</span> <span class='ocrx_word' id='word_1_382' title='bbox 564 2677 675 2715; x_wconf 89' lang='lat' dir='ltr'>haud</span> <span class='ocrx_word' id='word_1_383' title='bbox 692 2677 834 2727; x_wconf 87' lang='lat' dir='ltr'>procul</span> <span class='ocrx_word' id='word_1_384' title='bbox 851 2676 1010 2722; x_wconf 84' lang='lat' dir='ltr'>Tutela,</span> <span class='ocrx_word' id='word_1_385' title='bbox 1028 2675 1070 2712; x_wconf 93' lang='lat' dir='ltr'>in</span> <span class='ocrx_word' id='word_1_386' title='bbox 1087 2682 1356 2712; x_wconf 84' lang='lat' dir='ltr'>monumento</span> <span class='ocrx_word' id='word_1_387' title='bbox 1374 2688 1490 2712; x_wconf 87' lang='lat' dir='ltr'>aereo</span> <span class='ocrx_word' id='word_1_388' title='bbox 1508 2673 1810 2723; x_wconf 81' lang='lat' dir='ltr'>elegantissimo</span> <span class='ocrx_word' id='word_1_389' title='bbox 1828 2664 1938 2722; x_wconf 80' lang='lat' dir='ltr'>quod</span> 
     </span>
     <span class='ocr_line' id='line_1_43' title="bbox 235 2731 1939 2786; baseline -0.002 -14"><span class='ocrx_word' id='word_1_390' title='bbox 235 2736 462 2775; x_wconf 75' lang='lat' dir='ltr'>etiamnum</span> <span class='ocrx_word' id='word_1_391' title='bbox 494 2744 690 2786; x_wconf 83' lang='lat' dir='ltr'>superest.</span> <span class='ocrx_word' id='word_1_392' title='bbox 725 2736 1039 2773; x_wconf 86' lang='lat' dir='ltr'>Testamentum</span> <span class='ocrx_word' id='word_1_393' title='bbox 1070 2733 1179 2771; x_wconf 90' lang='lat' dir='ltr'>enim</span> <span class='ocrx_word' id='word_1_394' title='bbox 1211 2732 1464 2779; x_wconf 89' lang='lat' dir='ltr'>condiderat,</span> <span class='ocrx_word' id='word_1_395' title='bbox 1490 2732 1531 2770; x_wconf 89' lang='lat' dir='ltr'>in</span> <span class='ocrx_word' id='word_1_396' title='bbox 1564 2747 1644 2782; x_wconf 84' lang='lat' dir='ltr'>quo</span> <span class='ocrx_word' id='word_1_397' title='bbox 1676 2731 1939 2770; x_wconf 67' lang='lat' dir='ltr'>edixerat&#39;ut</span> 
     </span>
     <span class='ocr_line' id='line_1_44' title="bbox 236 2791 1938 2841; baseline -0.002 -10"><span class='ocrx_word' id='word_1_398' title='bbox 236 2809 284 2831; x_wconf 74' lang='lat' dir='ltr'>ex</span> <span class='ocrx_word' id='word_1_399' title='bbox 314 2795 581 2838; x_wconf 83' lang='lat' dir='ltr'>facultatibus</span> <span class='ocrx_word' id='word_1_400' title='bbox 609 2803 650 2833; x_wconf 87' lang='lat' dir='ltr'>et</span> <span class='ocrx_word' id='word_1_401' title='bbox 678 2795 794 2832; x_wconf 85' lang='lat' dir='ltr'>bonis</span> <span class='ocrx_word' id='word_1_402' title='bbox 824 2794 905 2832; x_wconf 88' lang='lat' dir='ltr'>suis</span> <span class='ocrx_word' id='word_1_403' title='bbox 934 2793 1253 2832; x_wconf 86' lang='lat' dir='ltr'>constitueretur</span> <span class='ocrx_word' id='word_1_404' title='bbox 1273 2791 1486 2841; x_wconf 80' lang='lat' dir='ltr'>collegium</span> <span class='ocrx_word' id='word_1_405' title='bbox 1510 2791 1798 2829; x_wconf 87' lang='lat' dir='ltr'>canonicorum</span> <span class='ocrx_word' id='word_1_406' title='bbox 1828 2805 1938 2828; x_wconf 88' lang='lat' dir='ltr'>secu—</span> 
     </span>
     <span class='ocr_line' id='line_1_45' title="bbox 236 2842 1938 2903; baseline -0.001 -14"><span class='ocrx_word' id='word_1_407' title='bbox 236 2853 381 2891; x_wconf 76' lang='lat' dir='ltr'>larium</span> <span class='ocrx_word' id='word_1_408' title='bbox 408 2854 449 2891; x_wconf 80' lang='lat' dir='ltr'>in</span> <span class='ocrx_word' id='word_1_409' title='bbox 478 2854 645 2892; x_wconf 79' lang='lat' dir='ltr'>aedibus</span> <span class='ocrx_word' id='word_1_410' title='bbox 672 2853 752 2891; x_wconf 88' lang='lat' dir='ltr'>suis</span> <span class='ocrx_word' id='word_1_411' title='bbox 781 2853 892 2903; x_wconf 88' lang='lat' dir='ltr'>apud</span> <span class='ocrx_word' id='word_1_412' title='bbox 916 2852 1221 2891; x_wconf 85' lang='lat' dir='ltr'>Villamnovam</span> <span class='ocrx_word' id='word_1_413' title='bbox 1249 2842 1543 2889; x_wconf 89' lang='lat' dir='ltr'>Avenionensis</span> <span class='ocrx_word' id='word_1_414' title='bbox 1569 2849 1774 2897; x_wconf 89' lang='lat' dir='ltr'>dioecesis,</span> <span class='ocrx_word' id='word_1_415' title='bbox 1792 2857 1833 2888; x_wconf 89' lang='lat' dir='ltr'>et</span> <span class='ocrx_word' id='word_1_416' title='bbox 1859 2857 1938 2887; x_wconf 89' lang='lat' dir='ltr'>tes-</span> 
     </span>
     <span class='ocr_line' id='line_1_46' title="bbox 241 2908 1940 2960; baseline 0.001 -14"><span class='ocrx_word' id='word_1_417' title='bbox 241 2920 275 2948; x_wconf 71' lang='lat' dir='ltr'>ta</span> <span class='ocrx_word' id='word_1_418' title='bbox 287 2913 412 2949; x_wconf 68' lang='lat' dir='ltr'>menti</span> <span class='ocrx_word' id='word_1_419' title='bbox 429 2913 489 2949; x_wconf 73' lang='lat' dir='ltr'>sui</span> <span class='ocrx_word' id='word_1_420' title='bbox 504 2921 764 2950; x_wconf 74' lang='lat' dir='ltr'>executorem</span> <span class='ocrx_word' id='word_1_421' title='bbox 780 2912 1080 2955; x_wconf 75' lang='lat' dir='ltr'>nominaverat,</span> <span class='ocrx_word' id='word_1_422' title='bbox 1096 2918 1258 2960; x_wconf 85' lang='lat' dir='ltr'>praeter</span> <span class='ocrx_word' id='word_1_423' title='bbox 1273 2909 1440 2956; x_wconf 86' lang='lat' dir='ltr'>ceteros,</span> <span class='ocrx_word' id='word_1_424' title='bbox 1459 2909 1676 2958; x_wconf 82' lang='lat' dir='ltr'>Hugonem</span> <span class='ocrx_word' id='word_1_425' title='bbox 1692 2908 1940 2947; x_wconf 89' lang='lat' dir='ltr'>cardinalem</span> 
     </span>
    </p>
   </div>
   <div class='ocr_carea' id='block_1_3' title="bbox 237 2967 1938 3009">
    <p class='ocr_par' dir='ltr' id='par_1_7' title="bbox 237 2967 1938 3009">
     <span class='ocr_line' id='line_1_47' title="bbox 237 2967 1938 3009; baseline -0.001 -3"><span class='ocrx_word' id='word_1_426' title='bbox 237 2971 283 3005; x_wconf 69' lang='lat' dir='ltr'>«lc</span> <span class='ocrx_word' id='word_1_427' title='bbox 304 2973 453 3007; x_wconf 63' lang='lat' dir='ltr'>Sancto</span> <span class='ocrx_word' id='word_1_428' title='bbox 474 2972 669 3009; x_wconf 76' lang='lat' dir='ltr'>Martiale.</span> <span class='ocrx_word' id='word_1_429' title='bbox 694 2972 729 3009; x_wconf 82' lang='lat' dir='ltr'>Is</span> <span class='ocrx_word' id='word_1_430' title='bbox 751 2986 843 3009; x_wconf 89' lang='lat' dir='ltr'>vero</span> <span class='ocrx_word' id='word_1_431' title='bbox 862 2985 969 3008; x_wconf 87' lang='lat' dir='ltr'>anno</span> <span class='ocrx_word' id='word_1_432' title='bbox 988 2968 1352 3007; x_wconf 79' lang='lat' dir='ltr'>MCCCLXXXIV</span> <span class='ocrx_word' id='word_1_433' title='bbox 1371 2982 1451 3005; x_wconf 85' lang='lat' dir='ltr'>una</span> <span class='ocrx_word' id='word_1_434' title='bbox 1478 2982 1570 3005; x_wconf 87' lang='lat' dir='ltr'>cum</span> <span class='ocrx_word' id='word_1_435' title='bbox 1589 2968 1709 3005; x_wconf 87' lang='lat' dir='ltr'>Petro</span> <span class='ocrx_word' id='word_1_436' title='bbox 1728 2967 1775 3005; x_wconf 90' lang='lat' dir='ltr'>de</span> <span class='ocrx_word' id='word_1_437' title='bbox 1796 2967 1938 3005; x_wconf 87' lang='lat' dir='ltr'>Crosso</span> 
     </span>
    </p>
   </div>
   <div class='ocr_carea' id='block_1_4' title="bbox 287 3095 766 3137">
    <p class='ocr_par' dir='ltr' id='par_1_8' title="bbox 287 3095 766 3137">
     <span class='ocr_line' id='line_1_48' title="bbox 287 3095 766 3137; baseline 0.006 -12"><span class='ocrx_word' id='word_1_438' title='bbox 287 3095 314 3126; x_wconf 77' lang='lat'>1.</span> <span class='ocrx_word' id='word_1_439' title='bbox 347 3095 490 3133; x_wconf 62' lang='lat' dir='ltr'>nalum,</span> <span class='ocrx_word' id='word_1_440' title='bbox 520 3101 544 3127; x_wconf 79' lang='grc'>1.</span> <span class='ocrx_word' id='word_1_441' title='bbox 573 3107 595 3134; x_wconf 82' lang='lat'>1,</span> <span class='ocrx_word' id='word_1_442' title='bbox 624 3107 658 3137; x_wconf 85' lang='lat' dir='ltr'>p.</span> <span class='ocrx_word' id='word_1_443' title='bbox 687 3096 766 3128; x_wconf 83' lang='lat'>310.</span> 
     </span>
    </p>
   </div>
  </div>
 </body>
</html>
