2083 3458
283 227 366 270 786
935 234 1087 260 NOTAE
1123 233 1183 258 AD
1218 232 1346 257 VITAs
1842 216 1992 273 [1264]

282 336 346 366 est
373 326 554 364 multum
580 322 771 361 dubitare
798 335 851 358 an
876 334 923 358 ea
949 317 1213 357 confirmatio
1237 325 1345 355 esset
1369 316 1658 354 valida.·Nam
1683 325 1777 367 post
1802 331 1893 355 eam
1919 315 1996 355 sibi
2040 337 2054 366 χ

285 388 430 425 datam
459 385 510 422 ab
543 384 711 421 Urbano
740 380 853 418 misit
881 379 1038 429 legatos
1069 377 1121 415 ad
1152 377 1406 417 Clementem
1435 376 1506 426 qui
1534 375 1647 414 illam
1675 390 1838 414 rursum
1867 377 1919 414 ab
1948 390 1995 415 eo
2034 373 2038 400 Ι

285 453 488 497 peterent,
516 451 563 481 ut
589 457 640 480 ex
665 442 828 490 Regesto
854 438 1041 488 ejusdem
1069 436 1290 476 Clementis
1318 436 1439 474 docet
1464 435 1657 484 Bzovius,
1684 450 1750 474 an.
1780 436 1896 483 1377,
1929 431 1995 491 ξΞΒ

286 514 328 545 et
350 503 552 554 sequenti.
582 503 713 541 Immo
738 507 886 538 extant
908 498 950 536 in
974 497 1112 536 codice
1137 496 1216 535 814
1238 495 1512 534 bibliothecae
1534 495 1793 534 Colbertinae
1814 495 1830 518 1
1853 495 1995 534 literae

286 565 473 616 ejusdem
501 560 743 607 &Venceslan
766 559 916 610 quibus
944 556 1172 595 marchioni
1195 555 1418 602 Moraviae,
1439 555 1509 605 qui
1535 569 1644 593 anno
1667 555 1997 594 MCCCLXXIX

287 633 376 664 erat
396 623 502 661 illius
522 620 700 660 vicarius
722 618 918 669 generalis
939 617 980 654 in
1003 616 1137 664 Italia,
1157 624 1205 653 ut
1224 615 1277 654 ad
1296 629 1361 653 an.
1384 615 1500 663 1379,
1526 615 1542 664 ἓ
1562 615 1626 663 38,
1645 614 1776 653 tradit
1797 614 1996 653 Odoricus

292 683 550 733 Raynaldus,
566 679 794 720 committit
807 685 1063 729 potestatem
1077 674 1313 726 inquirendi
1328 675 1417 725 quis
1436 675 1653 713 amborum
1678 674 1731 713 sit
1752 689 1872 713 verus
1887 688 1996 725 papa

287 753 329 783 et
361 743 397 781 ei
429 742 556 781 faciat
589 739 758 779 obediri.
793 739 943 776 Postea
973 745 1118 775 tamen
1148 734 1382 773 adhaesisse
1418 734 1585 773 Urbano
1617 734 1823 773 evincitur
1853 749 1904 773 ex
1934 734 1995 772 his

290 818 394 854 quae
408 802 534 840 refert
552 799 793 849 Raynaldus
809 797 851 835 in
865 798 954 835 1000
969 811 1067 834 01οΧ
1080 795 1266 842 laudato,
1282 803 1323 832 et
1338 809 1389 832 ex
1403 794 1543 832 multis
1558 794 1645 832 aliis
1662 794 1824 832 illorum
1838 803 1996 845 tempo-

291 878 381 902 rum
418 859 711 901 monumentis.

346 924 389 961 P.
419 921 508 969 474,
537 920 603 970 lig.
636 919 696 957 16.
738 918 1024 961 DUCIBUSQUE
1064 916 1330 953 LOTORINGIE
1371 928 1421 951 ET
1457 914 1692 952 BARRENSI.
1732 914 1910 952 Thomas
1947 913 1997 951 de

294 980 524 1028 Amanatis,
551 977 880 1028 archiepiscopus
909 974 1223 1025 Neapolitanus,
1248 974 1290 1011 in
1315 987 1388 1011 sua
1415 972 1670 1024 depositione
1689 973 1704 995 2
1731 989 1738 1011 :
1767 973 1844 1011 Sed
1871 973 1998 1023 aliqui

293 1041 430 1092 magni
468 1040 671 1091 principes
711 1038 753 1075 in
790 1035 1036 1074 Alemannia
1081 1042 1209 1072 tenent
1252 1041 1404 1084 partem
1442 1032 1594 1071 domini
1631 1032 1845 1070 Clementis
1880 1047 1998 1083 pape,

287 1102 390 1140 sicut
404 1109 458 1138 est
473 1101 554 1138 dax
570 1098 732 1136 Austrie
748 1096 933 1135 dominiis
949 1094 1170 1145 Lupoldus,
1187 1101 1221 1131 et
1237 1094 1315 1131 dax
1333 1092 1607 1139 Jzilliacensis,
1624 1101 1658 1130 et
1673 1093 1753 1130 dax
1768 1092 1997 1139 Barbincie‚

286 1170 321 1200 et
339 1162 419 1199 dux
437 1159 621 1197 Bavarie.
644 1157 744 1195 Vide
766 1155 989 1195 Odoricum
1011 1153 1290 1203 Raynaldum,
1310 1167 1376 1191 an.
1398 1152 1513 1200 1381,
1539 1153 1555 1201 ἓ
1575 1152 1637 1191 27.

342 1222 385 1259 P.
408 1220 498 1266 475,
518 1219 584 1268 lig.
608 1218 643 1256 2.
669 1218 903 1254 DncnnviT.
927 1216 980 1253 Le
1003 1214 1050 1252 15
1072 1213 1154 1251 mai
1176 1212 1277 1251 1379
1299 1213 1365 1262 (N.
1388 1211 1540 1260 Valois,
1560 1220 1592 1251 t.
1612 1227 1639 1259 1,
1659 1227 1699 1262 p.
1723 1211 1926 1261 136-137).

343 1282 386 1319 Ρ.
411 1280 501 1326 475,
522 1278 588 1328 lig.
613 1278 649 1316 3.
675 1278 928 1315 LUDovlcns
953 1289 1052 1312 COM.
1076 1274 1240 1311 FLAND.
1262 1272 1364 1310 Vide
1383 1271 1535 1322 supra3
1553 1271 1599 1322 [t.
1618 1271 1650 1322 1]
1669 1286 1708 1322 p.
1733 1271 1828 1319 5253
1848 1271 2000 1310 Radul-

287 1341 418 1391 phum
447 1339 495 1377 de
523 1338 642 1385 Rivo,
667 1351 755 1386 cap.
793 1350 850 1373 ΧΠ
886 1335 940 1385 [p.
975 1333 1048 1384 32]
1071 1334 1130 1370 De
1158 1326 1279 1382 gestis
1312 1332 1607 1382 Episcoporzim
1639 1331 1934 1379 Leodiensium,
1958 1339 1999 1370 et

290 1399 647 1448 Walsinghamum
672 1397 717 1446 [t.
740 1411 766 1443 1,
789 1410 829 1446 p.
853 1394 944 1442 393,
960 1393 1076 1443 394].
1099 1392 1162 1430 Ad
1182 1406 1277 1432 eum
1294 1399 1413 1430 extat
1431 1391 1473 1429 in
1487 1400 1603 1429 tomo
1620 1399 1768 1441 quarto
1787 1390 1999 1441 Spicilegii

292 1457 553 1505 Dacheriani,
584 1472 624 1507 p.
664 1456 755 1503 301,
790 1454 966 1505 epistola
999 1452 1099 1491 Pilei
1130 1452 1178 1491 de
1213 1452 1338 1490 Prata
1384 1451 1617 1498 cardinalis,
1650 1465 1773 1501 quem
1808 1451 1998 1489 Urbanus

289 1519 522 1558 destinarat
544 1518 728 1567 legatum
751 1515 804 1552 ad
826 1514 1118 1564 imperatorem
1142 1520 1183 1550 et
1204 1511 1408 1562 principes
1432 1511 1579 1548 harum
1605 1510 1800 1561 partium.

344 1580 388 1617 P.
406 1578 497 1625 475,
514 1577 581 1627 lig.
599 1576 662 1615 25.
681 1576 989 1613 ADHEREBANT
1019 1571 1280 1619 1N Tnuso‚id
1296 1579 1372 1618 est,
1392 1570 1573 1609 Urbano.
1593 1571 1762 1610 Certum
1777 1578 1841 1608 est
1858 1569 1999 1620 itaque

291 1653 402 1689 reges
433 1636 672 1687 Hispaniae,
693 1633 884 1685 quamvis
912 1648 951 1671 se
979 1631 1080 1670 nulli
1105 1631 1215 1682 parti
1241 1630 1429 1668 addictos
1452 1645 1536 1669 esse
1559 1630 1869 1680 profiterentur,
1887 1628 2000 1668 incli-

293 1712 408 1736 nasse
438 1696 556 1734 initio
584 1696 627 1733 in
658 1694 889 1741 Urbanum,
920 1706 1041 1742 quem
1071 1691 1272 1729 videbant
1301 1689 1560 1739 aliquamdiu
1590 1689 1767 1728 tenuisse
1797 1697 2001 1740 papatum

289 1758 376 1796 sine
397 1755 691 1795 controversia.
715 1754 773 1792 De
792 1752 1025 1792 Castellano
1047 1751 1172 1789 fidem
1191 1749 1291 1789 facit
1309 1749 1544 1788 Bonifacius
1569 1749 1629 1787 IX
1648 1749 1759 1799 apud
1779 1748 2001 1788 Odoricum

296 1816 575 1866 Raynaldum,
599 1829 664 1852 an.
691 1813 806 1860 1398,
837 1813 852 1861 ἓ
877 1812 939 1851 27.
967 1812 1084 1849 Hanc
1109 1811 1160 1848 oh
1184 1824 1352 1849 causam
1377 1809 1568 1847 Urbanus
1599 1823 1622 1847 a
1644 1808 1788 1859 legatis
1816 1808 2001 1858 ejusdem

291 1876 394 1926 regis
424 1876 478 1913 ad
506 1891 546 1914 se
576 1873 708 1914 missis
738 1873 790 1910 ad
827 1871 1119 1922 inquirendam
1146 1869 1368 1908 veritatem
1399 1883 1536 1907 rerum
1558 1877 1767 1918 gestarum
1797 1867 2002 1918 quaesivit

292 1950 411 1986 qnare
439 1934 630 1972 serenitas
660 1941 785 1970 vestra
813 1939 1019 1969 recesserat
1048 1930 1098 1967 ab
1139 1928 1361 1967 obedientia
1389 1942 1464 1966 saa
1493 1937 1527 1966 et
1564 1942 1604 1965 se
1642 1927 1762 1966 tramit
1790 1928 1841 1965 ad
1880 1927 2000 1977 indis-

292 1995 513 2045 jeremiam,
530 2007 708 2032 asserens
725 1992 827 2042 qaod
840 1989 1118 2041 spoliaveratis
1133 2003 1223 2026 eam
1238 1987 1484 2038 possessione
1499 2002 1574 2025 saa
1591 1987 1774 2035 indebite,
1790 1996 1837 2025 ut
1853 1986 2002 2037 legitur

293 2055 335 2093 in
362 2052 591 2093 relatione4
623 2052 743 2090 unius
773 2066 824 2090 ex
850 2050 896 2089 iis
925 2049 1070 2099 legatis
1091 2048 1281 2086 Roderici
1307 2047 1507 2086 Bernardi
1536 2046 1695 2086 reducis
1730 2047 1782 2084 ad
1811 2046 2002 2085 eumdem

252 2139 257 2141 v
294 2128 444 2164 regem.
465 2114 578 2151 Idem
600 2111 741 2151 fecisse
762 2110 929 2149 videtur
945 2110 1090 2147 Petrus
1111 2123 1183 2146 rex
1204 2108 1477 2157 Arragonum.
1496 2106 1662 2145 Etenim
1677 2105 1719 2143 in
1739 2105 2001 2157 responsione

296 2173 566 2213 cardinalium
589 2186 642 2209 30
664 2170 879 2221 expediret
899 2169 1101 2208 celebrare
1122 2167 1342 2206 concilium
1358 2167 1543 2216 generale
1567 2166 1626 2204 ita
1651 2165 1800 2215 legitur
1816 2165 1858 2203 in
1874 2164 2004 2204 veteri

295 2233 434 2272 codice
457 2247 531 2271 ms.
556 2230 798 2270 Carthusiae
821 2228 988 2279 majoris
1009 2228 1024 2251 5
1048 2243 1055 2265 ε
1087 2227 1198 2265 Unde
1220 2241 1327 2276 reges
1349 2226 1515 2264 Castelle
1536 2233 1571 2263 et
1591 2225 1796 2275 Aragonie
1818 2224 2005 2262 delibera-

297 2301 442 2340 verant,
461 2300 538 2330 etc.
560 2292 777 2329 Praeterea
796 2289 925 2327 frater
944 2288 1089 2326 Petrus
1109 2286 1244 2324 infans
1262 2284 1511 2340 Arragoniae
1527 2285 1638 2335 apud
1657 2284 1878 2323 Odoricum
1897 2284 2005 2333 Ray-

238 2348 243 2352 ’
296 2352 482 2399 naldum,
507 2365 572 2389 an.
601 2349 715 2397 1379,
747 2349 763 2398 ἓ
787 2349 851 2396 47,
876 2347 935 2385 ait
960 2348 1131 2386 Petrum
1162 2359 1299 2395 regem
1324 2345 1583 2394 Arragonum
1607 2343 1902 2382 determinasse
1928 2356 2007 2381 non

296 2412 451 2449 obedire
479 2410 640 2448 Urbano
662 2423 730 2446 nec
751 2406 943 2446 Clementi
965 2408 1083 2444 donec
1104 2404 1406 2443 determinatum
1434 2403 1485 2442 sit
1506 2404 1594 2454 qais
1614 2418 1748 2441 eorum
1777 2411 1874 2441 esset
1895 2416 2006 2440 verus

297 2486 420 2521 papa,
454 2470 563 2520 quod
594 2468 722 2508 etiam
760 2468 776 2516 ἓ
808 2467 857 2504 42
888 2465 1030 2505 scribit
1065 2463 1293 2503 Richardus
1330 2464 1383 2511 II,
1414 2478 1486 2501 rex
1518 2463 1701 2512 Angliae,
1730 2463 1783 2500 ad
1814 2462 2005 2501 eumdem

299 2531 481 2568 Petrum.
504 2528 610 2577 Quin
628 2536 669 2566 et
687 2527 823 2565 Surita
843 2526 963 2564 docet
980 2525 1095 2563 illum
1114 2523 1313 2574 episcopis
1333 2537 1502 2561 suarum
1521 2522 1727 2561 ditionum
1744 2521 2005 2560 interdixisse

351 2699 382 2730 1.
414 2698 454 2730 B.
478 2697 535 2737 N.,
557 2709 624 2730 ms.
645 2697 741 2729 latin
760 2696 867 2736 1469,
888 2697 951 2729 fol.
973 2697 1039 2729 191
1063 2700 1102 2728 v0
1121 2702 1159 2728 et
1178 2695 1329 2734 Baluze,
1352 2701 1378 2728 t.
1397 2707 1448 2733 1v,
1470 2706 1505 2737 p.
1528 2695 1608 2726 227.
1652 2701 1658 2703 ’

353 2752 381 2782 2.
405 2750 445 2782 B.
469 2750 526 2789 N.,
548 2762 614 2782 ms.
636 2749 731 2782 latin
750 2750 882 2788 11745,
902 2749 965 2782 fol.
985 2749 1031 2781 44
1051 2753 1101 2781 νο.
1119 2767 1167 2771 —
1185 2747 1255 2780 Sur
1272 2748 1303 2780 le
1324 2747 1454 2780 Grand
1473 2746 1641 2779 Schisme
1660 2758 1706 2779 00
1724 2745 1904 2779 Lorraine
1924 2745 2006 2778 voir

302 2803 341 2835 L.
360 2803 479 2834 Ehlen
503 2803 592 2845 (Das
612 2802 782 2835 Schisma
801 2804 852 2836 im
871 2803 1008 2835 Mezzer
1028 2801 1207 2845 Sprengel
1227 2801 1281 2834 bis
1299 2812 1382 2833 zum
1404 2801 1499 2833 Tode
1516 2801 1575 2833 des
1593 2800 1762 2843 Bischoss
1784 2799 2006 2832 leeodorich

308 2858 416 2898 Meyer
446 2868 513 2888 von
543 2857 731 2899 Boppard,
762 2855 928 2899 Leipzig,
959 2855 1065 2898 1909)
1099 2861 1136 2887 et
1165 2854 1292 2888 Valois
1327 2854 1408 2897 (t.1,
1440 2865 1474 2897 p.
1497 2853 1684 2897 283-286).
1710 2852 1780 2885 Sur
1807 2852 2005 2885 l⁷attitude

303 2910 465 2951 adoptec
487 2920 553 2952 par
572 2910 604 2941 10
626 2910 697 2941 (100
718 2909 942 2941 d’Autriche
963 2908 1008 2941 cf.
1030 2908 1158 2941 Valois
1182 2908 1230 2952 (p.
1253 2907 1441 2951 286-288).

353 2964 383 2995 3.
408 2962 477 2994 Sur
498 2962 529 2994 10
552 2962 719 2994 Schisme
741 2974 787 2995 en
809 2962 982 3001 Flandre,
1003 2961 1084 2994 voir
1106 2961 1150 2994 N.
1173 2960 1301 2993 Valois
1327 2960 1366 3004 (t.
1388 2972 1411 2999 1,
1434 2972 1469 3004 p.
1493 2960 1665 3003 253-262)
1691 2965 1728 2992 et
1751 2959 1798 2992 K.
1823 2959 2006 3002 Hanquet

309 3014 540 3053 (Documents
568 3016 707 3057 relatiss
735 3027 785 3048 αιι
819 3015 945 3048 Grand
973 3015 1147 3054 Schisme,
1180 3013 1296 3053 Paris,
1327 3013 1450 3056 1924).

355 3069 384 3099 si.
418 3068 457 3099 13.
487 3067 545 3106 N.‚
574 3080 639 3101 015.
668 3068 763 3101 latin
789 3068 921 3108 11745,
948 3068 1011 3101 fol.
1040 3069 1084 3101 18
1111 3072 1162 3100 νο.

356 3122 385 3151 Γ),
418 3120 566 3159 Malum,
592 3127 617 3153 t.
640 3134 691 3160 IV,
716 3134 749 3164 p.
777 3122 856 3154 200.

2048 87 2083 273 s

2042 276 2047 325 f
