2083 3458
293 185 377 225 444
938 200 1090 227 NOTAE
1124 200 1185 225 AD
1220 200 1348 226 V1TAs
1877 182 2003 239 [928]

296 287 446 325 Tellius
466 296 507 325 et
525 287 694 326 Sancius
713 296 761 325 ut
779 287 929 326 docent
949 287 1215 330 Fmissartus.
1235 294 1264 324 t.
1286 301 1339 333 VI,
1353 301 1391 337 p.
1409 285 1497 334 185,
1516 294 1558 324 et
1578 284 1803 324 Rodericus
1823 284 2003 331 Santius,

295 360 382 397 par.
409 347 464 384 IV
485 347 574 385 Rer.
596 347 830 397 Hispania,
853 360 941 397 cap.
965 361 1065 385 xvn.

350 406 392 444 P.
419 406 509 454 313,
533 406 600 456 lig.
627 406 688 445 26.
719 407 971 444 INCENDIUM
997 419 1237 444 TERRIBILE.
1266 405 1384 443 Hanc
1409 405 1567 443 cladem
1591 413 1736 443 auctor
1759 403 2006 442 Patriarehii

295 465 577 513 BituricensiS,
596 480 635 516 p.
657 465 746 513 127,
766 473 935 504 revocat
953 465 1006 503 ad
1025 478 1181 502 annum
1201 464 1457 502 MCCCLIII.

351 524 588 575 Ρ.,314,11(,ζ.
609 525 642 563 5,
662 525 984 563 BURDEGALAM.
1010 525 1041 562 Il
1060 523 1272 574 debarqua
1290 532 1421 561 avant
1437 524 1472 562 16
1490 523 1538 562 31
1558 523 1792 574 septembre
1812 522 2008 572 (Denifle,

293 583 355 622 La
370 581 616 632 Desolation,
639 593 668 622 t.
690 599 731 631 11,
754 599 792 634 p.
815 583 968 633 86-95).

350 644 392 682 P.
413 644 504 691 314,
523 644 589 693 lig.
613 644 673 682 14.
710 644 757 681 IN
787 656 932 681 BURGO
964 644 1258 682 CARCASSONE.
1291 643 1393 681 Vide
1424 642 1714 690 Froissartum‚
1732 648 1763 681 t.
1783 656 1839 690 IV,
1859 656 1898 692 p.
1921 656 2005 689 Lxx,

295 718 333 753 p.
363 702 450 742 165.

350 763 391 801 Ρ.
420 762 509 810 315,
535 763 602 812 lig.
630 762 665 800 3.
695 763 867 800 PETRUS
896 776 982 800 REX
1008 763 1236 800 ARRAGON.
1266 761 1367 800 Vide
1386 760 1400 783 1
1428 761 1624 809 Suritam,
1650 761 1720 800 lib.
1752 761 1829 808 III,
1861 759 2005 807 Indic.,
2048 784 2055 790 -

294 822 347 859 ad
367 836 432 861 an.
456 821 571 870 1356,
592 830 633 860 et
654 821 878 860 Odoricum
900 821 1180 871 Raynaldum,
1201 835 1267 860 an.
1291 820 1405 868 1355,
1433 821 1449 870 ξ
1471 820 1519 859 23
1539 829 1581 859 et
1599 835 1658 871 sq.

350 882 391 920 P.
423 881 512 927 315,
541 881 608 931 lig.
641 881 701 920 10.
737 882 943 919 INTRAVIT
976 882 1168 920 ITALIAM.
1201 881 1362 918 Extant
1399 881 1511 931 apud
1550 880 1831 927 Petrarcham,
1867 879 1935 917 lib.
1969 878 2008 916 X

295 941 383 979 Rer.
406 941 617 990 familiar„
639 940 758 991 epist.
783 955 839 988 XI,
862 949 903 979 et
922 940 991 979 lib.
1017 941 1117 988 XII,
1139 940 1258 991 epist.
1280 955 1307 988 1,
1332 941 1475 978 literae
1505 940 1592 990 ejus
1625 939 1774 990 quibus
1807 939 2007 976 Karolum

295 1001 487 1039 hortatur
507 1001 615 1038 utin
640 1000 805 1038 Italiam
826 1000 1127 1051 proficiscatur.
1151 1000 1257 1037 Tum
1276 999 1344 1037 lib.
1371 1000 1491 1047 XIX,
1513 1000 1631 1050 epist.
1660 1014 1686 1046 1,
1716 999 1751 1037 ei
1775 998 2010 1048 gratulatur

294 1060 344 1098 de
373 1060 559 1098 adventu
587 1060 674 1110 ejus
702 1060 745 1097 in
773 1074 864 1098 eam
891 1060 1111 1109 regionem.
1143 1059 1245 1097 Vide
1275 1059 1537 1097 Matthaeum
1566 1058 1806 1106 Villanium,
1834 1058 1904 1096 lib.
1938 1057 2008 1105 IV,

294 1133 383 1169 cap.
409 1133 489 1167 LVI,
514 1134 615 1157 LXXI
649 1119 880 1170 [Muratori,
904 1128 933 1157 t.
959 1134 1045 1165 xlv,
1070 1119 1143 1157 col.
1169 1118 1245 1156 276
1267 1127 1308 1157 et
1330 1117 1446 1169 286],
1469 1118 1696 1156 Historiam
1718 1117 2008 1164 Cortusiorum,

294 1179 363 1217 lib.
399 1179 475 1227 XI,
508 1193 597 1229 cap.
629 1194 640 1217 1
672 1193 732 1229 sq.
777 1178 1008 1229 [Muratori,
1041 1187 1070 1216 t.
1106 1193 1177 1226 XII,
1210 1178 1284 1217 col.
1319 1177 1435 1229 943],
1469 1178 1812 1225 Claramontium,
1844 1191 1883 1227 p.
1917 1175 2008 1224 594,

294 1239 501 1276 Historiae
517 1238 749 1276 Caesenatis
770 1246 812 1276 et
828 1238 1068 1276 Chronicam
1085 1237 1342 1285 Bossianam,
1359 1251 1424 1276 an.
1445 1236 1558 1276 1355.

350 1298 409 1337 De
426 1298 693 1336 coronatione
711 1298 814 1348 ejus,
832 1297 927 1337 Vide
941 1298 1204 1336 Matthaeum
1218 1297 1456 1345 Villanium,
1473 1297 1542 1335 lib.
1562 1298 1610 1345 V,
1627 1311 1715 1347 cap.
1733 1311 1761 1334 11
1777 1293 2005 1346 [Muratori,

294 1366 324 1396 t.
360 1372 446 1405 x1v,
480 1358 553 1395 col.
589 1357 706 1408 303],
738 1357 966 1395 Historiam
997 1356 1230 1404 Cortusior„
1269 1356 1338 1395 lib.
1382 1356 1458 1403 XI,
1495 1370 1582 1407 cap.
1622 1371 1665 1394 1v
1699 1356 1830 1406 [ibid.‚
1865 1363 1894 1394 t.
1935 1369 2007 1403 ΧΠ,

293 1417 369 1456 col.
389 1416 506 1467 945],
538 1417 765 1455 Henricum
792 1414 1098 1465 Rebdorffium‚
1126 1430 1191 1455 an.
1213 1415 1315 1454 1355
1354 1416 1407 1466 [p.
1426 1415 1541 1466 541],
1576 1416 1799 1454 Odoricum
1827 1414 2007 1464 Raynal·

294 1476 408 1524 dum,
436 1491 501 1515 an.
532 1475 647 1524 1355,
682 1477 699 1525 ἓ
725 1476 748 1514 3
779 1484 820 1514 et
849 1488 949 1523 seq„
974 1485 1015 1515 et
1042 1476 1194 1514 librum
1226 1475 1553 1514 Ceremoniarum
1578 1474 1804 1525 Augustini
1835 1473 2008 1512 Patricii

294 1536 454 1574 editum
485 1550 507 1574 a
539 1536 836 1586 Christophoro
860 1535 1066 1583 Marcello,
1091 1536 1399 1586 archiepiscopo
1424 1535 1679 1585 Corcyrensi,
1703 1535 1773 1574 fol.
1799 1534 1849 1572 28
1870 1538 1920 1572 1²⁰.

351 1595 409 1634 De
437 1595 714 1646 imperatrice,
732 1590 836 1634 uxor
858 1595 984 1645 eejus,
1001 1595 1096 1633 vide
1122 1595 1385 1633 Matthaeum
1401 1595 1639 1643 Villanium,
1655 1595 1725 1633 lib.
1748 1594 1816 1642 IV,
1835 1607 1922 1644 cap.
1941 1604 2008 1630 va

306 1654 538 1705 [Muratori,
570 1663 599 1693 t.
634 1669 720 1702 XIV,
754 1656 827 1695 col.
861 1654 976 1706 276]‚
1013 1655 1165 1693 Histor.
1197 1654 1430 1702 Cortusior„
1459 1654 1529 1693 lib.
1563 1654 1639 1702 XI,
1670 1668 1758 1704 cap.
1788 1668 1831 1691 111
1876 1652 2007 1704 [ibid.,

295 1722 324 1752 t.
357 1729 428 1762 ΧΠ,
459 1715 532 1753 col.
564 1714 666 1765 943]
695 1723 737 1752 et
767 1715 990 1753 Odoricum
1018 1714 1298 1764 Raynaldum,
1322 1728 1431 1752 anno
1456 1713 1570 1761 1355,
1601 1713 1673 1762 §3

350 1774 392 1812 P.
426 1773 516 1822 315,
547 1774 614 1823 lig.
650 1774 709 1813 13.
746 1775 918 1812 PETRUS
949 1774 1221 1812 BERTRANm.
1257 1773 1489 1824 Descriptio
1519 1773 1677 1811 itineris
1709 1773 1797 1822 ejus
1831 1772 2009 1810 Romam

295 1833 594 1883 proficiscentis
625 1841 744 1871 extat
785 1834 897 1884 apud
929 1834 1166 1885 Philippum
1200 1833 1427 1881 Labbeum,
1455 1841 1484 1872 t.
1515 1847 1557 1879 11,
1586 1827 1721 1868 Novae
1757 1829 2009 1867 bibliothecae

293 1904 384 1928 mss.
405 1890 612 1940 librorum,
632 1907 671 1943 p.
691 1892 781 1941 354,
801 1902 843 1931 et
863 1893 970 1931 inter
989 1893 1250 1931 Probationes
1278 1893 1466 1931 historiae
1489 1892 1762 1930 cardinalium
1790 1891 2006 1938 Gallorum,

294 1966 333 2002 p.
359 1951 450 2000 345,
475 1952 545 1990 ubi
569 1952 695 1990 etiam
731 1953 940 1991 habentur
963 1954 1094 1991 multa
1119 1961 1260 1991 vetera
1293 1960 1565 1992 monumenta
1590 1951 1642 1989 ad
1660 1951 1767 1989 hanc
1790 1949 2008 1989 historiam

295 2011 547 2062 pertinentia
566 2008 594 2050 2.
630 2011 732 2050 Vide
766 2012 889 2050 etiam
925 2012 1144 2051 Albertum
1176 2012 1520 2062 Argentinensem
1537 2008 1567 2059 3,
1601 2026 1639 2061 p.
1670 2010 1759 2056 292,
1787 2010 1857 2060 qui
1887 2017 2009 2048 notat

296 2071 405 2109 hunc
437 2071 688 2110 cardinalem
720 2072 932 2110 Avenione
965 2072 1245 2110 discedentem
1279 2071 1452 2118 flevisse,
1485 2071 1704 2109 timentem
1735 2069 1928 2108 videlicet
1959 2083 2009 2106 ne

293 2131 473 2180 amplius
489 2144 643 2181 papam
658 2139 700 2169 et
715 2131 941 2170 cardinales
958 2146 1039 2169 non
1055 2131 1226 2170 videret.
1246 2132 1371 2169 Porro
1386 2131 1442 2168 illi
1463 2130 1744 2168 Mediolanum
1760 2127 2009 2179 ingredienti

298 2189 467 2228 obviam
488 2190 647 2228 venisse
672 2191 940 2229 Petrarcham
962 2191 1047 2241 ipse
1070 2199 1252 2229 testatur
1272 2191 1315 2228 in
1337 2190 1511 2240 epistola
1535 2203 1642 2227 XXIX
1671 2189 1899 2227 Variarum.

352 2249 394 2287 P.
428 2249 517 2297 315,
549 2249 615 2299 lig.
650 2249 710 2288 15.
748 2250 796 2287 IN
828 2250 1128 2300 ALssAMANNIAM
1162 2264 1317 2288 REDnT.
1353 2249 1471 2297 Quod
1503 2248 1713 2299 displicuit
1745 2247 2008 2294 Petrarchae‚

298 2309 384 2363 qui,
408 2309 477 2347 lib.
504 2309 611 2346 XIX
633 2309 721 2347 Her.
745 2309 955 2358 familiar„
979 2310 1097 2360 epist.
1126 2324 1197 2355 ΧΠ,
1230 2323 1323 2347 611111
1355 2309 1636 2347 discedentem
1658 2308 1706 2346 de
1730 2307 1850 2346 Italia
1880 2306 2008 2344 incre-

299 2377 385 2419 pat.
410 2369 464 2405 Et
483 2368 552 2407 lib.
578 2368 745 2416 XXIII,
767 2369 886 2419 epist.
911 2383 981 2416 xv,
1002 2369 1119 2406 illum
1139 2369 1333 2407 hortatur
1353 2376 1400 2406 ut
1420 2382 1512 2406 eam
1531 2375 1707 2418 repetat.

355 2428 396 2466 P.
422 2427 512 2475 315,
535 2428 602 2477 lig.
629 2427 689 2466 16.
718 2428 890 2465 HABUIT
915 2442 1143 2467 RUMOREM.
1171 2428 1387 2478 Progenies
1412 2428 1520 2465 enim
1544 2441 1687 2465 eorum
1711 2426 1780 2477 qui
1803 2432 2008 2464 vocantur

299 2488 348 2526 de
389 2487 671 2525 Gambacurta
712 2488 760 2525 de
800 2487 999 2525 occisione
1039 2487 1165 2537 ipsius
1204 2487 1464 2537 imperatoris
1504 2495 1546 2525 et
1584 2500 1752 2525 suorum
1792 2483 1994 2534 cogitavit

300 2556 347 2585 ut
371 2547 492 2585 docet
519 2547 719 2585 Henricus
747 2545 1006 2584 Rebdorffius
1045 2547 1097 2596 [p.
1126 2546 1240 2597 541].

346 2665 362 2697 1
394 2665 426 2698 Α
445 2676 582 2708 propos
604 2666 653 2697 du
673 2665 742 2698 rite
764 2665 808 2698 de
828 2665 862 2698 la
884 2665 1126 2697 communion
1146 2664 1243 2697 usite
1264 2676 1331 2708 par
1351 2665 1400 2697 les
1421 2664 1505 2705 rois,
1528 2676 1579 2697 un
1595 2663 1819 2698 ceremonia]
1832 2663 2006 2707 imprime

296 2729 364 2761 par
390 2718 542 2751 Gattico
571 2718 676 2761 (Acta
711 2718 847 2759 selecta,
874 2730 908 2761 p.
937 2717 993 2759 42)
1023 2718 1151 2760 ajoute
1179 2730 1184 2749 :
1212 2718 1259 2750 Et
1285 2718 1335 2751 ita
1357 2717 1495 2760 factum
1517 2718 1590 2760 fuit
1615 2718 1654 2751 in
1677 2717 1766 2760 festo
1790 2717 2007 2751 Natiuitatis

295 2772 448 2804 Domini
474 2783 571 2804 anno
596 2771 757 2814 ejusdem
782 2771 1007 2810 MCCCLV,
1036 2771 1271 2814 pontificatus
1297 2772 1437 2804 domini
1464 2771 1672 2804 Innocentii
1702 2770 1758 2804 VI
1783 2772 1880 2803 anno
1907 2770 2004 2810 1110,

296 2826 439 2867 quando
459 2826 629 2857 dominus
646 2825 777 2857 Petrus
795 2824 856 2857 rea:
872 2825 1090 2867 Aragonum
1107 2824 1179 2866 fuit
1199 2825 1237 2857 in
1255 2825 1359 2857 curia
1376 2836 1539 2864 romana,
1556 2836 1660 2867 quem
1679 2824 1719 2857 in
1737 2824 1832 2857 dicta
1849 2835 2007 2857 commu-

298 2878 406 2911 nione
434 2878 637 2911 associabat
667 2879 837 2911 dominus
866 2878 1067 2911 cardinalis
1094 2877 1415 2920 Petragoricensis,
1447 2879 1640 2921 episcopus
1667 2877 1904 2910 Albanensis.
1936 2876 2006 2910 Sur

298 2932 330 2962 la
352 2932 543 2974 reception
563 2932 654 2964 saite
675 2943 721 2963 au
741 2931 806 2969 roi,
830 2931 910 2964 voir
929 2930 1083 2964 Schafer
1105 2930 1295 2973 (Benedilct
1312 2930 1409 2970 XII,
1432 2942 1465 2974 p.
1489 2932 1569 2971 576,
1591 2930 1686 2974 586).

347 2985 376 3017 2.
408 2984 497 3016 Voir
522 2985 647 3027 plutot
672 2984 842 3017 l’eslition
868 2985 911 3017 de
940 2984 982 3018 R.
1010 2984 1199 3024 Salomon,
1226 2983 1414 3017 Jolzannis
1437 2984 1550 3017 Porta
1574 2985 1614 3017 de
1637 2984 1857 3016 Ammoniaco
1885 2982 2008 3027 (Liber
2034 3021 2043 3031 ⁸

297 3038 338 3069 (ἰν
363 3039 592 3070 coronalione
616 3038 748 3071 Kar-oli
775 3038 834 3070 IV
860 3038 1099 3081 imperatoris,
1130 3037 1346 3076 Hannovre,
1375 3037 1495 3080 1913).

347 3092 377 3122 5⁷3,
410 3090 476 3123 Ed.
506 3091 667 3123 Hiihmcr
696 3091 841 3132 (Fontes
866 3102 986 3123 rerum
1018 3090 1328 3129 Germanicarum,
1357 3096 1382 3123 t.
1409 3090 1475 3133 iv).
