<?xml version="1.0" encoding="UTF-8"?>
<!DOCTYPE html PUBLIC "-//W3C//DTD XHTML 1.0 Transitional//EN"
    "http://www.w3.org/TR/xhtml1/DTD/xhtml1-transitional.dtd">
<html xmlns="http://www.w3.org/1999/xhtml" xml:lang="en" lang="en">
 <head>
  <title>
</title>
<meta http-equiv="Content-Type" content="text/html;charset=utf-8" />
  <meta name='ocr-system' content='tesseract 3.04.00' />
  <meta name='ocr-capabilities' content='ocr_page ocr_carea ocr_par ocr_line ocrx_word'/>
</head>
<body>
  <div class='ocr_page' id='page_1' title='image "./vitaepaparumaven02balu_0710.png"; bbox 0 0 2083 3458; ppageno 0'>
   <div class='ocr_carea' id='block_1_1' title="bbox 259 216 1977 272">
    <p class='ocr_par' dir='ltr' id='par_1_1' title="bbox 259 216 1977 272">
     <span class='ocr_line' id='line_1_1' title="bbox 259 216 1977 272; baseline 0 -15"><span class='ocrx_word' id='word_1_1' title='bbox 259 217 341 258; x_wconf 82' lang='lat'><em>700</em></span> <span class='ocrx_word' id='word_1_2' title='bbox 911 231 1064 255; x_wconf 83' lang='lat' dir='ltr'><strong>NOTAE</strong></span> <span class='ocrx_word' id='word_1_3' title='bbox 1099 231 1158 255; x_wconf 88' lang='lat' dir='ltr'><em>AD</em></span> <span class='ocrx_word' id='word_1_4' title='bbox 1194 231 1321 256; x_wconf 77' lang='lat' dir='ltr'><em>VITAs</em></span> <span class='ocrx_word' id='word_1_5' title='bbox 1372 240 1374 242; x_wconf 90' lang='lat'>·</span> <span class='ocrx_word' id='word_1_6' title='bbox 1818 216 1977 272; x_wconf 64' lang='grc' dir='ltr'><em>[1460]ἶ</em></span> 
     </span>
    </p>
   </div>
   <div class='ocr_carea' id='block_1_2' title="bbox 252 315 1988 2929">
    <p class='ocr_par' dir='ltr' id='par_1_2' title="bbox 254 315 1984 784">
     <span class='ocr_line' id='line_1_2' title="bbox 254 315 1982 366; baseline -0.001 -13"><span class='ocrx_word' id='word_1_7' title='bbox 254 317 406 363; x_wconf 87' lang='lat' dir='ltr'><em>electus,</em></span> <span class='ocrx_word' id='word_1_8' title='bbox 435 316 528 366; x_wconf 78' lang='lat' dir='ltr'><em>quia</em></span> <span class='ocrx_word' id='word_1_9' title='bbox 552 316 631 365; x_wconf 78' lang='lat' dir='ltr'><em>suit</em></span> <span class='ocrx_word' id='word_1_10' title='bbox 656 316 899 363; x_wconf 88' lang='lat' dir='ltr'><em>nominatus,</em></span> <span class='ocrx_word' id='word_1_11' title='bbox 928 324 968 353; x_wconf 91' lang='lat' dir='ltr'><em>ut</em></span> <span class='ocrx_word' id='word_1_12' title='bbox 993 315 1160 364; x_wconf 71' lang='lat' dir='ltr'><em>audivit,</em></span> <span class='ocrx_word' id='word_1_13' title='bbox 1189 316 1232 354; x_wconf 91' lang='lat' dir='ltr'><em>in</em></span> <span class='ocrx_word' id='word_1_14' title='bbox 1257 316 1422 354; x_wconf 88' lang='lat' dir='ltr'><em>consilio</em></span> <span class='ocrx_word' id='word_1_15' title='bbox 1447 317 1732 364; x_wconf 86' lang='lat' dir='ltr'><em>Romanorum,</em></span> <span class='ocrx_word' id='word_1_16' title='bbox 1759 330 1813 354; x_wconf 87' lang='lat' dir='ltr'><em>an</em></span> <span class='ocrx_word' id='word_1_17' title='bbox 1836 315 1982 365; x_wconf 74' lang='lat' dir='ltr'><em>fuisset</em></span> 
     </span>
     <span class='ocr_line' id='line_1_3' title="bbox 255 375 1980 426; baseline -0.001 -13"><span class='ocrx_word' id='word_1_18' title='bbox 255 376 402 413; x_wconf 85' lang='lat' dir='ltr'><em>dictum</em></span> <span class='ocrx_word' id='word_1_19' title='bbox 430 376 652 426; x_wconf 86' lang='lat' dir='ltr'><em>periculum</em></span> <span class='ocrx_word' id='word_1_20' title='bbox 679 376 885 423; x_wconf 66' lang='lat' dir='ltr'><em>evitatum3</em></span> <span class='ocrx_word' id='word_1_21' title='bbox 916 384 1046 413; x_wconf 86' lang='lat' dir='ltr'><em>tamen</em></span> <span class='ocrx_word' id='word_1_22' title='bbox 1074 376 1118 413; x_wconf 91' lang='lat' dir='ltr'><em>de</em></span> <span class='ocrx_word' id='word_1_23' title='bbox 1146 376 1372 414; x_wconf 74' lang='lat' dir='ltr'><em>credulitate</em></span> <span class='ocrx_word' id='word_1_24' title='bbox 1400 376 1519 414; x_wconf 89' lang='lat' dir='ltr'><em>credit</em></span> <span class='ocrx_word' id='word_1_25' title='bbox 1547 377 1648 426; x_wconf 81' lang='lat' dir='ltr'><em>quod</em></span> <span class='ocrx_word' id='word_1_26' title='bbox 1674 376 1744 424; x_wconf 83' lang='lat' dir='ltr'><em>sic,</em></span> <span class='ocrx_word' id='word_1_27' title='bbox 1775 375 1869 425; x_wconf 82' lang='lat' dir='ltr'><em>quia</em></span> <span class='ocrx_word' id='word_1_28' title='bbox 1896 382 1980 412; x_wconf 90' lang='lat' dir='ltr'><em>erat</em></span> 
     </span>
     <span class='ocr_line' id='line_1_4' title="bbox 255 434 1974 486; baseline -0.001 -14"><span class='ocrx_word' id='word_1_29' title='bbox 255 435 417 472; x_wconf 83' lang='lat' dir='ltr'><em>dilectus</em></span> <span class='ocrx_word' id='word_1_30' title='bbox 444 450 468 472; x_wconf 87' lang='lat' dir='ltr'><em>a</em></span> <span class='ocrx_word' id='word_1_31' title='bbox 493 435 701 473; x_wconf 83' lang='lat' dir='ltr'><em>Romanis.</em></span> <span class='ocrx_word' id='word_1_32' title='bbox 734 435 1003 484; x_wconf 73' lang='lat' dir='ltr'><em>Interrogatus</em></span> <span class='ocrx_word' id='word_1_33' title='bbox 1029 435 1064 472; x_wconf 90' lang='lat' dir='ltr'><em>si</em></span> <span class='ocrx_word' id='word_1_34' title='bbox 1091 435 1164 473; x_wconf 89' lang='lat' dir='ltr'><em>scit</em></span> <span class='ocrx_word' id='word_1_35' title='bbox 1190 436 1247 473; x_wconf 68' lang='lat' dir='ltr'><em>vel</em></span> <span class='ocrx_word' id='word_1_36' title='bbox 1269 436 1388 474; x_wconf 86' lang='lat' dir='ltr'><em>credit</em></span> <span class='ocrx_word' id='word_1_37' title='bbox 1412 437 1514 486; x_wconf 81' lang='lat' dir='ltr'><em>quod</em></span> <span class='ocrx_word' id='word_1_38' title='bbox 1534 436 1569 473; x_wconf 85' lang='lat' dir='ltr'><em>si</em></span> <span class='ocrx_word' id='word_1_39' title='bbox 1594 436 1722 473; x_wconf 88' lang='lat' dir='ltr'><em>dictus</em></span> <span class='ocrx_word' id='word_1_40' title='bbox 1742 434 1974 481; x_wconf 87' lang='lat' dir='ltr'><em>cardinalis,</em></span> 
     </span>
     <span class='ocr_line' id='line_1_5' title="bbox 255 494 1984 544; baseline -0.001 -13"><span class='ocrx_word' id='word_1_41' title='bbox 255 494 440 532; x_wconf 86' lang='lat' dir='ltr'><em>dominus</em></span> <span class='ocrx_word' id='word_1_42' title='bbox 463 509 575 542; x_wconf 90' lang='lat' dir='ltr'><em>suus,</em></span> <span class='ocrx_word' id='word_1_43' title='bbox 599 494 740 544; x_wconf 74' lang='lat' dir='ltr'><em>suisset</em></span> <span class='ocrx_word' id='word_1_44' title='bbox 771 502 864 532; x_wconf 86' lang='lat' dir='ltr'><em>tunc</em></span> <span class='ocrx_word' id='word_1_45' title='bbox 886 495 1040 542; x_wconf 86' lang='lat' dir='ltr'><em>electus,</em></span> <span class='ocrx_word' id='word_1_46' title='bbox 1065 509 1119 532; x_wconf 90' lang='lat' dir='ltr'><em>an</em></span> <span class='ocrx_word' id='word_1_47' title='bbox 1142 495 1401 533; x_wconf 76' lang='lat' dir='ltr'><em>consensisset</em></span> <span class='ocrx_word' id='word_1_48' title='bbox 1424 495 1615 543; x_wconf 82' lang='lat' dir='ltr'><em>electioni,</em></span> <span class='ocrx_word' id='word_1_49' title='bbox 1642 495 1743 533; x_wconf 73' lang='lat' dir='ltr'><em>dixit</em></span> <span class='ocrx_word' id='word_1_50' title='bbox 1765 509 1804 532; x_wconf 88' lang='lat' dir='ltr'><em>se</em></span> <span class='ocrx_word' id='word_1_51' title='bbox 1829 494 1984 532; x_wconf 58' lang='lat' dir='ltr'><em>credere&lt;</em></span> 
     </span>
     <span class='ocr_line' id='line_1_6' title="bbox 256 553 1976 605; baseline -0.001 -14"><span class='ocrx_word' id='word_1_52' title='bbox 256 554 358 604; x_wconf 83' lang='lat' dir='ltr'><em>quod</em></span> <span class='ocrx_word' id='word_1_53' title='bbox 373 568 450 591; x_wconf 88' lang='lat' dir='ltr'><em>non</em></span> <span class='ocrx_word' id='word_1_54' title='bbox 467 562 702 604; x_wconf 80' lang='lat' dir='ltr'><em>acceptasset</em></span> <span class='ocrx_word' id='word_1_55' title='bbox 717 563 877 604; x_wconf 88' lang='lat' dir='ltr'><em>propter</em></span> <span class='ocrx_word' id='word_1_56' title='bbox 892 569 1101 602; x_wconf 86' lang='lat' dir='ltr'><em>rumorem,</em></span> <span class='ocrx_word' id='word_1_57' title='bbox 1120 555 1214 605; x_wconf 80' lang='lat' dir='ltr'><em>quia</em></span> <span class='ocrx_word' id='word_1_58' title='bbox 1232 555 1316 605; x_wconf 89' lang='lat' dir='ltr'><em>ipse</em></span> <span class='ocrx_word' id='word_1_59' title='bbox 1332 555 1484 593; x_wconf 64' lang='lat' dir='ltr'><em>dixerat</em></span> <span class='ocrx_word' id='word_1_60' title='bbox 1498 555 1578 592; x_wconf 85' lang='lat' dir='ltr'><em>sibi</em></span> <span class='ocrx_word' id='word_1_61' title='bbox 1597 555 1697 593; x_wconf 89' lang='lat' dir='ltr'><em>illud</em></span> <span class='ocrx_word' id='word_1_62' title='bbox 1713 554 1774 592; x_wconf 88' lang='lat' dir='ltr'><em>die</em></span> <span class='ocrx_word' id='word_1_63' title='bbox 1791 553 1976 592; x_wconf 89' lang='lat' dir='ltr'><em>mercurii</em></span> 
     </span>
     <span class='ocr_line' id='line_1_7' title="bbox 255 612 1979 664; baseline 0 -14"><span class='ocrx_word' id='word_1_64' title='bbox 255 614 307 651; x_wconf 84' lang='lat' dir='ltr'><em>ad</em></span> <span class='ocrx_word' id='word_1_65' title='bbox 333 613 557 663; x_wconf 75' lang='lat' dir='ltr'><em>ingressum</em></span> <span class='ocrx_word' id='word_1_66' title='bbox 583 614 778 651; x_wconf 74' lang='lat' dir='ltr'><em>conclavis</em></span> <span class='ocrx_word' id='word_1_67' title='bbox 805 614 919 664; x_wconf 79' lang='lat' dir='ltr'><em>quasi</em></span> <span class='ocrx_word' id='word_1_68' title='bbox 947 614 1076 652; x_wconf 90' lang='lat' dir='ltr'><em>media</em></span> <span class='ocrx_word' id='word_1_69' title='bbox 1103 623 1209 652; x_wconf 91' lang='lat' dir='ltr'><em>nocte</em></span> <span class='ocrx_word' id='word_1_70' title='bbox 1235 615 1433 652; x_wconf 88' lang='lat' dir='ltr'><em>modicum</em></span> <span class='ocrx_word' id='word_1_71' title='bbox 1458 616 1563 664; x_wconf 83' lang='lat' dir='ltr'><em>plus,</em></span> <span class='ocrx_word' id='word_1_72' title='bbox 1591 623 1625 652; x_wconf 90' lang='lat' dir='ltr'><em>et</em></span> <span class='ocrx_word' id='word_1_73' title='bbox 1650 613 1852 664; x_wconf 80' lang='lat' dir='ltr'><em>respondit</em></span> <span class='ocrx_word' id='word_1_74' title='bbox 1877 612 1979 663; x_wconf 83' lang='lat' dir='ltr'><em>quod</em></span> 
     </span>
     <span class='ocr_line' id='line_1_8' title="bbox 254 672 1978 724; baseline -0.001 -14"><span class='ocrx_word' id='word_1_75' title='bbox 254 673 290 710; x_wconf 86' lang='lat' dir='ltr'><em>si</em></span> <span class='ocrx_word' id='word_1_76' title='bbox 314 673 487 710; x_wconf 85' lang='lat' dir='ltr'><em>Romani</em></span> <span class='ocrx_word' id='word_1_77' title='bbox 511 674 776 723; x_wconf 79' lang='lat' dir='ltr'><em>postulassent</em></span> <span class='ocrx_word' id='word_1_78' title='bbox 798 688 887 711; x_wconf 90' lang='lat' dir='ltr'><em>eum</em></span> <span class='ocrx_word' id='word_1_79' title='bbox 906 689 995 711; x_wconf 89' lang='lat' dir='ltr'><em>cum</em></span> <span class='ocrx_word' id='word_1_80' title='bbox 1015 674 1081 711; x_wconf 91' lang='lat' dir='ltr'><em>illo</em></span> <span class='ocrx_word' id='word_1_81' title='bbox 1100 689 1254 711; x_wconf 84' lang='lat' dir='ltr'><em>rumore</em></span> <span class='ocrx_word' id='word_1_82' title='bbox 1275 675 1377 712; x_wconf 85' lang='lat' dir='ltr'><em>sicut</em></span> <span class='ocrx_word' id='word_1_83' title='bbox 1395 675 1651 724; x_wconf 80' lang='lat' dir='ltr'><em>postulabant</em></span> <span class='ocrx_word' id='word_1_84' title='bbox 1671 674 1900 711; x_wconf 85' lang='lat' dir='ltr'><em>Romanum</em></span> <span class='ocrx_word' id='word_1_85' title='bbox 1921 672 1978 710; x_wconf 66' lang='lat' dir='ltr'><em>vel</em></span> 
     </span>
     <span class='ocr_line' id='line_1_9' title="bbox 262 732 1475 784; baseline 0.002 -14"><span class='ocrx_word' id='word_1_86' title='bbox 262 732 476 780; x_wconf 85' lang='lat' dir='ltr'><em>Ytalicum,</em></span> <span class='ocrx_word' id='word_1_87' title='bbox 503 741 592 770; x_wconf 88' lang='lat' dir='ltr'><em>ante</em></span> <span class='ocrx_word' id='word_1_88' title='bbox 617 733 874 771; x_wconf 86' lang='lat' dir='ltr'><em>sustinuisset</em></span> <span class='ocrx_word' id='word_1_89' title='bbox 900 741 1059 771; x_wconf 90' lang='lat' dir='ltr'><em>mortem</em></span> <span class='ocrx_word' id='word_1_90' title='bbox 1085 749 1202 784; x_wconf 81' lang='lat' dir='ltr'><em>quam</em></span> <span class='ocrx_word' id='word_1_91' title='bbox 1228 743 1475 784; x_wconf 80' lang='lat' dir='ltr'><em>acceptasset.</em></span> 
     </span>
    </p>

    <p class='ocr_par' dir='ltr' id='par_1_3' title="bbox 252 791 1988 2442">
     <span class='ocr_line' id='line_1_10' title="bbox 308 791 1983 833; baseline 0 -4"><span class='ocrx_word' id='word_1_92' title='bbox 308 792 483 830; x_wconf 87' lang='lat' dir='ltr'><em>Alvarus</em></span> <span class='ocrx_word' id='word_1_93' title='bbox 522 793 689 830; x_wconf 87' lang='lat' dir='ltr'><em>Martini</em></span> <span class='ocrx_word' id='word_1_94' title='bbox 725 792 816 830; x_wconf 87' lang='lat' dir='ltr'><em>ait1</em></span> <span class='ocrx_word' id='word_1_95' title='bbox 852 793 1043 833; x_wconf 86' lang='lat' dir='ltr'><em>eumdem</em></span> <span class='ocrx_word' id='word_1_96' title='bbox 1080 793 1330 832; x_wconf 78' lang='lat' dir='ltr'><em>cardinalem</em></span> <span class='ocrx_word' id='word_1_97' title='bbox 1367 794 1679 832; x_wconf 88' lang='lat' dir='ltr'><em>Gebennensem</em></span> <span class='ocrx_word' id='word_1_98' title='bbox 1714 792 1791 831; x_wconf 89' lang='lat' dir='ltr'><em>sibi</em></span> <span class='ocrx_word' id='word_1_99' title='bbox 1826 791 1983 830; x_wconf 61' lang='lat' dir='ltr'><em>dixisse&lt;</em></span> 
     </span>
     <span class='ocr_line' id='line_1_11' title="bbox 254 851 1985 904; baseline -0.001 -15"><span class='ocrx_word' id='word_1_100' title='bbox 254 851 297 889; x_wconf 86' lang='lat' dir='ltr'><em>in</em></span> <span class='ocrx_word' id='word_1_101' title='bbox 324 852 512 902; x_wconf 81' lang='lat' dir='ltr'><em>Anagnia</em></span> <span class='ocrx_word' id='word_1_102' title='bbox 550 853 655 891; x_wconf 90' lang='lat' dir='ltr'><em>circa</em></span> <span class='ocrx_word' id='word_1_103' title='bbox 692 852 845 891; x_wconf 87' lang='lat' dir='ltr'><em>festum</em></span> <span class='ocrx_word' id='word_1_104' title='bbox 882 853 995 891; x_wconf 89' lang='lat' dir='ltr'><em>beati</em></span> <span class='ocrx_word' id='word_1_105' title='bbox 1024 853 1195 891; x_wconf 80' lang='lat' dir='ltr'><em>Joannis</em></span> <span class='ocrx_word' id='word_1_106' title='bbox 1223 853 1439 904; x_wconf 71' lang='lat' dir='ltr'><em>Baptistae</em></span> <span class='ocrx_word' id='word_1_107' title='bbox 1469 854 1570 903; x_wconf 78' lang='lat' dir='ltr'><em>quod</em></span> <span class='ocrx_word' id='word_1_108' title='bbox 1596 867 1729 891; x_wconf 85' lang='lat' dir='ltr'><em>omnes</em></span> <span class='ocrx_word' id='word_1_109' title='bbox 1756 851 1985 890; x_wconf 84' lang='lat' dir='ltr'><em>cardinales·</em></span> 
     </span>
     <span class='ocr_line' id='line_1_12' title="bbox 254 911 1983 963; baseline 0 -15"><span class='ocrx_word' id='word_1_110' title='bbox 254 911 444 961; x_wconf 81' lang='lat' dir='ltr'><em>Anagnie</em></span> <span class='ocrx_word' id='word_1_111' title='bbox 467 912 678 950; x_wconf 84' lang='lat' dir='ltr'><em>residentes</em></span> <span class='ocrx_word' id='word_1_112' title='bbox 701 913 990 950; x_wconf 79' lang='lat' dir='ltr'><em>concordabant</em></span> <span class='ocrx_word' id='word_1_113' title='bbox 1013 913 1114 963; x_wconf 81' lang='lat' dir='ltr'><em>quod</em></span> <span class='ocrx_word' id='word_1_114' title='bbox 1137 913 1207 950; x_wconf 80' lang='lat' dir='ltr'><em>iste</em></span> <span class='ocrx_word' id='word_1_115' title='bbox 1232 913 1287 963; x_wconf 90' lang='lat' dir='ltr'><em>(id</em></span> <span class='ocrx_word' id='word_1_116' title='bbox 1312 921 1386 960; x_wconf 85' lang='lat' dir='ltr'><em>est,</em></span> <span class='ocrx_word' id='word_1_117' title='bbox 1414 913 1622 962; x_wconf 86' lang='lat' dir='ltr'><em>Urbanus)</em></span> <span class='ocrx_word' id='word_1_118' title='bbox 1649 927 1728 949; x_wconf 87' lang='lat' dir='ltr'><em>non</em></span> <span class='ocrx_word' id='word_1_119' title='bbox 1751 920 1832 949; x_wconf 88' lang='lat' dir='ltr'><em>erat</em></span> <span class='ocrx_word' id='word_1_120' title='bbox 1853 922 1983 961; x_wconf 74' lang='lat' dir='ltr'><em>papa,</em></span> 
     </span>
     <span class='ocr_line' id='line_1_13' title="bbox 255 970 1986 1023; baseline -0.001 -15"><span class='ocrx_word' id='word_1_121' title='bbox 255 979 408 1021; x_wconf 69' lang='lat' dir='ltr'><em>excepto</em></span> <span class='ocrx_word' id='word_1_122' title='bbox 428 972 587 1009; x_wconf 88' lang='lat' dir='ltr'><em>domino</em></span> <span class='ocrx_word' id='word_1_123' title='bbox 607 973 651 1009; x_wconf 90' lang='lat' dir='ltr'><em>de</em></span> <span class='ocrx_word' id='word_1_124' title='bbox 670 972 893 1021; x_wconf 81' lang='lat' dir='ltr'><em>Aragonia,</em></span> <span class='ocrx_word' id='word_1_125' title='bbox 915 972 981 1022; x_wconf 79' lang='lat' dir='ltr'><em>qui</em></span> <span class='ocrx_word' id='word_1_126' title='bbox 1001 972 1153 1010; x_wconf 89' lang='lat' dir='ltr'><em>dicebat</em></span> <span class='ocrx_word' id='word_1_127' title='bbox 1172 973 1273 1023; x_wconf 79' lang='lat' dir='ltr'><em>quod</em></span> <span class='ocrx_word' id='word_1_128' title='bbox 1291 973 1440 1010; x_wconf 69' lang='lat' dir='ltr'><em>volebat</em></span> <span class='ocrx_word' id='word_1_129' title='bbox 1456 973 1621 1020; x_wconf 91' lang='lat' dir='ltr'><em>studere,</em></span> <span class='ocrx_word' id='word_1_130' title='bbox 1643 972 1738 1022; x_wconf 79' lang='lat' dir='ltr'><em>quia</em></span> <span class='ocrx_word' id='word_1_131' title='bbox 1755 979 1836 1009; x_wconf 88' lang='lat' dir='ltr'><em>erat</em></span> <span class='ocrx_word' id='word_1_132' title='bbox 1855 970 1986 1008; x_wconf 56' lang='lat' dir='ltr'><em>nimis*</em></span> 
     </span>
     <span class='ocr_line' id='line_1_14' title="bbox 255 1030 1976 1082; baseline 0 -15"><span class='ocrx_word' id='word_1_133' title='bbox 255 1031 575 1070; x_wconf 77' lang='lat' dir='ltr'><em>conscientiosuS.</em></span> <span class='ocrx_word' id='word_1_134' title='bbox 598 1032 712 1069; x_wconf 86' lang='lat' dir='ltr'><em>Istud</em></span> <span class='ocrx_word' id='word_1_135' title='bbox 729 1032 913 1073; x_wconf 86' lang='lat' dir='ltr'><em>ultimum</em></span> <span class='ocrx_word' id='word_1_136' title='bbox 930 1046 998 1081; x_wconf 80' lang='lat' dir='ltr'><em>ego</em></span> <span class='ocrx_word' id='word_1_137' title='bbox 1015 1032 1131 1070; x_wconf 88' lang='lat' dir='ltr'><em>retuli</em></span> <span class='ocrx_word' id='word_1_138' title='bbox 1148 1033 1307 1070; x_wconf 86' lang='lat' dir='ltr'><em>domino</em></span> <span class='ocrx_word' id='word_1_139' title='bbox 1325 1033 1368 1070; x_wconf 88' lang='lat' dir='ltr'><em>de</em></span> <span class='ocrx_word' id='word_1_140' title='bbox 1385 1032 1608 1081; x_wconf 80' lang='lat' dir='ltr'><em>Aragonia,</em></span> <span class='ocrx_word' id='word_1_141' title='bbox 1628 1031 1694 1082; x_wconf 79' lang='lat' dir='ltr'><em>qui</em></span> <span class='ocrx_word' id='word_1_142' title='bbox 1712 1031 1813 1069; x_wconf 72' lang='lat' dir='ltr'><em>dixit</em></span> <span class='ocrx_word' id='word_1_143' title='bbox 1830 1030 1949 1068; x_wconf 75' lang='lat' dir='ltr'><em>michi</em></span> <span class='ocrx_word' id='word_1_144' title='bbox 1969 1045 1976 1067; x_wconf 89' lang='grc'>;</span> 
     </span>
     <span class='ocr_line' id='line_1_15' title="bbox 252 1090 1983 1141; baseline -0.001 -13"><span class='ocrx_word' id='word_1_145' title='bbox 252 1090 424 1128; x_wconf 87' lang='lat' dir='ltr'><em>Domine</em></span> <span class='ocrx_word' id='word_1_146' title='bbox 451 1091 825 1139; x_wconf 63' lang='lat' dir='ltr'><em>Alvare,&#39;dominus</em></span> <span class='ocrx_word' id='word_1_147' title='bbox 853 1106 962 1129; x_wconf 89' lang='lat' dir='ltr'><em>meus</em></span> <span class='ocrx_word' id='word_1_148' title='bbox 997 1092 1266 1129; x_wconf 88' lang='lat' dir='ltr'><em>Gebennensis</em></span> <span class='ocrx_word' id='word_1_149' title='bbox 1295 1092 1466 1141; x_wconf 72' lang='lat' dir='ltr'><em>infamat</em></span> <span class='ocrx_word' id='word_1_150' title='bbox 1493 1106 1552 1129; x_wconf 89' lang='lat' dir='ltr'><em>me</em></span> <span class='ocrx_word' id='word_1_151' title='bbox 1579 1100 1613 1129; x_wconf 90' lang='lat' dir='ltr'><em>et</em></span> <span class='ocrx_word' id='word_1_152' title='bbox 1640 1091 1735 1129; x_wconf 91' lang='lat' dir='ltr'><em>dicit</em></span> <span class='ocrx_word' id='word_1_153' title='bbox 1763 1091 1864 1141; x_wconf 79' lang='lat' dir='ltr'><em>quod</em></span> <span class='ocrx_word' id='word_1_154' title='bbox 1889 1104 1983 1127; x_wconf 87' lang='lat' dir='ltr'><em>sum</em></span> 
     </span>
     <span class='ocr_line' id='line_1_16' title="bbox 256 1149 1983 1201; baseline 0 -15"><span class='ocrx_word' id='word_1_155' title='bbox 256 1150 379 1187; x_wconf 85' lang='lat' dir='ltr'><em>nimis</em></span> <span class='ocrx_word' id='word_1_156' title='bbox 403 1151 723 1190; x_wconf 85' lang='lat' dir='ltr'><em>conscientiosus.</em></span> <span class='ocrx_word' id='word_1_157' title='bbox 750 1151 801 1189; x_wconf 90' lang='lat' dir='ltr'><em>Et</em></span> <span class='ocrx_word' id='word_1_158' title='bbox 824 1160 919 1189; x_wconf 87' lang='lat' dir='ltr'><em>certe</em></span> <span class='ocrx_word' id='word_1_159' title='bbox 942 1166 1010 1201; x_wconf 80' lang='lat' dir='ltr'><em>ego</em></span> <span class='ocrx_word' id='word_1_160' title='bbox 1035 1152 1117 1189; x_wconf 63' lang='lat' dir='ltr'><em>volo</em></span> <span class='ocrx_word' id='word_1_161' title='bbox 1142 1152 1269 1189; x_wconf 67' lang='lat' dir='ltr'><em>videre</em></span> <span class='ocrx_word' id='word_1_162' title='bbox 1292 1160 1326 1189; x_wconf 89' lang='lat' dir='ltr'><em>et</em></span> <span class='ocrx_word' id='word_1_163' title='bbox 1353 1152 1443 1189; x_wconf 89' lang='lat' dir='ltr'><em>bene</em></span> <span class='ocrx_word' id='word_1_164' title='bbox 1468 1152 1594 1189; x_wconf 69' lang='lat' dir='ltr'><em>videre</em></span> <span class='ocrx_word' id='word_1_165' title='bbox 1619 1151 1715 1201; x_wconf 80' lang='lat' dir='ltr'><em>quid</em></span> <span class='ocrx_word' id='word_1_166' title='bbox 1735 1150 1858 1200; x_wconf 81' lang='lat' dir='ltr'><em>juris3</em></span> <span class='ocrx_word' id='word_1_167' title='bbox 1885 1149 1983 1199; x_wconf 75' lang='lat' dir='ltr'><em>quia</em></span> 
     </span>
     <span class='ocr_line' id='line_1_17' title="bbox 255 1209 1980 1261; baseline 0 -15"><span class='ocrx_word' id='word_1_168' title='bbox 255 1224 338 1260; x_wconf 65' lang='lat' dir='ltr'><em>vere</em></span> <span class='ocrx_word' id='word_1_169' title='bbox 364 1210 449 1247; x_wconf 86' lang='lat' dir='ltr'><em>dico</em></span> <span class='ocrx_word' id='word_1_170' title='bbox 476 1211 585 1248; x_wconf 67' lang='lat' dir='ltr'><em>vobis</em></span> <span class='ocrx_word' id='word_1_171' title='bbox 611 1212 713 1261; x_wconf 72' lang='lat' dir='ltr'><em>quod</em></span> <span class='ocrx_word' id='word_1_172' title='bbox 736 1211 772 1248; x_wconf 89' lang='lat' dir='ltr'><em>si</em></span> <span class='ocrx_word' id='word_1_173' title='bbox 798 1212 910 1249; x_wconf 87' lang='lat' dir='ltr'><em>modo</em></span> <span class='ocrx_word' id='word_1_174' title='bbox 936 1212 1208 1249; x_wconf 76' lang='lat' dir='ltr'><em>concordarent</em></span> <span class='ocrx_word' id='word_1_175' title='bbox 1234 1226 1323 1249; x_wconf 91' lang='lat' dir='ltr'><em>cum</em></span> <span class='ocrx_word' id='word_1_176' title='bbox 1348 1211 1404 1248; x_wconf 92' lang='lat' dir='ltr'><em>eis</em></span> <span class='ocrx_word' id='word_1_177' title='bbox 1429 1219 1464 1248; x_wconf 89' lang='lat' dir='ltr'><em>et</em></span> <span class='ocrx_word' id='word_1_178' title='bbox 1488 1226 1610 1248; x_wconf 90' lang='lat' dir='ltr'><em>essem</em></span> <span class='ocrx_word' id='word_1_179' title='bbox 1637 1211 1680 1248; x_wconf 86' lang='lat' dir='ltr'><em>in</em></span> <span class='ocrx_word' id='word_1_180' title='bbox 1705 1209 1919 1256; x_wconf 68' lang='lat' dir='ltr'><em>Avinione,</em></span> <span class='ocrx_word' id='word_1_181' title='bbox 1946 1216 1980 1246; x_wconf 89' lang='lat' dir='ltr'><em>et</em></span> 
     </span>
     <span class='ocr_line' id='line_1_18' title="bbox 254 1269 1983 1321; baseline -0.001 -14"><span class='ocrx_word' id='word_1_182' title='bbox 254 1277 389 1319; x_wconf 88' lang='lat' dir='ltr'><em>postea</em></span> <span class='ocrx_word' id='word_1_183' title='bbox 409 1271 626 1308; x_wconf 65' lang='lat' dir='ltr'><em>invenirem</em></span> <span class='ocrx_word' id='word_1_184' title='bbox 645 1271 689 1308; x_wconf 89' lang='lat' dir='ltr'><em>de</em></span> <span class='ocrx_word' id='word_1_185' title='bbox 705 1271 794 1320; x_wconf 88' lang='lat' dir='ltr'><em>jure</em></span> <span class='ocrx_word' id='word_1_186' title='bbox 813 1272 915 1321; x_wconf 80' lang='lat' dir='ltr'><em>quod</em></span> <span class='ocrx_word' id='word_1_187' title='bbox 933 1271 1003 1309; x_wconf 91' lang='lat' dir='ltr'><em>iste</em></span> <span class='ocrx_word' id='word_1_188' title='bbox 1021 1279 1117 1309; x_wconf 85' lang='lat' dir='ltr'><em>esset</em></span> <span class='ocrx_word' id='word_1_189' title='bbox 1136 1286 1248 1309; x_wconf 71' lang='lat' dir='ltr'><em>verus</em></span> <span class='ocrx_word' id='word_1_190' title='bbox 1266 1286 1388 1321; x_wconf 92' lang='lat' dir='ltr'><em>papa,</em></span> <span class='ocrx_word' id='word_1_191' title='bbox 1408 1282 1483 1320; x_wconf 73' lang='lat' dir='ltr'><em>ego·</em></span> <span class='ocrx_word' id='word_1_192' title='bbox 1496 1271 1667 1308; x_wconf 69' lang='lat' dir='ltr'><em>venirem</em></span> <span class='ocrx_word' id='word_1_193' title='bbox 1685 1270 1737 1307; x_wconf 92' lang='lat' dir='ltr'><em>ad</em></span> <span class='ocrx_word' id='word_1_194' title='bbox 1753 1284 1843 1307; x_wconf 89' lang='lat' dir='ltr'><em>eum</em></span> <span class='ocrx_word' id='word_1_195' title='bbox 1861 1269 1983 1306; x_wconf 84' lang='lat' dir='ltr'><em>etiam¹</em></span> 
     </span>
     <span class='ocr_line' id='line_1_19' title="bbox 256 1329 1977 1380; baseline -0.001 -14"><span class='ocrx_word' id='word_1_196' title='bbox 256 1329 377 1366; x_wconf 90' lang='lat' dir='ltr'><em>nudis</em></span> <span class='ocrx_word' id='word_1_197' title='bbox 403 1330 585 1379; x_wconf 85' lang='lat' dir='ltr'><em>pedibus,</em></span> <span class='ocrx_word' id='word_1_198' title='bbox 613 1330 648 1367; x_wconf 92' lang='lat' dir='ltr'><em>si</em></span> <span class='ocrx_word' id='word_1_199' title='bbox 676 1331 780 1368; x_wconf 82' lang='lat' dir='ltr'><em>alias</em></span> <span class='ocrx_word' id='word_1_200' title='bbox 807 1345 886 1368; x_wconf 88' lang='lat' dir='ltr'><em>non</em></span> <span class='ocrx_word' id='word_1_201' title='bbox 913 1345 1079 1380; x_wconf 88' lang='lat' dir='ltr'><em>possem.</em></span> <span class='ocrx_word' id='word_1_202' title='bbox 1110 1331 1168 1369; x_wconf 90' lang='lat' dir='ltr'><em>De</em></span> <span class='ocrx_word' id='word_1_203' title='bbox 1196 1331 1387 1369; x_wconf 82' lang='lat' dir='ltr'><em>laudibus</em></span> <span class='ocrx_word' id='word_1_204' title='bbox 1411 1331 1502 1380; x_wconf 72' lang='lat' dir='ltr'><em>&#39;ejus</em></span> <span class='ocrx_word' id='word_1_205' title='bbox 1530 1330 1624 1368; x_wconf 88' lang='lat' dir='ltr'><em>vide</em></span> <span class='ocrx_word' id='word_1_206' title='bbox 1651 1343 1814 1369; x_wconf 85' lang='lat' dir='ltr'><em>rursum</em></span> <span class='ocrx_word' id='word_1_207' title='bbox 1840 1342 1977 1379; x_wconf 89' lang='lat' dir='ltr'><em>supra,</em></span> 
     </span>
     <span class='ocr_line' id='line_1_20' title="bbox 254 1387 1982 1441; baseline -0.001 -14"><span class='ocrx_word' id='word_1_208' title='bbox 254 1403 294 1439; x_wconf 89' lang='lat' dir='ltr'><em>p.</em></span> <span class='ocrx_word' id='word_1_209' title='bbox 312 1388 402 1437; x_wconf 84' lang='lat'><em>977,</em></span> <span class='ocrx_word' id='word_1_210' title='bbox 419 1390 490 1427; x_wconf 91' lang='lat' dir='ltr'><em>ubi</em></span> <span class='ocrx_word' id='word_1_211' title='bbox 506 1399 647 1430; x_wconf 89' lang='lat' dir='ltr'><em>actum</em></span> <span class='ocrx_word' id='word_1_212' title='bbox 662 1398 725 1429; x_wconf 91' lang='lat' dir='ltr'><em>est</em></span> <span class='ocrx_word' id='word_1_213' title='bbox 740 1390 789 1429; x_wconf 88' lang='lat' dir='ltr'><em>de</em></span> <span class='ocrx_word' id='word_1_214' title='bbox 806 1390 1017 1430; x_wconf 73' lang='lat' dir='ltr'><em>academia</em></span> <span class='ocrx_word' id='word_1_215' title='bbox 1035 1390 1378 1441; x_wconf 87' lang='lat' dir='ltr'><em>Montipessulani</em></span> <span class='ocrx_word' id='word_1_216' title='bbox 1398 1389 1426 1428; x_wconf 78' lang='lat'><em>2.</em></span> <span class='ocrx_word' id='word_1_217' title='bbox 1444 1391 1618 1428; x_wconf 79' lang='lat' dir='ltr'><em>Constat</em></span> <span class='ocrx_word' id='word_1_218' title='bbox 1633 1403 1727 1439; x_wconf 86' lang='lat' dir='ltr'><em>ergo</em></span> <span class='ocrx_word' id='word_1_219' title='bbox 1744 1390 1912 1427; x_wconf 88' lang='lat' dir='ltr'><em>Petrum</em></span> <span class='ocrx_word' id='word_1_220' title='bbox 1930 1387 1982 1426; x_wconf 85' lang='lat' dir='ltr'><em>de</em></span> 
     </span>
     <span class='ocr_line' id='line_1_21' title="bbox 257 1448 1979 1500; baseline -0.002 -12"><span class='ocrx_word' id='word_1_221' title='bbox 257 1449 373 1489; x_wconf 86' lang='lat' dir='ltr'><em>Luna</em></span> <span class='ocrx_word' id='word_1_222' title='bbox 399 1463 528 1499; x_wconf 88' lang='lat' dir='ltr'><em>usque</em></span> <span class='ocrx_word' id='word_1_223' title='bbox 555 1450 607 1487; x_wconf 91' lang='lat' dir='ltr'><em>ad</em></span> <span class='ocrx_word' id='word_1_224' title='bbox 633 1464 679 1488; x_wconf 92' lang='lat' dir='ltr'><em>ea</em></span> <span class='ocrx_word' id='word_1_225' title='bbox 704 1458 894 1500; x_wconf 88' lang='lat' dir='ltr'><em>tempora</em></span> <span class='ocrx_word' id='word_1_226' title='bbox 921 1450 1205 1489; x_wconf 79' lang='lat' dir='ltr'><em>existimatum</em></span> <span class='ocrx_word' id='word_1_227' title='bbox 1234 1450 1357 1488; x_wconf 81' lang='lat' dir='ltr'><em>fuisse</em></span> <span class='ocrx_word' id='word_1_228' title='bbox 1383 1450 1517 1487; x_wconf 72' lang='lat' dir='ltr'><em>virum</em></span> <span class='ocrx_word' id='word_1_229' title='bbox 1544 1449 1752 1488; x_wconf 88' lang='lat' dir='ltr'><em>eruditum</em></span> <span class='ocrx_word' id='word_1_230' title='bbox 1780 1457 1821 1487; x_wconf 87' lang='lat' dir='ltr'><em>et</em></span> <span class='ocrx_word' id='word_1_231' title='bbox 1846 1448 1979 1485; x_wconf 87' lang='lat' dir='ltr'><em>bonae</em></span> 
     </span>
     <span class='ocr_line' id='line_1_22' title="bbox 255 1506 1984 1560; baseline -0.002 -14"><span class='ocrx_word' id='word_1_232' title='bbox 255 1508 404 1547; x_wconf 88' lang='lat' dir='ltr'><em>famae.</em></span> <span class='ocrx_word' id='word_1_233' title='bbox 428 1509 580 1547; x_wconf 79' lang='lat' dir='ltr'><em>Contra</em></span> <span class='ocrx_word' id='word_1_234' title='bbox 602 1509 645 1547; x_wconf 90' lang='lat' dir='ltr'><em>in</em></span> <span class='ocrx_word' id='word_1_235' title='bbox 667 1510 964 1549; x_wconf 88' lang='lat' dir='ltr'><em>commentario</em></span> <span class='ocrx_word' id='word_1_236' title='bbox 987 1509 1147 1548; x_wconf 87' lang='lat' dir='ltr'><em>Alfonsi</em></span> <span class='ocrx_word' id='word_1_237' title='bbox 1168 1508 1377 1557; x_wconf 86' lang='lat' dir='ltr'><em>eremitae,</em></span> <span class='ocrx_word' id='word_1_238' title='bbox 1402 1509 1497 1549; x_wconf 90' lang='lat' dir='ltr'><em>olim</em></span> <span class='ocrx_word' id='word_1_239' title='bbox 1520 1508 1700 1560; x_wconf 78' lang='lat' dir='ltr'><em>episcopi</em></span> <span class='ocrx_word' id='word_1_240' title='bbox 1723 1506 1984 1554; x_wconf 80' lang='lat' dir='ltr'><em>Giennensis,</em></span> 
     </span>
     <span class='ocr_line' id='line_1_23' title="bbox 255 1566 1978 1620; baseline -0.001 -15"><span class='ocrx_word' id='word_1_241' title='bbox 255 1583 328 1618; x_wconf 92' lang='lat' dir='ltr'><em>pro</em></span> <span class='ocrx_word' id='word_1_242' title='bbox 348 1568 583 1607; x_wconf 85' lang='lat' dir='ltr'><em>defensione</em></span> <span class='ocrx_word' id='word_1_243' title='bbox 607 1569 790 1619; x_wconf 85' lang='lat' dir='ltr'><em>partium</em></span> <span class='ocrx_word' id='word_1_244' title='bbox 816 1569 976 1607; x_wconf 78' lang='lat' dir='ltr'><em>Urbani</em></span> <span class='ocrx_word' id='word_1_245' title='bbox 1000 1569 1057 1607; x_wconf 87' lang='lat' dir='ltr'><em>VI</em></span> <span class='ocrx_word' id='word_1_246' title='bbox 1082 1569 1194 1620; x_wconf 89' lang='lat' dir='ltr'><em>apud</em></span> <span class='ocrx_word' id='word_1_247' title='bbox 1220 1570 1442 1608; x_wconf 87' lang='lat' dir='ltr'><em>Odoricum</em></span> <span class='ocrx_word' id='word_1_248' title='bbox 1469 1569 1748 1618; x_wconf 83' lang='lat' dir='ltr'><em>Raynaldum,</em></span> <span class='ocrx_word' id='word_1_249' title='bbox 1770 1581 1835 1605; x_wconf 89' lang='lat' dir='ltr'><em>an.</em></span> <span class='ocrx_word' id='word_1_250' title='bbox 1863 1566 1978 1614; x_wconf 86' lang='grc'>1379,</span> 
     </span>
     <span class='ocr_line' id='line_1_24' title="bbox 263 1626 1988 1678; baseline -0.001 -13"><span class='ocrx_word' id='word_1_251' title='bbox 263 1627 279 1676; x_wconf 60' lang='grc' dir='ltr'><strong>ἓ</strong></span> <span class='ocrx_word' id='word_1_252' title='bbox 306 1627 367 1675; x_wconf 89' lang='grc'><em>19,</em></span> <span class='ocrx_word' id='word_1_253' title='bbox 392 1628 451 1666; x_wconf 88' lang='lat' dir='ltr'><em>ita</em></span> <span class='ocrx_word' id='word_1_254' title='bbox 476 1629 625 1678; x_wconf 81' lang='lat' dir='ltr'><em>legitur</em></span> <span class='ocrx_word' id='word_1_255' title='bbox 651 1645 657 1666; x_wconf 93' lang='lat'>:</span> <span class='ocrx_word' id='word_1_256' title='bbox 688 1629 878 1667; x_wconf 90' lang='lat' dir='ltr'><em>Istudmet</em></span> <span class='ocrx_word' id='word_1_257' title='bbox 901 1629 1115 1667; x_wconf 86' lang='lat' dir='ltr'><em>consilium</em></span> <span class='ocrx_word' id='word_1_258' title='bbox 1138 1644 1206 1678; x_wconf 76' lang='lat' dir='ltr'><em>ego</em></span> <span class='ocrx_word' id='word_1_259' title='bbox 1231 1629 1354 1667; x_wconf 81' lang='lat' dir='ltr'><em>habui</em></span> <span class='ocrx_word' id='word_1_260' title='bbox 1378 1644 1403 1666; x_wconf 90' lang='lat' dir='ltr'><em>a</em></span> <span class='ocrx_word' id='word_1_261' title='bbox 1427 1629 1585 1666; x_wconf 87' lang='lat' dir='ltr'><em>domino</em></span> <span class='ocrx_word' id='word_1_262' title='bbox 1610 1629 1654 1666; x_wconf 90' lang='lat' dir='ltr'><em>de</em></span> <span class='ocrx_word' id='word_1_263' title='bbox 1677 1628 1808 1674; x_wconf 86' lang='lat' dir='ltr'><em>Luna,</em></span> <span class='ocrx_word' id='word_1_264' title='bbox 1835 1626 1902 1677; x_wconf 79' lang='lat' dir='ltr'><em>qui</em></span> <span class='ocrx_word' id='word_1_265' title='bbox 1926 1633 1988 1663; x_wconf 72' lang='lat' dir='ltr'><em>est-</em></span> 
     </span>
     <span class='ocr_line' id='line_1_25' title="bbox 257 1686 1983 1738; baseline -0.001 -14"><span class='ocrx_word' id='word_1_266' title='bbox 257 1687 384 1725; x_wconf 89' lang='lat' dir='ltr'><em>doctor</em></span> <span class='ocrx_word' id='word_1_267' title='bbox 406 1703 577 1737; x_wconf 77' lang='lat' dir='ltr'><em>magnus</em></span> <span class='ocrx_word' id='word_1_268' title='bbox 600 1689 643 1726; x_wconf 82' lang='lat' dir='ltr'><em>in</em></span> <span class='ocrx_word' id='word_1_269' title='bbox 663 1689 849 1736; x_wconf 76' lang='lat' dir='ltr'><em>scientia,</em></span> <span class='ocrx_word' id='word_1_270' title='bbox 873 1698 907 1727; x_wconf 89' lang='lat' dir='ltr'><em>et</em></span> <span class='ocrx_word' id='word_1_271' title='bbox 929 1689 1084 1727; x_wconf 86' lang='lat' dir='ltr'><em>utinam</em></span> <span class='ocrx_word' id='word_1_272' title='bbox 1105 1697 1202 1726; x_wconf 87' lang='lat' dir='ltr'><em>esset</em></span> <span class='ocrx_word' id='word_1_273' title='bbox 1222 1697 1355 1726; x_wconf 87' lang='lat' dir='ltr'><em>tantus</em></span> <span class='ocrx_word' id='word_1_274' title='bbox 1379 1689 1421 1726; x_wconf 89' lang='lat' dir='ltr'><em>in</em></span> <span class='ocrx_word' id='word_1_275' title='bbox 1443 1689 1657 1738; x_wconf 76' lang='lat' dir='ltr'><em>profunda,</em></span> <span class='ocrx_word' id='word_1_276' title='bbox 1681 1686 1824 1724; x_wconf 75' lang='lat' dir='ltr'><em>humili</em></span> <span class='ocrx_word' id='word_1_277' title='bbox 1846 1694 1880 1724; x_wconf 91' lang='lat' dir='ltr'><em>et</em></span> <span class='ocrx_word' id='word_1_278' title='bbox 1901 1698 1983 1723; x_wconf 55' lang='lat' dir='ltr'><em>non*</em></span> 
     </span>
     <span class='ocr_line' id='line_1_26' title="bbox 256 1745 1978 1799; baseline -0.001 -15"><span class='ocrx_word' id='word_1_279' title='bbox 256 1747 470 1785; x_wconf 88' lang='lat' dir='ltr'><em>ambitiosa</em></span> <span class='ocrx_word' id='word_1_280' title='bbox 499 1748 752 1787; x_wconf 84' lang='lat' dir='ltr'><em>conscientia.</em></span> <span class='ocrx_word' id='word_1_281' title='bbox 786 1748 863 1787; x_wconf 84' lang='lat' dir='ltr'><em>Sed</em></span> <span class='ocrx_word' id='word_1_282' title='bbox 893 1749 1002 1786; x_wconf 88' lang='lat' dir='ltr'><em>ultra</em></span> <span class='ocrx_word' id='word_1_283' title='bbox 1032 1763 1244 1799; x_wconf 87' lang='lat' dir='ltr'><em>progressa</em></span> <span class='ocrx_word' id='word_1_284' title='bbox 1275 1757 1337 1787; x_wconf 90' lang='lat' dir='ltr'><em>est</em></span> <span class='ocrx_word' id='word_1_285' title='bbox 1367 1748 1553 1786; x_wconf 88' lang='lat' dir='ltr'><em>audacia.</em></span> <span class='ocrx_word' id='word_1_286' title='bbox 1590 1748 1635 1785; x_wconf 86' lang='lat' dir='ltr'><em>In</em></span> <span class='ocrx_word' id='word_1_287' title='bbox 1665 1746 1796 1785; x_wconf 90' lang='lat' dir='ltr'><em>veteri</em></span> <span class='ocrx_word' id='word_1_288' title='bbox 1827 1745 1978 1796; x_wconf 88' lang='lat' dir='ltr'><em>quippe</em></span> 
     </span>
     <span class='ocr_line' id='line_1_27' title="bbox 258 1805 1988 1858; baseline -0.002 -14"><span class='ocrx_word' id='word_1_289' title='bbox 258 1806 394 1845; x_wconf 89' lang='lat' dir='ltr'><em>codice</em></span> <span class='ocrx_word' id='word_1_290' title='bbox 428 1821 503 1847; x_wconf 86' lang='lat' dir='ltr'><em>ms.</em></span> <span class='ocrx_word' id='word_1_291' title='bbox 527 1808 732 1846; x_wconf 80' lang='lat' dir='ltr'><em>Ecclesiae</em></span> <span class='ocrx_word' id='word_1_292' title='bbox 765 1808 1094 1858; x_wconf 82' lang='lat' dir='ltr'><em>Burdegalensis,</em></span> <span class='ocrx_word' id='word_1_293' title='bbox 1129 1808 1245 1858; x_wconf 87' lang='lat' dir='ltr'><em>cujus</em></span> <span class='ocrx_word' id='word_1_294' title='bbox 1280 1808 1490 1858; x_wconf 82' lang='lat' dir='ltr'><em>exemplar</em></span> <span class='ocrx_word' id='word_1_295' title='bbox 1527 1815 1737 1858; x_wconf 85' lang='lat' dir='ltr'><em>repertum</em></span> <span class='ocrx_word' id='word_1_296' title='bbox 1770 1814 1832 1845; x_wconf 90' lang='lat' dir='ltr'><em>est</em></span> <span class='ocrx_word' id='word_1_297' title='bbox 1873 1805 1988 1842; x_wconf 73' lang='lat' dir='ltr'><em>inter</em></span> 
     </span>
     <span class='ocr_line' id='line_1_28' title="bbox 257 1865 1987 1916; baseline -0.001 -12"><span class='ocrx_word' id='word_1_298' title='bbox 257 1867 426 1905; x_wconf 84' lang='lat' dir='ltr'><em>schedas</em></span> <span class='ocrx_word' id='word_1_299' title='bbox 449 1867 525 1905; x_wconf 90' lang='lat' dir='ltr'><em>viri</em></span> <span class='ocrx_word' id='word_1_300' title='bbox 547 1867 797 1906; x_wconf 81' lang='lat' dir='ltr'><em>celeberrimi</em></span> <span class='ocrx_word' id='word_1_301' title='bbox 818 1868 1006 1906; x_wconf 89' lang='lat' dir='ltr'><em>Andreae</em></span> <span class='ocrx_word' id='word_1_302' title='bbox 1030 1868 1265 1915; x_wconf 89' lang='lat' dir='ltr'><em>Duchesnii,</em></span> <span class='ocrx_word' id='word_1_303' title='bbox 1287 1868 1329 1905; x_wconf 88' lang='lat' dir='ltr'><em>in</em></span> <span class='ocrx_word' id='word_1_304' title='bbox 1354 1868 1447 1905; x_wconf 79' lang='lat' dir='ltr'><em>Vita</em></span> <span class='ocrx_word' id='word_1_305' title='bbox 1473 1867 1652 1916; x_wconf 81' lang='lat' dir='ltr'><em>Gregorii</em></span> <span class='ocrx_word' id='word_1_306' title='bbox 1672 1866 1753 1913; x_wconf 90' lang='lat' dir='ltr'><em>XI,</em></span> <span class='ocrx_word' id='word_1_307' title='bbox 1767 1866 1847 1904; x_wconf 90' lang='lat' dir='ltr'><em>ista</em></span> <span class='ocrx_word' id='word_1_308' title='bbox 1864 1865 1912 1903; x_wconf 92' lang='lat' dir='ltr'><em>de</em></span> <span class='ocrx_word' id='word_1_309' title='bbox 1933 1878 1987 1902; x_wconf 39' lang='lat' dir='ltr'><em>eo*-</em></span> 
     </span>
     <span class='ocr_line' id='line_1_29' title="bbox 260 1923 1985 1977; baseline -0.001 -14"><span class='ocrx_word' id='word_1_310' title='bbox 260 1926 482 1976; x_wconf 85' lang='lat' dir='ltr'><em>leguntur:</em></span> <span class='ocrx_word' id='word_1_311' title='bbox 516 1927 597 1965; x_wconf 84' lang='lat' dir='ltr'><em>Hic</em></span> <span class='ocrx_word' id='word_1_312' title='bbox 629 1927 860 1977; x_wconf 74' lang='lat' dir='ltr'><em>conferendo</em></span> <span class='ocrx_word' id='word_1_313' title='bbox 874 1926 903 1975; x_wconf 83' lang='lat'><em>3,</em></span> <span class='ocrx_word' id='word_1_314' title='bbox 938 1936 1016 1966; x_wconf 89' lang='lat' dir='ltr'><em>etc.</em></span> <span class='ocrx_word' id='word_1_315' title='bbox 1054 1928 1134 1966; x_wconf 90' lang='lat' dir='ltr'><em>Cur</em></span> <span class='ocrx_word' id='word_1_316' title='bbox 1167 1942 1275 1977; x_wconf 84' lang='lat' dir='ltr'><em>ergo,</em></span> <span class='ocrx_word' id='word_1_317' title='bbox 1304 1927 1337 1966; x_wconf 88' lang='lat' dir='ltr'><em>si</em></span> <span class='ocrx_word' id='word_1_318' title='bbox 1368 1927 1448 1965; x_wconf 88' lang='lat' dir='ltr'><em>ista</em></span> <span class='ocrx_word' id='word_1_319' title='bbox 1478 1941 1575 1965; x_wconf 90' lang='lat' dir='ltr'><em>vera</em></span> <span class='ocrx_word' id='word_1_320' title='bbox 1609 1934 1719 1973; x_wconf 88' lang='lat' dir='ltr'><em>sunt,</em></span> <span class='ocrx_word' id='word_1_321' title='bbox 1761 1923 1985 1974; x_wconf 76' lang='lat' dir='ltr'><em>Gregorius</em></span> 
     </span>
     <span class='ocr_line' id='line_1_30' title="bbox 252 1984 1978 2038; baseline -0.002 -15"><span class='ocrx_word' id='word_1_322' title='bbox 252 1985 372 2023; x_wconf 88' lang='lat' dir='ltr'><em>illum</em></span> <span class='ocrx_word' id='word_1_323' title='bbox 396 1987 560 2025; x_wconf 82' lang='lat' dir='ltr'><em>ornavit</em></span> <span class='ocrx_word' id='word_1_324' title='bbox 583 2002 629 2025; x_wconf 92' lang='lat' dir='ltr'><em>eo</em></span> <span class='ocrx_word' id='word_1_325' title='bbox 653 1987 869 2037; x_wconf 78' lang='lat' dir='ltr'><em>dignitatis</em></span> <span class='ocrx_word' id='word_1_326' title='bbox 894 1987 1137 2038; x_wconf 81' lang='lat' dir='ltr'><em>splendore?</em></span> <span class='ocrx_word' id='word_1_327' title='bbox 1162 1987 1376 2025; x_wconf 84' lang='lat' dir='ltr'><em>Assentior</em></span> <span class='ocrx_word' id='word_1_328' title='bbox 1393 1987 1535 2036; x_wconf 88' lang='lat' dir='ltr'><em>itaque</em></span> <span class='ocrx_word' id='word_1_329' title='bbox 1557 1985 1734 2024; x_wconf 89' lang='lat' dir='ltr'><em>Henrico</em></span> <span class='ocrx_word' id='word_1_330' title='bbox 1755 1984 1978 2035; x_wconf 84' lang='lat' dir='ltr'><em>Spondano</em></span> 
     </span>
     <span class='ocr_line' id='line_1_31' title="bbox 257 2042 1984 2097; baseline -0.002 -14"><span class='ocrx_word' id='word_1_331' title='bbox 257 2045 466 2093; x_wconf 81' lang='lat' dir='ltr'><em>scribenti,</em></span> <span class='ocrx_word' id='word_1_332' title='bbox 490 2060 556 2084; x_wconf 86' lang='lat' dir='ltr'><em>an.</em></span> <span class='ocrx_word' id='word_1_333' title='bbox 584 2046 698 2094; x_wconf 81' lang='grc'>1375,</span> <span class='ocrx_word' id='word_1_334' title='bbox 730 2046 745 2095; x_wconf 65' lang='grc' dir='ltr'><strong>ἕ</strong></span> <span class='ocrx_word' id='word_1_335' title='bbox 769 2046 806 2094; x_wconf 83' lang='grc'><em>8,</em></span> <span class='ocrx_word' id='word_1_336' title='bbox 831 2055 978 2097; x_wconf 88' lang='lat' dir='ltr'><em>putare</em></span> <span class='ocrx_word' id='word_1_337' title='bbox 1003 2062 1042 2085; x_wconf 88' lang='lat' dir='ltr'><em>se</em></span> <span class='ocrx_word' id='word_1_338' title='bbox 1067 2055 1277 2085; x_wconf 88' lang='lat' dir='ltr'><em>auctorem</em></span> <span class='ocrx_word' id='word_1_339' title='bbox 1299 2046 1417 2084; x_wconf 89' lang='lat' dir='ltr'><em>istius</em></span> <span class='ocrx_word' id='word_1_340' title='bbox 1440 2046 1635 2084; x_wconf 85' lang='lat' dir='ltr'><em>historiae</em></span> <span class='ocrx_word' id='word_1_341' title='bbox 1656 2053 1818 2083; x_wconf 87' lang='lat' dir='ltr'><em>motum</em></span> <span class='ocrx_word' id='word_1_342' title='bbox 1838 2042 1984 2094; x_wconf 85' lang='lat' dir='ltr'><em>potius.</em></span> 
     </span>
     <span class='ocr_line' id='line_1_32' title="bbox 258 2104 1986 2156; baseline -0.002 -14"><span class='ocrx_word' id='word_1_343' title='bbox 258 2104 381 2143; x_wconf 88' lang='lat' dir='ltr'><em>fuisse</em></span> <span class='ocrx_word' id='word_1_344' title='bbox 407 2106 460 2143; x_wconf 88' lang='lat' dir='ltr'><em>ad</em></span> <span class='ocrx_word' id='word_1_345' title='bbox 486 2120 531 2143; x_wconf 91' lang='lat' dir='ltr'><em>ea</em></span> <span class='ocrx_word' id='word_1_346' title='bbox 557 2106 605 2145; x_wconf 89' lang='lat' dir='ltr'><em>de</em></span> <span class='ocrx_word' id='word_1_347' title='bbox 631 2106 699 2144; x_wconf 93' lang='lat' dir='ltr'><em>illo</em></span> <span class='ocrx_word' id='word_1_348' title='bbox 726 2106 1074 2155; x_wconf 86' lang='lat' dir='ltr'><em>comminiscenda</em></span> <span class='ocrx_word' id='word_1_349' title='bbox 1108 2121 1158 2145; x_wconf 85' lang='lat' dir='ltr'><em>ex</em></span> <span class='ocrx_word' id='word_1_350' title='bbox 1184 2106 1230 2144; x_wconf 91' lang='lat' dir='ltr'><em>iis</em></span> <span class='ocrx_word' id='word_1_351' title='bbox 1258 2120 1363 2156; x_wconf 86' lang='lat' dir='ltr'><em>quae</em></span> <span class='ocrx_word' id='word_1_352' title='bbox 1394 2114 1538 2156; x_wconf 88' lang='lat' dir='ltr'><em>postea</em></span> <span class='ocrx_word' id='word_1_353' title='bbox 1566 2105 1829 2154; x_wconf 84' lang='lat' dir='ltr'><em>contigerunt</em></span> <span class='ocrx_word' id='word_1_354' title='bbox 1853 2116 1986 2153; x_wconf 27' lang='lat' dir='ltr'><em>quam.</em></span> 
     </span>
     <span class='ocr_line' id='line_1_33' title="bbox 257 2163 1979 2216; baseline -0.002 -14"><span class='ocrx_word' id='word_1_355' title='bbox 257 2173 304 2202; x_wconf 89' lang='lat' dir='ltr'><em>ut</em></span> <span class='ocrx_word' id='word_1_356' title='bbox 338 2165 433 2203; x_wconf 88' lang='lat' dir='ltr'><em>talis</em></span> <span class='ocrx_word' id='word_1_357' title='bbox 470 2174 570 2204; x_wconf 87' lang='lat' dir='ltr'><em>tunc</em></span> <span class='ocrx_word' id='word_1_358' title='bbox 599 2174 819 2216; x_wconf 87' lang='lat' dir='ltr'><em>appareret</em></span> <span class='ocrx_word' id='word_1_359' title='bbox 847 2166 1014 2215; x_wconf 86' lang='lat' dir='ltr'><em>quando</em></span> <span class='ocrx_word' id='word_1_360' title='bbox 1040 2174 1199 2204; x_wconf 87' lang='lat' dir='ltr'><em>creatus</em></span> <span class='ocrx_word' id='word_1_361' title='bbox 1230 2166 1310 2203; x_wconf 88' lang='lat' dir='ltr'><em>fuit</em></span> <span class='ocrx_word' id='word_1_362' title='bbox 1345 2165 1577 2212; x_wconf 85' lang='lat' dir='ltr'><em>cardinalis,</em></span> <span class='ocrx_word' id='word_1_363' title='bbox 1608 2163 1851 2215; x_wconf 86' lang='lat' dir='ltr'><em>praesertim</em></span> <span class='ocrx_word' id='word_1_364' title='bbox 1885 2176 1979 2200; x_wconf 88' lang='lat' dir='ltr'><em>cum</em></span> 
     </span>
     <span class='ocr_line' id='line_1_34' title="bbox 258 2224 1987 2276; baseline -0.001 -15"><span class='ocrx_word' id='word_1_365' title='bbox 258 2224 532 2263; x_wconf 85' lang='lat' dir='ltr'><em>Theodericus</em></span> <span class='ocrx_word' id='word_1_366' title='bbox 556 2239 577 2262; x_wconf 88' lang='lat' dir='ltr'><em>a</em></span> <span class='ocrx_word' id='word_1_367' title='bbox 604 2225 736 2272; x_wconf 88' lang='lat' dir='ltr'><em>Niem,</em></span> <span class='ocrx_word' id='word_1_368' title='bbox 761 2225 831 2275; x_wconf 90' lang='lat' dir='ltr'><em>qui</em></span> <span class='ocrx_word' id='word_1_369' title='bbox 853 2239 947 2263; x_wconf 90' lang='lat' dir='ltr'><em>eum</em></span> <span class='ocrx_word' id='word_1_370' title='bbox 974 2234 1148 2263; x_wconf 86' lang='lat' dir='ltr'><em>noverat</em></span> <span class='ocrx_word' id='word_1_371' title='bbox 1174 2225 1286 2276; x_wconf 89' lang='lat' dir='ltr'><em>apud</em></span> <span class='ocrx_word' id='word_1_372' title='bbox 1309 2225 1777 2275; x_wconf 87' lang='lat' dir='ltr'><em>Montempessulanum,</em></span> <span class='ocrx_word' id='word_1_373' title='bbox 1801 2230 1987 2261; x_wconf 75' lang='lat' dir='ltr'><em>testeturu</em></span> 
     </span>
     <span class='ocr_line' id='line_1_35' title="bbox 258 2281 1978 2334; baseline -0.001 -14"><span class='ocrx_word' id='word_1_374' title='bbox 258 2283 374 2323; x_wconf 88' lang='lat' dir='ltr'><em>illum</em></span> <span class='ocrx_word' id='word_1_375' title='bbox 409 2298 431 2321; x_wconf 90' lang='lat' dir='ltr'><em>a</em></span> <span class='ocrx_word' id='word_1_376' title='bbox 460 2285 654 2334; x_wconf 77' lang='lat' dir='ltr'><em>Gregorio</em></span> <span class='ocrx_word' id='word_1_377' title='bbox 691 2285 851 2323; x_wconf 87' lang='lat' dir='ltr'><em>factum</em></span> <span class='ocrx_word' id='word_1_378' title='bbox 886 2300 970 2323; x_wconf 88' lang='lat' dir='ltr'><em>esse</em></span> <span class='ocrx_word' id='word_1_379' title='bbox 1001 2285 1248 2323; x_wconf 86' lang='lat' dir='ltr'><em>cardinalem</em></span> <span class='ocrx_word' id='word_1_380' title='bbox 1281 2284 1608 2323; x_wconf 85' lang='lat' dir='ltr'><em>consideratione</em></span> <span class='ocrx_word' id='word_1_381' title='bbox 1635 2282 1857 2333; x_wconf 89' lang='lat' dir='ltr'><em>insignium</em></span> <span class='ocrx_word' id='word_1_382' title='bbox 1890 2281 1978 2330; x_wconf 85' lang='lat' dir='ltr'><em>ejus</em></span> 
     </span>
     <span class='ocr_line' id='line_1_36' title="bbox 258 2340 1982 2394; baseline -0.001 -14"><span class='ocrx_word' id='word_1_383' title='bbox 258 2342 465 2382; x_wconf 86' lang='lat' dir='ltr'><em>virtutum</em></span> <span class='ocrx_word' id='word_1_384' title='bbox 484 2352 525 2382; x_wconf 89' lang='lat' dir='ltr'><em>et</em></span> <span class='ocrx_word' id='word_1_385' title='bbox 544 2344 801 2392; x_wconf 80' lang='lat' dir='ltr'><em>meritorum,</em></span> <span class='ocrx_word' id='word_1_386' title='bbox 820 2344 883 2381; x_wconf 89' lang='lat' dir='ltr'><em>uti</em></span> <span class='ocrx_word' id='word_1_387' title='bbox 901 2358 1024 2394; x_wconf 89' lang='lat' dir='ltr'><em>supra</em></span> <span class='ocrx_word' id='word_1_388' title='bbox 1049 2344 1228 2382; x_wconf 84' lang='lat' dir='ltr'><em>vidimus</em></span> <span class='ocrx_word' id='word_1_389' title='bbox 1266 2344 1320 2394; x_wconf 85' lang='lat' dir='ltr'><em>[p.</em></span> <span class='ocrx_word' id='word_1_390' title='bbox 1350 2344 1424 2381; x_wconf 87' lang='grc'><em>179</em></span> <span class='ocrx_word' id='word_1_391' title='bbox 1437 2344 1463 2393; x_wconf 86' lang='lat'><em>].</em></span> <span class='ocrx_word' id='word_1_392' title='bbox 1485 2343 1708 2381; x_wconf 87' lang='lat' dir='ltr'><em>Facessant</em></span> <span class='ocrx_word' id='word_1_393' title='bbox 1726 2356 1820 2391; x_wconf 74' lang='lat' dir='ltr'><em>ergo</em></span> <span class='ocrx_word' id='word_1_394' title='bbox 1837 2340 1982 2379; x_wconf 88' lang='lat' dir='ltr'><em>deliria·</em></span> 
     </span>
     <span class='ocr_line' id='line_1_37' title="bbox 259 2397 1366 2442; baseline 0.002 -3"><span class='ocrx_word' id='word_1_395' title='bbox 259 2402 472 2440; x_wconf 90' lang='lat' dir='ltr'><em>hominum</em></span> <span class='ocrx_word' id='word_1_396' title='bbox 501 2403 593 2441; x_wconf 88' lang='lat' dir='ltr'><em>falsi</em></span> <span class='ocrx_word' id='word_1_397' title='bbox 614 2404 847 2441; x_wconf 88' lang='lat' dir='ltr'><em>studiorum</em></span> <span class='ocrx_word' id='word_1_398' title='bbox 875 2412 916 2442; x_wconf 93' lang='lat' dir='ltr'><em>et</em></span> <span class='ocrx_word' id='word_1_399' title='bbox 941 2418 1024 2441; x_wconf 91' lang='lat' dir='ltr'><em>non</em></span> <span class='ocrx_word' id='word_1_400' title='bbox 1051 2404 1183 2442; x_wconf 88' lang='lat' dir='ltr'><em>bonae</em></span> <span class='ocrx_word' id='word_1_401' title='bbox 1203 2397 1366 2442; x_wconf 88' lang='lat' dir='ltr'><em>mentis.</em></span> 
     </span>
    </p>

    <p class='ocr_par' dir='ltr' id='par_1_4' title="bbox 261 2459 1982 2561">
     <span class='ocr_line' id='line_1_38' title="bbox 312 2459 1982 2513; baseline -0.001 -14"><span class='ocrx_word' id='word_1_402' title='bbox 312 2462 432 2500; x_wconf 89' lang='lat' dir='ltr'><em>Anno</em></span> <span class='ocrx_word' id='word_1_403' title='bbox 459 2462 585 2512; x_wconf 86' lang='lat' dir='ltr'><em>igitur</em></span> <span class='ocrx_word' id='word_1_404' title='bbox 613 2463 912 2501; x_wconf 83' lang='lat' dir='ltr'>MCCCLXXV</span> <span class='ocrx_word' id='word_1_405' title='bbox 940 2472 1116 2502; x_wconf 71' lang='lat' dir='ltr'><em>exeunte</em></span> <span class='ocrx_word' id='word_1_406' title='bbox 1145 2463 1361 2513; x_wconf 78' lang='lat' dir='ltr'><em>Gregorius</em></span> <span class='ocrx_word' id='word_1_407' title='bbox 1389 2463 1498 2500; x_wconf 91' lang='lat' dir='ltr'><em>hunc</em></span> <span class='ocrx_word' id='word_1_408' title='bbox 1523 2462 1693 2500; x_wconf 83' lang='lat' dir='ltr'><em>Petrum</em></span> <span class='ocrx_word' id='word_1_409' title='bbox 1720 2460 1817 2499; x_wconf 86' lang='lat' dir='ltr'><em>fecit</em></span> <span class='ocrx_word' id='word_1_410' title='bbox 1844 2459 1982 2498; x_wconf 89' lang='lat' dir='ltr'><em>diaco—</em></span> 
     </span>
     <span class='ocr_line' id='line_1_39' title="bbox 261 2522 1479 2561; baseline 0.001 -3"><span class='ocrx_word' id='word_1_411' title='bbox 261 2535 357 2558; x_wconf 90' lang='lat' dir='ltr'><em>num</em></span> <span class='ocrx_word' id='word_1_412' title='bbox 386 2522 636 2560; x_wconf 89' lang='lat' dir='ltr'><em>cardinalem</em></span> <span class='ocrx_word' id='word_1_413' title='bbox 661 2523 776 2560; x_wconf 90' lang='lat' dir='ltr'><em>tituli</em></span> <span class='ocrx_word' id='word_1_414' title='bbox 802 2523 977 2561; x_wconf 87' lang='lat' dir='ltr'><em>Sanctae</em></span> <span class='ocrx_word' id='word_1_415' title='bbox 1004 2523 1156 2561; x_wconf 85' lang='lat' dir='ltr'><em>Mariae</em></span> <span class='ocrx_word' id='word_1_416' title='bbox 1181 2523 1223 2560; x_wconf 91' lang='lat' dir='ltr'><em>in</em></span> <span class='ocrx_word' id='word_1_417' title='bbox 1249 2522 1479 2561; x_wconf 89' lang='lat' dir='ltr'><em>Cosmedin.</em></span> 
     </span>
    </p>

    <p class='ocr_par' dir='ltr' id='par_1_5' title="bbox 260 2578 1983 2929">
     <span class='ocr_line' id='line_1_40' title="bbox 313 2578 1983 2632; baseline -0.002 -14"><span class='ocrx_word' id='word_1_418' title='bbox 313 2581 432 2619; x_wconf 92' lang='lat' dir='ltr'><em>Anno</em></span> <span class='ocrx_word' id='word_1_419' title='bbox 467 2581 656 2631; x_wconf 86' lang='lat' dir='ltr'><em>sequenti</em></span> <span class='ocrx_word' id='word_1_420' title='bbox 692 2596 782 2620; x_wconf 89' lang='lat' dir='ltr'><em>cum</em></span> <span class='ocrx_word' id='word_1_421' title='bbox 820 2581 1014 2632; x_wconf 79' lang='lat' dir='ltr'><em>Gregorio</em></span> <span class='ocrx_word' id='word_1_422' title='bbox 1048 2596 1157 2632; x_wconf 87' lang='lat' dir='ltr'><em>papa</em></span> <span class='ocrx_word' id='word_1_423' title='bbox 1192 2582 1400 2632; x_wconf 87' lang='lat' dir='ltr'><em>profectus</em></span> <span class='ocrx_word' id='word_1_424' title='bbox 1436 2589 1498 2619; x_wconf 89' lang='lat' dir='ltr'><em>est</em></span> <span class='ocrx_word' id='word_1_425' title='bbox 1534 2581 1725 2627; x_wconf 84' lang='lat' dir='ltr'><em>Romam,</em></span> <span class='ocrx_word' id='word_1_426' title='bbox 1749 2578 1831 2627; x_wconf 54' lang='lat' dir='ltr'><em>,ubi</em></span> <span class='ocrx_word' id='word_1_427' title='bbox 1864 2591 1983 2615; x_wconf 89' lang='lat' dir='ltr'><em>man-</em></span> 
     </span>
     <span class='ocr_line' id='line_1_41' title="bbox 260 2637 1978 2691; baseline -0.002 -14"><span class='ocrx_word' id='word_1_428' title='bbox 260 2640 356 2678; x_wconf 91' lang='lat' dir='ltr'><em>sisse</em></span> <span class='ocrx_word' id='word_1_429' title='bbox 379 2655 471 2678; x_wconf 85' lang='lat' dir='ltr'><em>eum</em></span> <span class='ocrx_word' id='word_1_430' title='bbox 494 2640 536 2678; x_wconf 92' lang='lat' dir='ltr'><em>in</em></span> <span class='ocrx_word' id='word_1_431' title='bbox 559 2641 680 2679; x_wconf 92' lang='lat' dir='ltr'><em>domo</em></span> <span class='ocrx_word' id='word_1_432' title='bbox 704 2642 897 2691; x_wconf 88' lang='lat' dir='ltr'><em>contigua</em></span> <span class='ocrx_word' id='word_1_433' title='bbox 920 2642 1111 2680; x_wconf 88' lang='lat' dir='ltr'><em>ecclesiae</em></span> <span class='ocrx_word' id='word_1_434' title='bbox 1136 2641 1276 2679; x_wconf 85' lang='lat' dir='ltr'><em>Sancti</em></span> <span class='ocrx_word' id='word_1_435' title='bbox 1299 2640 1545 2691; x_wconf 88' lang='lat' dir='ltr'><em>Apollinaris</em></span> <span class='ocrx_word' id='word_1_436' title='bbox 1568 2654 1696 2690; x_wconf 87' lang='lat' dir='ltr'><em>prope</em></span> <span class='ocrx_word' id='word_1_437' title='bbox 1718 2637 1866 2676; x_wconf 90' lang='lat' dir='ltr'><em>turrim</em></span> <span class='ocrx_word' id='word_1_438' title='bbox 1888 2650 1978 2675; x_wconf 89' lang='lat' dir='ltr'><em>san-</em></span> 
     </span>
     <span class='ocr_line' id='line_1_42' title="bbox 261 2696 1979 2751; baseline -0.001 -16"><span class='ocrx_word' id='word_1_439' title='bbox 261 2698 448 2748; x_wconf 79' lang='lat' dir='ltr'><em>guineam</em></span> <span class='ocrx_word' id='word_1_440' title='bbox 482 2708 694 2738; x_wconf 87' lang='lat' dir='ltr'><em>testantur</em></span> <span class='ocrx_word' id='word_1_441' title='bbox 725 2700 934 2748; x_wconf 86' lang='lat' dir='ltr'><em>Alfonsus,</em></span> <span class='ocrx_word' id='word_1_442' title='bbox 969 2701 1063 2739; x_wconf 86' lang='lat' dir='ltr'><em>olim</em></span> <span class='ocrx_word' id='word_1_443' title='bbox 1096 2701 1310 2751; x_wconf 85' lang='lat' dir='ltr'><em>episcopus</em></span> <span class='ocrx_word' id='word_1_444' title='bbox 1340 2699 1594 2746; x_wconf 85' lang='lat' dir='ltr'><em>Giennensis,</em></span> <span class='ocrx_word' id='word_1_445' title='bbox 1622 2698 1733 2749; x_wconf 84' lang='lat' dir='ltr'><em>apud</em></span> <span class='ocrx_word' id='word_1_446' title='bbox 1758 2696 1979 2736; x_wconf 89' lang='lat' dir='ltr'><em>Odoricum</em></span> 
     </span>
     <span class='ocr_line' id='line_1_43' title="bbox 263 2756 1977 2809; baseline -0.001 -15"><span class='ocrx_word' id='word_1_447' title='bbox 263 2759 542 2807; x_wconf 83' lang='lat' dir='ltr'><em>Raynaldum,</em></span> <span class='ocrx_word' id='word_1_448' title='bbox 567 2773 632 2798; x_wconf 93' lang='lat' dir='ltr'><em>an.</em></span> <span class='ocrx_word' id='word_1_449' title='bbox 661 2760 775 2809; x_wconf 82' lang='lat'><em>1379,</em></span> <span class='ocrx_word' id='word_1_450' title='bbox 807 2761 823 2809; x_wconf 63' lang='grc' dir='ltr'><strong>ἓ</strong></span> <span class='ocrx_word' id='word_1_451' title='bbox 849 2760 910 2808; x_wconf 85' lang='grc'><em>15,</em></span> <span class='ocrx_word' id='word_1_452' title='bbox 936 2768 977 2798; x_wconf 90' lang='lat' dir='ltr'><em>et</em></span> <span class='ocrx_word' id='word_1_453' title='bbox 1001 2760 1273 2798; x_wconf 87' lang='lat' dir='ltr'><em>Theodericus</em></span> <span class='ocrx_word' id='word_1_454' title='bbox 1298 2774 1320 2797; x_wconf 91' lang='lat' dir='ltr'><em>a</em></span> <span class='ocrx_word' id='word_1_455' title='bbox 1347 2760 1478 2807; x_wconf 88' lang='lat' dir='ltr'><em>Niem,</em></span> <span class='ocrx_word' id='word_1_456' title='bbox 1498 2759 1567 2796; x_wconf 90' lang='lat' dir='ltr'><em>lib.</em></span> <span class='ocrx_word' id='word_1_457' title='bbox 1589 2759 1642 2805; x_wconf 88' lang='grc' dir='ltr'>ΙΙ,</span> <span class='ocrx_word' id='word_1_458' title='bbox 1664 2758 1723 2795; x_wconf 88' lang='lat' dir='ltr'><em>De</em></span> <span class='ocrx_word' id='word_1_459' title='bbox 1748 2756 1977 2802; x_wconf 85' lang='lat' dir='ltr'><em>Schismate,</em></span> 
     </span>
     <span class='ocr_line' id='line_1_44' title="bbox 262 2814 1979 2869; baseline -0.002 -14"><span class='ocrx_word' id='word_1_460' title='bbox 262 2831 349 2867; x_wconf 83' lang='lat' dir='ltr'><em>cap.</em></span> <span class='ocrx_word' id='word_1_461' title='bbox 380 2832 515 2856; x_wconf 78' lang='lat' dir='ltr'><em>xxxm</em></span> <span class='ocrx_word' id='word_1_462' title='bbox 548 2819 602 2868; x_wconf 83' lang='lat' dir='ltr'><em>[p.</em></span> <span class='ocrx_word' id='word_1_463' title='bbox 628 2819 741 2869; x_wconf 81' lang='lat'><em>179],</em></span> <span class='ocrx_word' id='word_1_464' title='bbox 767 2820 836 2869; x_wconf 90' lang='lat' dir='ltr'><em>qui</em></span> <span class='ocrx_word' id='word_1_465' title='bbox 863 2819 981 2858; x_wconf 90' lang='lat' dir='ltr'><em>addit</em></span> <span class='ocrx_word' id='word_1_466' title='bbox 1007 2820 1123 2859; x_wconf 90' lang='lat' dir='ltr'><em>illum</em></span> <span class='ocrx_word' id='word_1_467' title='bbox 1152 2820 1195 2857; x_wconf 88' lang='lat' dir='ltr'><em>in</em></span> <span class='ocrx_word' id='word_1_468' title='bbox 1225 2819 1326 2857; x_wconf 74' lang='lat' dir='ltr'><em>brevi</em></span> <span class='ocrx_word' id='word_1_469' title='bbox 1354 2827 1522 2869; x_wconf 87' lang='lat' dir='ltr'><em>tempore</em></span> <span class='ocrx_word' id='word_1_470' title='bbox 1547 2817 1775 2867; x_wconf 84' lang='lat' dir='ltr'><em>sumptibus</em></span> <span class='ocrx_word' id='word_1_471' title='bbox 1801 2814 1979 2866; x_wconf 84' lang='lat' dir='ltr'><em>propriis</em></span> 
     </span>
     <span class='ocr_line' id='line_1_45' title="bbox 263 2873 1982 2929; baseline -0.001 -17"><span class='ocrx_word' id='word_1_472' title='bbox 263 2877 486 2914; x_wconf 81' lang='lat' dir='ltr'><em>notabiliter</em></span> <span class='ocrx_word' id='word_1_473' title='bbox 512 2879 753 2918; x_wconf 86' lang='lat' dir='ltr'><em>reformasse</em></span> <span class='ocrx_word' id='word_1_474' title='bbox 781 2880 887 2917; x_wconf 89' lang='lat' dir='ltr'><em>hanc</em></span> <span class='ocrx_word' id='word_1_475' title='bbox 915 2879 1084 2919; x_wconf 87' lang='lat' dir='ltr'><em>domum</em></span> <span class='ocrx_word' id='word_1_476' title='bbox 1111 2879 1196 2917; x_wconf 87' lang='lat' dir='ltr'><em>sive</em></span> <span class='ocrx_word' id='word_1_477' title='bbox 1224 2878 1440 2929; x_wconf 88' lang='lat' dir='ltr'><em>palatium.</em></span> <span class='ocrx_word' id='word_1_478' title='bbox 1470 2878 1534 2915; x_wconf 85' lang='lat' dir='ltr'><em>Ex</em></span> <span class='ocrx_word' id='word_1_479' title='bbox 1562 2891 1642 2927; x_wconf 68' lang='lat' dir='ltr'><em>quo</em></span> <span class='ocrx_word' id='word_1_480' title='bbox 1670 2876 1854 2925; x_wconf 82' lang='lat' dir='ltr'><em>colligere</em></span> <span class='ocrx_word' id='word_1_481' title='bbox 1883 2873 1982 2912; x_wconf 86' lang='lat' dir='ltr'><em>licet</em></span> 
     </span>
    </p>
   </div>
   <div class='ocr_carea' id='block_1_3' title="bbox 311 3010 1979 3162">
    <p class='ocr_par' dir='ltr' id='par_1_6' title="bbox 311 3010 1979 3162">
     <span class='ocr_line' id='line_1_46' title="bbox 312 3010 820 3052; baseline 0.01 -10"><span class='ocrx_word' id='word_1_482' title='bbox 312 3010 343 3043; x_wconf 79' lang='grc'><em>1.</em></span> <span class='ocrx_word' id='word_1_483' title='bbox 375 3011 441 3044; x_wconf 91' lang='lat' dir='ltr'><em>Ms.</em></span> <span class='ocrx_word' id='word_1_484' title='bbox 472 3012 556 3052; x_wconf 76' lang='lat' dir='ltr'><em>cite,</em></span> <span class='ocrx_word' id='word_1_485' title='bbox 586 3013 648 3046; x_wconf 78' lang='lat' dir='ltr'><em>sol.</em></span> <span class='ocrx_word' id='word_1_486' title='bbox 679 3014 748 3048; x_wconf 79' lang='lat'><em>108</em></span> <span class='ocrx_word' id='word_1_487' title='bbox 776 3019 820 3047; x_wconf 88' lang='lat' dir='ltr'><em>r0.</em></span> 
     </span>
     <span class='ocr_line' id='line_1_47' title="bbox 313 3060 1979 3110; baseline -0.002 -15"><span class='ocrx_word' id='word_1_488' title='bbox 313 3065 342 3095; x_wconf 82' lang='lat'><em>2.</em></span> <span class='ocrx_word' id='word_1_489' title='bbox 362 3064 452 3097; x_wconf 83' lang='lat' dir='ltr'><em>Voir</em></span> <span class='ocrx_word' id='word_1_490' title='bbox 468 3066 518 3098; x_wconf 75' lang='lat' dir='ltr'><em>les</em></span> <span class='ocrx_word' id='word_1_491' title='bbox 537 3066 657 3109; x_wconf 81' lang='lat' dir='ltr'><em>eloges</em></span> <span class='ocrx_word' id='word_1_492' title='bbox 676 3067 741 3110; x_wconf 82' lang='lat' dir='ltr'><em>qui</em></span> <span class='ocrx_word' id='word_1_493' title='bbox 757 3067 808 3099; x_wconf 91' lang='lat' dir='ltr'><em>lui</em></span> <span class='ocrx_word' id='word_1_494' title='bbox 825 3073 913 3100; x_wconf 87' lang='lat' dir='ltr'><em>sont</em></span> <span class='ocrx_word' id='word_1_495' title='bbox 930 3068 1106 3100; x_wconf 78' lang='lat' dir='ltr'><em>decernes</em></span> <span class='ocrx_word' id='word_1_496' title='bbox 1124 3078 1193 3110; x_wconf 88' lang='lat' dir='ltr'><em>par</em></span> <span class='ocrx_word' id='word_1_497' title='bbox 1209 3066 1351 3099; x_wconf 86' lang='lat' dir='ltr'><em>Martin</em></span> <span class='ocrx_word' id='word_1_498' title='bbox 1369 3064 1575 3109; x_wconf 80' lang='lat' dir='ltr'><em>d’Alpartil</em></span> <span class='ocrx_word' id='word_1_499' title='bbox 1600 3064 1659 3108; x_wconf 74' lang='lat' dir='ltr'><em>(ed</em></span> <span class='ocrx_word' id='word_1_500' title='bbox 1692 3063 1814 3103; x_wconf 81' lang='lat' dir='ltr'><em>Ehrle,</em></span> <span class='ocrx_word' id='word_1_501' title='bbox 1829 3074 1864 3106; x_wconf 93' lang='lat' dir='ltr'><em>p.</em></span> <span class='ocrx_word' id='word_1_502' title='bbox 1884 3060 1979 3104; x_wconf 53' lang='grc' dir='ltr'><em>1-3).Δ</em></span> 
     </span>
     <span class='ocr_line' id='line_1_48' title="bbox 311 3117 1816 3162; baseline 0.012 -15"><span class='ocrx_word' id='word_1_503' title='bbox 311 3117 343 3148; x_wconf 89' lang='lat'><em>3.</em></span> <span class='ocrx_word' id='word_1_504' title='bbox 365 3117 515 3158; x_wconf 66' lang='lat' dir='ltr'><em>Baium,</em></span> <span class='ocrx_word' id='word_1_505' title='bbox 537 3125 562 3151; x_wconf 83' lang='lat' dir='ltr'><em>t.</em></span> <span class='ocrx_word' id='word_1_506' title='bbox 582 3131 605 3159; x_wconf 92' lang='lat'><em>1,</em></span> <span class='ocrx_word' id='word_1_507' title='bbox 626 3131 659 3162; x_wconf 89' lang='lat' dir='ltr'><em>p.</em></span> <span class='ocrx_word' id='word_1_508' title='bbox 682 3121 763 3153; x_wconf 78' lang='lat'><em>462.</em></span> <span class='ocrx_word' id='word_1_509' title='bbox 1815 3125 1816 3129; x_wconf 29' lang='lat'>¹</span> 
     </span>
    </p>
   </div>
  </div>
 </body>
</html>
