2083 3458
239 234 318 275 282
885 245 1036 271 NOTAE
1072 244 1132 269 AD
1166 243 1294 268 vlTAs
1628 276 1630 278 ,
1774 258 1776 261 -
1817 227 1942 283 [780]

236 332 446 371 historiam
482 346 585 381 quae
620 331 668 369 de
701 330 827 367 initiis
861 328 978 366 istius
1013 326 1252 364 monasterii
1284 326 1433 376 legitur
1466 326 1577 377 apud
1613 326 1871 364 Dorlandum
1901 326 1943 365 in

235 391 426 430 Chronico
444 390 476 428 C
478 389 704 428 artusz'enszf.

288 451 405 488 Anno
438 448 736 487 MCCCXLVII
767 447 888 497 juxta
919 444 1131 484 ecclesiam
1160 443 1537 494 Petragoricensem
1559 444 1700 483 Sancti
1725 444 1946 484 Frontonis

239 509 399 548 fundari
421 517 462 547 et
484 508 664 547 construi
687 506 784 545 fecit
807 505 1031 556 quamdam
1054 504 1267 554 capellam,
1291 511 1333 542 et
1352 503 1395 541 in
1417 517 1463 542 ea
1486 503 1703 543 duodecim
1724 511 1944 555 perpetuas

237 567 480 619 capellanias
498 567 682 605 instituit
698 580 772 616 pro
791 564 1008 603 duodecim
1025 562 1234 614 perpetuis
1254 562 1488 613 capellanis,
1504 577 1551 601 ac
1568 564 1766 601 nonnulla
1784 571 1946 602 statuta

236 636 276 666 ct
296 626 572 665 ordinationes
591 640 664 676 pro
684 625 792 663 bono
809 631 923 662 statu
943 621 1193 673 capellaniae
1213 629 1254 660 et
1273 622 1579 673 capellanorum
1593 622 1778 673 ipsorum
1797 621 1946 669 edidit3

234 700 361 736 eaque
389 685 524 724 omnia
551 699 573 722 a
601 685 807 723 Clemente
833 683 891 720 VI
918 682 932 705 1
973 681 1219 721 confirmata
1246 681 1414 722 fuerunt
1446 681 1573 720 literis
1610 681 1716 720 datis
1745 681 1948 721 Avenioni

234 745 336 796 prid.
362 744 452 783 idus
487 744 574 794 [12]
600 742 849 790 novembris,
874 756 981 779 anno
1005 741 1181 791 septimo
1216 740 1372 791 [1348].

288 804 406 841 Anno
426 802 641 841 MCCCLX
660 802 723 840 die
742 816 832 839 xxv
852 801 1029 839 octobris
1049 799 1235 839 condidit
1257 807 1557 839 testamentum
1577 800 1591 823 ²
1613 808 1653 839 et
1673 800 1716 838 in
1743 815 1788 839 eo
1815 800 1947 838 multa

236 864 357 901 variis
379 862 554 901 ecclesiis
576 876 622 900 ac
643 860 901 899 monasteriis
922 859 1088 910 legavit.
1114 860 1168 897 Et
1188 867 1330 898 tamen
1349 858 1516 898 interim
1536 860 1648 898 nulla
1668 860 1710 897 in
1731 874 1776 898 eo
1792 859 1949 898 mentio

236 922 392 972 collegii
424 921 532 971 quod
573 920 690 958 illum
721 920 891 958 Tolosae
923 919 937 941 3
982 918 1147 963 fundari
1179 918 1388 968 ordinasse
1418 918 1460 956 in
1491 933 1563 957 suo
1595 927 1847 957 testamento
1879 933 1949 957 seu

236 981 380 1019 ultima
402 981 619 1018 voluntate
641 987 821 1018 testatur
845 979 1020 1016 Karolus
1044 978 1092 1027 V,
1114 993 1187 1018 rex
1209 978 1474 1026 Francorum,
1496 978 1538 1016 in
1559 978 1686 1017 literis
1707 978 1814 1016 datis
1837 978 1948 1029 apud

237 1042 433 1079 Sanctum
452 1040 703 1078 Germanum
718 1038 760 1077 in
784 1038 883 1076 Laia
910 1052 1018 1076 anno
1043 1037 1328 1081 MCCCLXIX
1352 1038 1402 1089 [a.
1428 1037 1512 1089 st.],
1541 1037 1605 1076 die
1631 1052 1766 1075 xxvm
1794 1036 1947 1076 martii.

237 1100 450 1138 Praeterea
472 1098 687 1148 Gregorius
705 1098 766 1135 XI
780 1090 948 1136 in'bulla
969 1097 1018 1136 de
1034 1096 1348 1136 confirmatione
1363 1096 1618 1135 fundationis
1634 1105 1675 1136 et
1694 1104 1951 1135 statutorum

236 1159 418 1209 ejusdem
435 1158 604 1207 collegii,
620 1156 898 1196 mentionem4
912 1157 1012 1195 facit
1026 1156 1269 1196 testamenti
1289 1156 1390 1206 ejus,
1408 1156 1523 1206 cujus
1541 1156 1791 1195 auctoritate
1807 1165 1951 1194 execu-

236 1227 344 1256 tores
360 1217 544 1267 ejusdem
558 1216 801 1255 testamenti
816 1231 862 1255 ea
877 1216 1060 1255 fecerant
1074 1230 1178 1266 quae
1192 1216 1290 1267 ipsis
1302 1216 1600 1254 incumbebant
1611 1230 1685 1266 pro
1699 1214 1950 1266 perficienda

237 1277 479 1315 fundatione
505 1276 674 1326 collegii.
704 1276 794 1326 Ipse
818 1275 982 1314 veroin
1006 1290 1078 1314 suo
1102 1278 1357 1314 testamento
1378 1275 1545 1314 heredes
1564 1275 1814 1314 universales
1835 1274 1951 1313 insti-

236 1345 355 1375 tuens
378 1336 574 1374 abbatem
597 1336 645 1374 de
668 1336 916 1383 Cancellata,
941 1335 1092 1374 ordinis
1116 1335 1248 1374 sancti
1269 1334 1502 1385 Augustini,
1523 1334 1712 1373 omnibus
1730 1333 1847 1372 bonis
1869 1333 1950 1373 suis

237 1396 470 1444 mobilibus,
494 1395 647 1445 excipit
667 1395 791 1433 libros
814 1394 914 1444 juris
947 1394 1076 1433 civilis
1101 1402 1142 1433 et
1174 1394 1372 1442 canonici,
1396 1395 1440 1432 de
1471 1394 1628 1444 quibus,
1651 1393 1801 1444 inquit,
1826 1392 1950 1431 inten-

238 1455 368 1493 dimus
396 1454 508 1492 aliter
536 1454 730 1492 ordinare.
762 1454 967 1492 Nimirum
995 1468 1076 1502 eos,
1105 1462 1153 1492 ut
1179 1454 1276 1492 licet
1304 1453 1553 1501 existimare,
1584 1453 1680 1491 dare
1712 1453 1880 1491 volebat
1916 1452 1951 1491 ei

239 1514 418 1564 collegio,
442 1513 556 1563 cujus
579 1513 736 1552 sodales
758 1513 927 1552 volebat
950 1514 1045 1552 dare
1069 1528 1236 1564 operam
1257 1513 1395 1552 studio
1415 1513 1515 1563 juris
1540 1512 1668 1551 civilis
1689 1520 1731 1551 et
1752 1511 1950 1551 canonici.

242 1574 387 1623 ltaque
414 1581 577 1623 oportet
603 1587 696 1611 eum
723 1572 951 1611 condidisse
978 1572 1090 1610 aliud
1115 1580 1430 1620 testamentum,
1456 1572 1498 1610 in
1525 1586 1605 1622 quo
1633 1572 1681 1610 de
1707 1570 1952 1609 fundatione

240 1641 405 1670 tantum
426 1632 532 1670 illius
556 1632 711 1682 collegii
740 1632 952 1682 agebatur.
978 1632 1139 1670 Extant
1168 1632 1210 1670 in
1231 1632 1394 1681 Regesto
1414 1631 1574 1670 XCIII
1598 1628 1678 1682 [JJ
1699 1630 1772 1682 93]
1797 1629 1952 1669 archivi

239 1692 336 1741 regii
353 1692 494 1739 Paris,
508 1705 595 1742 cap.
612 1706 763 1740 CCLXX,
776 1692 918 1730 literae
932 1692 1118 1739 Joannis,
1131 1692 1233 1741 regis
1248 1692 1513 1739 Francorum,
1527 1691 1650 1729 datae
1662 1690 1774 1741 apud
1785 1689 1952 1728 Villam-

240 1743 391 1789 novam
412 1765 538 1801 prope
560 1750 815 1789 Avenionem
837 1765 944 1789 anno
967 1751 1268 1799 MCCCLXIII,
1295 1751 1358 1789 die
1377 1765 1423 1788 IX
1443 1750 1554 1798 maii,
1578 1750 1725 1800 quibus
1748 1748 1954 1800 approbat

241 1818 281 1848 et
306 1810 524 1848 confirmat
549 1810 801 1860 emptionem
826 1810 1043 1848 domorum
1068 1819 1109 1848 et
1132 1810 1372 1849 reddituum
1397 1824 1418 1847 a
1444 1809 1705 1860 Talayrando
1731 1809 1887 1847 factam
1912 1807 1954 1845 in

241 1869 340 1907 urbe
378 1869 579 1907 Tolosana
608 1884 681 1919 pro
710 1869 954 1908 fundatione
984 1870 1169 1919 ejusdem
1198 1869 1368 1919 collegii.
1402 1870 1448 1907 In
1476 1869 1638 1918 Regesto
1668 1882 1765 1907 vero
1792 1867 1955 1914 XCIX,

252 1928 329 1978 [JJ
354 1927 442 1978 99],
486 1942 571 1978 cap.
626 1943 712 1976 CCL,
760 1928 903 1967 literae
955 1929 1097 1967 Karoli
1145 1929 1193 1976 V,
1245 1929 1317 1967 filii
1377 1929 1563 1976 Joanm's,
1603 1928 1725 1966 datae
1775 1925 1953 1974 Parisiis,

241 2002 304 2025 an.
338 1987 673 2036 MCCCLXVIII,
706 1987 768 2026 die
799 2003 917 2026 xxvn
947 1988 1126 2039 augusti,
1157 1988 1305 2038 quibus
1336 1988 1556 2027 confirmat
1584 1987 1722 2026 literas
1754 1985 1953 2025 Ludovici

242 2046 353 2084 ducis
386 2046 692 2096 Andegavensis
723 2047 860 2085 fratris
891 2048 966 2095 sui,
998 2062 1208 2086 concessas
1240 2047 1527 2086 executoribus
1558 2046 1800 2085 testamenti
1829 2045 1952 2095 hujus

242 2105 457 2144 cardinalis
487 2106 697 2144 occasione
726 2106 1047 2156 acquisitionum
1075 2107 1127 2145 ab
1156 2107 1210 2145 eis
1239 2108 1446 2145 factarum
1473 2120 1547 2156 pro
1576 2105 1820 2144 fundatione
1848 2104 1955 2154 ejus-

242 2164 334 2203 dem
363 2165 536 2214 collegii3
568 2166 676 2215 quod
698 2166 818 2204 hodie
846 2174 1044 2216 superest,
1071 2174 1112 2204 et
1139 2166 1262 2216 vulgo
1290 2174 1465 2204 vocatur
1487 2165 1701 2215 collegium
1725 2163 1955 2214 Petragori-

241 2238 369 2262 oense.

296 2283 488 2333 Superest
516 2278 573 2320 ut
592 2285 788 2322 nonnulla
818 2284 1001 2323 dicamus
1032 2284 1081 2323 de
1112 2284 1346 2334 genealogia
1376 2283 1638 2334 Talayrandi.
1672 2283 1832 2321 Habuit
1861 2295 1955 2331 ergo

241 2341 306 2380 ille
330 2350 491 2392 patrem
517 2342 678 2381 Heliam
702 2343 965 2393 Talayrandi.
995 2344 1045 2392 Is,
1070 2344 1131 2382 uti
1156 2358 1292 2394 supra,
1316 2358 1355 2394 p.
1382 2343 1470 2393 617,
1497 2343 1655 2381 dictum
1678 2351 1753 2390 est,
1777 2341 1954 2392 primam

244 2415 413 2439 uxorem
452 2401 599 2439 babuit
640 2402 873 2452 philippam
913 2402 1259 2442 vicecomitissam
1300 2403 1559 2450 Leomaniae,
1602 2416 1652 2440 ex
1692 2415 1772 2452 qua
1814 2399 1954 2451 genuit

245 2459 519 2509 Marquesiam
534 2460 890 2500 sanctimonialem
903 2462 1120 2500 Clarissam
1134 2463 1176 2499 in
1188 2462 1438 2500 monasterio
1452 2461 1788 2511 petragoricensi.
1806 2460 1954 2498 Secun-

245 2518 295 2556 da
319 2518 424 2557 illius
451 2534 553 2557 uxor
571 2519 585 2541 5
610 2520 689 2558 fuit
711 2520 998 2559 Brunissendis
1024 2521 1072 2560 de
1099 2522 1228 2569 Faxo,
1262 2529 1396 2560 mater
1419 2519 1714 2559 Archambaldi
1742 2519 1831 2567 III,
1849 2532 1955 2556 mor-

249 2578 304 2614 tui
325 2578 338 2600 ⁶
370 2577 453 2616 sine
485 2578 635 2626 liberis,
663 2580 826 2629 Rogerii
848 2580 1046 2618 Bernardi
1072 2580 1255 2618 canonici
1279 2580 1472 2631 primum,
1497 2588 1544 2617 ut
1574 2593 1676 2627 reor,
1702 2577 1954 2625 parisiensis,

298 2698 325 2729 1.
356 2697 503 2737 Bzduze,
531 2704 557 2730 t.
583 2710 633 2738 111,
661 2710 695 2742 p.
724 2698 779 2732 98.

297 2752 326 2781 2.
359 2749 566 2790 Duclicsnc,
588 2762 644 2795 op.
660 2752 737 2791 cit„
760 2757 786 2786 t.
807 2764 843 2791 11⁷
866 2764 901 2796 p.
923 2753 1004 2786 315.

296 2803 327 2834 3.
359 2803 427 2834 Sur
453 2804 488 2836 la
514 2803 713 2837 londation
740 2805 788 2837 du
816 2806 953 2849 college
981 2806 1025 2838 dc
1054 2806 1242 2850 Perig0rd‚
1272 2805 1352 2839 voir
1378 2805 1426 2839 M.
1466 2805 1646 2838 Fournicr
1685 2804 1846 2848 (Statuts,
1875 2808 1900 2836 t.
1927 2815 1951 2844 1,

252 2867 283 2896 1›.
309 2855 386 2894 504,
412 2856 490 2896 005,
515 2857 594 2896 618,
618 2858 698 2896 619,
723 2858 802 2898 627,
826 2858 922 2902 665).

298 2909 329 2940 si.
360 2908 406 2940 M.
427 2908 616 2950 Fani-nior,
634 2910 781 2950 Statum,
799 2917 825 2944 t.
841 2923 865 2951 1,
883 2923 916 2944 n.
936 2912 1016 2952 694,
1034 2924 1069 2956 p.
1088 2913 1168 2945 627.

300 2960 330 2992 Γ).
357 2961 384 2992 ll
408 2961 524 2995 existo
546 2974 617 2995 unc
641 2963 811 3007 dispcnsc
835 2965 878 2997 dc
901 2964 1065 3008 mariage
1088 2966 1138 2998 du
1160 2966 1204 2998 12
1226 2965 1302 2998 mai
1333 2965 1426 2999 ‘1296
1459 2965 1626 3009 (Digard,
1659 2976 1693 2997 n.
1718 2963 1823 3008 1065)
1849 2968 1953 2996 entre

258 3012 356 3045 llclic
379 3020 415 3046 ct
436 3014 575 3055 Puella,
602 3016 656 3048 fils
678 3017 722 3049 de
748 3016 810 3050 scu
832 3009 992 3057 Gera'ud‚
1017 3024 1139 3051 comte
1162 3018 1426 3061 d’Armagnac.

302 3067 330 3098 0.
359 3067 627 3101 Amlizunhaud
655 3069 713 3102 III
739 3076 894 3102 mourut
930 3082 976 3104 cn
1010 3072 1103 3105 1335
1133 3071 1332 3114 (Anselme,
1360 3077 1386 3104 t.
1411 3083 1463 3111 111,
1491 3082 1525 3114 p.
1553 3070 1626 3114 73).
1653 3070 1751 3103 Jean
1776 3069 1896 3102 XXII
1921 3069 1953 3102 lc

255 3117 402 3156 lit-licita,
433 3120 462 3149 lv
491 3121 510 3153 8
537 3122 748 3164 septembre
776 3123 881 3161 1334,
911 3123 1057 3156 d‘avoir
1077 3126 1255 3157 recouvre
1276 3124 1311 3157 la
1338 3123 1463 3157 sante!
1493 3123 1685 3166 (Archives
1708 3123 1755 3156 du
1778 3121 1955 3156 Vatican‘
