2083 3458
303 194 381 234 740
952 207 1103 232 NOTAE
1139 209 1198 232 AD
1234 208 1361 233 VITAS
1856 193 2010 249 [1221]

297 293 468 330 veniunt.
507 292 571 329 Ad
605 292 721 340 cujus
757 292 873 329 verba
908 292 1045 329 nullus
1080 292 1296 342 respondit.
1337 292 1503 330 Interim
1540 292 1702 330 intravit
1737 293 2014 331 Bandarensis

297 352 472 402 quidam,
502 366 614 402 quem
644 351 747 389 idem
774 352 974 400 deponens
1003 365 1082 388 non
1111 351 1270 389 nomine
1297 353 1365 389 sed
1390 351 1493 400 facie
1521 353 1757 400 agnoscebat
1784 361 1817 391 et
1849 353 2012 391 Bandu-

296 426 447 449 rensem
475 425 556 448 esse
582 410 743 457 sciebat,
772 419 806 448 et
834 410 936 448 dixit
963 410 1088 448 eidem
1116 411 1372 449 Bandarensi
1402 411 1651 461 (legendum,
1679 411 1865 461 Barensi)
1896 413 2014 450 verba

298 480 338 508 ut
359 471 546 508 dominus
567 470 788 507 cardinalis
810 469 1196 519 Magnimonasterii
1219 470 1262 508 in
1283 472 1435 520 effectu.
1461 470 1617 520 Quibus
1638 471 1804 519 auditis,
1827 472 2014 510 dominus

297 530 488 568 Barensis
506 529 656 567 vocavit
672 530 724 567 ad
740 543 779 566 se
797 530 988 579 quosdam
1004 529 1229 578 familiares
1247 530 1440 568 dictorum
1458 530 1710 568 dominorum
1727 531 2012 579 cardinalium,

297 590 364 640 qui
392 590 435 627 in
460 589 541 627 alio
566 590 715 638 angulo
743 589 836 627 dicti
864 589 1171 627 deambulatorii
1197 589 1434 628 residebant.
1463 590 1542 640 Qui
1569 604 1658 628 cum
1683 590 1939 629 accessissent
1963 591 2016 628 ad

294 664 397 696 eum,
423 649 508 698 ipse
530 648 733 699 accipiens
755 663 898 698 capam
921 648 1046 686 unius
1068 649 1170 687 discit
1192 665 1199 687 ε
1224 650 1308 687 Hec
1330 653 1432 699 c'apa
1453 658 1535 687 erat
1560 649 1660 687 bona
1690 664 1762 699 pro
1786 664 1864 688 uno
1885 650 2013 688 cardi-

298 709 394 747 nali.
423 709 472 746 Et
496 709 599 746 idem
623 708 725 746 dixit
747 708 952 757 accipiens
975 723 1098 759 capas
1122 709 1245 747 trium
1269 710 1327 747 vel
1349 717 1517 759 quatuor
1548 723 1593 747 esc
1616 709 1819 759 predictis,
1842 709 2013 760 subjun-

298 783 391 817 gens
421 784 427 805 z
457 767 694 817 Expolietis,
722 767 929 817 expolietis
956 783 1092 818 capas.
1122 768 1173 806 Et
1199 777 1423 806 convertens
1449 783 1488 806 se
1514 769 1566 806 ad
1592 769 1892 807 Bandarensem
1918 769 1977 807 ait
2005 784 2012 807 :

298 827 480 874 Portetis‚
510 827 672 877 portetis
702 827 798 865 istas
826 841 963 877 capaS,
985 836 1019 865 et
1040 828 1215 876 veniant,
1245 828 1419 876 veniant,
1450 835 1596 878 oportet
1623 829 1726 879 quod
1761 828 1934 867 veniant.
1964 828 2016 866 Et

298 888 433 924 nullus
455 887 534 924 sibi
557 887 817 937 respondebat
839 901 907 925 nec
928 887 1140 937 quisquam
1161 903 1304 938 capam
1324 887 1566 938 empoliabat,
1587 888 1656 926 sed
1676 888 1841 938 quilibet
1861 888 2012 938 predic-

297 956 425 984 torum
450 946 631 984 omnium
656 955 757 984 totus
783 946 988 995 attonituS,
1015 956 1057 986 ut
1082 947 1301 996 videbatur,
1328 947 1469 985 tacitus
1495 962 1576 984 rem
1600 948 1887 986 considerabat.
1915 947 2013 985 Hiis

298 1006 355 1044 sic
379 1006 549 1056 peractis
575 1006 678 1044 idem
712 1006 905 1044 Barensis
938 1007 1125 1045 clamavit
1151 1023 1157 1044 :
1194 1007 1266 1045 Est
1290 1007 1353 1044 hic
1386 1005 1615 1045 curreriusP
1643 1007 1800 1046 Veniat.
1835 1007 1887 1046 Et
1910 1007 2016 1045 venit

298 1066 473 1116 quidam.
502 1065 580 1103 Cui
607 1065 709 1104 dixit
735 1081 742 1104 ε
776 1066 910 1104 Vadas
935 1067 987 1104 ad
1010 1068 1159 1116 portas,
1185 1075 1220 1105 et
1244 1067 1307 1105 dic
1329 1066 1576 1116 janitoribus
1600 1081 1646 1104 esc
1679 1075 1790 1117 parte
1815 1066 1892 1104 mei
1914 1067 2016 1117 quod
2077 1118 2080 1121 Ι

299 1126 456 1163 nullum
488 1125 691 1163 dimittant
724 1126 872 1163 intrare
906 1126 987 1163 nisi
1020 1127 1290 1164 tantummodo
1322 1126 1558 1165 cardinales.
1598 1126 1746 1164 Videns
1778 1135 1910 1165 autem
1951 1126 2014 1164 hic

299 1186 496 1235 deponens
525 1186 627 1235 quod
655 1186 792 1223 nullus
820 1185 855 1222 ei
885 1186 1145 1236 respondebat
1173 1200 1241 1224 nec
1270 1186 1491 1224 astantium
1520 1200 1625 1223 unus
1654 1186 1768 1224 alteri
1797 1187 2016 1237 loqueretur

298 1253 331 1282 et
356 1245 701 1295 quamplurimum
724 1245 933 1283 admirans
959 1246 1002 1283 de
1028 1246 1155 1283 verbis
1180 1260 1251 1296 que
1277 1246 1429 1283 discerat
1453 1246 1497 1283 de
1522 1245 1696 1283 dominis
1721 1245 2012 1292 cardinalibus,
2046 1250 2050 1254 '

299 1313 334 1342 et
360 1313 535 1342 metuens
561 1305 605 1342 de
631 1304 774 1354 pejori,
801 1304 916 1343 abiit.
945 1305 1010 1352 Et,
1038 1314 1080 1343 ut
1104 1306 1355 1355 postmodum
1380 1313 1436 1343 est
1460 1314 1715 1355 compertum,
1742 1306 1875 1343 eodem
1901 1318 2016 1343 mane

301 1363 454 1402 domini
479 1363 717 1411 cardinales,
745 1364 838 1402 XII
864 1364 1025 1412 scilicet,
1044 1373 1077 1403 et
1093 1365 1152 1403 hii
1169 1365 1236 1415 qui
1258 1365 1301 1402 in
1320 1365 1500 1415 propriis
1522 1364 1706 1406 domibus
1726 1365 1963 1412 residebant,
1979 1372 2014 1402 et

299 1423 366 1473 qui
396 1424 438 1461 in
466 1432 591 1461 castro
619 1421 757 1461 Sancti
785 1424 933 1472 Angeli
969 1424 1194 1473 latitabant,
1222 1439 1292 1475 per
1319 1425 1598 1463 Bandarenses
1624 1439 1648 1462 a
1675 1425 1846 1462 Barensi
1873 1425 1925 1462 ad
1950 1438 2013 1461 eos

301 1483 441 1520 missos
477 1483 599 1521 coacti
634 1491 729 1521 sunt
763 1498 808 1521 ac
833 1483 1064 1522 violentati1
1090 1485 1142 1522 ad
1171 1484 1371 1534 palatium
1403 1484 1666 1534 apostolicum
1701 1485 1890 1532 accedere,
1927 1498 2016 1522 cum

301 1543 471 1580 Barensi
503 1543 711 1592 prandere,
745 1543 1061 1581 nominationem
1093 1544 1209 1582 talem
1242 1552 1284 1582 ut
1313 1543 1533 1594 predicitur
1564 1545 1609 1582 de
1640 1558 1682 1581 eo
1711 1543 1860 1593 factam
1890 1543 2016 1581 eidem

299 1611 537 1652 presentare,
557 1610 592 1640 et
609 1602 705 1640 liora
724 1616 974 1652 vesperorum
992 1604 1127 1641 eadem
1146 1603 1208 1641 die
1229 1603 1271 1641 in
1290 1603 1452 1641 ecclesia
1472 1603 1610 1641 Sancti
1629 1603 1739 1641 Petri
1758 1617 1848 1641 eum
1868 1602 2015 1641 inthro-

301 1661 447 1700 nizare.
479 1658 746 1700 Mandaverat
773 1662 881 1700 enim
909 1662 966 1699 eis
994 1677 1063 1713 per
1091 1663 1371 1700 Bandarenses
1399 1663 1552 1713 pluries
1582 1662 1649 1700 illo
1679 1678 1794 1700 mane
1822 1671 2016 1713 quatenus

300 1722 352 1759 ad
365 1735 455 1758 eum
470 1721 660 1769 venirent,
675 1721 710 1758 si
724 1722 903 1759 volebant
918 1722 1051 1772 majus
1063 1722 1287 1773 periculum
1301 1722 1445 1760 evitare
1460 1737 1579 1772 quam
1592 1722 1705 1773 passi
1718 1721 1879 1772 juerant
1893 1722 2016 1772 paulo

300 1789 401 1818 ante.
431 1780 626 1831 Superest
649 1789 699 1819 ut
724 1780 980 1820 adducamus
1007 1781 1296 1821 testimonium
1323 1781 1460 1820 fratris
1487 1781 1633 1832 Angeli
1665 1781 1847 1832 episcopi
1874 1781 2014 1819 Pisau-

301 1839 443 1887 rensis‚
474 1854 597 1889 quem
626 1848 719 1879 tum
750 1854 878 1890 quum
908 1842 1008 1879 haec
1040 1849 1154 1891 gesta
1184 1849 1281 1879 sunt
1307 1841 1435 1880 *fuisse
1466 1841 1578 1892 apud
1618 1842 1835 1880 Urbanum
1865 1841 2016 1880 docent

301 1900 428 1937 allata
452 1899 707 1938 testimonia.
733 1899 795 1938 Sic
820 1915 914 1950 ergo
937 1901 1117 1939 habetur
1139 1901 1181 1938 in
1204 1900 1291 1950 ejus
1316 1901 1573 1951 depositione
1593 1900 1607 1923 2
1632 1917 1639 1939 :
1668 1901 1766 1939 Item
1798 1901 1900 1939 dixit
1930 1914 2014 1950 pre-

302 1959 429 1996 dictus
453 1959 559 1996 testis
584 1960 687 2009 quod
711 1959 856 1997 illomet
881 1975 995 1998 mane
1018 1960 1219 2010 predictus
1233 1961 1374 1998 electus
1393 1961 1435 1998 in
1458 1960 1688 2011 supradicto
1703 1959 2015 1999 deambulatorio

302 2026 335 2055 et
353 2018 505 2068 palatio
524 2018 673 2056 vocavit
691 2019 743 2056 ad
760 2033 799 2056 se
812 2019 1045 2069 episcopum
1061 2020 1352 2058 Cassanensem
1370 2028 1403 2058 et
1419 2020 1639 2070 predictum
1654 2029 1787 2058 testem
1806 2020 1874 2070 qui
1890 2019 2014 2069 loqui-

302 2086 377 2125 tur,
400 2086 434 2115 et
455 2078 557 2116 dixit
577 2078 635 2115 eis
658 2094 664 2115 :
689 2078 850 2116 Bonum
870 2088 967 2117 esset
988 2080 1090 2129 quod
1111 2094 1177 2116 vos
1200 2079 1309 2117 iretis
1330 2081 1383 2117 ad
1402 2080 1682 2117 Bandarenses
1703 2088 1738 2118 et
1758 2079 1937 2118 diceretis
1958 2078 2017 2116 eis

302 2138 404 2186 quod
422 2137 503 2174 nisi
516 2146 655 2186 cogant
673 2138 896 2175 cardinales
909 2138 976 2189 qui
994 2147 1089 2176 sunt
1108 2139 1150 2176 in
1169 2147 1294 2176 castro
1314 2139 1453 2177 Sancti
1472 2139 1620 2188 Angeli
1640 2139 1770 2177 venire
1788 2140 1841 2177 ad
1857 2152 2014 2188 presen-

302 2197 399 2234 tiam
423 2211 549 2234 meam
572 2198 674 2247 quod
697 2197 778 2247 ipsi
802 2197 928 2235 nichil
947 2198 1134 2247 jecerunt.
1160 2198 1211 2236 Et
1233 2213 1322 2236 cum
1345 2199 1473 2237 dictus
1499 2199 1606 2236 testis
1630 2199 1770 2236 diceret
1792 2199 1893 2249 quod
1917 2198 2016 2247 forte

303 2270 381 2293 non
406 2264 503 2293 ess'et
527 2256 733 2294 honestum
758 2257 883 2294 dicere
908 2257 1241 2296 Bandarensibus
1266 2259 1369 2308 quod
1392 2267 1569 2307 cogerent
1592 2272 1668 2305 eos,
1704 2267 1786 2305 etc.,
1813 2256 2016 2307 respondit

302 2324 394 2353 tunc
415 2315 542 2353 dictus
562 2316 703 2353 electus
726 2331 733 2353 :
756 2316 876 2363 Bene,
902 2317 1007 2363 bene,
1023 2331 1100 2355 vnos
1120 2317 1397 2366 cogitabimus.
1420 2318 1472 2355 Et
1491 2326 1583 2355 tunc
1603 2317 1769 2355 dimisso
1789 2317 1890 2355 dicto
1910 2324 2014 2363 teste,

303 2374 423 2413 traxit
448 2375 675 2413 consocium
700 2376 752 2413 ad
777 2384 943 2425 partem,
971 2385 1004 2414 et
1030 2377 1127 2427 quid
1152 2377 1304 2415 locutus
1329 2377 1451 2426 fuerit
1476 2392 1566 2415 cum
1591 2391 1633 2414 eo
1661 2377 1830 2426 ignorat,
1856 2377 1924 2413 sed
1951 2375 2016 2413 ille

302 2434 436 2471 statim
461 2434 581 2472 exivit
606 2435 817 2484 palatium.
847 2435 1026 2474 Videbat
1051 2435 1160 2474 enim
1188 2437 1380 2474 Urbanus
1405 2436 1589 2474 titubare
1615 2435 1733 2473 initia
1759 2435 1821 2474 sui
1845 2434 2036 2492 pontifi-⁵

303 2501 419 2531 catus
453 2494 564 2543 apud
597 2494 813 2544 plerosque
848 2495 1049 2533 nobilium
1085 2496 1381 2535 Romanorum.
1417 2495 1495 2534 Sed
1529 2504 1673 2546 postea
1706 2495 1882 2533 solidata
1910 2492 2015 2533 ‘sunt

302 2552 499 2602 sanguine
530 2554 814 2593 Romanorum
841 2569 964 2604 quem
991 2555 1101 2592 fudit
1127 2555 1179 2593 ad
1205 2563 1378 2605 pontem
1405 2555 1606 2593 Salarium
1633 2554 1867 2593 Bernardus
1900 2554 1949 2592 de
1975 2554 2014 2590 la

304 2612 410 2650 Sala.
428 2613 624 2650 Testatur
640 2612 752 2651 istud
769 2614 913 2652 Petrus
933 2614 1135 2664 Rostagni
1148 2614 1197 2652 de
1217 2615 1370 2653 Sancto
1387 2614 1573 2664 Crispino
1587 2613 1628 2651 in
1644 2613 1819 2664 epistola
1831 2613 1846 2635 3
1859 2612 2013 2663 scripta

302 2671 353 2707 ad
385 2672 590 2710 joannem
618 2686 755 2722 regem
785 2673 1000 2720 Castellae,
1029 2673 1071 2711 in
1102 2688 1181 2723 qua
1212 2673 1271 2711 ait
1301 2674 1561 2724 Stephanum
1579 2673 1628 2711 de
1659 2672 1849 2711 Arinanis
1881 2673 1923 2710 in
1952 2672 2015 2710 die

303 2745 379 2779 qua
399 2740 586 2768 venerunt
605 2746 705 2769 nova
724 2733 768 2769 de
788 2741 907 2770 morte
926 2733 1198 2771 Romanorum
1228 2733 1270 2770 in
1290 2733 1445 2770 civitate
1476 2732 1692 2770 Tiburtina
1711 2732 1861 2771 dixisse
1881 2731 2014 2770 eidem

304 2789 621 2829 Bartholomaeo
640 2791 794 2828 :Hodie
810 2792 1083 2830 Romanorum
1096 2793 1266 2841 sanguis
1281 2800 1314 2829 te
1326 2792 1418 2841 fecit
1432 2806 1596 2842 papam.
1613 2792 1718 2829 Tum
1733 2791 1842 2830 enim
1857 2790 2012 2829 nobiles

356 2934 383 2965 1.
414 2933 456 2965 N.
484 2933 610 2967 valois
639 2935 678 2977 (t.
703 2948 726 2974 1,
754 2947 787 2978 p.
816 2935 938 2978 56-61)
968 2948 987 2968 a
1013 2939 1161 2970 montre
1187 2948 1259 2979 que
1284 2936 1334 2969 les
1360 2936 1570 2969 cardinaux
1595 2936 1753 2968 allerent
1777 2947 1825 2968 au
1850 2935 2014 2968 Vatican

304 2997 388 3017 saus
415 2999 438 3028 y
467 2987 572 3019 avoir
598 2989 656 3020 ete
684 2988 907 3022 coutraints.

356 3040 384 3070 2.
418 3040 456 3071 B.
488 3040 543 3078 N.‚
572 3052 638 3073 ms.
666 3041 761 3073 latin
788 3041 918 3080 11745‚
946 3042 1008 3075 fol.
1036 3043 1100 3075 191
1131 3047 1175 3075 r0.

353 3091 384 3123 3.
418 3092 482 3125 ΜΞ.
510 3093 594 3129 cite,
621 3094 681 3126 fol.
709 3096 753 3127 65
780 3100 829 3127 νο.
