2083 3458
46 243 199 298 [1309]
275 243 278 245 ’
567 260 783 285 PAPARUM
820 260 1201 285 AVENIONENSIUM
1650 242 1732 283 825

29 341 131 379 cesis
161 341 467 390 Andegavensis
496 341 625 391 reperi
652 341 692 378 in
716 342 825 379 bulla
855 342 1072 380 Clementis
1096 342 1190 389 Vll,
1216 342 1313 379 data
1339 357 1382 379 lx
1407 343 1485 379 kal.
1507 340 1596 390 julii
1623 355 1730 378 anno

29 399 190 438 decimo
229 400 293 449 [23
321 400 411 449 juin
442 400 574 449 1388]‚
605 415 685 450 qua
724 401 914 439 eumdem
945 401 1174 451 prioratum
1214 409 1413 451 perpetuo
1442 400 1533 438 unit
1567 414 1728 438 mensae

31 459 235 496 abbatiali
256 458 397 497 Sancti
419 459 556 497 Albini
578 460 900 509 Andegavensis.

88 519 130 556 P.
155 517 245 565 490,
269 518 335 568 lig.
359 518 396 557 S.
423 518 560 555 FAvm
572 533 642 556 rus
670 534 724 556 DE
751 519 997 557 AGRIFOLIO.
1018 520 1123 558 Eum
1145 519 1193 556 de
1218 519 1434 556 nobilitate
1459 517 1629 568 generis,
1645 531 1728 555 mo-

33 591 125 616 rum
151 585 192 615 et
219 577 329 615 vitae
359 577 563 615 munditia
593 578 857 616 commendat
889 578 1150 616 Innocentius
1181 578 1235 615 Vl
1266 578 1305 615 in
1334 577 1458 615 literis
1488 576 1594 614 datis
1626 576 1728 614 Ave-

33 635 167 683 nione,
193 651 248 673 xn
276 636 354 674 kal.
381 645 502 675 mart.
528 651 635 674 anno
669 645 786 675 sexto
815 637 879 686 [18
905 637 1050 675 sevrier
1072 637 1203 687 1358],
1229 637 1376 686 quibus
1403 636 1435 674 ei
1468 635 1655 674 concedit
1679 650 1727 673 ne

31 703 199 746 propter
227 695 476 735 decanatum
507 696 707 734 Ecclesiae
736 696 1015 742 Bituricensis,
1048 710 1170 746 quem
1195 696 1423 742 obtinebat,
1452 703 1660 733 teneretur
1687 709 1727 732 se

32 754 163 793 facere
187 754 418 805 promoveri
442 755 493 792 ad
519 755 701 793 ordinem
726 755 1035 805 presbyteratus
1059 770 1186 804 usque
1223 755 1274 792 ad
1297 754 1529 805 proximam
1556 753 1727 791 domini-

35 827 125 853 cam
154 822 249 863 post
281 813 433 853 festum
466 814 740 852 pentecostes.
777 815 979 864 Nepotem
1011 814 1131 852 fuisse
1168 813 1404 863 Raymundi
1436 814 1483 851 de
1518 812 1727 862 Agrifoli0‚

35 872 213 923 episcopi
246 873 534 919 Ruthenensis,
564 873 693 911 tradit
723 874 924 911 Antonius
954 873 1147 910 Bonallus
1176 873 1217 910 in
1249 873 1427 910 Historia
1455 872 1728 921 episcoporum

34 932 359 970 Ruthenensium.
395 932 472 970 Sed
505 932 544 969 id
580 947 721 970 verum
754 947 834 970 non
867 941 940 970 est.
978 934 1039 969 Ex
1071 940 1321 971 testamento
1355 931 1504 981 quippe
1543 930 1727 979 ejusdem

38 991 274 1040 Raymundi
301 991 431 1056 liquet
461 992 546 1040 Fa>
551 991 684 1029 ditum
713 992 833 1029 fuisse
864 992 1029 1029 fratrem
1060 992 1146 1041 ejus
1176 1005 1427 1040 germanum.
1459 990 1639 1027 Clemens
1670 988 1726 1025 VI

33 1050 119 1100 ejus
146 1050 470 1100 consanguineus
490 1050 625 1100 ipsum
647 1059 738 1088 tum
763 1051 804 1088 in
826 1051 1147 1089 subdiaconatus
1171 1050 1308 1088 oidine
1332 1049 1605 1088 constitutum
1632 1047 1727 1086 fecit

25 1109 235 1148 vdecanum
276 1106 479 1148 Ecclesiae
519 1110 798 1148 Bituricensis.
841 1110 986 1147 Postea
1036 1109 1114 1147 fuit
1152 1109 1261 1159 prior
1292 1108 1495 1159 prioratus
1535 1106 1725 1145 secularis

32 1168 81 1207 de
110 1168 275 1207 Picacos
303 1168 344 1206 in
371 1169 544 1207 dioecesi
572 1168 817 1207 Cadurcensi
845 1184 953 1206 anno
978 1169 1228 1214 MCCCLXI,
1254 1183 1333 1218 quo
1357 1168 1488 1206 factus
1512 1166 1724 1216 episcopus

36 1227 309 1266 Ruthenensis
336 1237 431 1278 post
461 1228 756 1277 Raymundum
784 1243 930 1265 munus
960 1227 1274 1266 consecrationis
1302 1227 1349 1264 de
1378 1226 1575 1264 mandato
1607 1225 1725 1262 Inno-

32 1286 156 1325 centii
180 1287 236 1324 VI
262 1287 415 1337 recepit
448 1288 559 1337 apud
586 1288 732 1327 Sedem
756 1287 1040 1337 apostolicam.
1068 1288 1240 1325 Constat
1274 1286 1373 1323 illud
1400 1300 1449 1323 cx
1473 1285 1582 1322 bulla
1621 1284 1724 1332 ejus-

24 1346 126 1386 'dem
159 1346 388 1385 Innocentii
427 1346 525 1384 data
557 1362 613 1384 xv
647 1347 725 1385 kal.
756 1346 934 1397 januarii
964 1361 1071 1384 anno
1111 1361 1217 1383 nono
1248 1346 1314 1395 [18
1346 1345 1556 1383 decembre
1590 1343 1725 1392 1361],

33 1419 112 1455 qua
144 1405 252 1444 idem
282 1405 488 1456 prioratus
519 1414 719 1456 perpetuo
750 1406 889 1443 unitus
921 1414 982 1443 est
1014 1405 1180 1455 collegio
1213 1403 1353 1443 Sancti
1385 1402 1582 1441 Martialis
1615 1401 1724 1451 quod

31 1464 142 1502 idem
174 1464 435 1503 Innocentius
467 1465 660 1503 fundavit
690 1465 730 1502 in
761 1464 928 1503 civitate
960 1465 1174 1503 Tolosana.
1209 1465 1443 1501 Ruthenam
1473 1471 1614 1500 tamen
1644 1475 1725 1498 non

32 1523 164 1561 adivit
201 1524 399 1574 Fayditus
436 1532 531 1563 ante
568 1539 723 1564 annum
761 1525 1027 1571 MCCCLXV,
1065 1539 1145 1573 quo
1181 1524 1389 1561 solennem
1424 1522 1649 1570 ingressum
1684 1519 1724 1556 in

23 1597 123 1622 veam
155 1583 299 1623 urbem
341 1583 564 1622 celebravit
598 1583 660 1621 die
696 1599 784 1621 xxn
817 1583 920 1633 julii.
955 1584 1139 1621 Tenebat
1172 1591 1312 1620 autem
1354 1595 1443 1619 eam
1486 1579 1724 1618 cathedram

31 1656 140 1680 anno
169 1642 506 1690 MCCCLXVIH,
534 1651 581 1680 ut
608 1658 657 1680 ex
684 1642 809 1681 literis
838 1643 924 1692 ejus
953 1642 1059 1680 datis
1090 1641 1290 1679 Avenioni
1318 1648 1504 1679 constare
1532 1638 1590 1675 ait
1617 1638 1725 1675 idern

30 1701 239 1749 Ronanus,
280 1702 427 1752 quibus
468 1711 720 1752 potestatem
761 1702 856 1740 fecit
896 1702 1129 1739 consulibus
1175 1699 1505 1738 Ruthenensibus
1546 1695 1723 1734 habendi

22 1774 278 1810 campanam
307 1761 359 1799 ad
390 1762 620 1800 evocandos
654 1770 772 1799 nocte
804 1761 958 1810 vigiles.

87 1819 186 1859 Heic
206 1835 301 1858 vero
322 1821 531 1871 consurgit
550 1821 689 1870 ingens
712 1820 944 1858 difficultas.
967 1819 1109 1857 Tradit
1129 1819 1237 1857 enim
1261 1820 1436 1856 Joannes
1462 1815 1724 1860 Froissartus,

31 1878 112 1917 vol.
143 1894 169 1926 1,
197 1893 285 1930 cap.
313 1894 476 1927 cch1v‚
498 1880 736 1930 episcopum
761 1880 1080 1925 Ruthenensem‚
1109 1879 1224 1928 cujus
1246 1892 1394 1915 nomen
1416 1890 1496 1913 non
1517 1872 1725 1924 exprimit,

26 1937 153 1976 ¹fuisse
181 1952 288 1976 anno
317 1938 384 1977 illo
413 1939 701 1978 cancellarium
729 1939 921 1989 principis
953 1938 1134 1983 Walliae,
1164 1937 1276 1975 ducis
1307 1934 1566 1985 Aquitaniae.
1599 1933 1723 1969 Fuere

31 1996 102 2046 qui
124 1997 338 2036 historiam
363 1998 474 2038 illam
498 1999 869 2048 interpretarentur
893 1998 940 2035 de
968 1997 1157 2046 Faydito.
1186 1997 1238 2034 At
1261 1995 1453 2033 Bonallus
1478 2007 1568 2031 eam
1594 2000 1723 2029 trans-

31 2055 110 2094 fert
132 2057 184 2094 ad
206 2057 484 2095 Bertrandum
507 2058 555 2095 de
579 2058 843 2095 Cardalhaco.
870 2057 946 2095 Sed
970 2065 1260 2106 praeterquam
1285 2054 1393 2104 quod
1419 2051 1601 2090 nondum
1625 2049 1724 2089 mihi

29 2115 131 2153 bene
163 2131 404 2166 persuasum
436 2125 498 2155 est
529 2118 636 2154 hunc
668 2116 942 2154 Bertrandum
978 2115 1097 2153 fuisse
1131 2115 1365 2165 episcopum
1403 2112 1723 2153 Ruthenensem,

21 2187 123 2214 -cum
158 2175 434 2215 Bertrandum
471 2175 641 2214 fratrem
679 2175 847 2213 Joannis
886 2175 1142 2225 patriaichae
1178 2171 1442 2222 Alexandrini
1478 2178 1634 2208 certum
1671 2167 1723 2204 sit

30 2242 241 2274 mortuum
263 2249 347 2273 esse
371 2235 609 2285 episcopum
635 2235 1029 2279 Montalbanen‚s(m
1054 2242 1094 2271 et
1120 2234 1203 2271 Fax
1208 2233 1342 2269 ditum
1365 2231 1415 2268 ad
1440 2229 1721 2279 episcopatum

30 2292 358 2333 Avenionensem
380 2294 630 2333 translatum
655 2308 733 2331 non
759 2293 877 2331 fuisse
901 2302 996 2330 ante
1020 2306 1174 2330 3111111111
1203 2291 1461 2330 millesimum
1484 2288 1542 2325 CC
1549 2284 1720 2324 CLXXI

20 2351 162 2402 colligi
185 2367 234 2390 ex
257 2367 304 2391 eo
325 2353 456 2402 possit
480 2353 589 2403 quod
614 2353 680 2390 illo
704 2361 871 2390 tantum
894 2366 1002 2389 anno
1025 2350 1329 2388 administratio
1354 2348 1612 2398 episcopatus
1641 2345 1721 2381 Ru-

29 2411 236 2458 thenensis
275 2412 373 2449 data
410 2420 471 2449 est
510 2412 658 2450 Joanni
698 2411 953 2461 patliaichae
994 2411 1134 2448 Alexa
1125 2410 1282 2454 1111111111,
1322 2407 1505 2445 110111111111
1541 2403 1720 2441 moribus

29 2478 241 2520 receptum
270 2479 358 2508 erat
388 2479 434 2508 ut
463 2470 642 2521 episcopi
672 2470 893 2520 relinquent
891 2478 948 2507 nt
979 2469 1193 2507 cathedras
1224 2482 1315 2506 suas
1324 2467 1526 2514 ‚soloque
1558 2461 1720 2499 nomine

30 2528 208 2579 episcopi
230 2529 413 2567 contenti
434 2538 587 2575 essent3
609 2530 792 2579 adeoque
823 2528 1071 2567 censendum
1091 2536 1151 2565 est
1174 2528 1257 2575 Fa>
1251 2527 1396 2563 ditum
1427 2524 1546 2561 fuisse
1568 2520 1719 2570 episeo-

29 2602 129 2638 pum
152 2589 458 2626 Ruthenensem
478 2603 605 2638 usque
628 2603 708 2638 quo
728 2588 952 2625 translatus
974 2595 1035 2624 est
1057 2587 1107 2623 ad
1132 2586 1352 2624 Ecclesiam
1375 2582 1719 2621 11111311101101153111ς

21 2646 140 2696 Δ(111011
162 2647 377 2697 contigisse
399 2661 507 2684 anno
531 2647 811 2685 MCCCLXXI
832 2648 917 2696 jam
938 2661 987 2683 cx
1008 2660 1054 2683 eo
1080 2645 1312 2694 collegimus
1335 2642 1445 2693 quod
1466 2641 1532 2678 illo
1554 2646 1720 2677 tantum

20 2719 138 2743 anno
161 2706 466 2744 administratio
482 2706 741 2756 episcopatus
764 2704 1034 2743 Ruthenensis
1051 2704 1148 2741 data
1164 2712 1225 2741 est
1241 2702 1391 2740 „Ioanni
1405 2702 1451 2738 de
1469 2697 1719 2737 Cardalhaco

30 2764 287 2829 patriarchae
316 2765 606 2803 Alexandrino.

85 2824 205 2873 Ergo,
223 2823 255 2861 si
272 2837 365 2861 vera
388 2832 449 2862 est
472 2824 652 2861 narratio
678 2822 906 2868 Froissarti‚
924 2823 1009 2870 Fa)
1014 2822 1122 2859 ditus
1146 2821 1224 2858 fuit
1247 2818 1508 2858 cancellarius
1526 2812 1718 2866 principis

31 2881 232 2920 Walliae
223 2897 264 2920 111
287 2882 526 2934 Aquitania,
551 2891 593 2920 et
615 2896 723 2919 anno
750 2882 818 2919 MC
825 2881 1070 2919 (CLXVIII
1096 2895 1185 2917 cum
1211 2894 1257 2917 eo
1280 2887 1368 2917 erat
1392 2877 1501 2927 apud
1530 2875 1719 2912 Niortum

21 2939 70 2977 in
97 2941 348 2979 Pictonibus.
377 2941 454 2979 Sed
480 2941 550 2978 vix
575 2940 764 2979 credibile
790 2949 850 2977 est
876 2939 1084 2976 hominem
1111 2938 1441 2978 Lemovicensem
1467 2933 1647 2999 potuisse
1673 2944 1715 2968 ea

29 3007 277 3064 tempestate
297 3015 381 3038 esse
402 2999 614 3039 inimicum
634 2999 745 3048 regni
767 2999 1029 3044 Francorum,
1051 3012 1142 3035 cum
1172 2996 1412 3047 praesertim
1432 2994 1505 3059 (11.111
1530 2993 1629 3030 duos
1658 2988 1720 3027 sui

31 3058 205 3098 nominis
231 3059 456 3097 cardinales
482 3058 603 3096 sciret
627 3073 711 3096 esse
737 3057 776 3094 in
804 3057 913 3095 curia
940 3070 1108 3094 romana
1137 3055 1318 3094 Francici
1353 3053 1527 3093 nominis
1564 3048 1718 3089 studio-

19 3115 222 3157 zsissimos.
255 3118 387 3165 Quare
418 3125 525 3156 recte
555 3117 661 3154 idem
692 3116 900 3162 Bonassus,
920 3115 988 3165 qui
1019 3123 1275 3164 compertum
1305 3115 1475 3152 haberet
1497 3108 1720 3160 Fayditum
