2083 3458
113 228 265 282 [1449]
670 245 884 270 PAPARUM
920 245 1302 271 AVENIONENSIUM
1724 231 1804 272 607

111 342 214 374 mus,
245 341 419 377 quorum
448 327 641 364 ultimum
672 327 819 365 vixisse
850 336 1014 366 constat
1042 343 1149 367 anno
1180 330 1311 368 MCVI
1342 338 1382 367 et
1410 345 1538 381 usque
1569 332 1622 368 ad
1651 345 1805 369 annum

110 387 278 426 MCLVI
303 393 483 424 aetatem
509 386 762 436 produxisse.
793 387 970 425 Istorum
994 403 1148 426 sorores
1174 388 1283 426 fuere
1309 389 1491 427 Almodis
1515 404 1618 427 uxor
1644 390 1805 439 Rigaldi

113 445 311 495 Hugonis,
336 445 446 482 Alais
470 453 603 495 nupta
627 445 811 484 Gilberto
836 445 1010 484 Alboino
1034 455 1076 484 et
1100 447 1313 486 Aimelina.
1341 448 1529 488 willelmi
1557 449 1657 487 filios
1682 449 1804 487 fuisse

109 512 211 555 puto
228 504 477 542 Willelmum
493 504 541 541 de
558 504 746 542 Chanaco
763 513 803 542 et
820 505 988 543 Petrum
1003 506 1201 544 Guidonis
1218 507 1378 553 fratres,
1395 521 1569 557 quorum
1583 508 1635 545 ad
1650 521 1805 545 annum

110 563 372 602 MCLXXXI
407 562 564 600 mentio
600 571 662 600 est
696 563 738 601 in
773 563 1026 601 Cliartulario
1061 565 1300 604 monasterii
1338 565 1591 604 Dalonensis.
1631 567 1693 604 Ex
1728 566 1804 613 his,

108 622 340 672 interrupta
367 621 581 671 paululum
609 621 722 668 serie,
750 630 853 672 puto
879 622 1031 673 ambigi
1058 638 1140 661 non
1166 639 1283 674 posse
1311 625 1409 674 quin
1437 625 1515 663 orti
1541 625 1624 663 sint
1649 625 1676 663 ii
1703 639 1803 675 quos

108 695 281 731 sequens
312 678 545 730 genealogia
576 680 891 728 demonstrabit,
922 695 1026 731 quae
1054 682 1112 720 ita
1142 683 1241 722 mihi
1270 683 1434 722 videtur
1461 698 1579 734 posse
1609 683 1804 722 constitui

109 755 160 779 ex
185 740 264 778 fide
289 747 477 778 veterum
501 748 879 786 monumentorum,
907 754 1080 789 quorum
1106 755 1298 791 magnam
1323 751 1483 792 partem
1509 743 1636 781 debeo
1661 744 1804 780 huma-

109 798 232 836 nitati
261 798 338 836 viri
368 797 579 837 clarissimi
610 798 764 837 domini
796 799 966 837 Joannis
996 800 1211 849 Baptistae
1244 801 1480 839 Pradillonii
1509 802 1699 839 monachi
1727 802 1803 839 Fu-

108 858 256 896 liensis.

165 917 212 954 In
237 916 377 966 primis
405 915 596 954 existimo
624 924 786 965 gentem
814 917 1096 954 Chanacorum
1124 918 1164 955 in
1191 918 1291 956 duos
1319 933 1452 957 ramos
1480 919 1601 958 fuisse
1629 919 1804 957 divisam

109 976 253 1015 statim
281 982 376 1025 post
405 975 655 1013 Willelmum
685 983 726 1013 et
757 975 925 1013 Petrum
956 975 1153 1014 Guidonis
1184 978 1353 1015 fratrem
1384 978 1483 1027 ejus.
1516 978 1680 1016 Etenim
1711 992 1802 1017 cum

109 1042 267 1074 certum
286 1034 340 1072 sit
359 1033 623 1072 Guillelmum
643 1033 691 1072 de
711 1034 902 1072 Chanaco
922 1034 1158 1085 episcopum
1176 1037 1444 1077 parisiensem
1464 1044 1505 1075 et
1525 1037 1802 1087 patriarcham

109 1093 436 1132 Alexandrinum
462 1092 608 1131 obiisse
635 1106 743 1130 anno
770 1093 1108 1141 MCCCXLVIII,
1135 1095 1283 1133 aetatis
1307 1109 1402 1133 suae
1429 1096 1650 1134 centesimo
1677 1096 1801 1134 ferme

109 1160 271 1200 exacto,
291 1152 476 1202 adeoque
496 1159 641 1189 natum
664 1166 756 1190 eum
778 1167 862 1190 esse
884 1160 1074 1202 oporteat
1093 1167 1201 1191 anno
1222 1154 1472 1192 MCCXLIX
1490 1163 1563 1192 aut
1581 1154 1801 1205 superiore,

110 1226 191 1250 non
215 1211 452 1250 nominetur
474 1218 615 1249 autem
638 1211 746 1249 inter
773 1211 874 1249 filios
902 1212 1082 1258 Dulciae‚
1109 1213 1156 1251 de
1182 1227 1262 1262 qua
1288 1227 1385 1251 mox
1409 1213 1557 1252 dicturi
1582 1227 1736 1260 sumus,
1760 1214 1802 1251 in

113 1278 362 1309 testamento
384 1270 471 1320 ejus
494 1270 661 1308 condito
683 1284 792 1308 anno
816 1270 1036 1309 MCCLXV
1058 1285 1188 1321 neque
1210 1271 1251 1309 in
1274 1273 1385 1310 Actis
1410 1273 1685 1310 Tutelensibus
1705 1272 1802 1310 anni

110 1330 324 1377 MCCLVI,
344 1329 491 1379 quibus
511 1330 656 1368 Petrus
675 1337 717 1368 et
735 1330 870 1367 Guido
887 1330 935 1367 de
955 1328 1117 1369 Chanac
1136 1330 1351 1379 domicelli,
1371 1331 1457 1380 ejus
1479 1332 1563 1378 filii,
1582 1332 1622 1369 in
1641 1345 1801 1369 monas-

109 1390 257 1427 terium
286 1389 502 1427 Tutelense
530 1388 787 1426 transferunt
815 1389 922 1426 bona
952 1390 1153 1439 quaedam
1183 1390 1235 1428 ad
1264 1405 1329 1428 eos
1359 1391 1605 1440 pertinentia
1634 1391 1675 1427 in
1702 1390 1801 1428 urbe

107 1448 330 1495 Tutelensi‚
351 1447 517 1486 videtur
537 1447 690 1497 ambigi
711 1461 792 1485 non
814 1462 930 1498 posse
953 1449 1052 1498 quin
1072 1449 1113 1486 hi
1134 1463 1234 1498 quos
1256 1457 1371 1486 extra
1393 1449 1538 1487 liberos
1563 1449 1730 1487 Dulciae
1752 1463 1802 1486 ex

107 1520 152 1545 ea
177 1514 297 1557 gente
320 1506 445 1545 fuisse
469 1507 741 1557 comperimus
766 1521 816 1545 ex
839 1507 918 1545 alio
941 1521 1055 1545 ramo
1080 1508 1231 1546 fuerint
1256 1521 1380 1557 quam
1403 1522 1453 1546 ex
1476 1523 1522 1545 eo
1546 1523 1595 1546 ex
1619 1523 1699 1557 quo
1724 1507 1800 1545 orti

107 1574 204 1605 sunt
225 1567 370 1605 Petrus
392 1573 434 1604 et
454 1565 588 1604 Guido
612 1565 683 1603 filii
706 1565 888 1605 Dulciae.
912 1567 1091 1606 Rursum
1112 1581 1203 1605 cum
1226 1567 1389 1606 videam
1411 1568 1517 1605 hunc
1539 1567 1800 1606 Guillelmum

107 1625 386 1675 patriarcham
403 1625 542 1663 vocari
558 1633 754 1675 patruum
774 1625 972 1663 Guidonis
991 1626 1038 1664 de
1057 1626 1246 1664 Chanaco
1264 1625 1400 1664 fratris
1420 1627 1607 1664 Fulconis
1625 1625 1802 1676 episcopi

108 1683 343 1723 Parisiensis
369 1684 411 1722 in
437 1684 698 1735 pactionibus
725 1684 979 1724 matrimonii
1007 1685 1147 1723 Heliae
1175 1686 1222 1723 de
1250 1686 1438 1723 Chanaco
1465 1693 1506 1724 et
1532 1685 1723 1723 Galienae
1754 1684 1802 1721 de

109 1743 367 1791 Donzenaoe,
399 1743 442 1781 in
473 1750 726 1781 testamento
759 1757 856 1782 vero
889 1743 1094 1783 Guillelmi
1128 1744 1175 1782 de
1209 1745 1398 1783 Chanaco
1431 1744 1646 1783 cardinalis
1679 1743 1802 1781 iidem

108 1803 347 1841 Guillelmus
367 1802 603 1853 patriarcha
622 1810 664 1841 et
683 1802 808 1841 Fulco
827 1802 1041 1853 episcopus
1061 1811 1260 1842 vocentur
1279 1803 1415 1853 patrui
1434 1803 1550 1841 istius
1572 1802 1802 1847 cardinalis,

107 1875 228 1912 cogor
252 1861 487 1901 existimare
513 1861 792 1911 patriarcham
819 1861 941 1900 fuisse
966 1862 1136 1901 fratrem
1162 1862 1299 1900 mariti
1327 1862 1507 1909 Dulciae‚
1533 1862 1658 1899 istum
1683 1875 1802 1911 porro

107 1928 317 1959 mortuum
336 1935 420 1959 esse
437 1920 663 1960 admodum
679 1920 889 1970 juvenem,
909 1935 1000 1959 cum
1016 1929 1177 1960 constet
1193 1922 1307 1959 illum
1324 1930 1419 1959 ante
1435 1935 1589 1960 annum
1604 1919 1801 1958 MCCLVI

108 1979 230 2018 fuisse
253 1979 498 2018 extinctum.
523 1979 792 2029 conjecturae
815 1988 910 2018 sunt
933 1980 1050 2028 istae,
1073 1981 1143 2018 sed
1167 1980 1314 2030 quibus
1338 1981 1437 2018 nihil
1460 1981 1657 2018 hactenus
1680 1979 1801 2016 habe-

108 2053 197 2077 mus
217 2038 384 2089 majoris
404 2038 680 2078 auctoritatis.

161 2098 344 2137 Primum
362 2112 455 2147 ergo
473 2112 653 2147 exequar
670 2112 760 2137 eam
778 2106 940 2148 partem
959 2112 1062 2148 quae
1081 2098 1260 2148 pertinet
1277 2099 1329 2135 ad
1348 2098 1640 2148 patriarcham,
1658 2104 1800 2146 postea

107 2156 312 2195 rediturus
333 2157 385 2195 ad
408 2157 597 2197 Dulciam
617 2165 658 2195 et
678 2157 825 2195 liberos
846 2157 947 2207 ejus.
974 2157 1118 2207 Itaque
1139 2157 1335 2207 suspicor,
1356 2165 1403 2194 ut
1423 2165 1544 2195 antea
1566 2156 1665 2202 dixi,
1685 2154 1800 2193 illum

108 2216 229 2254 fuisse
260 2216 430 2256 fratrem
460 2216 598 2255 mariti
630 2216 812 2264 Dulciae,
843 2216 989 2254 fratres
1019 2230 1180 2255 rursum
1210 2216 1296 2265 ejus
1327 2216 1449 2254 fuisse
1480 2215 1730 2253 Ademarum
1760 2221 1800 2250 et

109 2275 382 2322 Leonardum‚
416 2275 485 2325 qui
516 2275 558 2313 in
590 2275 798 2314 veteribus
831 2275 942 2313 Actis
974 2275 1071 2313 anni
1104 2275 1324 2313 MCCLXV
1355 2282 1558 2313 vocantur
1585 2272 1798 2311 domicelli.

109 2334 371 2372 Patriarchae
409 2348 571 2384 quoque
607 2334 753 2372 fratres
790 2334 912 2372 fuisse
959 2334 1137 2372 arbitror
1173 2334 1468 2383 Raymundum
1504 2333 1716 2370 dominum
1750 2330 1798 2368 de

108 2392 278 2431 Seillaco
292 2393 465 2431 militem
486 2401 527 2431 et
548 2394 717 2431 Petrum
739 2393 1014 2439 domicellum,
1040 2393 1108 2442 qui
1132 2393 1277 2430 fratres
1301 2407 1385 2431 esse
1409 2392 1602 2430 dicuntur
1622 2391 1662 2427 in
1687 2397 1797 2427 vete-

107 2452 217 2490 ribus
248 2452 359 2490 Actis
387 2451 483 2489 anni
514 2452 784 2490 MCCLXXX
813 2452 855 2490 in
884 2452 1031 2501 quibus
1062 2452 1300 2489 nominatur
1327 2451 1453 2489 etiam
1482 2449 1664 2487 Almodis
1696 2462 1799 2486 uxor

109 2510 359 2560 Raymundi.
380 2511 650 2560 Raymundus
669 2511 839 2549 vivebat
856 2511 989 2549 adhuc
1006 2525 1114 2547 anno
1132 2510 1354 2548 MCCCXX
1370 2509 1615 2558 reliquitque
1638 2508 1798 2545 fortean

109 2569 238 2608 filium
263 2570 431 2607 Petrum
457 2569 505 2608 de
530 2570 720 2608 Chanaco
746 2570 1005 2608 domicellum
1030 2569 1084 2607 sic
1110 2577 1305 2607 vocatum
1330 2582 1437 2606 311110
1463 2565 1796 2605 MCCCXXXIX

105 2628 147 2666 in
171 2629 284 2667 Actis
305 2627 522 2678 cujusdam
546 2628 765 2679 emptionis
789 2629 922 2667 factae
946 2628 1055 2679 apud
1081 2628 1295 2666 Seillacum
1313 2634 1407 2677 post
1429 2627 1578 2664 festum
1603 2626 1796 2674 Assump-

105 2687 239 2734 tionis,
253 2688 306 2725 ad
325 2701 425 2737 opus
446 2687 598 2725 domini
627 2688 828 2725 Gm'llelmi
850 2689 895 2726 de
915 2688 1099 2725 Chanaco
1119 2687 1295 2737 episcopi
1316 2685 1562 2723 parisiensis
1582 2692 1616 2721 et
1635 2697 1798 2721 suorum

105 2747 288 2785 heredum
314 2754 349 2784 et
374 2760 652 2784 successorum.
684 2747 829 2785 Nescio
858 2754 998 2785 autem
1026 2760 1078 2783 an
1106 2760 1151 2784 ea
1181 2746 1463 2784 Chanacorum
1493 2741 1794 2782 Seillacensium

106 2805 260 2844 familia
284 2813 374 2842 tum
398 2805 581 2843 extincta
605 2805 670 2843 sit.
696 2806 812 2844 Certe
836 2805 935 2843 nihil
958 2805 1065 2843 ultra
1089 2805 1137 2842 de
1161 2819 1206 2842 ea
1229 2804 1371 2854 reperi.
1397 2804 1451 2841 Et
1473 2810 1614 2840 tamen
1637 2809 1795 2840 certum

107 2872 168 2902 est
202 2864 295 2902 hinc
329 2864 381 2902 ad
418 2864 712 2913 Pompadorios
752 2864 956 2902 transiisse
992 2864 1206 2902 Seillacum
1242 2870 1283 2902 et
1317 2862 1492 2911 reliquas
1521 2859 1793 2911 possessiones

106 2923 404 2971 Chanacorum,
422 2936 514 2961 cum
531 2923 572 2959 in
588 2936 715 2961 unam
731 2923 876 2961 deinde
895 2930 1057 2972 gentem
1074 2936 1248 2969 rursum,
1264 2929 1312 2958 ut
1328 2921 1516 2967 arbitror,
1533 2919 1791 2957 coaluissent.

105 2982 224 3021 Nunc
245 2982 459 3021 redeamus
481 2981 533 3019 ad
558 2981 743 3020 Dulciam
766 2981 936 3031 ejusque
957 2989 1154 3031 posteros.
1844 3018 1848 3021 .

158 3042 258 3079 Erat
281 3041 348 3078 illa
376 3040 458 3078 filia
482 3039 679 3078 Bernardi
706 3040 876 3078 Roberti
901 3040 1039 3077 militis
1065 3039 1247 3077 defuncti
1273 3046 1369 3076 ante
1392 3051 1547 3076 annum
1572 3035 1793 3075 MCCLXV

102 3100 184 3147 avi,
203 3108 250 3137 ut
269 3100 459 3146 arbitror,
480 3099 671 3137 Ademari
694 3099 863 3136 Roberti
883 3098 1111 3136 cardinalis.
1134 3097 1269 3135 Mariti
1289 3097 1375 3146 ejus
1395 3111 1545 3135 nomen
1561 3097 1602 3134 in
1622 3096 1792 3133 obscuro
