2083 3458
79 239 229 294 [1075]
596 254 812 279 PAPARUM
848 255 1230 280 AVENIONENSIUM
1678 242 1758 282 597

16 385 24 387 ξ
66 337 296 375 vehebatur
317 336 533 375 cardinalis
560 337 710 374 ordinis
730 337 906 376 fratrum
928 337 1199 385 Minorum,id
1215 347 1289 378 est.
1313 339 1617 387 Glandatensis,
1641 354 1763 389 quem

66 396 211 434 Petrus
229 395 376 434 Amelii
395 395 443 433 de
460 395 644 434 Brenaco
661 404 842 434 testatur
858 404 953 446 post
971 396 1079 435 diem
1099 411 1169 434 xvl
1188 398 1421 436 novembris
1444 399 1622 436 multum
1641 399 1763 436 fuisse

63 454 270 504 jactatum
288 455 445 504 pelago.
469 454 580 492 Haec
598 463 696 492 sunt
714 455 800 504 ejus
820 455 944 493 verba
964 455 978 477 1
999 471 1006 491 ε

171 513 204 551 O
228 514 395 564 pelagus
422 512 593 562 infidele,
621 513 817 551 neminem
842 514 1038 561 revereris,
1066 529 1133 552 nec
1159 515 1231 552 ulli
1257 515 1401 564 parcis

171 573 336 610 Fluctus
362 580 448 610 tuos
476 572 598 609 nimis
625 573 758 610 acerbe
784 573 922 620 elevas,
951 573 1111 622 inflavit
1137 581 1169 610 te
1196 582 1331 611 ventus
1358 575 1617 624 aquilonaris.

167 632 350 669 Domnus
376 631 654 669 Clandatensis
676 631 718 668 in
742 632 931 669 Thalamo
951 632 1103 681 patitur
1122 633 1202 669 tuis
1221 633 1397 682 limphis.

119 691 343 728 Pervenere
368 690 536 727 tandem
565 690 755 737 Romam,
782 691 1006 739 conjuratis
1031 691 1227 729 adversus
1253 692 1360 741 ipsos
1386 693 1535 739 ventis,
1562 701 1763 742 tanquam

65 748 97 787 si
127 748 422 800 portenderent
456 749 678 796 Romanos,
713 749 781 799 qui
813 749 1021 799 promissis
1054 750 1287 799 ingentibus
1329 752 1583 800 pellexerant
1615 752 1763 801 Grego-

65 808 168 846 rium
194 808 247 846 ad
272 808 579 858 suscipiendum
603 808 703 845 illud
728 809 818 855 iter,
847 808 970 847 fidem
995 816 1228 847 mutaturos
1254 818 1475 859 postquam
1502 825 1596 850 eum
1624 811 1666 848 in
1691 824 1762 848 sua

65 875 273 917 potestate
289 867 502 905 haberent.
521 867 623 906 Cum
640 867 748 906 enim
763 875 907 917 postea
924 867 987 905 vir
1003 867 1284 907 sanctissimus
1301 868 1352 905 ad
1370 878 1544 907 mortem
1561 870 1763 917 tenderet,

68 926 244 964 Romani
272 926 386 964 varia
416 926 583 964 consilia
612 926 782 975 agitare,
813 940 1006 975 quaerere
1034 926 1142 964 inter
1168 941 1209 965 se
1239 941 1420 976 quonam
1448 929 1584 975 modo,
1615 928 1763 978 quibus

66 985 222 1023 artibus
252 985 426 1023 retinere
455 993 624 1035 possent
653 999 861 1024 summum
889 985 1198 1035 pontificatum,
1229 1000 1309 1035 quo
1339 1001 1379 1024 se
1407 987 1593 1036 privatos
1624 1001 1763 1037 quere-

65 1044 219 1082 bantur
238 1058 311 1094 per
330 1043 595 1094 septuaginta
609 1052 649 1082 et
667 1044 843 1094 amplius
866 1057 1008 1081 annos.
1028 1044 1133 1082 Tum
1161 1059 1206 1081 eo
1226 1053 1409 1091 mortuo,
1425 1047 1563 1095 palam
1580 1046 1764 1092 fremere,

66 1111 203 1153 petere
227 1118 301 1153 pro
325 1103 496 1153 imperio
521 1117 674 1153 papam
701 1103 937 1141 Romanum
961 1111 1034 1140 ant
1063 1103 1272 1146 Italicum;
1298 1104 1360 1141 sin
1384 1104 1532 1151 minus,
1558 1105 1764 1143 intentare

66 1170 240 1201 mortem
271 1162 563 1209 cardinalibus,
594 1176 694 1211 quos
725 1162 995 1201 minabantur
1023 1176 1063 1199 se
1092 1162 1132 1199 in
1162 1163 1292 1200 frusta
1323 1163 1568 1201 concisuros.
1605 1163 1644 1201 Si
1675 1164 1763 1213 quis

65 1221 143 1259 ista
162 1229 296 1270 neget,
316 1221 349 1259 si
369 1221 457 1270 quis
477 1235 608 1259 novus
629 1221 827 1259 Odoricus
849 1221 1090 1270 Raynaldus
1111 1221 1332 1269 exoriatur,
1353 1236 1425 1271 ego
1445 1236 1538 1261 cum
1558 1222 1764 1260 Melicerta

65 1280 305 1319 exclamabo
329 1280 496 1330 periisse
522 1280 701 1319 frontem
727 1280 774 1317 de
800 1279 934 1318 rebus.
963 1279 1040 1318 Sed
1066 1280 1278 1318 veniamus
1305 1281 1356 1318 ad
1382 1295 1466 1320 rem
1492 1281 1636 1331 ipsam.

119 1339 333 1387 Extincto,
346 1339 409 1377 uti
421 1339 615 1386 diximus,
629 1339 839 1389 Gregorio,
853 1352 945 1377 cum
960 1339 1310 1378 tumultuantium
1322 1340 1517 1389 strepitus
1531 1348 1571 1377 et
1583 1341 1764 1377 ululatus

65 1398 201 1436 omnia
225 1406 379 1436 terrore
403 1398 707 1448 complevisset,
727 1398 896 1447 jamque
916 1406 1073 1436 certum
1090 1406 1195 1435 esset
1220 1398 1304 1436 vim
1327 1398 1557 1437 illatam‘iri
1581 1399 1765 1437 cardina-

63 1457 184 1505 libus,
198 1457 452 1496 Bcrtrandus
468 1457 685 1496 cardinalis
702 1456 1008 1503 Glandatensis,
1025 1471 1105 1506 quo
1120 1472 1160 1494 se
1175 1458 1354 1496 muniret
1368 1458 1563 1495 adversus
1578 1458 1765 1506 ingruen-

64 1524 148 1554 tem
172 1524 481 1566 tempestatem,
506 1516 853 1566 protestationem
878 1516 1008 1553 edidit
1033 1516 1096 1553 die
1122 1516 1264 1554 martis
1292 1530 1395 1565 quae
1420 1517 1641 1554 antecessit
1666 1517 1766 1554 elec·

64 1575 219 1615 tionem
252 1575 423 1623 Urbani,
456 1589 536 1625 qua
568 1583 827 1613 contestatus
860 1583 922 1612 est
953 1589 1008 1622 se,
1039 1575 1072 1613 si
1103 1575 1323 1613 necessitas
1355 1575 1561 1624 ingrueret
1593 1575 1766 1624 eligendi

68 1634 214 1682 Italici,
240 1634 280 1672 id
308 1635 517 1674 facturum
543 1643 657 1672 metu
684 1635 843 1681 mortis,
869 1634 968 1671 alias
996 1648 1078 1671 non
1104 1634 1326 1672 facturum.
1353 1634 1534 1683 Hujusce
1560 1634 1615 1672 rei
1641 1642 1766 1672 testes

63 1693 262 1732 habemus
289 1694 646 1744 locupletissimos.
676 1693 811 1731 Primo
848 1694 956 1730 enim
984 1693 1221 1731 Fernandus
1251 1693 1376 1740 Petri,
1404 1693 1580 1732 decanus
1608 1693 1766 1731 Tiraso—

64 1753 214 1800 nensis,
236 1753 349 1790 istud
371 1753 640 1802 jurejurando
663 1760 842 1790 testatus
868 1760 929 1790 est
951 1752 993 1789 in
1017 1752 1275 1802 depositione
1297 1766 1370 1789 sua
1393 1751 1453 1789 his
1477 1752 1610 1790 verbis
1638 1768 1644 1788 :
1672 1752 1767 1789 Item

65 1811 166 1849 dizit
191 1812 293 1862 quod
317 1812 522 1850 audiverat
548 1812 737 1860 Anagnie
764 1827 787 1849 a
815 1811 915 1849 dicto
942 1811 1101 1849 domino
1125 1825 1198 1848 suo
1224 1811 1421 1849 cardinali
1448 1812 1491 1848 de
1526 1811 1643 1848 Luna
1669 1811 1770 1860 quod

66 1870 192 1908 dictus
230 1871 449 1908 cardinalis
495 1871 775 1908 Clandatensis
814 1878 903 1908 ante
942 1884 1060 1920 quam
1100 1870 1282 1908 intrasset
1320 1870 1497 1907 conclave
1535 1878 1768 1919 protestatus

67 1930 196 1978 suerat
223 1930 325 1980 quod
350 1930 385 1967 si
412 1930 508 1979 forte
536 1938 731 1979 repertum
758 1937 855 1967 esset
881 1930 984 1979 quod
1011 1929 1095 1978 ipse
1122 1929 1354 1967 consentiret
1382 1929 1425 1966 in
1458 1929 1671 1975 Ytalicum,
1701 1929 1768 1965 hoc

65 1989 207 2037 jaceret
234 1989 362 2026 solum
391 1997 548 2039 propter
577 1989 753 2026 timorem
784 1989 932 2035 mortis,
963 2003 1052 2025 cum
1091 2003 1168 2026 non
1209 1996 1306 2025 esset
1335 1988 1499 2025 intentio
1528 2002 1602 2025 sua
1630 1987 1769 2036 eligere

74 2047 286 2086 Ytalicum.
312 2048 461 2086 Tamen
483 2063 561 2085 non
581 2049 804 2086 recordatur
822 2062 861 2085 se
880 2047 1081 2085 audivisse
1102 2048 1203 2097 quod
1222 2047 1264 2083 in
1284 2047 1355 2084 liae
1374 2047 1649 2096 protestatione
1668 2046 1767 2083 exci-

71 2115 175 2156 peret
198 2107 421 2145 cardinales
453 2107 639 2145 Ytalicos.
668 2107 719 2144 Et
744 2107 871 2144 dictus
896 2106 1003 2144 testis
1027 2106 1197 2144 existens
1221 2106 1474 2143 Barchenone
1499 2120 1587 2143 cum
1612 2105 1769 2142 domino

70 2180 141 2203 suo
172 2166 370 2203 cardinali
400 2167 571 2216 predicto
603 2166 701 2203 vidit
732 2166 1038 2203 instrumentum
1068 2165 1275 2215 publicum
1306 2165 1423 2201 istius
1464 2163 1767 2213 protestationis.

75 2225 188 2262 Idem
203 2233 385 2263 testatur
404 2225 573 2275 quidam
592 2225 897 2263 contubernalis
917 2224 1026 2261 Petri
1046 2224 1262 2262 cardinalis
1282 2223 1330 2260 de
1349 2224 1463 2260 Luna
1481 2223 1521 2260 in
1540 2222 1677 2260 codice
1694 2221 1772 2260 812

71 2283 343 2322 bibliothecae
374 2284 663 2322 Colbertinae2
696 2299 703 2321 ε
735 2284 786 2321 Et
814 2284 850 2320 el
877 2283 1062 2321 cardenal
1090 2284 1133 2320 de
1170 2283 1397 2328 Glandewes,
1429 2282 1495 2331 qui
1524 2288 1773 2318 secretament

72 2343 164 2380 avia
184 2344 404 2393 protestado
427 2358 498 2393 que
522 2358 571 2380 no
593 2343 778 2380 entendia
799 2342 996 2393 consentir
1011 2356 1058 2378 en
1084 2342 1258 2379 Italiano
1281 2341 1399 2378 sinon
1414 2355 1485 2390 por
1501 2340 1625 2377 miedo
1648 2340 1692 2376 de
1715 2340 1772 2376 los

72 2402 283 2439 Romanos.
314 2403 418 2440 Item
443 2402 631 2441 Marchus
658 2401 876 2448 Fernandi,
900 2401 1028 2438 abbas
1054 2401 1101 2437 de
1134 2402 1170 2437 la
1197 2400 1334 2436 Vanza
1359 2400 1400 2436 in
1426 2399 1604 2437 Ecclesia
1630 2398 1770 2435 Palen-

74 2461 175 2505 tina,
195 2461 250 2499 sic
270 2461 318 2498 de
337 2461 447 2499 sacto
466 2461 545 2498 isto
565 2461 755 2510 deposuit
772 2460 934 2509 juratus
952 2459 968 2482 3
985 2475 991 2496 :
1014 2460 1112 2496 Item
1130 2459 1231 2496 (lii-it
1246 2459 1347 2508 quod
1359 2457 1516 2495 audivit
1529 2465 1615 2506 post
1630 2457 1773 2505 festum

71 2520 199 2557 sancti
226 2520 427 2557 „Iohannis
451 2520 495 2557 de
530 2534 659 2557 mense
691 2519 799 2567 julii,
825 2519 1014 2567 Anagnie
1039 2518 1081 2555 in
1114 2519 1224 2555 domo
1248 2516 1465 2554 cardinalis
1495 2515 1772 2553 Glandatensis

72 2579 122 2615 ab
158 2578 363 2628 aliqui-bus
396 2578 483 2616 suis
515 2578 804 2628 familiaribus,
841 2579 884 2615 de
918 2577 1063 2628 quibus
1097 2591 1175 2614 non
1209 2576 1442 2621 recordatur,
1478 2574 1698 2611 dicentibus
1734 2587 1773 2610 se

73 2638 222 2675 credere
248 2638 350 2687 quocl
374 2637 501 2674 dictus
525 2637 744 2675 cardinalis
769 2651 901 2674 eorum
928 2636 1112 2674 dominus
1140 2635 1225 2684 fieri
1250 2635 1392 2683 jecerat
1419 2648 1542 2670 unum
1567 2632 1774 2682 publicum

75 2696 383 2734 instrumentum
414 2696 475 2733 die
517 2696 702 2733 mercurii
732 2704 942 2746 antequam
973 2695 1164 2732 intrarent
1193 2694 1370 2731 conclave
1399 2693 1500 2742 qiiod
1527 2692 1562 2728 si
1603 2691 1774 2740 aliquem

74 2755 232 2804 eligeret
255 2755 298 2792 in
322 2755 388 2792 illo
410 2769 577 2801 rumore,
601 2755 703 2805 quod
724 2769 803 2791 non
825 2754 991 2791 hahebat
1013 2767 1101 2790 eum
1124 2768 1193 2801 pro
1215 2753 1339 2789 electo.
1367 2751 1551 2799 Denique
1573 2750 1658 2800 ipse
1679 2750 1773 2787 Ber-

76 2814 266 2861 trandus,
297 2828 389 2852 cum
419 2814 461 2850 in
489 2814 675 2852 tumultu
707 2813 894 2851 Romano
924 2812 1126 2849 amisisset
1156 2811 1265 2848 illam
1295 2809 1653 2860 protestationem,
1684 2822 1773 2846 eam

78 2881 224 2922 postea
249 2873 291 2909 in
319 2873 397 2910 fine
419 2872 604 2921 ejusdem
628 2872 725 2909 anni
750 2872 894 2909 iisdem
914 2870 1159 2909 testimoniis
1181 2868 1444 2907 confirmavit
1463 2881 1599 2906 coram
1626 2867 1773 2916 quibus

124 3010 158 3042 1.
192 3008 230 3042 F.
258 3008 466 3047 Duchesne,
491 3008 654 3041 Histoire
677 3009 717 3041 de
739 3013 817 3040 tous
841 3007 888 3040 les
909 3007 1112 3039 cardinauoe
1132 3005 1304 3047 srangtois,
1331 3010 1357 3038 t.
1381 3016 1418 3043 11,
1443 3015 1478 3047 p.
1503 3004 1584 3036 443.

128 3062 159 3095 2.
189 3061 230 3094 B.
256 3061 315 3100 N.‚
338 3072 406 3094 ms.
430 3061 524 3093 latin
546 3060 651 3099 1472,
676 3060 738 3093 sol.
762 3061 827 3092 141
852 3065 895 3093 r⁰.

127 3115 160 3148 3.
193 3114 235 3148 B.
261 3114 319 3154 N.‚
342 3126 410 3147 ms.
433 3114 528 3146 latin
550 3113 679 3152 11745,
702 3113 764 3146 fol.
789 3113 857 3146 156
880 3117 930 3145 νῦ.
