2083 3458
280 190 364 233 416
933 206 1084 232 NOTAE
1118 207 1179 232 AD
1213 207 1340 232 VITAs
1860 190 1988 246 [905]

282 307 402 331 suum
430 299 646 342 propterea
676 291 769 329 huic
799 291 1004 329 Ademaro
1033 291 1191 329 dedisse
1221 291 1467 341 quingentas
1495 291 1618 330 libras
1648 292 1775 330 annui
1802 291 1988 330 redditus

283 351 480 402 quamdiu
512 351 621 389 idem
645 350 873 388 Ademarus
896 350 1027 387 vitam
1055 350 1223 388 duceret
1246 350 1286 387 in
1316 350 1519 389 humanis.
1548 350 1733 389 Extant1
1757 350 1799 388 in
1826 350 1992 400 Regesto

281 411 445 448 LXXX
470 409 546 460 [ἆ]
587 408 653 459 80]
679 409 835 447 archivi
854 409 952 459 regii
973 409 1115 457 Paris,
1137 423 1224 460 cap.
1250 424 1334 447 cxx

337 469 534 519 Ejusdem
579 468 723 506 fratres
770 468 880 506 fuere
928 468 1201 518 Raymundus
1246 468 1460 519 episcopus
1507 468 1797 517 Ruthenensis‚
1844 469 1993 507 Petrus-

282 530 494 580 episcopus
520 527 784 575 Uceticensis,
810 527 1010 577 Fayditus
1035 528 1251 566 cardinalis
1278 536 1319 566 et
1344 528 1577 578 Stephanus
1605 528 1734 566 abbas
1766 528 1891 566 Casae
1916 527 1990 566 Dei

281 589 323 626 in
343 587 549 634 Arvernis,
570 595 617 624 ut
638 587 758 625 docet
776 594 1078 626 testamentum
1100 587 1352 637 Raymundi.
1375 587 1537 626 Sorores
1558 587 1705 625 habuit
1727 587 1991 625 Helienoram

282 655 457 697 nuptam
488 646 719 684 Bertrando
753 646 801 684 de
834 646 1033 695 Veyraco,
1068 646 1320 686 Florentiam
1352 646 1607 684 abbatissam
1642 647 1918 684 Elnonensem
1949 646 1990 684 in

284 706 501 752 Ruthenis,
527 705 821 754 Raymundam
844 705 1066 744 monialem
1088 705 1328 744 monasterii
1351 706 1399 744 de
1424 705 1581 756 Regula
1604 706 1715 756 apud
1739 705 1995 753 Lemovices,

283 774 323 804 et
349 765 628 815 Margarstam,
655 765 770 814 cujus
798 765 903 803 filiae
928 765 1096 803 fuerunt
1122 765 1233 803 Helis
1258 765 1446 803 monialis
1471 765 1520 803 de
1546 765 1702 815 Regula
1727 773 1768 803 et
1792 764 1989 803 Galliena.

338 824 610 873 Raymundus
641 824 689 862 de
719 824 915 874 Agrifolio
934 823 950 847 2
979 824 1058 862 fuit
1086 825 1218 874 primo
1247 825 1473 862 monachus
1501 824 1544 862 in
1572 824 1822 863 monasterio
1852 823 1992 862 Sancti

283 883 481 921 Martialis
511 883 826 929 Lemovicensis,
856 883 1002 922 deinde
1029 884 1288 934 praepositus
1314 884 1362 922 de
1389 883 1569 922 Rossaco
1593 883 1635 921 in
1657 883 1830 922 dioecesi
1849 883 1993 922 L‘emo-

282 943 449 995 vicensi,
475 942 584 993 prior
610 943 658 980 de
686 942 960 993 Rivopetroso
985 943 1027 980 in
1055 943 1325 990 Ruthenensi‚
1349 943 1477 981 abbas
1500 942 1640 981 Sancti
1662 943 1833 981 Joannis
1859 943 1993 992 Ange-

281 1002 466 1040 liacensis
501 1016 608 1039 anno
643 1002 929 1040 MCCCXLIII
962 1010 1057 1052 post
1090 1003 1259 1041 Petrum
1293 1003 1341 1041 de
1376 1002 1552 1050 Ι13011013,
1587 1002 1733 1040 deinde
1767 1001 1990 1040 Crassensis

282 1076 390 1099 anno
417 1061 670 1099 MCCCXLV
695 1070 790 1112 post
815 1062 1005 1100 eumdem
1032 1062 1201 1100 Petrum
1218 1062 1377 1099 factum
1397 1061 1751 1112 archiepiscopum
1772 1061 1992 1099 Caesarau-

283 1129 519 1171 gustanum,
545 1121 712 1159 demum
735 1135 843 1159 anno
869 1121 1153 1159 MCCCXLIX
1177 1122 1391 1172 episcopus
1418 1121 1707 1159 Ruthenensis.
1736 1121 1784 1158 Ei
1806 1135 1926 1171 porro
1950 1119 1992 1157 in

282 1180 476 1230 regimine
499 1180 738 1219 monasterii
761 1180 986 1219 Crassensis
1010 1181 1205 1219 suffectus
1230 1189 1291 1219 est
1313 1180 1440 1218 frater
1461 1180 1548 1230 ejus
1573 1180 1732 1227 Petrus,
1757 1179 1826 1229 qui
1847 1187 1991 1229 postea

284 1239 364 1276 fuit
402 1240 616 1289 episcopus
657 1240 922 1287 Ucefficensis,
974 1248 1021 1277 ut
1060 1240 1180 1278 docet
1218 1240 1304 1290 ipse
1346 1240 1619 1289 Raymundus
1658 1239 1699 1277 in
1731 1237 1812 1277 ⁴suo
1862 1246 1993 1277 testa-

284 1307 436 1337 mento.

341 1358 386 1395 In
404 1358 480 1396 hoc
498 1366 639 1397 autem
656 1359 744 1396 loco
763 1373 803 1397 se
822 1358 942 1397 offert
960 1359 1093 1408 gravis
1113 1358 1345 1400 difficultas.
1367 1358 1534 1409 Etenim
1552 1366 1717 1396 constat
1734 1358 1993 1408 Stephanum

284 1417 481 1456 abbatem
515 1417 737 1456 Casae-Dei
771 1418 893 1456 fuisse
928 1418 1099 1458 fratrem
1130 1418 1248 1456 istius
1283 1418 1499 1456 cardinalis
1533 1426 1574 1456 et
1608 1425 1837 1456 ceterorum
1869 1430 1994 1467 supra

284 1485 715 1525 commemoratorum,
740 1478 925 1527 adeoque
950 1477 1169 1516 Clementis
1194 1477 1253 1515 VI
1278 1477 1639 1527 consanguineum.
1669 1472 1849 1514 Rursum
1873 1490 1924 1514 ex
1945 1475 1992 1514 iis

285 1550 389 1585 quae
417 1536 652 1575 referuntur
679 1551 702 1575 a
729 1536 897 1585 Bzovio,
927 1551 1035 1575 anno
1066 1537 1180 1585 1216,
1216 1537 1232 1586 ἓ
1263 1536 1324 1585 16,
1353 1551 1392 1587 p.
1423 1536 1512 1584 248,
1542 1544 1707 1575 constat
1735 1530 1994 1586 Stephanum

284 1595 522 1645 episcopum
544 1596 778 1644 Elnensem,
802 1596 871 1646 qui
892 1611 942 1635 ex
963 1597 1115 1635 abbate
1137 1596 1361 1635 Casae-Dei
1381 1596 1516 1634 factus
1538 1604 1599 1634 est
1620 1595 1848 1646 episcopus,
1871 1594 1994 1633 fuisse

285 1654 635 1705 consanguineum
662 1655 848 1705 ejusdem
877 1656 1108 1695 Clementis.
1141 1656 1204 1693 Ex
1232 1670 1312 1705 quo
1340 1670 1413 1693 nos
1442 1655 1676 1705 collegimus
1704 1655 1814 1692 hunc
1841 1654 1994 1704 episco-

283 1728 384 1764 pum
403 1728 496 1753 eum
516 1729 600 1753 esse
621 1715 690 1764 qui
708 1715 750 1752 in
768 1716 939 1765 vulgato
959 1715 1148 1764 Catalogo
1168 1715 1358 1752 abbatum
1377 1714 1598 1752 Casae-Dei
1621 1722 1796 1752 vocatur
1822 1713 1994 1763 Stepha-

285 1788 361 1811 nus
380 1773 428 1812 de
446 1773 656 1823 Agrifolio,
674 1782 715 1812 et
731 1782 949 1825 propterea
965 1775 1024 1812 ita
1042 1775 1297 1825 reposuimus
1314 1774 1355 1812 in
1373 1773 1606 1812 Collectione
1621 1781 1796 1811 actorum
1812 1780 1995 1819 veterum,

285 1832 351 1871 tit.
391 1847 497 1870 CLv11
524 1832 553 1872 3.
601 1834 748 1871 Postea
785 1848 881 1872 vero
917 1834 969 1871 ad
1006 1848 1078 1872 nos
1115 1835 1285 1873 missum
1321 1842 1383 1872 est
1417 1841 1718 1871 testamentum
1756 1831 1995 1882 Raymundi

283 1891 492 1941 integrum
509 1891 539 1940 4,
588 1893 703 1942 cujus
747 1893 979 1943 fragmenta
1014 1901 1182 1932 tantum
1217 1893 1486 1941 habebamus,
1522 1893 1564 1930 in
1599 1906 1727 1942 eoque
1761 1891 1997 1930 invenimus

287 1951 545 2001 Stephanum
569 1952 617 1990 de
641 1952 837 2002 Agrifolio
861 1953 1031 1991 fratrem
1057 1953 1295 2002 Raymundi
1318 1952 1441 1990 fuisse
1464 1952 1600 1990 adhuc
1623 1966 1730 1989 anno
1754 1950 1994 1989 MCCCLXI

287 2010 484 2049 abbatem
507 2011 743 2050 Casae-Dei.
769 2012 886 2060 Quod
909 2012 950 2050 in
971 2012 1087 2051 illum
1111 2012 1368 2062 Stephanum
1392 2011 1535 2050 cadere
1557 2025 1639 2049 non
1661 2018 1800 2061 potest
1824 2010 1892 2059 qui
1915 2009 1994 2047 fuit

286 2069 501 2120 episcopus
540 2070 793 2119 Helenensis‚
831 2071 883 2109 ad
920 2083 1011 2110 eam
1048 2072 1289 2110 cathedram
1325 2071 1542 2109 traductus
1580 2084 1603 2108 a
1641 2070 1848 2109 Clemente
1885 2082 1996 2106 anno

288 2128 473 2177 MCCCL,
500 2144 601 2167 xv111
627 2130 706 2169 kal.
740 2130 935 2168 februarii
962 2130 1028 2181 [15
1051 2130 1250 2181 janvier].
1281 2130 1394 2168 Idem
1419 2144 1527 2168 anno
1552 2129 1754 2179 sequenti,
1778 2129 1840 2166 uti
1863 2127 1994 2178 reperi

286 2189 328 2226 in
352 2188 540 2238 Catalogo
563 2190 839 2239 episcoporum
858 2190 1163 2227 Det-tusenszfum
1185 2190 1293 2228 inter
1316 2189 1486 2228 schedas
1512 2188 1754 2238 Hieronymi
1772 2187 1995 2237 Pujadesii,
2031 2217 2033 2221 .

287 2249 514 2286 translatus
554 2257 615 2287 est
655 2249 706 2286 ad
756 2249 982 2288 Ecclesiam
1024 2250 1314 2296 Dertusanam,
1344 2249 1459 2298 cujus
1498 2248 1796 2299 possessionem
1835 2246 1996 2296 accepit

289 2322 346 2345 XII
385 2308 465 2346 kal.
505 2308 642 2358 aprilis
682 2306 754 2357 [21
794 2308 941 2358 mars].
985 2308 1211 2347 Decessisse
1250 2317 1391 2347 autem
1428 2308 1543 2346 illum
1581 2321 1689 2345 anno
1728 2305 1994 2344 MCCCCLVI

288 2367 488 2417 scriptum
508 2375 569 2405 est
587 2367 628 2404 in
648 2367 792 2406 eodem
812 2367 1012 2416 CatalogO.
1035 2368 1269 2418 Stephanus
1287 2367 1353 2405 ille
1373 2375 1547 2405 vocatur
1566 2366 1727 2404 Malesti
1745 2366 1786 2403 in
1807 2365 1997 2413 Catalogo

288 2426 476 2463 abbatam
509 2426 740 2466 Casae-Dei.
779 2426 924 2465 Nescio
957 2435 1098 2465 autem
1131 2427 1239 2465 unde
1274 2435 1386 2464 ortus
1421 2426 1556 2464 fuerit.
1595 2425 1699 2462 Illud
1733 2425 1864 2463 solum
1897 2424 1993 2471 5010,

288 2485 411 2523 fuisse
437 2486 656 2525 Clementis
683 2485 740 2523 VI
767 2486 1129 2535 consanguineum.
1158 2486 1222 2523 Ex
1247 2500 1328 2535 quo
1355 2485 1636 2534 conjecturam
1662 2484 1875 2534 capiebam
1901 2496 1994 2521 eum

290 2544 358 2593 qui
381 2545 538 2583 medius
561 2545 667 2583 sedit
687 2545 794 2583 inter
816 2545 985 2584 Petrum
1008 2553 1048 2583 et
1071 2545 1328 2595 Stephanum
1351 2545 1399 2583 de
1412 2543 1758 2593 Agrifolio‚fuisse
1780 2541 1830 2581 ex
1850 2542 1994 2581 eadem

290 2611 428 2652 gente3
451 2604 635 2653 adeoque
658 2604 706 2642 de
726 2602 923 2653 Agrifolio
946 2618 1108 2653 quoque
1138 2604 1260 2642 fuisse
1282 2603 1631 2653 cognominatum.
1656 2602 1732 2640 Sed
1765 2602 1859 2639 huic
1880 2615 1996 2639 meae

291 2663 551 2711 conjecturae
573 2671 806 2713 repugnant
827 2663 1047 2702 memoriae
1068 2663 1173 2701 illius
1196 2662 1447 2701 monasterii.

339 2830 369 2861 1.
394 2829 542 2869 Baluzc‚
568 2836 593 2863 t.
616 2842 667 2870 1v,
692 2843 726 2874 p.
753 2831 832 2864 107.

341 2883 369 2915 2.
388 2882 477 2915 Voir
493 2894 531 2915 sa
546 2882 776 2927 biographie⁷
796 2885 888 2917 dans
898 2884 1154 2918 Dictionnaire
1168 2884 1353 2918 d'lzisloire
1367 2889 1397 2917 et
1412 2885 1453 2917 (Ie
1468 2884 1684 2928 geographie
1695 2883 1993 2925 eccle'siastiques,

292 2942 315 2967 t.
341 2947 361 2970 1,
389 2936 454 2967 col.
479 2937 583 2969 1128.

340 2992 370 3020 3.
395 2988 541 3028 ssaluzo,
564 2996 589 3022 t.
611 3001 661 3029 1v,
684 3002 718 3033 p.
741 2991 821 3024 106.
843 3009 891 3013 -ψ
912 2990 941 3023 Il
962 2990 1045 3023 faut
1064 2990 1128 3023 lire
1164 2982 1321 3024 Etienne
1352 2990 1467 3024 Malet
1491 2990 1635 3033 (EubeL
1667 2989 1896 3029 Hierarchia,
1920 2995 1945 3022 t.
1965 3001 1990 3029 1,

318 3067 323 3073 .
351 3041 416 3073 239
438 3067 444 3074 .

291 3052 312 3083 p
340 3096 370 3127 4.
391 3041 430 3128 Bi
452 3094 507 3134 N.‚
527 3107 592 3128 ms.
612 3096 748 3129 Baluze
765 3096 822 3136 21,
840 3096 902 3129 fol.
922 3096 990 3130 187
1007 3101 1050 3130 r0.
