2083 3458
133 181 246 239 [846]
655 200 872 225 PAPARUM
907 197 1292 224 AVENJONENsmM
1733 180 1815 222 355

120 290 332 329 montana,
362 290 403 320 et
431 282 486 320 sic
515 283 564 320 de
593 282 693 321 aliis.
727 283 872 332 Itaque
904 283 1022 332 Hugo
1051 281 1239 331 sequenti
1267 295 1404 319 mense
1433 280 1655 331 septembri
1683 280 1816 318 factus

119 341 336 392 presbyter
361 341 576 379 cardinalis
604 341 744 379 Sancti
770 341 981 379 Laurentii
1004 341 1046 378 in
1074 341 1267 388 Damaso,
1293 340 1415 389 vulgo
1443 339 1575 378 dictus
1602 347 1664 377 est
1690 338 1817 377 cardi-

121 400 223 437 nalis
257 399 497 438 Tutelensis.

175 459 281 496 Eum
302 458 487 508 Papirius
509 459 720 496 Massonus
740 459 781 496 in
807 459 898 496 Vita
917 458 1101 507 ejusdem
1122 457 1340 496 Clementis
1361 457 1419 494 ait
1439 457 1561 495 fuisse
1581 456 1818 507 episcopum

123 517 425 564 Ruthenorum‚
444 517 554 555 haud
574 517 696 555 dubie
716 517 811 566 quia
831 517 1065 568 Onuphrius
1084 517 1126 554 in
1144 516 1286 554 Prima
1302 516 1467 566 epitome
1485 530 1578 554 eum
1596 523 1819 553 vocaverat

120 576 174 614 H.
198 577 242 613 de
261 576 399 614 Rodes.
425 576 546 614 Error
566 575 659 614 hinc
681 576 773 613 oriri
794 576 932 626 potuit
953 576 1062 625 quod
1083 583 1172 614 erat
1190 575 1300 625 prior
1331 574 1569 614 monasterii
1591 573 1819 612 Rhodensis

123 635 273 673 ordinis
304 635 435 673 sancti
462 634 675 673 Benedicti
701 634 742 672 in
767 635 938 672 dioecesi
965 634 1231 673 Gerundensi.
1260 635 1419 671 Extant
1445 633 1553 673 enim
1578 633 1619 670 in
1650 632 1820 670 Archiwo

123 693 263 744 oppidi
295 693 448 732 Falceti
477 694 519 731 in
550 693 763 732 Catalonia
793 694 934 731 literae
967 693 1077 732 Petri
1106 693 1275 730 infantis
1318 693 1419 742 regis
1452 692 1709 741 Arragonum
1749 691 1821 728 filii

123 752 245 791 datae
270 752 496 791 Barcinone
523 767 588 790 an.
618 753 835 790 MCCCLII
864 752 926 790 die
954 767 1025 789 xm
1050 752 1226 790 octobris
1253 752 1305 789 ad
1334 751 1533 789 vicarium
1562 751 1819 797 Ilerdensem,

122 819 431 862 procuratorem
457 811 673 849 cardinalis
700 811 941 858 Tutelensis,
967 811 1111 861 prioris
1140 810 1382 849 Rhodensis.

175 870 294 909 Anno
308 871 590 909 MCCCXLVI
608 870 797 908 interfuit
814 869 827 892 ¹
847 870 957 919 apud
977 870 1230 908 Avenionem
1253 869 1488 918 juramento
1517 869 1627 918 quod
1648 868 1822 906 Karolus

122 929 304 967 marchio
336 929 543 967 Moraviae
575 929 738 967 futurus
769 929 994 978 imperator
1024 928 1233 978 praestitit
1264 929 1312 966 de
1345 927 1633 966 conservandis
1664 926 1822 977 juribus

124 988 327 1026 Ecclesiae
354 989 584 1035 Romanae3
612 988 773 1026 Odoric.
802 988 1021 1037 Raynald.,
1047 1002 1112 1026 an.
1141 987 1254 1034 1346,
1289 987 1304 1034 ἓ
1331 987 1395 1034 19,
1419 986 1480 1024 26.

175 1047 295 1085 Anno
321 1048 634 1094 MCCCXLVII,
661 1047 723 1086 die
749 1046 871 1085 tertia
897 1046 1045 1085 mensis
1072 1046 1318 1093 novembris,
1344 1046 1444 1084 emit
1468 1046 1519 1082 ab
1545 1044 1749 1083 Ademaro
1775 1044 1823 1082 de

125 1105 311 1144 Pictavia
334 1106 417 1144 filio
438 1106 631 1145 Ademari
652 1107 700 1144 de
727 1105 913 1144 Pictavia
945 1105 1105 1144 comitis
1127 1104 1427 1143 Valentinensis
1449 1112 1489 1142 et
1512 1103 1669 1142 Diensis
1699 1111 1825 1140 castra

123 1165 305 1203 Bouzolii
326 1173 359 1203 et
379 1166 423 1203 de
446 1165 644 1203 Servtssac
666 1180 747 1203 una
767 1179 855 1202 cum
875 1163 977 1202 loria
997 1164 1041 1202 de
1062 1163 1235 1201 Cordaco
1256 1163 1487 1201 Aniciensis
1520 1162 1695 1201 diocesis.
1720 1161 1823 1199 Acta

123 1224 372 1262 venditionis
403 1224 514 1263 edita
546 1232 643 1262 sunt
673 1224 724 1261 ab
756 1224 920 1262 Andrea
954 1222 1185 1261 Duchesnio
1216 1223 1322 1260 inter
1353 1222 1610 1259 Probationes
1641 1220 1826 1258 historiae

124 1283 309 1321 comitum
336 1283 550 1331 Valentia,
574 1298 612 1334 p.
640 1283 728 1331 113,
752 1291 794 1321 et
817 1283 962 1321 deinde
987 1297 1009 1320 a
1034 1282 1326 1332 Christophoro
1351 1281 1525 1319 Justello
1547 1280 1654 1318 inter
1676 1279 1825 1317 Proba-

123 1341 248 1380 tiones
274 1342 460 1380 historiae
489 1343 679 1390 Turenn.‚
706 1357 744 1393 p.
775 1341 835 1380 93.
868 1343 1016 1380 Postea
1042 1355 1139 1379 vero
1167 1355 1275 1378 anno
1303 1340 1497 1378 MCCCLI
1526 1339 1668 1378 eadem
1691 1346 1824 1376 castra

125 1401 233 1439 dono
259 1401 373 1439 dedit
398 1401 538 1452 nepoti
563 1416 636 1439 suo
663 1401 878 1439 Guillelmo
905 1401 953 1439 de
978 1399 1204 1447 Belloforti,
1230 1398 1462 1437 vicecomiti
1488 1397 1752 1443 Turennensi,
1779 1405 1826 1434 ut

123 1459 254 1510 liquet
280 1475 330 1498 ex
355 1460 467 1498 Actis
493 1460 612 1499 editis
639 1460 746 1498 inter
771 1460 1031 1498 Probationes
1056 1459 1242 1509 ejusdem
1267 1458 1453 1495 historiae
1482 1458 1642 1504 Taren,
1667 1471 1706 1506 p.
1737 1455 1823 1493 105.

178 1519 297 1557 Anno
336 1519 632 1567 MCCCXLIX,
672 1533 765 1559 cum
803 1518 1037 1557 Ludovicus
1074 1533 1146 1556 rex
1186 1516 1420 1567 Hungariae
1457 1516 1613 1565 legatos
1651 1514 1827 1552 misisset

125 1578 177 1615 ad
202 1579 453 1617 Clementem
477 1579 534 1616 VI
557 1579 891 1629 expostulaturos
917 1592 1009 1616 cum
1032 1592 1078 1615 eo
1103 1577 1214 1627 quod
1236 1577 1278 1614 in
1300 1584 1437 1626 partes
1460 1574 1718 1612 inimicorum
1739 1574 1826 1622 ejus

126 1636 335 1676 videretur
355 1646 644 1688 transgressus,
666 1637 775 1687 iique
796 1645 1013 1688 propterea
1034 1636 1148 1674 varia
1170 1636 1428 1686 querelarum
1445 1634 1582 1685 capita
1601 1633 1710 1683 apud
1733 1646 1825 1670 eum

125 1697 448 1746 proposuissent,
487 1697 539 1734 ad
577 1711 623 1735 ea
660 1696 849 1747 pontifex
885 1695 1099 1746 respondit
1136 1695 1285 1733 diffusa
1321 1693 1519 1741 oratione,
1549 1691 1825 1730 assidentibus

127 1755 203 1793 sibi
237 1756 410 1805 Hugone
442 1756 554 1793 tituli
587 1756 727 1794 Sancti
758 1755 970 1794 Laurentii
1000 1755 1041 1792 in
1069 1755 1248 1791 Damaso
1276 1753 1516 1804 presbytero
1542 1760 1583 1790 et
1610 1751 1825 1789 Guillelmo

125 1814 237 1853 tituli
259 1814 432 1854 Sanctae
454 1815 604 1853 Mariae
624 1815 665 1853 in
687 1815 902 1853 Cosmedin
923 1814 1095 1852 diacono
1117 1812 1410 1857 cardinalibus3
1428 1811 1624 1850 Odoricus
1648 1810 1825 1859 Raynal-

128 1873 216 1920 dus,
242 1888 350 1912 anno
377 1874 490 1921 1349,
523 1874 539 1922 ἓ
567 1874 586 1911 1
613 1882 654 1912 et
678 1888 737 1924 sq.

182 1933 245 1969 Ex
267 1933 428 1982 Regesto
451 1933 615 1970 LXXX
642 1933 731 1983 [JJ.
757 1932 822 1982 80]
851 1932 1006 1970 archivi
1037 1931 1135 1981 regii
1160 1931 1300 1978 Paris„
1325 1944 1411 1981 cap.
1434 1943 1632 1976 anxvm,
1654 1934 1827 1978 apparet

127 1991 236 2029 hunc
266 1992 482 2042 Hugonem
510 1992 758 2031 cardinalem
787 1991 1011 2035 obtinuisse
1040 2005 1061 2028 a
1092 1991 1251 2029 Joanne
1278 2003 1369 2039 rege
1399 1989 1648 2026 Francorum
1675 1994 1722 2024 ut
1749 1985 1825 2024 sibi

127 2049 266 2089 liceret
294 2051 501 2101 acquirere
529 2051 570 2089 in
599 2066 721 2101 regno
751 2051 837 2101 ejus
868 2065 987 2101 usque
1015 2051 1066 2088 ad
1092 2063 1289 2087 summam
1316 2057 1350 2086 et
1377 2048 1544 2085 valorem
1572 2047 1826 2083 ducentarum

128 2109 322 2147 librarum
346 2111 619 2148 turonensium
643 2111 771 2147 annui
796 2118 829 2147 et
852 2109 1031 2160 perpetui
1055 2109 1229 2146 redditus
1253 2116 1287 2145 et
1311 2108 1355 2144 de
1381 2106 1481 2156 ipsis
1509 2105 1684 2143 ducentis
1710 2103 1825 2140 libris

129 2168 299 2206 vicarias
322 2177 530 2219 perpetuas
553 2177 586 2207 et
619 2169 788 2219 capellas
811 2183 879 2206 seu
903 2169 1067 2219 quedam
1089 2167 1172 2205 alia
1195 2167 1265 2217 pia
1288 2167 1370 2203 loca
1394 2180 1463 2215 pro
1488 2179 1556 2202 sue
1590 2175 1824 2211 suorumque

129 2227 358 2265 animarum
393 2229 518 2266 salute
555 2236 772 2266 construere
808 2236 842 2265 et
879 2228 1007 2265 dotare
1025 2227 1050 2265 ².
1094 2227 1248 2264 Datum
1287 2223 1475 2274 Lugduni
1513 2237 1620 2260 anno
1661 2220 1823 2259 Domini

130 2286 315 2334 MCCCL,
341 2301 478 2326 mense
503 2287 696 2325 februarii
723 2287 776 2336 (V.
804 2287 886 2335 st.).

183 2345 312 2396 Supra
337 2360 376 2396 p.
404 2345 479 2384 815
505 2346 738 2384 monuimus
765 2346 966 2384 Thomam
990 2343 1331 2383 Bradwardinum
1356 2355 1463 2379 anno
1490 2339 1660 2377 MCCCL
1686 2352 1821 2376 conse-

130 2412 291 2442 cratum
324 2404 446 2443 fuisse
488 2404 840 2455 archiepiscopum
875 2403 1211 2443 Cantuariensem
1245 2416 1267 2439 a
1300 2399 1528 2439 Bertrando
1570 2399 1618 2436 de
1655 2396 1819 2443 Deucio,

130 2463 333 2501 cardinale
380 2464 674 2502 Ebredunensi.
722 2464 872 2501 Narrat
916 2471 1057 2501 autem
1101 2469 1244 2499 auctor
1287 2459 1582 2509 Antiquitatum
1627 2455 1823 2493 Ecclesiae

129 2521 400 2570 Britannicae,
424 2537 463 2573 p.
490 2522 578 2570 243,
602 2523 640 2560 in
666 2523 755 2573 ipso
779 2520 1094 2561 consecrationis
1119 2518 1308 2558 convivio
1335 2519 1550 2567 Hugonem
1575 2514 1822 2553 cardinalem

130 2580 403 2628 Tutelensem,
444 2581 584 2619 virum»
618 2581 727 2620 fastu
766 2581 944 2628 inanem,
985 2580 1165 2617 Thomae
1205 2577 1438 2615 humilitate
1477 2583 1519 2613 et
1560 2573 1821 2623 simplicitate

130 2639 336 2689 despecta,
366 2648 414 2677 ut
443 2640 478 2679 ei
508 2641 735 2678 convitium
761 2640 926 2687 faceret,
952 2639 1074 2677 vilem
1104 2636 1325 2687 quemdam
1355 2643 1395 2673 et
1418 2634 1628 2683 abjectum
1650 2633 1822 2669 homun—

131 2699 267 2738 culum
296 2698 409 2737 asino
438 2699 683 2738 insidentem
712 2707 753 2737 et
782 2698 1179 2748 archiepiscopatum
1211 2702 1421 2745 petentem
1449 2692 1670 2738 induxisse,
1702 2689 1771 2739 qui
1799 2703 1822 2726 a

129 2764 220 2794 toto
244 2757 513 2795 cardinalium
537 2766 654 2796 coetu
677 2758 944 2808 reprehensus
969 2765 1010 2794 et
1033 2754 1210 2793 stultitia
1234 2760 1402 2791 notatus
1427 2750 1622 2789 discessit.
1649 2749 1726 2787 Sed
1750 2762 1822 2798 ego

130 2829 220 2853 eam
240 2816 453 2854 historiam
474 2824 576 2866 puto
596 2830 751 2855 meram
772 2816 955 2854 fabulam
976 2829 1073 2853 esse.
1096 2814 1268 2852 Constat
1288 2811 1409 2858 enim,
1430 2810 1491 2847 uti
1511 2823 1608 2847 mox
1628 2807 1821 2853 dicemus,

130 2889 180 2912 ex
222 2875 434 2914 Matthaeo
467 2875 656 2923 Villanio,
689 2875 758 2915 lib.
795 2875 871 2922 XI,
905 2888 992 2924 cap.
1029 2887 1132 2910 XXVI
1170 2869 1398 2921 [Muratori,
1433 2877 1461 2907 t.
1498 2883 1583 2915 X1v,
1619 2867 1691 2906 col.
1728 2864 1817 2914 709]

175 3006 207 3038 1.
229 3005 395 3045 Zeumer,
416 3004 708 3046 Constitutiones,
730 3010 756 3038 t.
778 3001 870 3044 vml,
889 3014 925 3036 n.
946 3002 1067 3036 10-12.

178 3060 208 3092 ⁶2.
229 3058 377 3099 Baluze,
398 3064 424 3092 t.
443 3069 494 3098 ιν,
514 3069 549 3102 p.
570 3058 650 3091 114.
