<?xml version="1.0" encoding="UTF-8"?>
<!DOCTYPE html PUBLIC "-//W3C//DTD XHTML 1.0 Transitional//EN"
    "http://www.w3.org/TR/xhtml1/DTD/xhtml1-transitional.dtd">
<html xmlns="http://www.w3.org/1999/xhtml" xml:lang="en" lang="en">
 <head>
  <title>
</title>
<meta http-equiv="Content-Type" content="text/html;charset=utf-8" />
  <meta name='ocr-system' content='tesseract 3.04.00' />
  <meta name='ocr-capabilities' content='ocr_page ocr_carea ocr_par ocr_line ocrx_word'/>
</head>
<body>
  <div class='ocr_page' id='page_1' title='image "./vitaepaparumaven02balu_0425.png"; bbox 0 0 2083 3458; ppageno 0'>
   <div class='ocr_carea' id='block_1_1' title="bbox 93 226 1772 283">
    <p class='ocr_par' dir='ltr' id='par_1_1' title="bbox 93 226 1772 283">
     <span class='ocr_line' id='line_1_1' title="bbox 93 226 1772 283; baseline 0 -15"><span class='ocrx_word' id='word_1_1' title='bbox 93 227 218 283; x_wconf 79' lang='lat'>[904]</span> <span class='ocrx_word' id='word_1_2' title='bbox 618 243 834 269; x_wconf 83' lang='lat' dir='ltr'><strong>PAPARUM</strong></span> <span class='ocrx_word' id='word_1_3' title='bbox 869 243 1251 269; x_wconf 77' lang='lat' dir='ltr'><strong>AVENIONENSIUM</strong></span> <span class='ocrx_word' id='word_1_4' title='bbox 1689 226 1772 268; x_wconf 87' lang='lat'>415</span> 
     </span>
    </p>
   </div>
   <div class='ocr_carea' id='block_1_2' title="bbox 59 326 1771 2671">
    <p class='ocr_par' dir='ltr' id='par_1_2' title="bbox 75 326 1771 553">
     <span class='ocr_line' id='line_1_2' title="bbox 133 326 1771 376; baseline 0 -12"><span class='ocrx_word' id='word_1_5' title='bbox 133 327 251 364; x_wconf 88' lang='lat' dir='ltr'>Anno</span> <span class='ocrx_word' id='word_1_6' title='bbox 277 326 492 364; x_wconf 88' lang='lat' dir='ltr'>MCCCLX</span> <span class='ocrx_word' id='word_1_7' title='bbox 516 327 550 365; x_wconf 91' lang='lat' dir='ltr'>ei</span> <span class='ocrx_word' id='word_1_8' title='bbox 574 326 825 365; x_wconf 89' lang='lat' dir='ltr'>demandata</span> <span class='ocrx_word' id='word_1_9' title='bbox 849 327 901 364; x_wconf 90' lang='lat' dir='ltr'>ab</span> <span class='ocrx_word' id='word_1_10' title='bbox 930 326 1167 364; x_wconf 82' lang='lat' dir='ltr'>Innocentio</span> <span class='ocrx_word' id='word_1_11' title='bbox 1192 326 1248 363; x_wconf 94' lang='lat' dir='ltr'>VI</span> <span class='ocrx_word' id='word_1_12' title='bbox 1274 341 1368 364; x_wconf 88' lang='lat' dir='ltr'>cura</span> <span class='ocrx_word' id='word_1_13' title='bbox 1394 335 1455 365; x_wconf 88' lang='lat' dir='ltr'>est</span> <span class='ocrx_word' id='word_1_14' title='bbox 1478 335 1525 364; x_wconf 88' lang='lat' dir='ltr'>ut</span> <span class='ocrx_word' id='word_1_15' title='bbox 1547 327 1771 376; x_wconf 84' lang='lat' dir='ltr'>inquireret</span> 
     </span>
     <span class='ocr_line' id='line_1_3' title="bbox 77 385 1770 435; baseline 0 -12"><span class='ocrx_word' id='word_1_16' title='bbox 77 385 128 424; x_wconf 90' lang='lat' dir='ltr'>de</span> <span class='ocrx_word' id='word_1_17' title='bbox 155 385 402 424; x_wconf 82' lang='lat' dir='ltr'>facinoribus</span> <span class='ocrx_word' id='word_1_18' title='bbox 432 399 535 435; x_wconf 89' lang='lat' dir='ltr'>quae</span> <span class='ocrx_word' id='word_1_19' title='bbox 563 399 585 422; x_wconf 89' lang='lat' dir='ltr'>a</span> <span class='ocrx_word' id='word_1_20' title='bbox 612 385 852 424; x_wconf 88' lang='lat' dir='ltr'>Bernabone</span> <span class='ocrx_word' id='word_1_21' title='bbox 882 385 1172 423; x_wconf 78' lang='lat' dir='ltr'>Mediolanensi</span> <span class='ocrx_word' id='word_1_22' title='bbox 1200 393 1365 434; x_wconf 87' lang='lat' dir='ltr'>patrata</span> <span class='ocrx_word' id='word_1_23' title='bbox 1394 386 1647 424; x_wconf 77' lang='lat' dir='ltr'>dicebantur.</span> <span class='ocrx_word' id='word_1_24' title='bbox 1677 385 1770 424; x_wconf 90' lang='lat' dir='ltr'>Tes-</span> 
     </span>
     <span class='ocr_line' id='line_1_4' title="bbox 78 443 1768 493; baseline -0.001 -12"><span class='ocrx_word' id='word_1_25' title='bbox 78 452 192 482; x_wconf 87' lang='lat' dir='ltr'>tatur</span> <span class='ocrx_word' id='word_1_26' title='bbox 217 444 259 482; x_wconf 89' lang='lat' dir='ltr'>id</span> <span class='ocrx_word' id='word_1_27' title='bbox 287 444 484 482; x_wconf 87' lang='lat' dir='ltr'>Odoricus</span> <span class='ocrx_word' id='word_1_28' title='bbox 515 444 767 493; x_wconf 72' lang='lat' dir='ltr'>Raynaldus,</span> <span class='ocrx_word' id='word_1_29' title='bbox 798 458 861 482; x_wconf 86' lang='lat' dir='ltr'>an.</span> <span class='ocrx_word' id='word_1_30' title='bbox 894 444 1006 491; x_wconf 84' lang='lat'>1362,</span> <span class='ocrx_word' id='word_1_31' title='bbox 1042 443 1057 492; x_wconf 64' lang='grc' dir='ltr'>ξ</span> <span class='ocrx_word' id='word_1_32' title='bbox 1087 443 1147 491; x_wconf 83' lang='grc'>13,</span> <span class='ocrx_word' id='word_1_33' title='bbox 1177 458 1226 482; x_wconf 85' lang='lat' dir='ltr'>ex</span> <span class='ocrx_word' id='word_1_34' title='bbox 1254 444 1363 480; x_wconf 91' lang='lat' dir='ltr'>bulla</span> <span class='ocrx_word' id='word_1_35' title='bbox 1394 444 1549 482; x_wconf 78' lang='lat' dir='ltr'>Urbani</span> <span class='ocrx_word' id='word_1_36' title='bbox 1577 444 1624 492; x_wconf 89' lang='lat' dir='ltr'>V,</span> <span class='ocrx_word' id='word_1_37' title='bbox 1653 444 1768 493; x_wconf 84' lang='lat' dir='ltr'>cujus</span> 
     </span>
     <span class='ocr_line' id='line_1_5' title="bbox 75 502 1659 553; baseline 0 -12"><span class='ocrx_word' id='word_1_38' title='bbox 75 503 311 553; x_wconf 85' lang='lat' dir='ltr'>exemplum</span> <span class='ocrx_word' id='word_1_39' title='bbox 332 517 404 541; x_wconf 90' lang='lat' dir='ltr'>nos</span> <span class='ocrx_word' id='word_1_40' title='bbox 428 517 590 552; x_wconf 87' lang='lat' dir='ltr'>quoque</span> <span class='ocrx_word' id='word_1_41' title='bbox 612 503 822 541; x_wconf 88' lang='lat' dir='ltr'>habemus.</span> <span class='ocrx_word' id='word_1_42' title='bbox 847 503 948 540; x_wconf 85' lang='lat' dir='ltr'>Vide</span> <span class='ocrx_word' id='word_1_43' title='bbox 971 503 1097 540; x_wconf 89' lang='lat' dir='ltr'>etiam</span> <span class='ocrx_word' id='word_1_44' title='bbox 1118 502 1330 549; x_wconf 75' lang='lat' dir='ltr'>Bzovium,</span> <span class='ocrx_word' id='word_1_45' title='bbox 1354 517 1418 539; x_wconf 90' lang='lat' dir='ltr'>an.</span> <span class='ocrx_word' id='word_1_46' title='bbox 1445 503 1557 550; x_wconf 84' lang='lat'>1360,</span> <span class='ocrx_word' id='word_1_47' title='bbox 1587 503 1603 551; x_wconf 61' lang='grc' dir='ltr'>ἓ</span> <span class='ocrx_word' id='word_1_48' title='bbox 1625 503 1659 541; x_wconf 89' lang='grc'>6.</span> 
     </span>
    </p>

    <p class='ocr_par' dir='ltr' id='par_1_3' title="bbox 68 561 1769 1141">
     <span class='ocr_line' id='line_1_6' title="bbox 129 561 1768 611; baseline 0 -12"><span class='ocrx_word' id='word_1_49' title='bbox 129 562 248 599; x_wconf 89' lang='lat' dir='ltr'>Anno</span> <span class='ocrx_word' id='word_1_50' title='bbox 276 561 537 599; x_wconf 86' lang='lat' dir='ltr'>MCCCLXII</span> <span class='ocrx_word' id='word_1_51' title='bbox 566 561 628 599; x_wconf 88' lang='lat' dir='ltr'>die</span> <span class='ocrx_word' id='word_1_52' title='bbox 658 576 713 598; x_wconf 81' lang='grc' dir='ltr'>ΧΗ</span> <span class='ocrx_word' id='word_1_53' title='bbox 742 562 983 611; x_wconf 78' lang='lat' dir='ltr'>septembris</span> <span class='ocrx_word' id='word_1_54' title='bbox 1011 561 1217 599; x_wconf 81' lang='lat' dir='ltr'>extinctus</span> <span class='ocrx_word' id='word_1_55' title='bbox 1240 569 1301 599; x_wconf 91' lang='lat' dir='ltr'>est</span> <span class='ocrx_word' id='word_1_56' title='bbox 1330 562 1603 600; x_wconf 84' lang='lat' dir='ltr'>Innocentius.</span> <span class='ocrx_word' id='word_1_57' title='bbox 1633 561 1768 599; x_wconf 89' lang='lat' dir='ltr'>Cardi—</span> 
     </span>
     <span class='ocr_line' id='line_1_7' title="bbox 73 620 1768 670; baseline 0.001 -13"><span class='ocrx_word' id='word_1_58' title='bbox 73 621 184 659; x_wconf 87' lang='lat' dir='ltr'>nales</span> <span class='ocrx_word' id='word_1_59' title='bbox 204 635 300 658; x_wconf 90' lang='lat' dir='ltr'>vero</span> <span class='ocrx_word' id='word_1_60' title='bbox 318 620 360 658; x_wconf 88' lang='lat' dir='ltr'>in</span> <span class='ocrx_word' id='word_1_61' title='bbox 377 620 510 658; x_wconf 68' lang='lat' dir='ltr'>Varias</span> <span class='ocrx_word' id='word_1_62' title='bbox 530 629 666 670; x_wconf 87' lang='lat' dir='ltr'>partes</span> <span class='ocrx_word' id='word_1_63' title='bbox 687 621 826 669; x_wconf 67' lang='lat' dir='ltr'>divisi,</span> <span class='ocrx_word' id='word_1_64' title='bbox 840 621 972 657; x_wconf 86' lang='lat' dir='ltr'>varios</span> <span class='ocrx_word' id='word_1_65' title='bbox 991 620 1207 670; x_wconf 80' lang='lat' dir='ltr'>pontifices</span> <span class='ocrx_word' id='word_1_66' title='bbox 1228 620 1512 667; x_wconf 75' lang='lat' dir='ltr'>nominabant,</span> <span class='ocrx_word' id='word_1_67' title='bbox 1533 636 1604 658; x_wconf 84' lang='lat' dir='ltr'>nec</span> <span class='ocrx_word' id='word_1_68' title='bbox 1624 635 1768 658; x_wconf 88' lang='lat' dir='ltr'>conve-</span> 
     </span>
     <span class='ocr_line' id='line_1_8' title="bbox 73 678 1767 729; baseline 0 -13"><span class='ocrx_word' id='word_1_69' title='bbox 73 678 158 718; x_wconf 89' lang='lat' dir='ltr'>nire</span> <span class='ocrx_word' id='word_1_70' title='bbox 184 687 388 729; x_wconf 84' lang='lat' dir='ltr'>poterant.</span> <span class='ocrx_word' id='word_1_71' title='bbox 417 679 572 717; x_wconf 87' lang='lat' dir='ltr'>Aderat</span> <span class='ocrx_word' id='word_1_72' title='bbox 599 679 836 717; x_wconf 89' lang='lat' dir='ltr'>Guillelmus</span> <span class='ocrx_word' id='word_1_73' title='bbox 865 680 912 717; x_wconf 90' lang='lat' dir='ltr'>de</span> <span class='ocrx_word' id='word_1_74' title='bbox 940 679 1147 728; x_wconf 79' lang='lat' dir='ltr'>Agrisolio,</span> <span class='ocrx_word' id='word_1_75' title='bbox 1176 678 1271 715; x_wconf 88' lang='lat' dir='ltr'>olim</span> <span class='ocrx_word' id='word_1_76' title='bbox 1298 679 1512 717; x_wconf 82' lang='lat' dir='ltr'>Guillelnio</span> <span class='ocrx_word' id='word_1_77' title='bbox 1540 679 1767 717; x_wconf 88' lang='lat' dir='ltr'>Grimoardi</span> 
     </span>
     <span class='ocr_line' id='line_1_9' title="bbox 73 737 1768 787; baseline 0 -12"><span class='ocrx_word' id='word_1_78' title='bbox 73 738 217 776; x_wconf 87' lang='lat' dir='ltr'>abbati</span> <span class='ocrx_word' id='word_1_79' title='bbox 242 738 481 776; x_wconf 81' lang='lat' dir='ltr'>Massiliensi</span> <span class='ocrx_word' id='word_1_80' title='bbox 505 746 626 776; x_wconf 86' lang='lat' dir='ltr'>notus</span> <span class='ocrx_word' id='word_1_81' title='bbox 652 746 693 775; x_wconf 89' lang='lat' dir='ltr'>et</span> <span class='ocrx_word' id='word_1_82' title='bbox 717 738 883 776; x_wconf 84' lang='lat' dir='ltr'>amicus.</span> <span class='ocrx_word' id='word_1_83' title='bbox 912 739 970 775; x_wconf 84' lang='lat' dir='ltr'>Eo</span> <span class='ocrx_word' id='word_1_84' title='bbox 994 738 1118 787; x_wconf 80' lang='lat' dir='ltr'>igitur</span> <span class='ocrx_word' id='word_1_85' title='bbox 1142 737 1355 775; x_wconf 82' lang='lat' dir='ltr'>adnitente</span> <span class='ocrx_word' id='word_1_86' title='bbox 1380 738 1507 775; x_wconf 85' lang='lat' dir='ltr'>abbas</span> <span class='ocrx_word' id='word_1_87' title='bbox 1532 738 1595 776; x_wconf 90' lang='lat' dir='ltr'>ille</span> <span class='ocrx_word' id='word_1_88' title='bbox 1621 738 1768 776; x_wconf 88' lang='lat' dir='ltr'>substi-</span> 
     </span>
     <span class='ocr_line' id='line_1_10' title="bbox 72 796 1769 846; baseline 0 -12"><span class='ocrx_word' id='word_1_89' title='bbox 72 804 189 835; x_wconf 84' lang='lat' dir='ltr'>tutus</span> <span class='ocrx_word' id='word_1_90' title='bbox 216 805 278 835; x_wconf 86' lang='lat' dir='ltr'>est</span> <span class='ocrx_word' id='word_1_91' title='bbox 307 797 560 843; x_wconf 80' lang='lat' dir='ltr'>Innocentio,</span> <span class='ocrx_word' id='word_1_92' title='bbox 588 805 759 835; x_wconf 81' lang='lat' dir='ltr'>vocatus</span> <span class='ocrx_word' id='word_1_93' title='bbox 790 797 980 834; x_wconf 89' lang='lat' dir='ltr'>Urbanus</span> <span class='ocrx_word' id='word_1_94' title='bbox 1009 797 1190 846; x_wconf 82' lang='lat' dir='ltr'>quintus,</span> <span class='ocrx_word' id='word_1_95' title='bbox 1218 804 1265 833; x_wconf 86' lang='lat' dir='ltr'>ut</span> <span class='ocrx_word' id='word_1_96' title='bbox 1293 796 1412 834; x_wconf 90' lang='lat' dir='ltr'>docet</span> <span class='ocrx_word' id='word_1_97' title='bbox 1439 805 1581 834; x_wconf 90' lang='lat' dir='ltr'>auctor</span> <span class='ocrx_word' id='word_1_98' title='bbox 1609 797 1769 834; x_wconf 83' lang='lat' dir='ltr'>Primae</span> 
     </span>
     <span class='ocr_line' id='line_1_11' title="bbox 71 855 1767 906; baseline 0 -14"><span class='ocrx_word' id='word_1_99' title='bbox 71 855 172 893; x_wconf 69' lang='lat' dir='ltr'>vitae</span> <span class='ocrx_word' id='word_1_100' title='bbox 195 855 296 905; x_wconf 84' lang='lat' dir='ltr'>ejus,</span> <span class='ocrx_word' id='word_1_101' title='bbox 321 870 359 906; x_wconf 90' lang='lat' dir='ltr'>p.</span> <span class='ocrx_word' id='word_1_102' title='bbox 386 855 474 894; x_wconf 88' lang='grc'>361.</span> <span class='ocrx_word' id='word_1_103' title='bbox 503 856 634 903; x_wconf 86' lang='lat' dir='ltr'>Quam</span> <span class='ocrx_word' id='word_1_104' title='bbox 659 855 937 893; x_wconf 84' lang='lat' dir='ltr'>narrationem</span> <span class='ocrx_word' id='word_1_105' title='bbox 963 855 1181 893; x_wconf 86' lang='lat' dir='ltr'>confirmat</span> <span class='ocrx_word' id='word_1_106' title='bbox 1204 855 1289 905; x_wconf 88' lang='lat' dir='ltr'>ipse</span> <span class='ocrx_word' id='word_1_107' title='bbox 1316 855 1506 893; x_wconf 88' lang='lat' dir='ltr'>Urbanus</span> <span class='ocrx_word' id='word_1_108' title='bbox 1531 856 1570 893; x_wconf 89' lang='lat' dir='ltr'>in</span> <span class='ocrx_word' id='word_1_109' title='bbox 1596 856 1767 905; x_wconf 82' lang='lat' dir='ltr'>epistola</span> 
     </span>
     <span class='ocr_line' id='line_1_12' title="bbox 72 914 1768 964; baseline 0 -13"><span class='ocrx_word' id='word_1_110' title='bbox 72 914 124 952; x_wconf 90' lang='lat' dir='ltr'>ad</span> <span class='ocrx_word' id='word_1_111' title='bbox 145 928 280 964; x_wconf 85' lang='lat' dir='ltr'>regem</span> <span class='ocrx_word' id='word_1_112' title='bbox 303 915 560 964; x_wconf 84' lang='lat' dir='ltr'>Arragonum</span> <span class='ocrx_word' id='word_1_113' title='bbox 584 929 709 964; x_wconf 86' lang='lat' dir='ltr'>quam</span> <span class='ocrx_word' id='word_1_114' title='bbox 731 929 853 964; x_wconf 89' lang='lat' dir='ltr'>supra</span> <span class='ocrx_word' id='word_1_115' title='bbox 876 914 1057 962; x_wconf 81' lang='lat' dir='ltr'>laudavi,</span> <span class='ocrx_word' id='word_1_116' title='bbox 1080 914 1121 951; x_wconf 89' lang='lat' dir='ltr'>in</span> <span class='ocrx_word' id='word_1_117' title='bbox 1145 928 1225 963; x_wconf 85' lang='lat' dir='ltr'>qua</span> <span class='ocrx_word' id='word_1_118' title='bbox 1248 915 1326 951; x_wconf 89' lang='lat' dir='ltr'>ista</span> <span class='ocrx_word' id='word_1_119' title='bbox 1350 915 1540 964; x_wconf 80' lang='lat' dir='ltr'>leguntur</span> <span class='ocrx_word' id='word_1_120' title='bbox 1565 931 1571 951; x_wconf 74' lang='grc' dir='ltr'><strong><em>ι</em></strong></span> <span class='ocrx_word' id='word_1_121' title='bbox 1597 914 1701 952; x_wconf 80' lang='lat' dir='ltr'>Olim</span> <span class='ocrx_word' id='word_1_122' title='bbox 1725 915 1768 951; x_wconf 83' lang='lat' dir='ltr'>in</span> 
     </span>
     <span class='ocr_line' id='line_1_13' title="bbox 69 973 1768 1022; baseline 0 -11"><span class='ocrx_word' id='word_1_123' title='bbox 69 973 293 1011; x_wconf 73' lang='lat' dir='ltr'>minoribus</span> <span class='ocrx_word' id='word_1_124' title='bbox 319 974 517 1011; x_wconf 79' lang='lat' dir='ltr'>constituti</span> <span class='ocrx_word' id='word_1_125' title='bbox 543 982 693 1011; x_wconf 78' lang='lat' dir='ltr'>tantam</span> <span class='ocrx_word' id='word_1_126' title='bbox 719 988 806 1010; x_wconf 78' lang='lat' dir='ltr'>cam</span> <span class='ocrx_word' id='word_1_127' title='bbox 832 974 966 1010; x_wconf 74' lang='lat' dir='ltr'>dilecto</span> <span class='ocrx_word' id='word_1_128' title='bbox 995 973 1077 1022; x_wconf 82' lang='lat' dir='ltr'>filio</span> <span class='ocrx_word' id='word_1_129' title='bbox 1104 981 1232 1010; x_wconf 79' lang='lat' dir='ltr'>nostro</span> <span class='ocrx_word' id='word_1_130' title='bbox 1264 973 1471 1010; x_wconf 74' lang='lat' dir='ltr'>Guillelmo</span> <span class='ocrx_word' id='word_1_131' title='bbox 1496 973 1601 1011; x_wconf 75' lang='lat' dir='ltr'>tituli</span> <span class='ocrx_word' id='word_1_132' title='bbox 1629 974 1768 1011; x_wconf 73' lang='lat' dir='ltr'>Sancte</span> 
     </span>
     <span class='ocr_line' id='line_1_14' title="bbox 70 1032 1767 1082; baseline 0 -13"><span class='ocrx_word' id='word_1_133' title='bbox 70 1032 205 1069; x_wconf 82' lang='lat' dir='ltr'>Marie</span> <span class='ocrx_word' id='word_1_134' title='bbox 237 1032 279 1070; x_wconf 85' lang='lat' dir='ltr'>in</span> <span class='ocrx_word' id='word_1_135' title='bbox 313 1032 442 1070; x_wconf 81' lang='lat' dir='ltr'>Trans</span> <span class='ocrx_word' id='word_1_136' title='bbox 475 1033 659 1082; x_wconf 77' lang='lat' dir='ltr'>Tyberim</span> <span class='ocrx_word' id='word_1_137' title='bbox 690 1032 910 1082; x_wconf 77' lang='lat' dir='ltr'>presbytero</span> <span class='ocrx_word' id='word_1_138' title='bbox 942 1032 1138 1069; x_wconf 70' lang='lat' dir='ltr'>cardinali</span> <span class='ocrx_word' id='word_1_139' title='bbox 1167 1032 1409 1082; x_wconf 73' lang='lat' dir='ltr'>familiarem</span> <span class='ocrx_word' id='word_1_140' title='bbox 1440 1033 1767 1069; x_wconf 67' lang='lat' dir='ltr'>conversationem</span> 
     </span>
     <span class='ocr_line' id='line_1_15' title="bbox 68 1090 1764 1141; baseline 0.001 -13"><span class='ocrx_word' id='word_1_141' title='bbox 68 1090 283 1129; x_wconf 74' lang='lat' dir='ltr'>habuimus</span> <span class='ocrx_word' id='word_1_142' title='bbox 299 1091 400 1141; x_wconf 80' lang='lat' dir='ltr'>qaod</span> <span class='ocrx_word' id='word_1_143' title='bbox 415 1091 545 1141; x_wconf 78' lang='lat' dir='ltr'>ipsias</span> <span class='ocrx_word' id='word_1_144' title='bbox 563 1099 665 1140; x_wconf 79' lang='lat' dir='ltr'>gesta</span> <span class='ocrx_word' id='word_1_145' title='bbox 683 1091 833 1140; x_wconf 83' lang='lat' dir='ltr'>majora</span> <span class='ocrx_word' id='word_1_146' title='bbox 852 1099 1022 1128; x_wconf 76' lang='lat' dir='ltr'>nostram</span> <span class='ocrx_word' id='word_1_147' title='bbox 1038 1091 1153 1128; x_wconf 77' lang='lat' dir='ltr'>latere</span> <span class='ocrx_word' id='word_1_148' title='bbox 1170 1091 1349 1128; x_wconf 77' lang='lat' dir='ltr'>notitiam</span> <span class='ocrx_word' id='word_1_149' title='bbox 1367 1091 1529 1128; x_wconf 82' lang='lat' dir='ltr'>minime</span> <span class='ocrx_word' id='word_1_150' title='bbox 1545 1099 1764 1140; x_wconf 74' lang='lat' dir='ltr'>potuerunt.</span> 
     </span>
    </p>

    <p class='ocr_par' dir='ltr' id='par_1_4' title="bbox 66 1149 1764 1318">
     <span class='ocr_line' id='line_1_16' title="bbox 121 1149 1764 1199; baseline 0 -12"><span class='ocrx_word' id='word_1_151' title='bbox 121 1149 239 1188; x_wconf 92' lang='lat' dir='ltr'>Anno</span> <span class='ocrx_word' id='word_1_152' title='bbox 266 1150 564 1188; x_wconf 88' lang='lat' dir='ltr'>MCCCLXVII</span> <span class='ocrx_word' id='word_1_153' title='bbox 590 1165 727 1189; x_wconf 85' lang='lat' dir='ltr'>mense</span> <span class='ocrx_word' id='word_1_154' title='bbox 753 1150 902 1189; x_wconf 88' lang='lat' dir='ltr'>martio</span> <span class='ocrx_word' id='word_1_155' title='bbox 926 1150 1035 1188; x_wconf 90' lang='lat' dir='ltr'>idem</span> <span class='ocrx_word' id='word_1_156' title='bbox 1062 1150 1252 1187; x_wconf 87' lang='lat' dir='ltr'>Urbanus</span> <span class='ocrx_word' id='word_1_157' title='bbox 1278 1150 1312 1187; x_wconf 91' lang='lat' dir='ltr'>ei</span> <span class='ocrx_word' id='word_1_158' title='bbox 1339 1150 1542 1188; x_wconf 82' lang='lat' dir='ltr'>commisit</span> <span class='ocrx_word' id='word_1_159' title='bbox 1565 1150 1764 1199; x_wconf 82' lang='lat' dir='ltr'>judicium</span> 
     </span>
     <span class='ocr_line' id='line_1_17' title="bbox 66 1209 1764 1259; baseline 0 -13"><span class='ocrx_word' id='word_1_160' title='bbox 66 1209 439 1248; x_wconf 86' lang='lat' dir='ltr'>controversiarum</span> <span class='ocrx_word' id='word_1_161' title='bbox 476 1224 579 1259; x_wconf 89' lang='lat' dir='ltr'>quae</span> <span class='ocrx_word' id='word_1_162' title='bbox 616 1217 733 1247; x_wconf 88' lang='lat' dir='ltr'>erant</span> <span class='ocrx_word' id='word_1_163' title='bbox 768 1209 874 1247; x_wconf 86' lang='lat' dir='ltr'>inter</span> <span class='ocrx_word' id='word_1_164' title='bbox 910 1209 1147 1259; x_wconf 88' lang='lat' dir='ltr'>episcopum</span> <span class='ocrx_word' id='word_1_165' title='bbox 1185 1209 1460 1258; x_wconf 80' lang='lat' dir='ltr'>Urgellensem</span> <span class='ocrx_word' id='word_1_166' title='bbox 1497 1217 1537 1247; x_wconf 93' lang='lat' dir='ltr'>et</span> <span class='ocrx_word' id='word_1_167' title='bbox 1574 1210 1764 1247; x_wconf 87' lang='lat' dir='ltr'>comitem</span> 
     </span>
     <span class='ocr_line' id='line_1_18' title="bbox 68 1267 1474 1318; baseline 0.001 -14"><span class='ocrx_word' id='word_1_168' title='bbox 68 1267 172 1305; x_wconf 88' lang='lat' dir='ltr'>Fuxi</span> <span class='ocrx_word' id='word_1_169' title='bbox 190 1282 311 1318; x_wconf 90' lang='lat' dir='ltr'>super</span> <span class='ocrx_word' id='word_1_170' title='bbox 328 1268 510 1318; x_wconf 83' lang='lat' dir='ltr'>pariagio</span> <span class='ocrx_word' id='word_1_171' title='bbox 528 1269 645 1306; x_wconf 85' lang='lat' dir='ltr'>vallis</span> <span class='ocrx_word' id='word_1_172' title='bbox 666 1268 875 1306; x_wconf 82' lang='lat' dir='ltr'>Andorrae</span> <span class='ocrx_word' id='word_1_173' title='bbox 895 1283 902 1313; x_wconf 81' lang='lat'><em>3</em></span> <span class='ocrx_word' id='word_1_174' title='bbox 924 1282 969 1305; x_wconf 70' lang='lat' dir='ltr'>ea:</span> <span class='ocrx_word' id='word_1_175' title='bbox 986 1268 1142 1305; x_wconf 73' lang='lat' dir='ltr'>archivo</span> <span class='ocrx_word' id='word_1_176' title='bbox 1160 1268 1266 1317; x_wconf 79' lang='lat' dir='ltr'>regio</span> <span class='ocrx_word' id='word_1_177' title='bbox 1286 1268 1474 1306; x_wconf 66' lang='lat' dir='ltr'>Fuxensi.</span> 
     </span>
    </p>

    <p class='ocr_par' dir='ltr' id='par_1_5' title="bbox 64 1326 1764 1494">
     <span class='ocr_line' id='line_1_19' title="bbox 121 1326 1764 1373; baseline 0 -9"><span class='ocrx_word' id='word_1_178' title='bbox 121 1327 277 1366; x_wconf 88' lang='lat' dir='ltr'>Eodem</span> <span class='ocrx_word' id='word_1_179' title='bbox 308 1342 416 1365; x_wconf 88' lang='lat' dir='ltr'>anno</span> <span class='ocrx_word' id='word_1_180' title='bbox 448 1328 668 1366; x_wconf 87' lang='lat' dir='ltr'>comitatus</span> <span class='ocrx_word' id='word_1_181' title='bbox 701 1336 762 1365; x_wconf 90' lang='lat' dir='ltr'>est</span> <span class='ocrx_word' id='word_1_182' title='bbox 796 1327 1010 1365; x_wconf 91' lang='lat' dir='ltr'>Urbanum</span> <span class='ocrx_word' id='word_1_183' title='bbox 1041 1327 1264 1365; x_wconf 88' lang='lat' dir='ltr'>abeuntem</span> <span class='ocrx_word' id='word_1_184' title='bbox 1286 1326 1327 1364; x_wconf 92' lang='lat' dir='ltr'>in</span> <span class='ocrx_word' id='word_1_185' title='bbox 1358 1327 1533 1373; x_wconf 85' lang='lat' dir='ltr'>Italiam,</span> <span class='ocrx_word' id='word_1_186' title='bbox 1561 1335 1602 1364; x_wconf 89' lang='lat' dir='ltr'>et</span> <span class='ocrx_word' id='word_1_187' title='bbox 1633 1327 1684 1364; x_wconf 89' lang='lat' dir='ltr'>ab</span> <span class='ocrx_word' id='word_1_188' title='bbox 1718 1341 1764 1364; x_wconf 93' lang='lat' dir='ltr'>eo</span> 
     </span>
     <span class='ocr_line' id='line_1_20' title="bbox 69 1385 1762 1436; baseline -0.001 -13"><span class='ocrx_word' id='word_1_189' title='bbox 69 1385 201 1424; x_wconf 87' lang='lat' dir='ltr'>factus</span> <span class='ocrx_word' id='word_1_190' title='bbox 237 1394 299 1424; x_wconf 87' lang='lat' dir='ltr'>est</span> <span class='ocrx_word' id='word_1_191' title='bbox 334 1400 441 1424; x_wconf 88' lang='lat' dir='ltr'>anno</span> <span class='ocrx_word' id='word_1_192' title='bbox 477 1387 663 1436; x_wconf 84' lang='lat' dir='ltr'>sequenti</span> <span class='ocrx_word' id='word_1_193' title='bbox 700 1386 912 1436; x_wconf 88' lang='lat' dir='ltr'>episcopus</span> <span class='ocrx_word' id='word_1_194' title='bbox 944 1386 1196 1428; x_wconf 79' lang='lat' dir='ltr'>Sabinensis;</span> <span class='ocrx_word' id='word_1_195' title='bbox 1228 1386 1367 1423; x_wconf 84' lang='lat' dir='ltr'>Prima</span> <span class='ocrx_word' id='word_1_196' title='bbox 1404 1386 1480 1423; x_wconf 66' lang='lat' dir='ltr'>vita</span> <span class='ocrx_word' id='word_1_197' title='bbox 1523 1386 1677 1423; x_wconf 84' lang='lat' dir='ltr'>Urbani</span> <span class='ocrx_word' id='word_1_198' title='bbox 1717 1385 1762 1432; x_wconf 86' lang='lat' dir='ltr'>V,</span> 
     </span>
     <span class='ocr_line' id='line_1_21' title="bbox 64 1444 221 1494; baseline 0.006 -12"><span class='ocrx_word' id='word_1_199' title='bbox 64 1459 104 1494; x_wconf 88' lang='lat' dir='ltr'>p.</span> <span class='ocrx_word' id='word_1_200' title='bbox 134 1444 221 1483; x_wconf 91' lang='lat'>365.</span> 
     </span>
    </p>

    <p class='ocr_par' dir='ltr' id='par_1_6' title="bbox 63 1503 1764 1788">
     <span class='ocr_line' id='line_1_22' title="bbox 120 1503 1762 1554; baseline 0 -14"><span class='ocrx_word' id='word_1_201' title='bbox 120 1503 275 1543; x_wconf 87' lang='lat' dir='ltr'>Eodem</span> <span class='ocrx_word' id='word_1_202' title='bbox 301 1518 409 1542; x_wconf 91' lang='lat' dir='ltr'>anno</span> <span class='ocrx_word' id='word_1_203' title='bbox 435 1504 757 1542; x_wconf 81' lang='lat' dir='ltr'>MCCCLXVIII</span> <span class='ocrx_word' id='word_1_204' title='bbox 785 1504 930 1543; x_wconf 85' lang='lat' dir='ltr'>missus</span> <span class='ocrx_word' id='word_1_205' title='bbox 957 1512 1018 1541; x_wconf 90' lang='lat' dir='ltr'>est</span> <span class='ocrx_word' id='word_1_206' title='bbox 1042 1504 1200 1553; x_wconf 85' lang='lat' dir='ltr'>legatus</span> <span class='ocrx_word' id='word_1_207' title='bbox 1227 1504 1278 1541; x_wconf 88' lang='lat' dir='ltr'>ad</span> <span class='ocrx_word' id='word_1_208' title='bbox 1305 1512 1441 1554; x_wconf 89' lang='lat' dir='ltr'>partes</span> <span class='ocrx_word' id='word_1_209' title='bbox 1471 1503 1762 1553; x_wconf 87' lang='lat' dir='ltr'>Neapolitanas</span> 
     </span>
     <span class='ocr_line' id='line_1_23' title="bbox 63 1562 1764 1613; baseline -0.001 -13"><span class='ocrx_word' id='word_1_210' title='bbox 63 1576 187 1600; x_wconf 86' lang='lat' dir='ltr'>causa</span> <span class='ocrx_word' id='word_1_211' title='bbox 220 1563 390 1607; x_wconf 87' lang='lat' dir='ltr'>sedandi</span> <span class='ocrx_word' id='word_1_212' title='bbox 423 1563 644 1601; x_wconf 88' lang='lat' dir='ltr'>discordias</span> <span class='ocrx_word' id='word_1_213' title='bbox 677 1571 776 1601; x_wconf 90' lang='lat' dir='ltr'>tunc</span> <span class='ocrx_word' id='word_1_214' title='bbox 808 1563 992 1612; x_wconf 83' lang='lat' dir='ltr'>vigentes</span> <span class='ocrx_word' id='word_1_215' title='bbox 1025 1563 1132 1601; x_wconf 86' lang='lat' dir='ltr'>inter</span> <span class='ocrx_word' id='word_1_216' title='bbox 1164 1562 1389 1613; x_wconf 87' lang='lat' dir='ltr'>principem</span> <span class='ocrx_word' id='word_1_217' title='bbox 1422 1562 1691 1601; x_wconf 86' lang='lat' dir='ltr'>Tarentinum</span> <span class='ocrx_word' id='word_1_218' title='bbox 1723 1569 1764 1599; x_wconf 89' lang='lat' dir='ltr'>et</span> 
     </span>
     <span class='ocr_line' id='line_1_24' title="bbox 64 1620 1761 1672; baseline -0.001 -14"><span class='ocrx_word' id='word_1_219' title='bbox 64 1620 211 1660; x_wconf 88' lang='lat' dir='ltr'>ducem</span> <span class='ocrx_word' id='word_1_220' title='bbox 227 1622 424 1669; x_wconf 86' lang='lat' dir='ltr'>Andriae;</span> <span class='ocrx_word' id='word_1_221' title='bbox 441 1622 584 1661; x_wconf 89' lang='lat' dir='ltr'>eadem</span> <span class='ocrx_word' id='word_1_222' title='bbox 606 1622 696 1659; x_wconf 80' lang='lat' dir='ltr'>Vita</span> <span class='ocrx_word' id='word_1_223' title='bbox 717 1622 872 1660; x_wconf 78' lang='lat' dir='ltr'>Urbani</span> <span class='ocrx_word' id='word_1_224' title='bbox 894 1622 938 1669; x_wconf 85' lang='lat' dir='ltr'>V,</span> <span class='ocrx_word' id='word_1_225' title='bbox 955 1637 993 1672; x_wconf 90' lang='lat' dir='ltr'>p.</span> <span class='ocrx_word' id='word_1_226' title='bbox 1012 1621 1100 1660; x_wconf 90' lang='lat'>365.</span> <span class='ocrx_word' id='word_1_227' title='bbox 1119 1622 1219 1660; x_wconf 84' lang='lat' dir='ltr'>Vide</span> <span class='ocrx_word' id='word_1_228' title='bbox 1236 1622 1361 1660; x_wconf 86' lang='lat' dir='ltr'>etiam</span> <span class='ocrx_word' id='word_1_229' title='bbox 1379 1622 1535 1660; x_wconf 78' lang='lat' dir='ltr'>Julium</span> <span class='ocrx_word' id='word_1_230' title='bbox 1551 1622 1761 1659; x_wconf 86' lang='lat' dir='ltr'>Caesarem</span> 
     </span>
     <span class='ocr_line' id='line_1_25' title="bbox 66 1680 1761 1731; baseline -0.001 -13"><span class='ocrx_word' id='word_1_231' title='bbox 66 1680 300 1730; x_wconf 89' lang='lat' dir='ltr'>Capacium‚</span> <span class='ocrx_word' id='word_1_232' title='bbox 322 1681 390 1719; x_wconf 87' lang='lat' dir='ltr'>lib.</span> <span class='ocrx_word' id='word_1_233' title='bbox 419 1681 472 1728; x_wconf 88' lang='grc' dir='ltr'>ΙΙ,</span> <span class='ocrx_word' id='word_1_234' title='bbox 494 1681 600 1719; x_wconf 78' lang='lat' dir='ltr'>Hist.</span> <span class='ocrx_word' id='word_1_235' title='bbox 631 1681 845 1731; x_wconf 65' lang='lat' dir='ltr'>Neapolit„</span> <span class='ocrx_word' id='word_1_236' title='bbox 870 1695 957 1731; x_wconf 87' lang='lat' dir='ltr'>cap.</span> <span class='ocrx_word' id='word_1_237' title='bbox 988 1696 1030 1718; x_wconf 83' lang='lat' dir='ltr'>iv</span> <span class='ocrx_word' id='word_1_238' title='bbox 1055 1681 1109 1731; x_wconf 91' lang='lat' dir='ltr'>[p.</span> <span class='ocrx_word' id='word_1_239' title='bbox 1134 1681 1232 1731; x_wconf 86' lang='lat'>415]</span> <span class='ocrx_word' id='word_1_240' title='bbox 1258 1689 1299 1719; x_wconf 91' lang='lat' dir='ltr'>et</span> <span class='ocrx_word' id='word_1_241' title='bbox 1338 1680 1559 1719; x_wconf 87' lang='lat' dir='ltr'>Odoricum</span> <span class='ocrx_word' id='word_1_242' title='bbox 1584 1680 1761 1729; x_wconf 81' lang='lat' dir='ltr'>Raynal-</span> 
     </span>
     <span class='ocr_line' id='line_1_26' title="bbox 63 1739 539 1788; baseline 0.002 -12"><span class='ocrx_word' id='word_1_243' title='bbox 63 1739 178 1786; x_wconf 87' lang='lat' dir='ltr'>dum,</span> <span class='ocrx_word' id='word_1_244' title='bbox 201 1754 265 1777; x_wconf 88' lang='lat' dir='ltr'>an.</span> <span class='ocrx_word' id='word_1_245' title='bbox 295 1740 408 1787; x_wconf 88' lang='lat'>1367,</span> <span class='ocrx_word' id='word_1_246' title='bbox 438 1740 455 1788; x_wconf 63' lang='grc' dir='ltr'>ἓ</span> <span class='ocrx_word' id='word_1_247' title='bbox 480 1740 539 1778; x_wconf 87' lang='grc'>15.</span> 
     </span>
    </p>

    <p class='ocr_par' dir='ltr' id='par_1_7' title="bbox 59 1798 1763 2144">
     <span class='ocr_line' id='line_1_27' title="bbox 118 1798 1763 1848; baseline -0.001 -12"><span class='ocrx_word' id='word_1_248' title='bbox 118 1798 231 1836; x_wconf 91' lang='lat' dir='ltr'>Obiit</span> <span class='ocrx_word' id='word_1_249' title='bbox 263 1798 467 1837; x_wconf 89' lang='lat' dir='ltr'>Viterbiil</span> <span class='ocrx_word' id='word_1_250' title='bbox 499 1813 607 1837; x_wconf 90' lang='lat' dir='ltr'>anno</span> <span class='ocrx_word' id='word_1_251' title='bbox 642 1799 939 1846; x_wconf 83' lang='lat' dir='ltr'>MCCCLXIX,</span> <span class='ocrx_word' id='word_1_252' title='bbox 972 1799 1042 1836; x_wconf 86' lang='lat' dir='ltr'>ubi</span> <span class='ocrx_word' id='word_1_253' title='bbox 1075 1799 1283 1848; x_wconf 87' lang='lat' dir='ltr'>sepultum</span> <span class='ocrx_word' id='word_1_254' title='bbox 1316 1813 1409 1837; x_wconf 91' lang='lat' dir='ltr'>eum</span> <span class='ocrx_word' id='word_1_255' title='bbox 1435 1799 1557 1847; x_wconf 83' lang='lat' dir='ltr'>vulgo</span> <span class='ocrx_word' id='word_1_256' title='bbox 1590 1798 1763 1835; x_wconf 88' lang='lat' dir='ltr'>tradunt</span> 
     </span>
     <span class='ocr_line' id='line_1_28' title="bbox 62 1856 1761 1908; baseline 0.001 -15"><span class='ocrx_word' id='word_1_257' title='bbox 62 1856 104 1894; x_wconf 90' lang='lat' dir='ltr'>in</span> <span class='ocrx_word' id='word_1_258' title='bbox 126 1858 292 1896; x_wconf 90' lang='lat' dir='ltr'>ecclesia</span> <span class='ocrx_word' id='word_1_259' title='bbox 316 1858 593 1897; x_wconf 85' lang='lat' dir='ltr'>Eremitarum</span> <span class='ocrx_word' id='word_1_260' title='bbox 616 1858 790 1896; x_wconf 88' lang='lat' dir='ltr'>Sanctae</span> <span class='ocrx_word' id='word_1_261' title='bbox 813 1858 1038 1897; x_wconf 86' lang='lat' dir='ltr'>Trinitatis.</span> <span class='ocrx_word' id='word_1_262' title='bbox 1064 1858 1218 1908; x_wconf 88' lang='lat' dir='ltr'>Corpus</span> <span class='ocrx_word' id='word_1_263' title='bbox 1241 1857 1327 1906; x_wconf 87' lang='lat' dir='ltr'>ejus</span> <span class='ocrx_word' id='word_1_264' title='bbox 1350 1858 1443 1895; x_wconf 91' lang='lat' dir='ltr'>inde</span> <span class='ocrx_word' id='word_1_265' title='bbox 1465 1865 1608 1907; x_wconf 88' lang='lat' dir='ltr'>postea</span> <span class='ocrx_word' id='word_1_266' title='bbox 1631 1864 1761 1894; x_wconf 90' lang='lat' dir='ltr'>trans-</span> 
     </span>
     <span class='ocr_line' id='line_1_29' title="bbox 62 1915 1761 1967; baseline -0.001 -14"><span class='ocrx_word' id='word_1_267' title='bbox 62 1915 195 1954; x_wconf 90' lang='lat' dir='ltr'>latum</span> <span class='ocrx_word' id='word_1_268' title='bbox 215 1925 276 1954; x_wconf 87' lang='lat' dir='ltr'>est</span> <span class='ocrx_word' id='word_1_269' title='bbox 294 1916 335 1954; x_wconf 93' lang='lat' dir='ltr'>in</span> <span class='ocrx_word' id='word_1_270' title='bbox 356 1917 498 1956; x_wconf 88' lang='lat' dir='ltr'>urbem</span> <span class='ocrx_word' id='word_1_271' title='bbox 520 1917 866 1964; x_wconf 79' lang='lat' dir='ltr'>Lemovicensem,</span> <span class='ocrx_word' id='word_1_272' title='bbox 886 1917 1047 1966; x_wconf 85' lang='lat' dir='ltr'>illicque</span> <span class='ocrx_word' id='word_1_273' title='bbox 1068 1918 1276 1967; x_wconf 87' lang='lat' dir='ltr'>sepultum</span> <span class='ocrx_word' id='word_1_274' title='bbox 1296 1917 1347 1954; x_wconf 90' lang='lat' dir='ltr'>ad</span> <span class='ocrx_word' id='word_1_275' title='bbox 1368 1916 1576 1955; x_wconf 86' lang='lat' dir='ltr'>sinistram</span> <span class='ocrx_word' id='word_1_276' title='bbox 1596 1915 1761 1964; x_wconf 87' lang='lat' dir='ltr'>majoris</span> 
     </span>
     <span class='ocr_line' id='line_1_30' title="bbox 62 1975 1761 2030; baseline -0.001 -18"><span class='ocrx_word' id='word_1_277' title='bbox 62 1975 202 2013; x_wconf 89' lang='lat' dir='ltr'>altaris</span> <span class='ocrx_word' id='word_1_278' title='bbox 235 1976 424 2014; x_wconf 87' lang='lat' dir='ltr'>basilicae</span> <span class='ocrx_word' id='word_1_279' title='bbox 458 1976 598 2014; x_wconf 85' lang='lat' dir='ltr'>Sancti</span> <span class='ocrx_word' id='word_1_280' title='bbox 631 1976 828 2014; x_wconf 84' lang='lat' dir='ltr'>Martialis</span> <span class='ocrx_word' id='word_1_281' title='bbox 860 1976 901 2013; x_wconf 90' lang='lat' dir='ltr'>in</span> <span class='ocrx_word' id='word_1_282' title='bbox 934 1976 1118 2026; x_wconf 88' lang='lat' dir='ltr'>sepulcro</span> <span class='ocrx_word' id='word_1_283' title='bbox 1151 1990 1246 2013; x_wconf 89' lang='lat' dir='ltr'>sane</span> <span class='ocrx_word' id='word_1_284' title='bbox 1279 1975 1513 2030; x_wconf 77' lang='lat' dir='ltr'>magnifico,</span> <span class='ocrx_word' id='word_1_285' title='bbox 1547 1975 1656 2024; x_wconf 91' lang='lat' dir='ltr'>quod</span> <span class='ocrx_word' id='word_1_286' title='bbox 1689 1988 1761 2023; x_wconf 84' lang='lat' dir='ltr'>ego</span> 
     </span>
     <span class='ocr_line' id='line_1_31' title="bbox 63 2033 1762 2074; baseline -0.001 -3"><span class='ocrx_word' id='word_1_287' title='bbox 63 2033 159 2073; x_wconf 91' lang='lat' dir='ltr'>olim</span> <span class='ocrx_word' id='word_1_288' title='bbox 186 2034 284 2073; x_wconf 89' lang='lat' dir='ltr'>vidi.</span> <span class='ocrx_word' id='word_1_289' title='bbox 313 2035 529 2073; x_wconf 87' lang='lat' dir='ltr'>Monuerat</span> <span class='ocrx_word' id='word_1_290' title='bbox 555 2043 695 2074; x_wconf 89' lang='lat' dir='ltr'>autem</span> <span class='ocrx_word' id='word_1_291' title='bbox 721 2035 822 2072; x_wconf 91' lang='lat' dir='ltr'>illud</span> <span class='ocrx_word' id='word_1_292' title='bbox 850 2043 945 2073; x_wconf 89' lang='lat' dir='ltr'>ante</span> <span class='ocrx_word' id='word_1_293' title='bbox 974 2049 1036 2073; x_wconf 89' lang='lat' dir='ltr'>me</span> <span class='ocrx_word' id='word_1_294' title='bbox 1062 2035 1241 2072; x_wconf 54' lang='lat' dir='ltr'>„loannes</span> <span class='ocrx_word' id='word_1_295' title='bbox 1262 2035 1482 2072; x_wconf 88' lang='lat' dir='ltr'>Bandellus</span> <span class='ocrx_word' id='word_1_296' title='bbox 1508 2034 1549 2071; x_wconf 90' lang='lat' dir='ltr'>in</span> <span class='ocrx_word' id='word_1_297' title='bbox 1576 2034 1678 2071; x_wconf 89' lang='lat' dir='ltr'>libro</span> <span class='ocrx_word' id='word_1_298' title='bbox 1704 2033 1762 2069; x_wconf 82' lang='lat' dir='ltr'>De</span> 
     </span>
     <span class='ocr_line' id='line_1_32' title="bbox 59 2092 838 2144; baseline 0.003 -14"><span class='ocrx_word' id='word_1_299' title='bbox 59 2092 259 2131; x_wconf 67' lang='lat' dir='ltr'>devotione</span> <span class='ocrx_word' id='word_1_300' title='bbox 282 2094 410 2131; x_wconf 79' lang='lat' dir='ltr'>sancti</span> <span class='ocrx_word' id='word_1_301' title='bbox 436 2094 657 2141; x_wconf 80' lang='lat' dir='ltr'>Martialis,</span> <span class='ocrx_word' id='word_1_302' title='bbox 685 2109 772 2144; x_wconf 88' lang='lat' dir='ltr'>cap.</span> <span class='ocrx_word' id='word_1_303' title='bbox 802 2109 838 2132; x_wconf 85' lang='lat' dir='ltr'>V.</span> 
     </span>
    </p>

    <p class='ocr_par' dir='ltr' id='par_1_8' title="bbox 60 2151 1759 2671">
     <span class='ocr_line' id='line_1_33' title="bbox 117 2151 1759 2201; baseline -0.001 -12"><span class='ocrx_word' id='word_1_304' title='bbox 117 2152 354 2190; x_wconf 87' lang='lat' dir='ltr'>Franciscus</span> <span class='ocrx_word' id='word_1_305' title='bbox 387 2153 583 2199; x_wconf 89' lang='lat' dir='ltr'>Cascales,</span> <span class='ocrx_word' id='word_1_306' title='bbox 610 2153 652 2190; x_wconf 90' lang='lat' dir='ltr'>in</span> <span class='ocrx_word' id='word_1_307' title='bbox 683 2153 866 2191; x_wconf 78' lang='lat' dir='ltr'>Historia</span> <span class='ocrx_word' id='word_1_308' title='bbox 899 2153 1096 2200; x_wconf 73' lang='lat' dir='ltr'>Murciae,</span> <span class='ocrx_word' id='word_1_309' title='bbox 1127 2152 1194 2190; x_wconf 88' lang='lat' dir='ltr'>fol.</span> <span class='ocrx_word' id='word_1_310' title='bbox 1225 2153 1300 2190; x_wconf 81' lang='lat'>430</span> <span class='ocrx_word' id='word_1_311' title='bbox 1331 2159 1380 2199; x_wconf 87' lang='lat' dir='ltr'>r0,</span> <span class='ocrx_word' id='word_1_312' title='bbox 1412 2152 1518 2189; x_wconf 86' lang='lat' dir='ltr'>inter</span> <span class='ocrx_word' id='word_1_313' title='bbox 1550 2151 1759 2201; x_wconf 87' lang='lat' dir='ltr'>episcopos</span> 
     </span>
     <span class='ocr_line' id='line_1_34' title="bbox 60 2209 1758 2261; baseline -0.002 -13"><span class='ocrx_word' id='word_1_314' title='bbox 60 2210 401 2261; x_wconf 83' lang='lat' dir='ltr'>Carthaginenses</span> <span class='ocrx_word' id='word_1_315' title='bbox 434 2211 622 2251; x_wconf 88' lang='lat' dir='ltr'>nominat</span> <span class='ocrx_word' id='word_1_316' title='bbox 654 2212 757 2250; x_wconf 89' lang='lat' dir='ltr'>circa</span> <span class='ocrx_word' id='word_1_317' title='bbox 791 2226 946 2251; x_wconf 84' lang='lat' dir='ltr'>annum</span> <span class='ocrx_word' id='word_1_318' title='bbox 979 2212 1194 2250; x_wconf 88' lang='lat' dir='ltr'>MCCCLX</span> <span class='ocrx_word' id='word_1_319' title='bbox 1227 2211 1489 2249; x_wconf 87' lang='lat' dir='ltr'>Guillelmum</span> <span class='ocrx_word' id='word_1_320' title='bbox 1525 2210 1572 2248; x_wconf 90' lang='lat' dir='ltr'>de</span> <span class='ocrx_word' id='word_1_321' title='bbox 1614 2209 1758 2248; x_wconf 86' lang='lat' dir='ltr'>Gimiel</span> 
     </span>
     <span class='ocr_line' id='line_1_35' title="bbox 62 2267 1759 2321; baseline -0.001 -15"><span class='ocrx_word' id='word_1_322' title='bbox 62 2269 228 2308; x_wconf 87' lang='lat' dir='ltr'>natione</span> <span class='ocrx_word' id='word_1_323' title='bbox 264 2270 478 2318; x_wconf 89' lang='lat' dir='ltr'>Gallicum,</span> <span class='ocrx_word' id='word_1_324' title='bbox 514 2279 657 2321; x_wconf 88' lang='lat' dir='ltr'>postea</span> <span class='ocrx_word' id='word_1_325' title='bbox 694 2271 942 2309; x_wconf 88' lang='lat' dir='ltr'>cardinalem</span> <span class='ocrx_word' id='word_1_326' title='bbox 978 2279 1018 2309; x_wconf 87' lang='lat' dir='ltr'>et</span> <span class='ocrx_word' id='word_1_327' title='bbox 1053 2271 1290 2320; x_wconf 88' lang='lat' dir='ltr'>episcopum</span> <span class='ocrx_word' id='word_1_328' title='bbox 1327 2270 1602 2307; x_wconf 84' lang='lat' dir='ltr'>Sabinensem.</span> <span class='ocrx_word' id='word_1_329' title='bbox 1642 2267 1759 2315; x_wconf 85' lang='lat' dir='ltr'>Quod</span> 
     </span>
     <span class='ocr_line' id='line_1_36' title="bbox 60 2327 1758 2379; baseline -0.001 -14"><span class='ocrx_word' id='word_1_330' title='bbox 60 2327 372 2379; x_wconf 85' lang='lat' dir='ltr'>intelligendum</span> <span class='ocrx_word' id='word_1_331' title='bbox 388 2329 597 2368; x_wconf 82' lang='lat' dir='ltr'>videretur</span> <span class='ocrx_word' id='word_1_332' title='bbox 613 2330 661 2368; x_wconf 91' lang='lat' dir='ltr'>de</span> <span class='ocrx_word' id='word_1_333' title='bbox 679 2330 894 2369; x_wconf 88' lang='lat' dir='ltr'>Guillelmo</span> <span class='ocrx_word' id='word_1_334' title='bbox 909 2330 989 2368; x_wconf 86' lang='lat' dir='ltr'>isto</span> <span class='ocrx_word' id='word_1_335' title='bbox 1006 2329 1054 2367; x_wconf 87' lang='lat' dir='ltr'>de</span> <span class='ocrx_word' id='word_1_336' title='bbox 1072 2329 1279 2379; x_wconf 81' lang='lat' dir='ltr'>Agrifolio.</span> <span class='ocrx_word' id='word_1_337' title='bbox 1299 2329 1450 2366; x_wconf 89' lang='lat' dir='ltr'>Verum</span> <span class='ocrx_word' id='word_1_338' title='bbox 1465 2328 1529 2365; x_wconf 90' lang='lat' dir='ltr'>ille</span> <span class='ocrx_word' id='word_1_339' title='bbox 1546 2340 1758 2376; x_wconf 87' lang='lat' dir='ltr'>nunquam</span> 
     </span>
     <span class='ocr_line' id='line_1_37' title="bbox 61 2386 1756 2439; baseline -0.001 -15"><span class='ocrx_word' id='word_1_340' title='bbox 61 2386 141 2425; x_wconf 84' lang='lat' dir='ltr'>fuit</span> <span class='ocrx_word' id='word_1_341' title='bbox 182 2387 394 2438; x_wconf 87' lang='lat' dir='ltr'>episcopus</span> <span class='ocrx_word' id='word_1_342' title='bbox 438 2388 781 2439; x_wconf 85' lang='lat' dir='ltr'>Carthaginensis,</span> <span class='ocrx_word' id='word_1_343' title='bbox 825 2389 894 2427; x_wconf 88' lang='lat' dir='ltr'>sed</span> <span class='ocrx_word' id='word_1_344' title='bbox 941 2396 1104 2426; x_wconf 85' lang='lat' dir='ltr'>tantum</span> <span class='ocrx_word' id='word_1_345' title='bbox 1147 2389 1297 2426; x_wconf 85' lang='lat' dir='ltr'>electus</span> <span class='ocrx_word' id='word_1_346' title='bbox 1341 2388 1756 2435; x_wconf 82' lang='lat' dir='ltr'>Caesaraugustanus.</span> 
     </span>
     <span class='ocr_line' id='line_1_38' title="bbox 62 2439 1757 2498; baseline -0.002 -14"><span class='ocrx_word' id='word_1_347' title='bbox 62 2446 264 2494; x_wconf 86' lang='lat' dir='ltr'>Ceterum,</span> <span class='ocrx_word' id='word_1_348' title='bbox 299 2455 347 2485; x_wconf 89' lang='lat' dir='ltr'>ut</span> <span class='ocrx_word' id='word_1_349' title='bbox 378 2447 478 2485; x_wconf 91' lang='lat' dir='ltr'>illud</span> <span class='ocrx_word' id='word_1_350' title='bbox 513 2461 675 2498; x_wconf 91' lang='lat' dir='ltr'>quoque</span> <span class='ocrx_word' id='word_1_351' title='bbox 711 2448 842 2486; x_wconf 90' lang='lat' dir='ltr'>obiter</span> <span class='ocrx_word' id='word_1_352' title='bbox 876 2448 1073 2494; x_wconf 85' lang='lat' dir='ltr'>dicamus,</span> <span class='ocrx_word' id='word_1_353' title='bbox 1108 2447 1229 2496; x_wconf 86' lang='lat' dir='ltr'>hujus</span> <span class='ocrx_word' id='word_1_354' title='bbox 1266 2446 1469 2484; x_wconf 89' lang='lat' dir='ltr'>Guillelmi</span> <span class='ocrx_word' id='word_1_355' title='bbox 1503 2446 1551 2483; x_wconf 88' lang='lat' dir='ltr'>de</span> <span class='ocrx_word' id='word_1_356' title='bbox 1586 2439 1757 2482; x_wconf 87' lang='lat' dir='ltr'>Gimello</span> 
     </span>
     <span class='ocr_line' id='line_1_39' title="bbox 61 2502 1756 2557; baseline -0.002 -15"><span class='ocrx_word' id='word_1_357' title='bbox 61 2504 157 2542; x_wconf 90' lang='lat' dir='ltr'>olim</span> <span class='ocrx_word' id='word_1_358' title='bbox 175 2506 373 2544; x_wconf 84' lang='lat' dir='ltr'>auditoris</span> <span class='ocrx_word' id='word_1_359' title='bbox 394 2506 539 2554; x_wconf 80' lang='lat' dir='ltr'>Rotae,</span> <span class='ocrx_word' id='word_1_360' title='bbox 557 2514 701 2556; x_wconf 90' lang='lat' dir='ltr'>postea</span> <span class='ocrx_word' id='word_1_361' title='bbox 720 2521 816 2545; x_wconf 90' lang='lat' dir='ltr'>vero</span> <span class='ocrx_word' id='word_1_362' title='bbox 835 2507 1011 2557; x_wconf 88' lang='lat' dir='ltr'>episcopi</span> <span class='ocrx_word' id='word_1_363' title='bbox 1032 2505 1375 2554; x_wconf 81' lang='lat' dir='ltr'>Carthaginensis,</span> <span class='ocrx_word' id='word_1_364' title='bbox 1395 2504 1549 2543; x_wconf 87' lang='lat' dir='ltr'>mentio</span> <span class='ocrx_word' id='word_1_365' title='bbox 1567 2511 1628 2541; x_wconf 89' lang='lat' dir='ltr'>est</span> <span class='ocrx_word' id='word_1_366' title='bbox 1647 2502 1756 2552; x_wconf 90' lang='lat' dir='ltr'>apud</span> 
     </span>
     <span class='ocr_line' id='line_1_40' title="bbox 63 2561 1755 2615; baseline -0.002 -14"><span class='ocrx_word' id='word_1_367' title='bbox 63 2563 291 2602; x_wconf 87' lang='lat' dir='ltr'>Robertum</span> <span class='ocrx_word' id='word_1_368' title='bbox 324 2565 506 2603; x_wconf 89' lang='lat' dir='ltr'>Horbort</span> <span class='ocrx_word' id='word_1_369' title='bbox 535 2565 577 2603; x_wconf 89' lang='lat' dir='ltr'>in</span> <span class='ocrx_word' id='word_1_370' title='bbox 609 2565 864 2603; x_wconf 81' lang='lat' dir='ltr'>Collectaneis</span> <span class='ocrx_word' id='word_1_371' title='bbox 895 2565 1150 2615; x_wconf 75' lang='lat' dir='ltr'>antiquaram</span> <span class='ocrx_word' id='word_1_372' title='bbox 1182 2564 1424 2601; x_wconf 81' lang='lat' dir='ltr'>decisionum</span> <span class='ocrx_word' id='word_1_373' title='bbox 1455 2563 1588 2609; x_wconf 83' lang='lat' dir='ltr'>Rotae,</span> <span class='ocrx_word' id='word_1_374' title='bbox 1620 2576 1658 2611; x_wconf 90' lang='lat' dir='ltr'>p.</span> <span class='ocrx_word' id='word_1_375' title='bbox 1693 2561 1755 2607; x_wconf 88' lang='lat'>65,</span> 
     </span>
     <span class='ocr_line' id='line_1_41' title="bbox 60 2620 1756 2671; baseline -0.002 -12"><span class='ocrx_word' id='word_1_376' title='bbox 60 2622 249 2661; x_wconf 89' lang='lat' dir='ltr'>editionis</span> <span class='ocrx_word' id='word_1_377' title='bbox 281 2623 553 2663; x_wconf 89' lang='lat' dir='ltr'>Taurinensis.</span> <span class='ocrx_word' id='word_1_378' title='bbox 586 2624 760 2662; x_wconf 91' lang='lat' dir='ltr'>Videtur</span> <span class='ocrx_word' id='word_1_379' title='bbox 789 2632 930 2663; x_wconf 90' lang='lat' dir='ltr'>autem</span> <span class='ocrx_word' id='word_1_380' title='bbox 961 2632 1073 2661; x_wconf 86' lang='lat' dir='ltr'>ortus</span> <span class='ocrx_word' id='word_1_381' title='bbox 1105 2623 1226 2660; x_wconf 85' lang='lat' dir='ltr'>fuisse</span> <span class='ocrx_word' id='word_1_382' title='bbox 1258 2637 1308 2660; x_wconf 84' lang='lat' dir='ltr'>ex</span> <span class='ocrx_word' id='word_1_383' title='bbox 1338 2621 1509 2671; x_wconf 91' lang='lat' dir='ltr'>antiqua</span> <span class='ocrx_word' id='word_1_384' title='bbox 1541 2620 1756 2658; x_wconf 88' lang='lat' dir='ltr'>nobilitate</span> 
     </span>
    </p>
   </div>
   <div class='ocr_carea' id='block_1_3' title="bbox 62 2681 1754 2790">
    <p class='ocr_par' dir='ltr' id='par_1_9' title="bbox 62 2681 1754 2790">
     <span class='ocr_line' id='line_1_42' title="bbox 62 2681 750 2733; baseline 0.004 -14"><span class='ocrx_word' id='word_1_385' title='bbox 62 2681 326 2720; x_wconf 88' lang='lat' dir='ltr'>Gimellorum</span> <span class='ocrx_word' id='word_1_386' title='bbox 359 2683 469 2733; x_wconf 92' lang='lat' dir='ltr'>apud</span> <span class='ocrx_word' id='word_1_387' title='bbox 502 2683 750 2722; x_wconf 84' lang='lat' dir='ltr'>Lemovices.</span> 
     </span>
     <span class='ocr_line' id='line_1_43' title="bbox 116 2737 1754 2790; baseline -0.002 -13"><span class='ocrx_word' id='word_1_388' title='bbox 116 2740 248 2790; x_wconf 86' lang='lat' dir='ltr'>Hujus</span> <span class='ocrx_word' id='word_1_389' title='bbox 269 2741 473 2781; x_wconf 84' lang='lat' dir='ltr'>Guillelmi</span> <span class='ocrx_word' id='word_1_390' title='bbox 492 2741 618 2780; x_wconf 86' lang='lat' dir='ltr'>frater</span> <span class='ocrx_word' id='word_1_391' title='bbox 636 2742 758 2780; x_wconf 89' lang='lat' dir='ltr'>fuisse</span> <span class='ocrx_word' id='word_1_392' title='bbox 778 2741 942 2779; x_wconf 85' lang='lat' dir='ltr'>videtur</span> <span class='ocrx_word' id='word_1_393' title='bbox 961 2741 1187 2778; x_wconf 88' lang='lat' dir='ltr'>Ademarus</span> <span class='ocrx_word' id='word_1_394' title='bbox 1208 2739 1256 2777; x_wconf 91' lang='lat' dir='ltr'>de</span> <span class='ocrx_word' id='word_1_395' title='bbox 1276 2738 1484 2788; x_wconf 83' lang='lat' dir='ltr'>Agrifolio,</span> <span class='ocrx_word' id='word_1_396' title='bbox 1505 2737 1754 2784; x_wconf 83' lang='lat' dir='ltr'>domicellus,</span> 
     </span>
    </p>
   </div>
   <div class='ocr_carea' id='block_1_4' title="bbox 41 2797 1754 2965">
    <p class='ocr_par' dir='ltr' id='par_1_10' title="bbox 41 2797 1754 2965">
     <span class='ocr_line' id='line_1_44' title="bbox 59 2797 1754 2850; baseline -0.002 -14"><span class='ocrx_word' id='word_1_397' title='bbox 59 2806 202 2848; x_wconf 87' lang='lat' dir='ltr'>postea</span> <span class='ocrx_word' id='word_1_398' title='bbox 228 2814 324 2838; x_wconf 89' lang='lat' dir='ltr'>vero</span> <span class='ocrx_word' id='word_1_399' title='bbox 350 2800 478 2848; x_wconf 90' lang='lat' dir='ltr'>miles,</span> <span class='ocrx_word' id='word_1_400' title='bbox 506 2814 627 2850; x_wconf 88' lang='lat' dir='ltr'>quem</span> <span class='ocrx_word' id='word_1_401' title='bbox 653 2801 835 2839; x_wconf 88' lang='lat' dir='ltr'>Clemens</span> <span class='ocrx_word' id='word_1_402' title='bbox 862 2800 919 2837; x_wconf 88' lang='lat' dir='ltr'>VI</span> <span class='ocrx_word' id='word_1_403' title='bbox 945 2807 1127 2838; x_wconf 89' lang='lat' dir='ltr'>recenter</span> <span class='ocrx_word' id='word_1_404' title='bbox 1153 2799 1303 2836; x_wconf 87' lang='lat' dir='ltr'>electus</span> <span class='ocrx_word' id='word_1_405' title='bbox 1330 2797 1517 2847; x_wconf 83' lang='lat' dir='ltr'>pontifex</span> <span class='ocrx_word' id='word_1_406' title='bbox 1545 2797 1754 2835; x_wconf 86' lang='lat' dir='ltr'>Romanus</span> 
     </span>
     <span class='ocr_line' id='line_1_45' title="bbox 60 2854 1753 2908; baseline -0.002 -14"><span class='ocrx_word' id='word_1_407' title='bbox 60 2857 170 2895; x_wconf 88' lang='lat' dir='ltr'>misit</span> <span class='ocrx_word' id='word_1_408' title='bbox 198 2858 249 2895; x_wconf 88' lang='lat' dir='ltr'>ad</span> <span class='ocrx_word' id='word_1_409' title='bbox 278 2859 513 2908; x_wconf 89' lang='lat' dir='ltr'>Philippum</span> <span class='ocrx_word' id='word_1_410' title='bbox 540 2859 611 2906; x_wconf 91' lang='lat' dir='ltr'>VI,</span> <span class='ocrx_word' id='word_1_411' title='bbox 639 2874 773 2908; x_wconf 79' lang='lat' dir='ltr'>regem</span> <span class='ocrx_word' id='word_1_412' title='bbox 803 2859 1065 2904; x_wconf 86' lang='lat' dir='ltr'>Francorum,</span> <span class='ocrx_word' id='word_1_413' title='bbox 1094 2865 1140 2894; x_wconf 90' lang='lat' dir='ltr'>ut</span> <span class='ocrx_word' id='word_1_414' title='bbox 1167 2871 1260 2895; x_wconf 90' lang='lat' dir='ltr'>eum</span> <span class='ocrx_word' id='word_1_415' title='bbox 1288 2856 1500 2894; x_wconf 80' lang='lat' dir='ltr'>certiorem</span> <span class='ocrx_word' id='word_1_416' title='bbox 1526 2855 1678 2892; x_wconf 87' lang='lat' dir='ltr'>faceret</span> <span class='ocrx_word' id='word_1_417' title='bbox 1706 2854 1753 2892; x_wconf 91' lang='lat' dir='ltr'>de</span> 
     </span>
     <span class='ocr_line' id='line_1_46' title="bbox 41 2915 1753 2965; baseline -0.002 -12"><span class='ocrx_word' id='word_1_418' title='bbox 41 2916 264 2960; x_wconf 29' lang='lat' dir='ltr'>*creatione</span> <span class='ocrx_word' id='word_1_419' title='bbox 288 2932 372 2956; x_wconf 89' lang='lat' dir='ltr'>sua.</span> <span class='ocrx_word' id='word_1_420' title='bbox 400 2918 521 2956; x_wconf 87' lang='lat' dir='ltr'>Patet</span> <span class='ocrx_word' id='word_1_421' title='bbox 543 2918 655 2955; x_wconf 83' lang='lat' dir='ltr'>istud</span> <span class='ocrx_word' id='word_1_422' title='bbox 673 2932 723 2956; x_wconf 85' lang='lat' dir='ltr'>ex</span> <span class='ocrx_word' id='word_1_423' title='bbox 744 2917 870 2955; x_wconf 87' lang='lat' dir='ltr'>literis</span> <span class='ocrx_word' id='word_1_424' title='bbox 896 2916 1066 2954; x_wconf 85' lang='lat' dir='ltr'>Joannis</span> <span class='ocrx_word' id='word_1_425' title='bbox 1084 2916 1200 2965; x_wconf 82' lang='lat' dir='ltr'>regis,</span> <span class='ocrx_word' id='word_1_426' title='bbox 1222 2915 1368 2964; x_wconf 89' lang='lat' dir='ltr'>quibus</span> <span class='ocrx_word' id='word_1_427' title='bbox 1392 2921 1571 2952; x_wconf 87' lang='lat' dir='ltr'>testatur</span> <span class='ocrx_word' id='word_1_428' title='bbox 1592 2921 1753 2963; x_wconf 88' lang='lat' dir='ltr'>patrem</span> 
     </span>
    </p>
   </div>
   <div class='ocr_carea' id='block_1_5' title="bbox 54 3044 1751 3144">
    <p class='ocr_par' dir='ltr' id='par_1_11' title="bbox 54 3044 1751 3144">
     <span class='ocr_line' id='line_1_47' title="bbox 106 3044 1751 3089; baseline -0.002 -9"><span class='ocrx_word' id='word_1_429' title='bbox 106 3048 138 3080; x_wconf 83' lang='lat'>1.</span> <span class='ocrx_word' id='word_1_430' title='bbox 161 3047 210 3080; x_wconf 88' lang='lat' dir='ltr'>Le</span> <span class='ocrx_word' id='word_1_431' title='bbox 230 3047 252 3080; x_wconf 83' lang='lat'>4</span> <span class='ocrx_word' id='word_1_432' title='bbox 273 3047 436 3081; x_wconf 90' lang='lat' dir='ltr'>octobre.</span> <span class='ocrx_word' id='word_1_433' title='bbox 457 3066 507 3071; x_wconf 81' lang='lat'>——-</span> <span class='ocrx_word' id='word_1_434' title='bbox 524 3047 614 3081; x_wconf 89' lang='lat' dir='ltr'>Voir</span> <span class='ocrx_word' id='word_1_435' title='bbox 632 3059 695 3080; x_wconf 89' lang='lat' dir='ltr'>sur</span> <span class='ocrx_word' id='word_1_436' title='bbox 715 3047 926 3081; x_wconf 87' lang='lat' dir='ltr'>Guillaume</span> <span class='ocrx_word' id='word_1_437' title='bbox 948 3044 1236 3089; x_wconf 76' lang='lat' dir='ltr'>d’Aigrefeuille,</span> <span class='ocrx_word' id='word_1_438' title='bbox 1253 3044 1547 3078; x_wconf 80' lang='lat' dir='ltr'>leDiclionnaire</span> <span class='ocrx_word' id='word_1_439' title='bbox 1568 3044 1751 3077; x_wconf 74' lang='lat' dir='ltr'>d&#39;histoire</span> 
     </span>
     <span class='ocr_line' id='line_1_48' title="bbox 54 3099 978 3144; baseline -0.001 -11"><span class='ocrx_word' id='word_1_440' title='bbox 54 3105 88 3133; x_wconf 82' lang='lat' dir='ltr'>et</span> <span class='ocrx_word' id='word_1_441' title='bbox 104 3101 145 3133; x_wconf 81' lang='lat' dir='ltr'>de</span> <span class='ocrx_word' id='word_1_442' title='bbox 161 3100 376 3144; x_wconf 60' lang='lat' dir='ltr'>geographie</span> <span class='ocrx_word' id='word_1_443' title='bbox 391 3099 682 3143; x_wconf 63' lang='lat' dir='ltr'>ecclesias-tiques,</span> <span class='ocrx_word' id='word_1_444' title='bbox 701 3107 727 3133; x_wconf 89' lang='lat' dir='ltr'>t.</span> <span class='ocrx_word' id='word_1_445' title='bbox 745 3112 769 3139; x_wconf 87' lang='lat'>1,</span> <span class='ocrx_word' id='word_1_446' title='bbox 787 3100 854 3134; x_wconf 86' lang='lat' dir='ltr'>col.</span> <span class='ocrx_word' id='word_1_447' title='bbox 873 3099 978 3132; x_wconf 88' lang='grc'>1117.</span> 
     </span>
    </p>
   </div>
  </div>
 </body>
</html>
