2083 3458
96 239 248 295 [1296]
615 255 831 280 PAPARUM
867 255 1251 281 AVENIONENsmM
1697 238 1780 280 813

83 352 106 375 a
123 339 242 376 Petro
256 337 302 374 de
318 337 431 374 Luna
447 337 581 386 legato
595 337 836 386 apostolico,
849 337 910 374 uti
923 336 1058 375 videre
1071 346 1132 375 est
1145 338 1256 388 apud
1272 338 1494 377 Odoricum
1508 337 1779 387 Raynaldum

83 411 149 435 an.
175 396 289 442 1381,
316 396 331 444 ξ
355 396 416 433 30.
447 396 490 432 Id
522 395 657 445 ipsum
679 395 809 446 reperi
840 395 966 434 etiam
996 396 1038 433 in
1061 397 1197 435 codice
1220 397 1298 435 811
1320 396 1593 436 bibliothecae
1621 395 1780 434 Colber—

84 455 194 494 tinae
216 455 229 477 ¹
253 455 313 492 his
337 454 471 492 verbis
498 470 506 492 :
532 454 582 492 Et
602 455 788 493 similiter
808 463 863 492 est
885 456 1101 492 notandam
1129 457 1231 505 quod
1260 465 1417 506 propter
1454 456 1628 507 predicta
1657 454 1783 492 dictus

86 514 271 552 dominas
292 513 510 551 cardinalis
528 514 766 552 Palentinus
787 513 921 564 ipsum
947 514 1155 552 Urbanum
1180 515 1383 565 abjuravit
1395 524 1429 554 et
1454 516 1650 566 capellum
1669 514 1782 562 depo-

87 574 180 621 suit,
216 572 380 611 ulterius
414 586 498 609 vero
533 572 667 622 ipsum
699 587 724 610 a
756 572 915 610 domino
947 573 1148 611 cardinale
1194 575 1238 611 de
1272 575 1389 612 Luna
1422 576 1592 613 tradente
1627 571 1784 610 nomine

89 632 239 670 domini
264 631 477 669 Clementis
499 639 533 668 et
555 631 641 680 ejus
664 632 892 669 auctoritate
915 632 1070 681 recepit.
1098 633 1309 671 Profectus
1334 642 1396 671 est
1419 634 1565 672 deinde
1591 630 1782 670 Guterius

91 691 344 729 Avenionem
371 704 480 727 anno
507 689 710 740 sequenti,
738 699 779 728 et
806 691 859 728 ad
887 691 1085 729 bastitam
1116 691 1338 742 Hispaniae
1365 693 1485 742 juxta
1515 691 1782 736 Avenionem,

89 751 137 788 de
162 764 242 800 qua
265 763 386 799 supra
414 749 462 798 [t.
479 749 507 798 1]
528 764 566 798 p.
591 749 666 786 200
688 758 829 788 actum
851 757 926 796 est,
950 750 1120 787 advenit
1141 759 1317 789 exeunte
1337 752 1444 789 maio
1464 751 1490 790 ¹².
1510 751 1668 801 Quippe
1691 762 1782 786 eum

91 809 168 847 illic
194 809 314 846 fuisse
339 808 401 845 die
423 823 524 844 xxw
543 809 727 857 ejusdem
748 808 894 846 mensis
913 808 1043 858 liquet
1059 824 1108 847 ex
1133 810 1276 847 Diario
1305 810 1360 860 [p.
1379 811 1445 862 38]
1469 810 1639 849 Joannis
1664 806 1785 845 Fabri

89 867 271 918 episcopi
298 867 572 913 Carnotensis,
599 866 668 916 qui
693 867 834 905 scribit
859 882 897 905 se
923 876 963 905 et
990 867 1225 918 Philippum
1250 869 1297 907 de
1317 870 1550 908 Savoisiaco
1575 883 1621 907 ea
1646 867 1709 905 die
1734 866 1786 903 ad

93 928 207 966 illum
228 926 497 965 salutandum
518 925 660 963 missos
684 926 777 963 illuc
799 941 883 964 esse
911 941 933 963 a
966 927 1175 965 Ludovico
1205 928 1305 966 duce
1339 927 1639 979 Andegavensi.
1676 926 1786 963 Haec

93 995 190 1025 sunt
214 986 300 1036 ejus
325 986 450 1023 verba
477 1001 483 1022 :
515 986 562 1021 Le
585 986 744 1034 samecly
766 984 818 1022 24
838 986 929 1034 jour
953 986 1110 1022 messire
1144 987 1335 1037 Philippa
1371 989 1414 1025 de
1451 986 1608 1026 Scwoisi
1645 993 1678 1022 et
1703 998 1789 1033 moy

92 1047 241 1083 alames
255 1044 359 1082 θεοῖν
373 1045 416 1082 de
430 1059 504 1094 par
519 1044 795 1093 mon-seigneur
808 1047 829 1081 ἁ
846 1045 881 1082 la
901 1045 1035 1082 bastite
1051 1045 1279 1095 d'Espagne
1298 1048 1330 1084 le
1351 1047 1531 1085 cardinal
1546 1046 1787 1094 d'Espagne.

97 1106 159 1142 Ex
185 1119 265 1154 quo
291 1103 457 1142 interim
482 1104 569 1141 loco
596 1102 860 1152 intelligimus
887 1103 1001 1140 illum
1027 1104 1149 1153 vulgo
1176 1114 1369 1143 vocatum
1398 1106 1519 1144 fuisse
1541 1103 1790 1144 cardinalem

98 1163 335 1214 Hispaniae,
372 1162 477 1200 sicut
515 1163 683 1200 Petrum
719 1162 899 1201 Gomecii
935 1162 1184 1201 cardinalem
1221 1164 1401 1214 Gregorii
1439 1166 1499 1203 XI
1537 1162 1790 1203 ostendimus

95 1237 218 1273 supra
252 1237 292 1272 p.
332 1221 430 1259 1062
467 1230 663 1259 vocatum
698 1221 819 1259 fuisse
855 1221 1105 1259 cardinalem
1142 1223 1386 1273 Hispanum.
1424 1224 1550 1262 Paulo
1584 1230 1692 1273 post,
1729 1219 1791 1257 die

97 1281 291 1321 nimirum
330 1295 448 1318 xxvn
488 1280 673 1329 ejusdem
712 1280 860 1318 mensis
900 1280 1009 1327 maii,
1049 1281 1271 1320 adveniens
1313 1283 1580 1330 Avenionem‚
1620 1277 1794 1318 intravit

97 1340 268 1387 curiam,
291 1339 354 1377 uti
378 1347 570 1377 notatum
595 1347 656 1377 est
680 1339 720 1376 in
744 1339 847 1377 libro
872 1340 1184 1388 Obligationmn.

155 1401 211 1438 De
246 1399 415 1438 Guterio
450 1398 657 1446 Gomezio,
692 1398 996 1437 Alcantarensis
1032 1399 1200 1437 militiae
1235 1401 1445 1450 magistro,
1479 1401 1572 1439 vide
1599 1397 1797 1442 Surstam,

99 1459 166 1497 lib.
199 1460 260 1496 III
295 1458 432 1504 India,
459 1458 511 1495 ad
537 1472 602 1495 an.
632 1458 745 1495 1365.

155 1537 197 1574 Ρ.
225 1536 314 1582 485,
340 1535 405 1584 lig.
434 1535 494 1572 12.
523 1535 650 1571 ΑΝΝΟ
678 1534 1063 1573 MCCCLXXXIH.
1086 1535 1162 1572 Alii
1177 1545 1338 1586 ponunt
1363 1552 1517 1575 annum
1533 1537 1804 1587 superioremi

100 1604 141 1634 et
163 1595 329 1645 quidem
353 1593 516 1632 rectius.
546 1594 651 1632 Nam
676 1602 834 1631 certum
850 1602 911 1631 est
931 1594 1133 1633 Thomam
1149 1595 1196 1633 de
1213 1596 1382 1634 Cassato
1398 1597 1555 1635 factum
1572 1597 1693 1634 fuisse
1715 1611 1797 1634 car-

99 1655 279 1692 dinalem
308 1653 370 1691 die
397 1652 607 1702 trigesima
636 1652 747 1700 maii>
775 1652 969 1692 nimirum
996 1653 1058 1690 die
1086 1654 1243 1692 veneris
1271 1654 1311 1692 in
1340 1665 1518 1705 quatuor
1542 1655 1797 1705 temporibus

100 1722 194 1764 post
227 1714 512 1751 Pentecosten.
545 1712 780 1750 Creationes
812 1711 921 1749 enim
952 1712 1222 1750 cardinalium
1254 1723 1418 1753 constat
1451 1714 1536 1753 fieri
1567 1715 1705 1753 solitas
1737 1714 1798 1752 die

100 1772 271 1811 veneris.
291 1773 408 1809 Anno
426 1786 522 1809 vero
539 1771 659 1809 isthic
676 1779 821 1808 notato
840 1771 922 1809 dies
940 1771 1148 1820 trigesima
1167 1772 1263 1810 maii
1280 1773 1423 1812 incidit
1440 1773 1480 1811 in
1497 1773 1604 1813 diem
1621 1773 1800 1820 sabbati,

101 1833 221 1881 longo
263 1831 481 1869 intervallo
522 1839 617 1879 post
660 1838 839 1880 quatuor
880 1838 1066 1880 tempora
1111 1831 1386 1871 pentecostes.
1432 1834 1645 1871 Praeterea
1689 1833 1799 1871 istud

102 1890 275 1940 contigit
299 1905 345 1927 eo
370 1898 553 1939 tempore
579 1904 659 1939 quo
687 1889 916 1927 Ludovicus
943 1889 1026 1926 dux
1049 1890 1354 1939 Andegavensis
1379 1900 1420 1929 et
1440 1892 1641 1930 Amedeus
1667 1907 1798 1930 comes

103 1949 334 1989 Sabaudiae
370 1957 488 1986 erant
523 1949 634 1998 apud
668 1962 820 1998 papam
851 1949 1115 1987 Clementem.
1144 1950 1371 1990 Amedeum
1399 1966 1518 2001 porro
1548 1951 1799 1989 Avenionem

102 2009 317 2047 advenisse
342 2008 403 2045 die
428 2007 594 2045 sabbati
620 2022 722 2044 xxlv
748 2007 843 2044 maii
866 2007 907 2044 in
930 2007 1066 2057 vigilia
1092 2008 1353 2048 pentecostes
1377 2009 1504 2048 visuri
1527 2025 1622 2049 mox
1645 2024 1798 2048 sumus.

158 2069 200 2106 P.
233 2067 322 2114 485,
353 2067 418 2116 lig.
453 2067 513 2104 12.
548 2067 700 2104 MENSE
735 2081 837 2104 MAII.
870 2067 1037 2106 Certum
1068 2067 1234 2116 quidem
1264 2077 1326 2106 est
1357 2069 1610 2107 Ludovicuni
1654 2070 1798 2107 ducem

106 2127 443 2176 Andegavcnsem
459 2134 499 2163 et
515 2126 744 2164 Amedeum
759 2125 953 2163 comitem
967 2126 1197 2164 Sabaudiae
1214 2127 1335 2165 fuisse
1350 2128 1559 2166 Avenione
1573 2130 1648 2166 hoc
1664 2143 1799 2166 mense

105 2186 226 2225 maio.
243 2186 318 2223 Sed
332 2199 384 2222 an
399 2185 477 2222 illic
490 2193 591 2223 tunc
602 2193 770 2222 tantum
783 2184 1064 2232 convenerint,
1078 2199 1131 2222 an
1144 2200 1238 2223 vero
1253 2195 1376 2224 antea
1389 2187 1646 2234 advenerint,
1659 2187 1799 2236 ingens

106 2244 205 2285 mihi
232 2245 396 2281 videtur
422 2259 506 2281 esse
534 2243 826 2282 controversia.
857 2243 1014 2293 Quippe
1045 2244 1294 2283 Froissartus
1333 2245 1378 2295 [t.
1408 2261 1448 2291 x,
1484 2261 1522 2296 p.
1553 2246 1641 2295 171]
1670 2246 1799 2284 tradit

108 2303 378 2350 Ludovicum‚
406 2302 475 2352 qui
501 2303 624 2352 vulgo
652 2302 840 2340 Lutetiae
867 2311 956 2340 erat
982 2303 1092 2352 apud
1119 2317 1253 2352 regem
1284 2304 1495 2351 Karolum‚
1523 2305 1599 2343 iter
1626 2305 1799 2342 Avenio-

108 2378 229 2401 nense
257 2362 483 2411 ingressum
510 2376 594 2399 esse
625 2376 748 2399 verno
776 2369 974 2411 tempore,
1004 2362 1114 2410 quod
1141 2370 1183 2400 et
1210 2362 1278 2400 alii
1307 2377 1468 2413 quoque
1497 2364 1714 2402 tradidere.
1746 2364 1799 2401 At

106 2437 180 2472 ego
216 2429 474 2471 compertum
508 2420 640 2458 habeo
675 2420 789 2457 illurn
826 2420 947 2458 fuisse
995 2420 1183 2470 Lugduni
1231 2421 1293 2459 die
1345 2437 1417 2459 XIX
1464 2422 1657 2460 februarii
1704 2422 1799 2459 anni

110 2480 435 2519 MCCCLXXXI
470 2493 579 2518 more
615 2478 839 2525 Gallicano,
873 2479 915 2516 id
947 2487 1022 2526 est,
1057 2480 1264 2529 sequentis
1304 2481 1430 2530 (quod
1473 2482 1621 2519 docent
1659 2482 1799 2519 literae

110 2540 196 2590 ejus
219 2539 353 2577 editae
376 2553 398 2575 a
422 2538 608 2576 Samuele
632 2537 893 2576 Guichenone
928 2537 1035 2575 inter
1057 2539 1314 2576 Probanones
1344 2539 1528 2578 historiae
1558 2541 1799 2588 Sabaudiae‚

110 2614 148 2650 p.
171 2598 261 2647 215)
284 2606 326 2636 et
344 2596 558 2635 advenisse
581 2596 834 2635 Avenionem
855 2596 917 2634 die
938 2597 1103 2634 sabbati
1124 2612 1211 2635 xxn
1233 2598 1416 2647 ejusdem
1438 2599 1585 2639 mensis
1607 2599 1798 2638 februarii

111 2672 292 2708 vespere,
307 2655 525 2694 duodecim
539 2655 764 2694 cardinales
780 2655 815 2693 ei
830 2655 1240 2713 obviam-progressos
1255 2671 1354 2704 esse,
1368 2666 1409 2695 et
1422 2672 1444 2695 a
1459 2671 1566 2708 papa
1581 2667 1799 2709 exceptum

110 2717 151 2754 in
178 2714 432 2755 consistorio.
462 2714 525 2752 Ita
550 2714 659 2753 enim
682 2714 812 2752 tradit
837 2714 1098 2753 cancellarius
1123 2715 1210 2764 ejus
1237 2716 1415 2754 Joannes
1444 2716 1564 2754 Fabri
1587 2717 1800 2767 episcopus

112 2773 373 2814 Carnotensis
398 2773 440 2810 in
463 2787 537 2811 suo
560 2773 702 2810 Diario
737 2773 790 2822 [p.
817 2773 898 2822 21],
923 2773 1032 2822 quod
1058 2788 1182 2811 manu
1206 2788 1277 2811 sua
1302 2774 1508 2813 scribebat
1531 2791 1602 2826 per
1625 2775 1803 2825 singulos

111 2834 209 2872 dies.
243 2834 331 2881 Qua
354 2831 558 2871 scribendi
580 2831 738 2869 ratione
763 2831 862 2869 nihil
886 2840 1022 2882 potest
1046 2847 1130 2870 esse
1155 2833 1316 2872 certius.
1335 2834 1508 2871 Errandi
1531 2834 1688 2873 occasio
1711 2835 1804 2874 hinc

112 2892 213 2930 mihi
234 2891 419 2942 profecta
450 2890 615 2928 videtur
646 2890 756 2939 quod
788 2899 945 2928 certum
976 2890 1029 2928 sit
1061 2891 1330 2939 Ludovicum,
1362 2893 1461 2930 dum
1491 2893 1657 2932 ineunte
1684 2908 1805 2932 anno

115 2950 463 2990 MCCCLXXXII
491 2949 734 2987 deliberaret
761 2963 941 2999 quonam
968 2950 1134 2989 demum
1159 2958 1343 3001 tempore
1369 2966 1409 2989 se
1434 2952 1486 2989 ad
1510 2952 1587 2991 iter
1611 2953 1804 3003 Neapolz-

164 3097 195 3129 1.
226 3096 266 3129 Β.
291 3094 353 3142 ,Ν.,
380 3106 448 3130 ms.
474 3095 569 3128 latin
595 3095 700 3130 1462.

168 3151 197 3182 2.
228 3148 420 3182 Ramische
442 3148 733 3192 QuartaLschrist,
758 3155 785 3183 t.
812 3162 892 3189 mx,
919 3151 1024 3190 1905,
1050 3163 1085 3194 p.
1111 3151 1191 3185 165.
