2083 3458
94 272 245 328 [1459]
613 288 830 314 PAPARUM
865 290 1249 316 AVENIONENSIUM
1703 274 1782 316 681

83 372 181 419 6136,
218 372 321 409 alter
353 371 507 410 Romae
539 372 644 410 sedit
676 373 801 410 fultus
832 374 1034 424 praesidio
1066 383 1350 423 tyrannorum,
1381 375 1497 412 addit
1530 390 1537 412 :
1573 375 1648 413 Sed
1681 374 1785 412 istud

83 431 315 469 scandalum
336 430 407 467 erit
428 431 571 479 ymnus,
595 431 688 481 quia
708 432 962 470 antichristus
983 442 1131 482 partem
1151 434 1341 483 antipape
1360 434 1581 481 sustinebit,
1604 433 1669 483 qui
1689 434 1783 482 forte

85 490 156 528 erit
185 490 304 527 bestia
330 490 541 526 ascendens
568 491 612 527 de
637 499 749 538 terra,
779 491 935 541 ideoque
959 492 1075 540 faciet
1101 493 1325 530 Romanum
1352 493 1563 542 imperium
1588 493 1784 542 antipapa

86 549 251 595 obedire,
282 557 315 586 et
345 548 439 598 quia
468 549 723 587 antichristus
753 551 1022 588 adversabitur
1052 559 1143 589 tunc
1172 552 1253 601 regi
1287 552 1466 599 Francie,
1499 552 1582 602 ipse
1612 566 1676 589 rea:
1706 565 1783 588 non

86 608 224 658 poterit
260 607 314 645 ita
348 607 548 657 efficaciter
580 608 716 657 jiware
750 618 899 658 partem
934 618 1024 647 tunc
1059 610 1206 648 Christi
1242 611 1319 648 veri
1355 611 1506 649 vicarii.
1548 611 1636 648 Ideo
1671 609 1782 660 quasi

86 667 280 718 profugus
307 667 391 713 erit,
420 681 508 703 cum
536 667 661 704 decem
689 677 817 717 partes
845 668 1160 707 Christianitatis
1187 678 1398 720 sequantur
1425 670 1673 719 antipapam.
1704 668 1784 706 Nec

87 727 234 776 aliquis
258 740 382 763 ausus
406 725 478 763 erit
502 726 677 775 confiteri
703 727 852 765 Christi
878 728 1070 765 vicarium
1096 743 1226 766 verum
1251 744 1400 778 papam
1427 729 1470 766 in
1504 729 1674 778 publico,
1702 727 1783 764 nisi

87 786 182 835 forte
211 785 254 822 in
281 784 457 822 dominio
485 785 587 834 regis
615 786 796 824 Francie.
824 786 927 825 Item
954 787 1065 824 istud
1092 787 1158 825 fol.
1190 788 1264 825 114
1290 796 1325 825 rO
1351 804 1357 825 :
1382 789 1443 825 Eas
1471 803 1542 838 quo
1571 786 1784 824 necessario

88 844 262 895 sequitur
292 844 392 894 quod
421 844 533 881 curia
562 853 650 882 ante
680 845 899 882 electionem
929 846 1150 884 antichristi
1181 848 1224 883 (Ie
1255 847 1452 884 Avinione
1482 847 1622 884 recedet
1651 854 1684 883 et
1715 845 1786 883 ibit

92 905 134 942 in
168 903 343 941 Ytaliam
370 904 421 940 ad
448 903 721 941 sustinendam
749 904 970 942 antichristi
1000 920 1235 954 pressuram.
1268 906 1480 956 Gregorius
1510 906 1617 944 enim
1648 905 1708 942 XI
1737 904 1785 942 de

90 963 300 1001 Avenione
324 962 489 1000 recessit
512 970 551 1000 et
575 962 616 999 in
643 963 806 1000 Italiam
829 964 1034 1013 profectus
1059 973 1132 1002 est.
1160 965 1212 1001 Et
1236 979 1331 1002 mox
1354 974 1493 1003 secuta
1517 973 1578 1003 est
1607 964 1785 1001 violenta

91 1022 235 1061 electio
269 1021 576 1059 Bartholomaei
612 1022 904 1072 archiepiscopi
931 1023 1132 1061 Balensis.
1171 1024 1316 1062 Postea
1353 1024 1536 1073 sequitur
1570 1023 1611 1060 in
1646 1023 1787 1061 eodem

96 1081 296 1119 Vaticinio
322 1081 432 1131 apud
460 1080 682 1118 Odoricum
711 1081 974 1130 Raynaldum
1002 1098 1008 1119 ε
1039 1082 1125 1119 Fiet
1150 1091 1278 1120 (uitem
1302 1083 1406 1132 justo
1430 1083 1504 1119 Dei
1528 1082 1679 1132 judicio
1705 1096 1787 1131 per-

93 1141 262 1179 mittente
281 1148 321 1177 at
337 1140 388 1177 ad
403 1140 692 1188 suggestionem
711 1140 832 1178 unius
853 1141 1045 1189 bilinguis
1062 1142 1220 1189 falsarii
1238 1142 1342 1179 alius
1361 1142 1520 1192 quidam
1539 1141 1647 1191 silius
1665 1140 1788 1178 ambi-

93 1200 213 1238 tionis
236 1208 270 1237 et
292 1199 475 1249 superbie
501 1199 543 1236 in
567 1200 842 1237 contumeliam
867 1200 1014 1237 Christi
1039 1209 1072 1238 et
1096 1201 1173 1237 veri
1198 1201 1412 1250 pontifici&
1438 1209 1529 1248 etc.,
1554 1201 1605 1238 ad
1628 1200 1789 1249 pseudo-

94 1259 345 1310 pontificium
377 1266 615 1296 assumatur.
653 1258 877 1296 Falsarium
912 1259 1026 1297 illum
1060 1259 1278 1309 bilinguem
1325 1260 1562 1309 Raynaldus
1605 1259 1663 1296 ait
1707 1272 1789 1296 6556

97 1320 299 1357 Joannem
331 1317 579 1357 cardinalem
611 1317 943 1365 Ambianensem,
976 1318 1109 1356 nescio
1141 1332 1265 1368 quam
1297 1319 1347 1356 ob
1394 1333 1571 1358 causam.
1604 1319 1791 1356 Ceterum

94 1378 180 1427 jam
204 1385 368 1416 constat
392 1376 691 1415 divinationem
715 1377 800 1426 ejus
826 1392 909 1415 esse
935 1377 1093 1424 falsam,
1119 1392 1211 1427 cunm
1236 1386 1443 1416 ostensum
1468 1378 1520 1415 sit
1550 1376 1792 1414 Vaticinium

95 1437 208 1484 illud,
234 1436 395 1475 etiamsi
419 1435 521 1474 seria
547 1451 606 1473 res
632 1444 750 1483 esset,
778 1451 858 1474 non
883 1436 1083 1486 pertinere
1109 1437 1160 1474 ad
1185 1437 1424 1476 electionem
1450 1436 1617 1474 Urbani.

150 1495 346 1544 Quamvis
371 1495 586 1533 cardinalis
612 1495 896 1533 Ambianensis
922 1496 1177 1533 cardinalatu
1200 1496 1385 1546 privatus
1409 1504 1513 1534 esset
1537 1496 1587 1532 ab
1613 1495 1792 1540 Urbano,

97 1555 181 1606 ipse
204 1563 344 1592 tamen
368 1554 492 1592 nihilo
515 1554 648 1593 minus
672 1569 711 1592 se
736 1554 984 1592 cardinalem
1008 1555 1177 1602 ferebat,
1201 1555 1262 1592 uti
1285 1570 1357 1605 par
1379 1563 1478 1593 erat.
1504 1555 1595 1592 Non
1617 1553 1794 1604 putabat

97 1614 206 1653 enim
223 1614 338 1653 illum
356 1613 548 1652 canonice
567 1614 756 1652 electum.
778 1614 947 1652 Secutus
967 1622 1028 1651 est
1047 1623 1186 1652 autem
1205 1614 1454 1653 Clementem
1473 1614 1551 1650 VII
1571 1613 1611 1650 111
1631 1611 1793 1657 Gallias,

98 1682 140 1712 et
161 1687 254 1712 cum
275 1688 322 1711 eo
345 1673 466 1711 fuisse
490 1672 692 1710 Avenioni
723 1687 831 1710 anno
854 1673 1066 1711 millesimo
1089 1673 1370 1711 CCCLXXIX
1396 1674 1518 1711 fidem
1546 1672 1643 1710 facit
1668 1670 1794 1708 Frois-

99 1741 247 1779 sartus‚
268 1732 347 1770 vol.
375 1732 426 1779 II,
448 1745 536 1782 cap.
558 1746 693 1769 xxxw
726 1732 802 1782 [ed.
829 1732 1009 1781 Ix'ervyn,
1030 1741 1060 1770 t.
1084 1747 1167 1779 xw,
1189 1748 1227 1782 p.
1251 1732 1362 1782 147}

151 1791 272 1830 Brevi
309 1800 449 1829 tamen
486 1799 629 1841 postea
667 1791 873 1841 profectus
911 1799 973 1829 est
1007 1791 1213 1829 Lutetiam
1235 1791 1262 1829 1.
1287 1791 1444 1841 Quippe
1472 1805 1579 1828 anno
1611 1788 1796 1838 sequenti

100 1851 264 1889 adstitit
282 1851 363 1900 regi
386 1850 537 1888 Karolo
556 1850 603 1897 V,
629 1849 856 1889 morienti2.
880 1850 996 1897 Quod
1015 1850 1234 1889 tamenetsi
1252 1865 1333 1888 non
1352 1850 1404 1888 sit
1423 1850 1569 1888 diserte
1597 1848 1796 1886 traditum

101 1924 123 1947 a
145 1909 409 1960 scriptoribus
432 1909 709 1957 historiarum,
726 1909 819 1947 hinc
840 1918 979 1947 tamen
1002 1918 1158 1947 certum
1177 1924 1260 1948 esse
1282 1909 1410 1959 liquet
1429 1909 1537 1958 quod
1556 1906 1795 1957 ex'epistola

103 1969 319 2008 Clementis
348 1969 427 2006 VII
456 1968 607 2018 scripta
635 1969 686 2006 ad
715 1969 880 2006 Petrum
911 1968 1083 2015 Girardi‚
1112 1968 1300 2007 clericum
1327 1982 1508 2007 camerae
1536 1966 1795 2017 apostolicae,

103 2029 212 2067 edita
228 2028 335 2066 inter
349 2028 606 2065 Probationes
622 2027 806 2065 historiae
833 2028 1099 2065 cardinalium
1121 2028 1333 2074 Gallorum,
1350 2043 1388 2077 p.
1406 2028 1493 2073 571,
1511 2035 1619 2064 certo
1635 2032 1797 2063 constat

102 2088 216 2127 illum
236 2087 356 2125 fuisse
378 2086 565 2125 Lutetiae
585 2101 630 2124 eo
649 2095 832 2137 tempore
853 2101 933 2136 quo
952 2086 1059 2124 idem
1080 2087 1221 2124 Petrus
1243 2086 1401 2124 Girardi
1419 2086 1497 2124 illic
1517 2099 1677 2134 quoque
1697 2091 1795 2128 erat,

103 2147 144 2184 id
170 2155 245 2194 est,
271 2146 313 2183 in
338 2146 463 2183 initiis
490 2145 758 2196 pontificatus
786 2146 970 2195 ejusdem
997 2145 1226 2183 Clementis.
1257 2146 1468 2183 Praeterea
1495 2144 1535 2181 in
1562 2143 1696 2182 codice
1722 2140 1799 2180 842

104 2205 375 2243 bibliothecae
406 2204 545 2243 Sancti
574 2204 748 2243 Victoris
780 2204 1046 2242 Ρ311516115153
1074 2213 1190 2242 extat
1227 2204 1398 2254 epistola
1435 2204 1477 2241 Ρ.
1508 2200 1797 2251 archiepiscopi

104 2264 292 2303 Toletani
321 2265 373 2302 ad
404 2264 652 2302 cardinalem
680 2264 1010 2310 Ambianensem,
1036 2278 1084 2301 ex
1110 2277 1189 2312 qua
1220 2263 1433 2301 manifeste
1457 2261 1657 2311 colligitur
1685 2260 1798 2297 illum

63 2343 65 2346 ⁴
106 2324 226 2362 fuisse
251 2338 358 2361 anno
384 2323 708 2361 MCCCLXXIX
733 2323 843 2372 apud
867 2337 1001 2372 regem
1028 2323 1237 2360 Karolum.
1265 2322 1447 2371 Denique
1473 2322 1650 2358 Joannes
1676 2320 1798 2356 ,Juve-

105 2383 206 2421 nalis
230 2383 278 2421 de
303 2382 458 2420 Ursinis
481 2382 522 2419 in
543 2382 661 2419 initio
690 2382 801 2419 Vitae
824 2381 965 2419 Ix'aroli
993 2382 1064 2428 VJ,
1088 2396 1125 2431 p.
1151 2381 1186 2428 5,
1210 2389 1387 2418 testatur
1409 2381 1516 2417 hunc
1539 2378 1798 2417 cardinalem.

107 2456 199 2481 cum
229 2442 281 2479 ad
312 2455 406 2480 eum
436 2440 717 2491 pervenissent
748 2441 872 2478 verba
905 2440 1107 2490 quaedam
1138 2440 1238 2477 dura
1269 2448 1309 2477 et
1340 2452 1481 2489 aspera
1511 2438 1626 2476 istius
1662 2435 1799 2473 Karoli

107 2501 154 2540 de
180 2501 268 2551 ipso
292 2500 346 2537 ad
366 2499 617 2547 ¹Savoisium,
644 2499 786 2537 statim
813 2499 1039 2537 ascendisse
1065 2499 1106 2536 in
1132 2512 1283 2548 equum
1308 2507 1348 2535 et
1375 2497 1554 2536 celeriter
1579 2495 1723 2533 abiisse
1742 2494 1800 2531 ¹ad

108 2560 329 2610 quemdam
348 2555 483 2598 locum
505 2558 675 2596 joannis
697 2559 744 2597 de
767 2558 960 2605 Maresiis,
982 2558 1174 2595 advocati
1194 2557 1303 2606 regii,
1324 2565 1519 2595 vocatum
1536 2556 1659 2601 Doue',
1682 2567 1801 2603 quem

107 2619 149 2657 in
172 2617 511 2656 annotationibus
536 2617 588 2654 ad
618 2617 749 2655 Vitam
776 2617 915 2654 Karoli
945 2617 1015 2663 Vl,
1041 2632 1079 2666 p.
1106 2616 1194 2663 661,
1219 2615 1372 2666 reperio
1396 2614 1636 2665 pertinuisse
1660 2621 1801 2663 postea

109 2678 160 2716 ad
182 2676 422 2726 Dionysium
445 2676 676 2723 Maresium,
696 2685 736 2714 et
755 2676 848 2714 hinc
867 2676 1132 2713 Avenionem.
1156 2675 1358 2712 Robertus
1379 2673 1585 2722 Gaguinus
1605 2672 1647 2709 in
1666 2672 1802 2708 Anna-

109 2737 214 2775 libus
234 2736 314 2774 suis
335 2736 440 2773 hanc
461 2735 598 2784 fugam
620 2735 706 2784 ejus
727 2735 852 2772 latine
874 2734 1102 2772 describens
1123 2734 1180 2771 ait
1200 2733 1311 2770 illum
1333 2748 1403 2782 per
1424 2724 1803 2770 DuacuinAvenio-

110 2809 203 2835 nem
234 2810 273 2833 se
306 2794 515 2844 recepisse,
549 2793 801 2832 confundens
834 2793 1024 2831 videlicet
1053 2793 1160 2830 hunc
1191 2793 1338 2839 locum,
1371 2805 1492 2841 quem
1522 2805 1594 2839 ego
1625 2789 1805 2839 suspicor

110 2855 236 2893 situm
254 2854 373 2891 fuisse
389 2853 499 2890 haud
514 2853 655 2902 procul
669 2853 767 2890 urbe
783 2852 1041 2899 Tricassium,
1058 2865 1149 2889 cum
1165 2850 1424 2890 celeberrimo
1440 2849 1589 2899 oppido
1606 2846 1807 2886 Duacensi

109 2914 152 2951 in
169 2913 321 2962 Belgio,
341 2927 411 2962 per
431 2911 679 2961 quodfflonga
699 2911 765 2948 via
785 2919 846 2949 est
865 2910 1125 2961 pergentibus
1146 2924 1168 2947 a
1190 2909 1353 2947 Lutetia
1373 2908 1637 2946 Avenionem.

161 3050 193 3083 1.
223 3048 362 3088 Valois,
388 3054 414 3080 t.
438 3059 461 3087 1,
486 3059 520 3090 p.
547 3047 626 3080 203.

163 3103 194 3136 2.
230 3102 277 3135 Ut
298 3113 340 3141 s.‚
365 3107 391 3134 t.
414 3112 438 3140 1,
463 3112 497 3144 p.
523 3100 604 3139 311,
629 3105 718 3132 note
741 3100 774 3132 3.

163 3157 195 3189 3.
218 3155 369 3193 Baluze,
394 3160 420 3186 t.
442 3165 494 3193 1v,
517 3164 551 3196 p.
577 3152 657 3185 224.
