2083 3458
89 262 215 319 [992]
616 277 833 303 PAPARUM
867 276 1254 304 AvENIONENsmM
1694 260 1776 302 509

78 363 328 401 haereticam
352 361 553 399 Avinione
576 361 617 398 in
641 361 882 399 consistorio
905 361 1212 408 condemnavit,
1229 374 1390 398 sacrum
1413 361 1640 410 collegium,
1664 359 1773 409 quod

77 422 297 469 consensit,
334 421 583 459 cardinalem
619 419 864 468 Ostiensem,
902 421 971 469 qui
1007 420 1308 458 commissarius
1344 420 1384 457 in
1419 420 1486 457 illa
1523 433 1644 457 causa
1682 419 1773 465 fuit,

77 481 293 530 magistros
328 480 369 517 in
402 479 622 534 theolpgia,
659 479 727 528 qui
763 479 813 516 ad
850 479 1237 517 condemnationem
1271 479 1526 528 praedictam
1561 478 1773 516 consilium

76 540 387 590 praestiterunt,
411 539 642 576 doctrinam
664 538 787 575 istam
810 553 891 575 non
913 538 1174 585 intellexisse,
1198 538 1389 587 deceptos
1413 552 1496 576 esse
1537 546 1577 576 et
1598 537 1774 586 turpiter

76 599 286 638 erravisse.
314 599 376 636 Ita
396 606 576 636 testatur
598 597 789 635 Nicolaus
813 598 1029 645 Eymerici,
1051 612 1089 647 p.
1113 596 1200 635 261.

130 657 244 696 Obiit
266 658 280 680 1
317 657 526 696 Avenione
549 671 656 694 anno
680 656 1022 703 MCCCLXXIII,
1047 656 1109 694 die
1133 671 1266 693 xxvm
1290 656 1545 705 septembris.
1572 656 1663 693 Non
1686 662 1774 693 erat

76 725 218 755 tamen
250 717 464 766 episcopus
500 715 760 753 Massiliensis
795 729 840 753 ea
874 723 1137 764 tempestate,
1172 716 1267 753 licet
1303 715 1489 752 Fontana
1524 714 1700 752 affirmet
1733 714 1771 750 in

75 776 351 814 Monumentis
398 774 677 822 dominicatus,
726 789 763 824 p.
803 774 891 821 235,
930 774 1143 812 Urbanum
1180 774 1236 811 illi
1272 773 1518 813 commisisse
1554 773 1774 823 regendam

78 835 302 874 Ecclesiam
323 834 629 881 Massiliensem,
652 847 823 883 eamque
843 833 959 870 illum
978 834 1127 871 rexisse
1148 847 1276 882 usque
1297 833 1348 870 ad
1370 841 1558 871 mortem.
1582 832 1772 881 Sepultus

74 902 138 932 est
163 894 274 944 apud
303 893 621 932 praedicatores.

130 953 230 1003 Ejus
256 961 570 1000 testamentum,
599 952 713 1002 cujus
741 952 1029 990 authenticum
1057 959 1175 989 vetus
1202 952 1334 989 habeo
1360 965 1482 1001 penes
1510 965 1588 998 me,
1616 950 1774 988 editum

74 1020 139 1051 est
156 1026 178 1050 a
200 1013 246 1051 R.
269 1013 312 1051 P.
333 1013 490 1050 Thoma
515 1012 722 1061 Aquinate
740 1011 781 1048 in
802 1010 1028 1060 appendice
1053 1011 1166 1048 Vitae
1184 1025 1213 1048 8.
1235 1010 1446 1057 Calminii,
1460 1010 1554 1047 dein
1570 1010 1773 1047 reclusum

81 1072 188 1111 inter
205 1071 464 1109 Probationes
498 1071 684 1108 historiae
713 1070 981 1108 cardinalium
1006 1070 1221 1117 Gallorum,
1241 1085 1277 1119 p.
1301 1069 1387 1107 625.
1408 1074 1411 1078 “

133 1131 179 1168 In
199 1139 392 1180 compoto
414 1131 585 1169 Joannis
607 1130 656 1168 de
679 1130 906 1168 Proboleno
927 1130 1146 1179 receptoris
1168 1130 1266 1177 regii
1286 1129 1326 1166 in
1348 1128 1612 1181 seneschallia
1636 1128 1773 1165 Petra-

76 1190 273 1240 goricensi
295 1198 335 1228 et
357 1190 595 1228 Caturcensi
618 1190 666 1227 de
691 1189 876 1227 financiis
900 1189 1018 1227 factis
1041 1203 1112 1238 per
1134 1189 1349 1230 nonnullos
1373 1189 1570 1234 consules,
1594 1200 1773 1225 commu-

75 1250 227 1288 nitates
273 1257 313 1287 et
357 1250 580 1298 singulares
615 1262 807 1299 personas
844 1248 1028 1298 ejusdem
1064 1247 1350 1286 seneschalliae
1386 1261 1458 1296 pro
1494 1245 1773 1285 contractibus

77 1309 270 1347 usurariis
305 1309 470 1355 illicitis,
510 1308 614 1346 fictis
650 1308 866 1355 simulatis,
904 1308 967 1345 vel
1002 1308 1042 1345 in
1079 1307 1265 1345 fraudem
1300 1320 1516 1344 usurarum
1553 1304 1773 1354 conceptis,

73 1368 203 1416 initis,
226 1382 295 1406 seu
318 1368 531 1407 celebratis
555 1375 697 1405 eontra
721 1367 999 1405 ordinationes
1022 1367 1151 1415 regias
1173 1380 1295 1416 super
1315 1366 1391 1403 hoe
1414 1365 1544 1403 factas
1567 1373 1607 1402 et
1629 1363 1773 1410 editas,

75 1442 234 1466 necnon
250 1435 291 1466 et
306 1441 379 1477 pro
395 1427 787 1477 transgressionibus
805 1434 1010 1464 certarum
1028 1425 1335 1464 ordinationum
1351 1425 1553 1473 regiarum
1571 1424 1775 1461 factarum

77 1501 198 1537 super
229 1501 348 1525 cursu
379 1495 654 1534 monetarum,
686 1486 842 1536 reperio
873 1486 988 1524 illum
1018 1485 1215 1535 recepisse
1247 1498 1354 1521 anno
1387 1481 1721 1521 MCCCXXXIX
1752 1495 1773 1518 a

76 1546 282 1596 magistris
300 1546 524 1597 Guillermo
542 1546 706 1595 Vigerii,
726 1545 976 1594 Raymundo
995 1544 1174 1594 Philippi
1202 1552 1243 1582 et
1261 1543 1382 1582 Petro
1401 1543 1527 1581 Sudre
1545 1542 1593 1580 de
1612 1540 1774 1590 Aquina

75 1606 240 1644 nomine
264 1620 337 1643 suo
361 1613 402 1644 et
426 1606 600 1643 aliorum
625 1605 911 1643 habitatorum
936 1605 1036 1642 dicti
1060 1604 1136 1642 loci
1161 1610 1446 1652 suspectorum
1471 1602 1519 1639 de
1554 1600 1774 1651 praedictis

73 1679 148 1715 pro
163 1673 254 1702 toto
272 1678 325 1701 Lx
340 1665 477 1703 libras.
497 1665 670 1703 Videtur
685 1679 778 1713 ergo
794 1665 858 1702 hic
877 1665 1021 1702 Petrus
1039 1663 1160 1701 fuisse
1179 1662 1306 1700 frater
1321 1661 1526 1699 Guillelmi
1544 1658 1773 1697 cardinalis.

131 1725 208 1762 Hic
225 1738 321 1762 vero
342 1725 486 1763 Petrus
505 1724 670 1762 videtur
689 1723 810 1762 fuisse
834 1738 936 1761 avus
956 1723 1102 1761 Jacobi
1121 1721 1263 1769 Sudre,
1282 1721 1399 1770 cujus
1427 1720 1581 1758 mentio
1599 1719 1775 1756 habetur

74 1783 117 1821 in
138 1782 267 1822 veteri
288 1783 566 1821 instrumento
588 1791 681 1821 acto
704 1783 891 1832 Aquinae
914 1791 1010 1820 ante
1032 1790 1197 1832 portam
1219 1780 1411 1818 fortalicii
1432 1778 1648 1829 superioris
1671 1777 1775 1826 ejus-

74 1842 170 1881 dem
193 1842 270 1880 loci
296 1857 404 1880 anno
430 1843 613 1889 MCCCC,
640 1843 703 1880 die
730 1857 816 1879 xvn
842 1842 954 1889 maii,
980 1842 1021 1879 in
1048 1855 1128 1890 quo
1154 1840 1315 1889 Alayda
1342 1839 1390 1877 de
1416 1839 1452 1876 la
1480 1838 1639 1884 Sudria,
1674 1850 1777 1873 uxor

77 1902 275 1952 Stephani
307 1902 546 1949 Choutardi,
578 1902 790 1940 habitator
818 1902 896 1940 loci
926 1900 1126 1951 praedicti
1158 1900 1358 1948 Aquinae,
1391 1906 1564 1935 vocatur
1595 1910 1706 1934 soror
1736 1903 1776 1933 et

75 1962 189 2000 heres
214 1961 455 1999 universalis
481 1961 692 2010 quondam
717 1961 862 1999 Jacobi
887 1960 1015 1998 Sudre
1038 1960 1115 1997 loci
1139 1958 1339 2009 praedicti
1363 1957 1562 2006 Aquinae,

130 2021 172 2059 P.
198 2019 288 2068 359,
312 2021 379 2070 lig.
406 2020 466 2059 16.
494 2020 723 2058 ANGLICUM
750 2020 1012 2058 GmMOAnDi.
1039 2019 1206 2057 Certum
1231 2026 1292 2055 est
1320 2017 1434 2054 illum
1460 2016 1581 2053 fuisse
1606 2015 1776 2052 fratrem

78 2079 248 2119 Urbani.
278 2080 410 2127 Quare
429 2075 526 2118 'falsi
551 2088 648 2117 sunt
672 2080 939 2118 vehementer
964 2079 1032 2128 qui
1058 2078 1309 2128 scripserunt
1336 2075 1465 2113 filium
1491 2074 1613 2111 fuisse
1640 2072 1775 2110 fratris

77 2139 260 2189 ejusdem
289 2153 433 2188 papae.
464 2139 604 2176 Vitam
632 2139 923 2177 canonicorum
951 2138 1199 2187 regularium
1226 2135 1431 2186 professus
1459 2135 1500 2171 in
1527 2131 1775 2172 monasterio

79 2198 219 2236 Sancti
243 2197 354 2245 Rufi,
375 2206 518 2248 postea
541 2198 675 2236 factus
697 2206 759 2236 est
780 2198 890 2247 prior
911 2197 1028 2235 Santi
1051 2196 1161 2234 Petri
1184 2195 1363 2241 Diensis;
1386 2208 1466 2231 non
1487 2201 1628 2231 tamen
1648 2190 1775 2228 abbas

79 2257 219 2296 Sancti
246 2257 357 2305 Rufi,
383 2265 429 2294 ut
454 2258 559 2296 male
584 2257 719 2295 visum
744 2265 805 2296 est
829 2256 1035 2295 nonnullis
1061 2255 1292 2294 recentibus
1318 2252 1581 2291 historiarum
1607 2250 1775 2299 scripto-

80 2316 204 2356 ribus.

131 2376 233 2413 Cum
259 2389 352 2413 vero
375 2375 501 2414 frater
524 2375 610 2425 ejus
633 2375 685 2413 ad
708 2389 917 2413 summum
941 2374 1234 2425 pontificatum
1258 2379 1425 2410 evectus
1449 2377 1567 2415 esset,
1592 2374 1775 2405 vacaret-

80 2449 158 2485 que
194 2434 374 2473 Ecclesia
423 2435 734 2482 Avenionensis,
779 2434 997 2483 Anglicum
1047 2434 1081 2471 ei
1141 2430 1337 2482 praefecit
1395 2443 1502 2466 anno
1562 2426 1775 2464 millesimo

77 2493 311 2541 CCCLXII,
332 2493 435 2543 prid.
456 2493 546 2532 idus
566 2493 667 2544 [12]
690 2493 915 2532 decembris
937 2493 962 2532 2.
986 2493 1145 2530 Extant
1165 2492 1205 2529 in
1226 2490 1361 2528 codice
1381 2486 1485 2526 1898
1503 2485 1775 2524 bibliothecae

79 2552 337 2592 Colbertinae
357 2552 374 2575 ³
402 2552 712 2590 Con-§citationes
741 2553 792 2590 ab
823 2567 869 2591 eo
901 2561 990 2589 tum
1021 2551 1169 2598 editae,
1201 2562 1375 2599 quarum
1404 2548 1468 2584 hic
1498 2553 1560 2584 est
1588 2544 1734 2582 titulus
1767 2558 1774 2579 ε

80 2612 306 2662 Sequuntur
331 2612 466 2661 aliqua
492 2626 592 2649 nova
616 2620 762 2649 statuta
786 2611 890 2648 edita
915 2620 948 2648 el
973 2610 1156 2647 ordinata
1183 2623 1252 2658 per
1277 2606 1526 2645 reverendum
1553 2603 1595 2640 in
1620 2602 1776 2640 Christo

78 2679 228 2721 patrem
248 2679 282 2708 et
302 2671 508 2708 dominum
529 2671 734 2708 dominum
755 2670 986 2719 Anglicam,
1009 2669 1147 2706 divina
1165 2668 1242 2704 Dei
1263 2666 1393 2716 gratia
1414 2664 1508 2702 olim
1529 2661 1774 2700 Avinionen-

78 2745 159 2768 sem
179 2730 422 2779 episcopum,
444 2730 679 2779 fratremque
702 2744 933 2778 germanum
961 2728 1115 2766 Urbani
1138 2740 1240 2776 pape
1262 2724 1403 2775 quinti.

132 2790 251 2827 Anno
275 2789 565 2835 MCCCLXVI,
589 2789 652 2827 die
676 2803 777 2826 xvin
801 2788 1057 2838 septembris,
1083 2787 1216 2823 sactus
1240 2792 1301 2822 est
1323 2783 1538 2833 presbyter
1560 2778 1775 2818 cardinalis

82 2848 195 2886 tituli
219 2848 359 2886 Sancti
384 2847 495 2885 Petri
518 2847 570 2884 ad
594 2848 770 2885 vincula.
1801 2841 1804 2844 ’

127 2993 159 3025 1.
188 2989 567 3024 Albanes-Chevalier
605 2987 681 3033 (op.
718 2990 788 3029 cit„
826 2987 1025 3026 Marseille,
1064 2987 1130 3020 col.
1167 2985 1248 3028 342)
1298 2990 1364 3017 ont
1407 2984 1553 3016 mentre
1590 2981 1776 3025 qu'Eubel

78 3044 212 3077 l’avait
230 3044 302 3076 fait
320 3043 553 3076 faussement
572 3043 712 3075 mourir
731 3042 762 3075 le
783 3042 828 3075 18
848 3041 942 3074 avril
962 3041 1066 3073 1373.

127 3098 157 3130 2.
186 3095 565 3130 Albanes-Chevalier
589 3093 736 3137 (Gallia
756 3095 956 3127 christiana
976 3092 1186 3130 novissima,
1210 3097 1236 3124 t.
1260 3103 1321 3129 vn,
1345 3102 1379 3123 n.
1403 3088 1524 3131 1335).

128 3151 160 3183 3.
190 3150 230 3183 Β.
254 3149 311 3188 Ν.,
334 3161 400 3182 ms.
422 3148 516 3181 latin
539 3147 648 3188 1541,
670 3148 732 3180 fol.
754 3148 795 3181 31
820 3151 870 3186 r⁰;
892 3146 973 3178 voir
991 3143 1369 3178 Albanes-Chevalier
1392 3140 1451 3185 (ut
1469 3153 1510 3181 s.‚
1532 3153 1566 3174 n.
1590 3139 1709 3183 1344).
