2083 3458
290 258 371 297 212
940 267 1090 292 NOTAE
1125 234 1184 290 kAD
1220 265 1347 290 vl‘rAs
1869 251 1995 307 [716]

291 356 379 394 eod.
403 370 482 398 an„
512 355 527 402 ,ξ
548 355 583 393 S.
606 355 745 391 literae
769 351 939 389 Joannis
960 351 970 373 ¹
994 350 1044 387 ad
1070 349 1298 387 Robertum
1320 363 1455 397 regem
1478 349 1647 397 Siciliae,
1670 350 1711 388 in
1733 350 1880 400 quibus
1905 365 2000 389 cum

294 415 463 452 dixisset
493 429 531 451 se
562 414 613 450 ab
644 412 832 450 omnibus
863 409 1150 450 cardinalibus,
1182 408 1342 445 nemine
1373 407 1642 458 discrepante,
1674 409 1928 448 concorditer
1954 410 1996 448 in

294 487 501 512 summum
524 472 767 509 Pontificem
789 471 963 508 electum
985 468 1120 515 fuisse,
1142 467 1259 504 addit
1283 483 1289 504 :
1313 466 1398 504 Nos
1422 476 1563 515 autem,
1586 467 1851 518 difficultatem
1880 468 1995 519 officii

293 532 516 583 pastoralis9
540 531 717 568 continui
739 529 885 567 laboris
906 527 1126 576 angustias,
1150 535 1183 564 et
1203 526 1539 582 preeoecellentiam
1560 527 1769 576 dignitatis
1789 527 2002 578 apostolice

295 592 399 640 infra
420 599 549 628 nostra
567 590 769 639 precordia
787 596 1033 633 recensent-93,
1055 594 1352 635 nostrarumque
1371 585 1567 623 metientes
1586 587 1732 624 virium
1749 587 1999 637 parvitatem,

293 651 427 688 timore
453 665 497 687 ac
524 658 680 686 tremore
707 646 898 693 concussi,
927 646 1162 683 veliementer
1188 644 1456 692 hesitavimas,
1485 660 1552 683 nec
1580 645 1755 695 indigne,
1784 654 1861 685 etc.
1891 646 2001 685 Sane

293 710 362 747 vix
385 709 573 747 credibile
595 708 758 745 videtur
779 707 913 744 virum
935 706 1103 743 doctum
1126 713 1165 742 et
1187 703 1429 754 sapientem,
1452 712 1542 742 tum
1565 705 1696 743 bonae
1726 705 1873 753 famae,
1895 706 2002 744 adeo

291 768 572 818 impudentem
595 767 715 804 fuisse
735 774 779 803 ut
802 765 832 803 si
854 779 947 803 vera
969 772 1103 802 essent
1124 777 1227 813 quae
1249 763 1446 802 Villanius
1467 764 1607 802 scribit
1627 764 1675 802 de
1696 764 1782 814 ejus
1803 778 1987 815 assump-

294 828 413 873 tione,
434 841 554 864 ausus
574 826 695 863 fuerit
712 825 872 875 publice
891 824 1062 862 scribere
1082 823 1291 860 dubitasse
1310 837 1349 861 se
1373 823 1504 873 prima
1522 824 1656 861 fronte
1675 837 1728 861 an
1746 838 1988 862 consensum

292 887 406 924 daret
424 885 609 923 electioni
628 885 675 922 de
694 899 733 922 se
752 884 898 930 factae,
919 897 1043 932 quam
1062 896 1200 920 omnes
1219 882 1388 920 scissent
1406 897 1488 920 non
1505 897 1555 921 ex
1573 883 1841 921 concordibus
1860 883 1990 921 cardi-

291 946 444 983 nalium
474 944 674 993 suffragiis
704 944 746 981 in
776 957 867 981 eum
899 941 1235 980 concurrentibus
1266 950 1399 979 ortam
1429 956 1526 989 esse,
1558 942 1626 980 sed
1657 957 1707 980 ex
1737 942 1918 981 maxima
1948 950 1991 981 et

291 1005 487 1042 ell'renata
512 1003 738 1053 cupiditate
762 1002 911 1040 summi
936 1001 1089 1051 fastigii
1114 1014 1379 1051 summaeque
1413 1001 1638 1051 dignitatis.
1669 1002 1813 1051 Itaque
1847 1016 1992 1040 censeo>

291 1062 470 1100 dubitari
488 1061 502 1084 ²
519 1076 601 1100 non
617 1061 823 1099 immerito
839 1075 955 1111 posse
974 1061 1022 1098 de
1040 1061 1214 1098 veritate
1232 1074 1367 1098 rerum
1386 1074 1488 1110 quae
1507 1060 1611 1098 circa
1628 1061 1732 1098 hanc
1751 1061 1992 1100 electionem

290 1137 311 1160 a
332 1122 505 1160 Villanio
524 1121 700 1159 traditae
721 1129 816 1158 sunt
835 1120 1277 1158 memoriaeliterarum
1290 1135 1296 1166 ;
1309 1119 1549 1170 praesertim
1569 1134 1661 1157 cum
1674 1119 1800 1158 etiam
1816 1120 1989 1158 Alvarus

292 1181 441 1231 Pelagii
476 1181 695 1230 episcopus.
717 1180 920 1227 Silvensis,
948 1187 1039 1217 tum
1066 1179 1221 1226 vivens,
1249 1179 1371 1217 libros
1399 1193 1490 1217 suos
1514 1179 1574 1216 De
1608 1180 1769 1229 planctu.
1795 1179 1996 1217 Ecclesiae

301 1241 381 1290 [fol.
409 1240 429 1277 2
454 1240 522 1289 ΓΟ]
551 1239 733 1277 ordiatur
756 1239 807 1276 ab
832 1239 891 1277 his
908 1238 1042 1276 verbis
1067 1254 1074 1275 ε
1100 1238 1257 1275 Certum
1281 1247 1315 1276 et
1338 1239 1533 1276 notorium
1556 1238 1623 1275 toti
1647 1239 1792 1276 mundo
1815 1247 1870 1277 esc
1892 1239 1993 1288 quod

290 1300 414 1337 (lictus
433 1299 616 1336 dominus
638 1299 813 1336 Joannes
831 1313 937 1348 papa
957 1299 1095 1335 electus
1112 1297 1191 1346 suit
1208 1298 1443 1335 concorditer
1460 1313 1484 1335 a
1502 1297 1774 1335 cardinalibus
1793 1298 1993 1336 omnibus.

293 1359 396 1396 Puto
415 1373 506 1407 ergo
524 1358 655 1408 primo
674 1358 929 1408 propositam
948 1357 1068 1395 fuisse
1088 1357 1198 1395 viam
1217 1357 1497 1407 compromissi
1514 1357 1556 1396 in
1574 1357 1769 1395 electione
1787 1357 1989 1403 facienda,

290 1426 413 1467 atque
437 1417 477 1454 id
502 1417 626 1455 fando
650 1417 841 1455 auditum
864 1416 1068 1467 scripsisse
1105 1416 1327 1454 Henricum
1353 1416 1651 1463 Rebdorfl‘ium,
1685 1416 1754 1454 sed
1779 1431 1824 1454 ea
1848 1424 1995 1467 postea

241 1495 243 1498 ·
290 1477 467 1516 dimissa.
494 1491 727 1526 processum
754 1476 875 1514 fuisse
902 1490 971 1526 per
998 1476 1107 1513 viam
1134 1475 1331 1514 scrutinii.
1355 1476 1469 1513 Istud
1496 1476 1595 1513 mihi
1622 1476 1825 1526 collegisse
1851 1476 1996 1514 videor

290 1551 338 1573 ex
368 1534 514 1573 Ordine
544 1548 705 1571 romano
737 1550 858 1585 quem
892 1536 953 1573 vir
985 1535 1230 1573 clarissimus
1256 1535 1434 1573 Joannes
1467 1535 1724 1573 Mabillonius
1758 1535 1886 1573 edidit
1916 1535 1995 1573 sub

290 1595 451 1633 nomine
487 1595 631 1632 Jacobi
666 1595 867 1633 Gaietani.
908 1595 990 1632 lllic
1024 1595 1132 1632 enim
1178 1595 1381 1644 [Mmeum
1420 1593 1616 1642 Italicum,
1661 1602 1690 1632 t.
1725 1594 1792 1644 nl,
1827 1609 1865 1645 p.
1902 1594 1995 1640 247,

290 1662 427 1692 extare
449 1654 623 1691 formam
644 1654 828 1694 scrutinii
849 1655 946 1692 facti
966 1654 1007 1691 in
1035 1654 1230 1692 electione
1252 1654 1422 1691 Joannis
1446 1653 1573 1691 XXII
1605 1654 1698 1692 hinc
1719 1662 1828 1692 certo
1860 1653 1991 1703 colligi

289 1728 404 1763 posse
431 1713 529 1750 mihi
556 1713 719 1751 videtur
746 1714 855 1763 quod
883 1728 933 1751 ex
958 1713 1018 1750 his
1047 1713 1115 1762 qui
1142 1713 1258 1751 electi
1285 1721 1381 1751 sunt
1410 1713 1462 1750 ad
1488 1713 1732 1751 scrutinium
1758 1713 1996 1751 faciendum

290 1781 329 1810 et
357 1772 624 1810 scrutandum
652 1773 777 1822 aliqui
804 1773 900 1810 facti
927 1780 1023 1810 sunt
1045 1772 1268 1810 cardinales
1296 1786 1318 1810 a
1347 1772 1554 1810 Clemente
1576 1772 1610 1810 V
1631 1772 1814 1822 adeoque
1838 1780 1993 1810 scruta-

290 1840 396 1869 tores
412 1846 494 1869 esse
511 1846 592 1868 non
606 1840 831 1882 potuerunt
843 1832 885 1870 in
899 1832 1003 1870 illius
1020 1832 1228 1879 electione,
1244 1832 1363 1869 multi
1378 1831 1530 1869 mortui
1545 1839 1642 1869 sunt
1654 1831 1728 1869 sub
1743 1831 1993 1881 pontificatu

292 1891 459 1928 Joannis
486 1890 626 1937 XXII,
650 1891 832 1940 adeoque
855 1899 1101 1929 scrutatores
1124 1906 1207 1929 esse
1235 1905 1317 1928 non
1338 1899 1564 1941 potuerunt
1584 1899 1678 1941 post
1698 1890 1803 1928 illius
1825 1890 1997 1941 pontifi—

291 1958 441 1988 catum.
468 1950 722 1988 Scrutatores
746 1950 853 1988 enim
878 1951 987 1988 fuere
1014 1950 1204 1988 Nicolaus
1229 1950 1278 1989 de
1302 1951 1426 1988 Prato
1450 1950 1662 2000 episcopus
1687 1949 1897 1997 Ostiensis,
1924 1949 1992 1999 qui

291 2023 397 2046 anno
419 2009 664 2047 MCCCXXI
686 2010 892 2047 extinctus
913 2017 986 2056 est,
1010 2009 1201 2047 Nicolaus
1222 2010 1270 2048 de
1293 2010 1521 2047 Freauvilla
1542 2009 1756 2059 presbyter
1776 2008 1996 2047 cardinalis

292 2068 400 2105 tituli
429 2064 567 2105 Sancti
596 2068 760 2106 Eusebii
789 2083 910 2118 quem
937 2083 1044 2107 anno
1068 2068 1362 2106 MCCCXXIII
1389 2069 1588 2106 interiisse
1616 2076 1792 2114 constat,
1821 2076 1861 2105 et
1889 2067 1996 2106 Nea·
2042 2076 2049 2084 ¹

292 2127 408 2176 poleo
443 2127 490 2164 de
530 2127 682 2165 Ursinis
720 2128 913 2165 diaconus
951 2128 1167 2166 cardinalis
1194 2128 1305 2166 tituli
1342 2128 1481 2166 Sancti
1517 2127 1699 2166 Adriani.
1737 2127 1996 2165 Scrutatores

292 2194 568 2223 scrutatorum
601 2187 710 2224 fuere
743 2187 1009 2237 Berengarius
1045 2187 1203 2225 Fredoli
1235 2187 1448 2237 episcopus
1481 2187 1749 2233 Tusculanus,
1784 2186 1852 2236 qui
1885 2187 1996 2223 ultra

292 2258 445 2282 annum
483 2245 775 2283 MCCCXXIII
811 2246 943 2284 witam
979 2260 1061 2283 non
1095 2246 1304 2296 produxit,
1343 2246 1546 2284 Arnaldus
1585 2246 1743 2283 Novelli
1779 2245 1997 2295 presbyter

294 2304 508 2342 cardinalis
539 2304 649 2342 tituli
681 2305 854 2343 Sanctae
886 2305 1057 2351 Priscae,
1091 2320 1212 2355 quem
1240 2305 1403 2343 constat
1429 2305 1596 2343 vivendi
1629 2305 1752 2343 finem
1782 2304 1922 2342 fecisse
1950 2304 1995 2342 in

294 2363 388 2411 ipsis
416 2363 585 2400 joannis
612 2363 739 2401 XXII
766 2364 1032 2413 pontificatus
1057 2365 1197 2411 initiis,
1223 2373 1263 2402 et
1288 2365 1525 2402 Guillelmus
1552 2364 1599 2402 de
1626 2363 1772 2413 Longis
1797 2363 1992 2401 diaconus

294 2422 506 2459 cardinalis
534 2422 643 2460 tituli
671 2423 809 2461 Sancti
838 2423 992 2461 Nicolai
1018 2424 1059 2461 in
1080 2437 1236 2461 carcere
1264 2424 1462 2471 Tulliano,
1491 2423 1606 2473 cujus
1629 2422 1858 2461 mortalitas
1885 2436 1996 2460 anno

297 2480 541 2517 MOECXIX
561 2481 676 2519 finita
692 2490 753 2520 est
771 2482 797 2521 ³³.
817 2482 905 2519 Scio
921 2482 1037 2520 illum
1052 2497 1126 2532 pro
1142 2482 1363 2520 Guillelmo
1379 2483 1516 2521 vocari
1533 2489 1770 2520 constanter
1786 2481 2009 2520 Aemilium

296 2539 336 2574 in
361 2540 536 2577 editione
562 2540 800 2579 Mabillonii.
827 2541 903 2579 Sed
929 2550 1061 2579 certus
1086 2556 1195 2579 error
1219 2550 1292 2588 est,
1319 2541 1389 2591 qui
1417 2541 1697 2579 emendandus
1721 2540 1872 2590 ubique
1895 2540 1936 2578 in
1960 2554 2005 2578 eo

295 2597 439 2633 (Ji-‘line
463 2599 574 2636 venit
589 2613 637 2636 ex
659 2600 794 2637 codice
815 2599 919 2636 1713
939 2600 1211 2638 bibliothecae
1233 2601 1496 2638 Colbertinae
1512 2600 1527 2622 4
1546 2600 1588 2638 in
1608 2614 1688 2649 quo
1709 2614 1868 2649 semper
1888 2612 2008 2637 voca·

298 2665 361 2692 tur
383 2658 631 2696 (luillclmus.
658 2658 772 2697 Adde
797 2673 889 2696 eum
912 2659 1132 2697 diaconum
1156 2660 1224 2709 qui
1250 2668 1336 2697 tum
1358 2660 1523 2709 scripsit
1547 2659 1715 2696 nomina
1738 2658 2009 2696 cardinalium

348 2815 372 2846 1*
402 2816 552 2853 Coulon,
581 2823 605 2849 t.
632 2830 653 2855 1,
681 2818 746 2850 col.
775 2819 806 2851 6.

346 2872 373 2899 ..{.
413 2869 472 2900 l'ai
500 2872 644 2902 montis>
669 2870 815 2903 aillrurs
840 2883 910 2914 que
935 2871 1122 2904 l'eleclion
1147 2872 1190 2904 dc
1209 2871 1305 2904 Jcan
1331 2870 1450 2903 XXII
1474 2870 1620 2903 n’avait
1645 2882 1710 2914 pas
1735 2871 1794 2904 ete
1818 2869 1909 2903 faite
1933 2881 2005 2913 par

297 2934 301 2944 ι
320 2934 416 2963 unz-111
430 2923 519 2953 omis
545 2923 676 2957 {Ii’ewue
694 2924 878 2957 &histoire
897 2925 937 2956 de
955 2917 1108 2967 l'Eglise
1127 2925 1168 2957 de
1186 2924 1338 2963 France,
1360 2931 1385 2957 t.
1405 2936 1416 2956 1
1440 2924 1575 2967 (1910),
1597 2936 1631 2967 p.
1654 2923 1840 2967 153—158).

346 2979 373 3003 ⁴2.
416 2974 499 3005 iwan
530 2976 646 3007 XXII
674 2977 877 3018 annouqait
905 2989 945 3010 sa
972 2984 1072 3010 mort
1098 2989 1284 3010 sui-venue
1314 2978 1353 3010 in
1379 2978 1580 3010 crastinum
1602 2977 1819 3010 Nativitatis
1842 2975 2003 3009 Domine

299 3031 401 3055 ism-w
444 3030 473 3057 =‘.'v
495 3030 705 3070 „oplembrc
726 3030 840 3073 1319]
863 3035 941 3073 post
960 3030 1107 3073 longam
1127 3030 1379 3073 infirmitatem
1401 3030 1568 3073 (Coulon,
1586 3036 1611 3063 t.
1632 3042 1655 3069 ι,
1677 3030 1743 3063 col.
1763 3030 1832 3063 810
1851 3035 1889 3062 et
1909 3028 2006 3061 Mol-

300 3079 343 3107 Μ
387 3091 416 3110 ιι.
446 3081 583 3115 111778).

403 3132 437 3163 13.
541 3146 603 3165 ms.
628 3134 719 3166 latin
741 3135 820 3175 9273
842 3135 864 3168 s.
888 3136 931 3169 ’16
952 3139 1003 3169 r0.
