2083 3458
98 233 249 287 [1387]
618 249 833 274 PAPARUM
869 250 1252 275 AVENIONENSIUM
1700 235 1782 276 899

84 329 290 369 Ecclesiae
328 330 638 369 Avenionensis.
676 331 779 369 Sane
816 330 857 368 in
894 331 1070 381 vulgatis
1119 332 1313 382 catalogis
1352 332 1637 383 episcoporum
1673 333 1777 371 illius

85 389 290 427 Ecclesiae
307 389 508 440 reperitur
525 389 694 439 quidam
710 389 922 440 episcopus
941 390 1124 440 ejusdem
1138 390 1312 429 nominis
1330 405 1437 429 anno
1455 392 1776 430 MCCCLXVIII

84 456 125 486 et
150 448 331 498 quidem,
354 456 402 486 ut
425 449 612 487 nonnulli
633 457 801 499 putant,
828 449 983 487 Urbani
1008 450 1041 487 V
1065 464 1203 500 nepos.
1230 451 1284 488 At
1307 449 1433 488 istum
1456 451 1508 488 ab
1536 452 1612 489 hoc
1636 459 1777 489 nostro

83 507 204 545 valde
219 507 427 546 diversum
441 523 525 546 esse
541 507 723 546 dubitari
737 522 818 546 non
832 516 983 558 potest.
1002 509 1086 558 Ego
1100 524 1196 547 vero
1209 517 1312 559 puto
1326 509 1453 548 istum
1467 509 1519 547 ad
1533 523 1623 548 eam
1638 511 1776 548 cathe-

84 566 200 604 dram
231 566 462 617 pervenisse
494 566 597 605 circa
629 581 785 605 annum
816 566 1194 615 MCCCLXXXVI,
1226 582 1319 606 curn
1351 568 1549 618 Fayditus
1582 569 1630 607 de
1664 569 1776 618 Agri-

84 624 180 663 folio
203 625 433 675 reliquisset
456 626 542 675 ejus
568 626 983 665 administrationem.

137 684 286 723 Factus
297 693 358 722 est
368 684 580 735 episcopus
592 685 1017 732 Aniciensislanno‚ut
1032 686 1120 723 Odo
1134 686 1323 735 Gisseyus
1336 686 1778 733 ait,MCCCLXXXIV

83 742 146 781 die
177 758 232 781 xv
261 743 364 793 julii,
393 744 479 794 ejus
510 743 699 782 ecclesiae
728 744 1024 794 possessionem
1058 745 1231 795 adeptus
1269 760 1340 795 per
1375 754 1684 796 procuratorem
1713 745 1775 783 die

82 816 172 840 xxv
201 803 386 852 ejusdem
416 803 578 842 mensis.
611 803 870 842 Personalem
899 811 1041 853 postea
1072 803 1229 854 accepit
1259 818 1366 842 anno
1405 803 1618 842 millesimo
1648 805 1775 843 CCCL

84 861 319 899 XXXVIII
348 861 389 899 in
418 862 596 900 crastino
626 862 718 900 festi
746 862 880 900 sancti
910 863 1110 901 Matthaei
1152 863 1215 913 [22
1244 862 1509 913 septembre].
1549 864 1651 902 Sane
1681 877 1774 901 eum

83 919 204 958 fuisse
239 921 448 959 Avenione
481 935 589 959 anno
624 922 1024 968 MCCCLXXXVII,
1067 921 1129 960 die
1172 922 1328 960 decima
1371 922 1561 968 octobris,
1597 936 1676 971 qua
1710 921 1772 960 die

82 980 261 1018 ,Ioannes
300 980 421 1018 Fabri
455 980 667 1031 episcopus
704 980 963 1019 Carnotensis
1000 995 1091 1019 cum
1126 996 1171 1019 eo
1199 995 1370 1031 pransus
1406 989 1481 1028 est,
1526 989 1689 1019 constat
1723 995 1772 1019 ex

76 1039 221 1076 Diario
244 1040 429 1089 ejusdem
454 1039 633 1090 episcopi
657 1040 931 1078 Carnotensis.
1394 1048 1398 1052 ”

133 1099 252 1136 Anno
275 1099 639 1137 MCCCLXXXVI
661 1099 844 1137 Clemens
864 1113 972 1150 papa
995 1099 1073 1136 VII
1094 1113 1188 1137 eum
1208 1098 1319 1137 misit
1340 1099 1524 1149 Papiam,
1545 1106 1592 1136 ut
1613 1098 1770 1149 opinor,

77 1171 171 1196 cum
195 1157 355 1196 duobus
381 1158 544 1208 capellis
569 1157 704 1196 rubeis
728 1158 938 1197 tradendis
955 1157 1064 1196 Pileo
1089 1158 1136 1196 de
1163 1159 1285 1196 Prata
1308 1166 1348 1196 et
1371 1158 1541 1196 Galeoto
1563 1157 1610 1196 de
1631 1158 1769 1196 Petra-

76 1217 205 1266 mala3
232 1217 324 1255 Vita
344 1217 555 1255 Clementis
582 1217 679 1263 VII,
701 1232 740 1268 p.
764 1217 852 1256 496.

129 1276 248 1313 Anno
272 1276 498 1322 MCCCXC,
522 1276 584 1314 die
608 1291 693 1314 xv11
717 1276 908 1323 octobris,
930 1276 1039 1314 idem
1060 1277 1243 1314 Clemens
1265 1290 1359 1314 eum
1379 1276 1593 1314 absentem
1615 1275 1769 1314 creavit

74 1335 364 1385 presbyterum
406 1335 668 1374 cardinalem.
713 1336 860 1374 Postea
902 1335 1076 1373 intravit
1117 1335 1271 1374 curiam
1313 1334 1375 1373 die
1413 1349 1486 1372 ΧΧῙ
1529 1334 1767 1372 decembris.

77 1393 165 1442 Quo
187 1402 373 1445 tempore
397 1394 433 1432 ei
456 1395 577 1433 datus
602 1403 664 1433 est
686 1395 832 1433 titulus
858 1394 999 1433 Sancti
1022 1394 1132 1433 Petri
1155 1394 1207 1432 ad
1230 1393 1407 1432 vincula.

129 1454 248 1491 Anno
276 1454 551 1492 MCCCXCIV
577 1454 765 1492 interfuit
791 1453 981 1492 electioni
1006 1453 1219 1492 Benedicti
1249 1453 1368 1491 XIII.

128 1513 246 1550 Anno
277 1513 528 1552 MCCCXCV
556 1513 598 1550 in
625 1521 834 1552 conventu
863 1512 1133 1551 cardinalium
1162 1521 1304 1551 coacto
1332 1512 1443 1562 apud
1464 1511 1767 1548 Villamnovam

74 1570 115 1609 in
134 1572 303 1610 aedibus
323 1572 436 1611 ducis
455 1572 735 1620 Bituricensis,
754 1572 795 1610 in
815 1587 894 1622 quo
913 1572 1113 1622 agebatur
1131 1572 1179 1610 de
1197 1571 1473 1609 examinanda
1492 1570 1558 1608 via
1578 1569 1766 1608 cessionis

73 1630 243 1669 inventa
268 1631 311 1669 in
336 1631 504 1670 consilio
527 1631 630 1681 regis
660 1633 923 1678 Francorum,
950 1645 1002 1668 an
1027 1646 1073 1670 ea
1099 1630 1317 1681 expediens
1344 1638 1449 1668 esset
1473 1644 1546 1680 pro
1572 1628 1767 1679 sopiendo

73 1690 307 1738 schismate,
329 1686 542 1729 cardinalis
562 1691 610 1729 de
629 1692 758 1729 Puteo
776 1691 859 1729 sive
880 1690 1103 1729 Aniciensis
1123 1690 1234 1727 illam
1251 1689 1514 1739 approbavit,
1532 1696 1572 1726 et
1589 1696 1766 1726 testatus

73 1757 134 1788 est
162 1763 316 1800 papam
347 1750 599 1788 Clementem
628 1750 777 1801 pluries
807 1749 1039 1800 promisisse
1078 1764 1118 1787 se
1156 1748 1490 1787 renuntiaturum
1519 1746 1692 1797 papatui
1720 1754 1767 1783 ut

76 1808 255 1847 Ecclesia
279 1809 477 1847 uniretur.
504 1809 604 1847 Vide
628 1818 741 1847 tomo
765 1818 881 1848 sexto
907 1809 1116 1859 spicilegii
1143 1807 1386 1846 Dacheriani
1404 1807 1432 1854 2,
1455 1821 1494 1857 p.
1522 1806 1608 1844 141.

127 1868 246 1905 Anno
267 1868 519 1907 MCCCCVII
535 1868 676 1906 invisit
691 1868 870 1919 patriam
883 1882 1013 1914 suam,
1030 1867 1070 1905 id
1088 1876 1162 1914 est,
1179 1867 1313 1905 locum
1329 1866 1468 1904 Sancti
1481 1864 1767 1915 Symphoriani

74 1926 219 1973 Castri,
241 1936 288 1965 ut
309 1927 391 1978 ipse
415 1928 534 1966 docet
555 1927 595 1964 in
615 1942 687 1965 suo
708 1936 960 1965 testamento
972 1926 998 1975 3,
1021 1942 1058 1977 p.
1085 1927 1172 1964 551.

126 1986 292 2024 Certum
317 1995 378 2024 est
403 1986 516 2024 illum
557 1986 678 2025 fuisse
704 2001 909 2024 summum
934 1985 1297 2036 paenitentiarium
1325 1983 1525 2022 Ecclesiae
1561 1996 1766 2021 romanae.

74 2045 264 2083 Ceterum
298 2045 488 2084 habuisse
523 2060 616 2084 eum
652 2046 884 2084 consocium
919 2045 960 2083 in
993 2060 1039 2083 eo
1075 2044 1205 2083 officio
1250 2043 1475 2081 Antonium
1511 2041 1767 2088 Caietanum,

73 2103 312 2155 episcopum
338 2105 620 2152 portuensem,
646 2119 773 2154 usque
795 2105 847 2142 ad
867 2118 1022 2142 annum
1043 2103 1300 2142 MCCCCXII
1322 2102 1441 2140 docet
1462 2101 1546 2151 ipse
1567 2100 1609 2138 in
1630 2099 1766 2138 codice

73 2162 176 2201 1393
192 2163 465 2202 bibliothecae
483 2164 741 2202 Colbertinae
758 2163 786 2211 4,
804 2163 872 2201 fol.
893 2163 965 2201 151
985 2177 1114 2201 verso.
1135 2162 1252 2210 Quod
1269 2161 1381 2199 haud
1398 2160 1519 2198 dubie
1538 2158 1768 2208 contigerat

74 2231 168 2273 post
190 2222 384 2261 unionem
408 2223 583 2261 duorum
607 2223 867 2273 collegiorum
890 2222 931 2260 in
953 2222 1123 2260 concilio
1147 2221 1309 2267 Pisano,
1333 2220 1427 2269 quia
1453 2218 1655 2256 Antonius
1678 2225 1767 2255 erat

74 2296 257 2320 summus
289 2282 628 2332 paenitentiarius
661 2282 702 2319 in
732 2290 848 2332 parte
885 2282 1082 2319 Italorum
1113 2281 1197 2330 jam
1229 2279 1321 2317 inde
1353 2278 1404 2316 ab
1436 2277 1560 2315 initiis
1601 2275 1768 2327 pontifi-

75 2349 190 2379 catus
219 2341 400 2390 Gregorii
429 2341 527 2379 XII.

128 2399 267 2437 Vitam
293 2415 385 2438 cum
410 2408 540 2438 morte
566 2399 841 2438 commutavit
865 2399 976 2449 apud
1002 2398 1253 2436 Avenionem
1278 2410 1386 2434 anno
1412 2393 1677 2440 MCCCCXV,
1702 2393 1766 2431 die

76 2527 120 2559 de
153 2527 319 2560 l'eveche
354 2527 582 2571 d’Avignon,
608 2539 753 2560 comme
786 2527 835 2560 l'a
864 2528 990 2570 repete
1011 2527 1050 2559 L.
1079 2527 1122 2559 de
1142 2526 1284 2568 Lacger
1315 2517 1431 2568 (Etats
1467 2520 1764 2564 administratis-3,

74 2591 109 2623 p.
133 2580 216 2624 341)
243 2583 350 2624 apres
374 2581 529 2620 Baluze;
556 2592 603 2614 on
624 2581 673 2613 l⁷a
697 2581 888 2614 confondu
912 2591 1003 2612 avec
1027 2579 1149 2612 Pierre
1173 2579 1217 2611 de
1241 2578 1382 2620 Thury.

123 2633 155 2666 1.
181 2633 231 2666 Le
255 2634 298 2666 17
322 2633 446 2677 juillet
469 2634 562 2667 1385
582 2633 988 2676 (Albanas-Chevalier,
1013 2644 1070 2676 op.
1089 2633 1159 2670 cit,
1180 2630 1380 2669 Μανεείίἰε,
1398 2630 1465 2662 col.
1483 2629 1564 2667 813,
1589 2639 1623 2660 n.
1642 2625 1764 2669 1399).

71 2705 121 2709 —
139 2685 210 2719 Sur
227 2686 259 2719 le
284 2687 359 2720 role
385 2686 476 2730 qu’il
499 2687 589 2730 joua
614 2688 635 2719 a
658 2687 694 2719 la
719 2698 808 2719 cour
832 2687 876 2719 de
896 2686 1049 2725 ance,
1075 2685 1157 2718 voir
1178 2684 1218 2717 E.
1240 2684 1282 2718 G.
1301 2682 1474 2716 Leonard
1493 2680 1766 2724 (Negociations

73 2744 169 2772 entre
187 2739 348 2772 Clement
370 2740 450 2772 VII
467 2745 497 2772 et
515 2739 664 2772 Charles
686 2740 742 2772 VI
759 2751 809 2772 aa
824 2738 918 2782 sajet
936 2739 995 2772 des
1017 2739 1165 2781 charges
1190 2738 1231 2770 de
1256 2730 1409 2779 l’Eglise
1439 2735 1479 2768 de
1504 2734 1645 2766 France
1669 2738 1701 2765 et
1726 2733 1766 2765 de

73 2792 333 2825 l’ordonnance
351 2793 473 2836 royale
492 2793 541 2825 du
560 2793 582 2826 6
599 2793 737 2825 octobre
752 2792 856 2831 1385,
875 2792 968 2825 dans
987 2791 1107 2824 Revue
1134 2791 1332 2833 historique
1360 2789 1400 2821 de
1427 2788 1520 2821 droit
1544 2786 1710 2830 franc-ais
1736 2790 1767 2817 et

72 2847 249 2888 etranger‚
274 2845 381 2885 1923,
409 2858 442 2890 p.
471 2846 659 2889 272-286).

124 2898 155 2931 2.
174 2898 400 2942 Chroniqaes
416 2899 466 2932 du
480 2899 661 2941 religieux
675 2899 715 2931 de
732 2897 768 2931 S.
783 2897 920 2941 Denys,
939 2898 995 2930 ed.
1015 2897 1054 2930 L.
1068 2897 1276 2939 Bellaguet,
1291 2901 1317 2928 t.
1329 2906 1367 2934 11,
1380 2906 1415 2937 p.
1435 2893 1515 2934 274,
1527 2898 1565 2925 et
1582 2891 1767 2932 Matiene,

73 2951 323 2994 Amplissimos
346 2952 514 2991 collectio,
541 2957 567 2985 t.
595 2963 658 2987 vn.
685 2951 753 2984 col.
779 2951 861 2984 471.

123 3006 155 3038 3.
185 3004 224 3038 F.
254 3004 466 3044 Duchesne‚
493 3004 659 3038 Histoire
684 3005 725 3037 de
750 3009 829 3037 tous
855 3003 904 3036 les
929 3003 1135 3036 carolinam:
1158 3001 1332 3045 srancois,
1361 3005 1387 3033 t.
1413 3011 1452 3032 11.

123 3057 155 3090 4.
173 3057 214 3090 B.
234 3057 291 3097 Ν.,
309 3069 376 3091 ms.
393 3057 490 3090 latin
505 3057 609 3097 1461,
627 3056 708 3089 voir
723 3056 823 3089 aussi
838 3056 900 3089 fol.
918 3056 963 3088 45
979 3060 1012 3088 r⁰
1026 3061 1065 3088 et
1079 3056 1148 3088 115
1163 3059 1208 3095 r⁰‚
1225 3060 1263 3086 et
1279 3053 1320 3086 E.
1335 3052 1470 3091 Gffller,
1481 3051 1553 3083 Die
1566 3049 1769 3094 ptipslliche

72 3109 352 3150 Ponitentiarie,
379 3116 406 3143 t.
430 3122 455 3150 1,
481 3122 516 3154 p.
543 3110 599 3143 95.
