2083 3458
285 193 364 233 442
800 182 802 186 ³
924 213 1075 238 NOTAE
1110 214 1170 238 AD
1206 214 1333 240 VITAs
1863 199 1989 256 [926]

339 293 563 330 Coronavit
590 294 804 332 Urbanum
828 296 876 343 V,
899 305 946 334 ut
967 297 1116 346 legitur
1140 296 1184 346 [t.
1208 312 1234 345 1,
1257 312 1295 348 p.
1320 298 1412 348 384]
1440 306 1481 337 et
1503 299 1613 349 apud
1635 298 1858 338 Odoricum
1883 299 1992 349 Ray-

286 351 469 399 naldum,
500 367 564 391 an.
598 353 713 402 1362,
750 354 766 403 ἓ
797 355 832 402 7,
861 355 939 404 fuit
970 356 1013 393 in
1033 356 1185 405 palatio
1209 357 1423 407 apostolico
1451 366 1659 396 coronatus
1687 373 1757 408 per
1785 358 1993 396 dominum

286 410 629 460 llffagalonensem,
666 413 734 463 qui
768 422 860 452 tunc
893 415 972 463 suit
1008 415 1202 457 Ostiensis
1237 416 1459 467 episcopiis.

341 469 398 507 De
426 470 513 519 ejus
542 480 673 510 morte
701 472 756 511 sic
783 474 932 523 legitur
969 474 1014 524 [t.
1041 489 1068 522 1,
1096 489 1135 525 p.
1165 475 1266 526 384]
1297 492 1303 513 :
1332 477 1453 514 Nocte
1478 477 1654 526 sequenti
1681 477 1780 515 obiit
1805 477 1993 515 dominus

285 528 504 567 cardinalis
524 530 845 580 ilffagalonensis,
866 533 907 570 id
928 542 1002 581 est,
1025 534 1087 571 die
1108 548 1216 572 nona
1238 535 1334 573 maii
1354 535 1452 573 anni
1472 535 1773 584 MCCCLXIII,
1795 544 1843 574 ut
1862 536 1994 574 tradit

286 588 541 627 Contelorius
562 589 589 633 1,
629 606 698 628 seu
719 591 782 629 die
803 592 960 630 (16611113
980 601 1027 631 ut
1046 594 1223 643 leo-itm·
1214 608 1254 631 111
1270 594 1374 632 libro
1392 594 1704 644 obligationum.
1723 595 1915 646 Sepultus
1932 603 1994 634 est

286 647 396 697 apud
420 648 715 688 Carthusianos
739 651 953 690 Villaenox
959 667 1004 690 ae
1026 652 1068 690 in
1090 653 1225 691 medio
1248 654 1372 692 chori.

338 707 509 746 Tolosae
531 717 626 758 post
648 719 825 748 mortem
847 711 949 761 ejus,
972 719 1019 749 ut
1040 712 1124 762 ipse
1147 721 1401 751 testamento
1425 722 1592 751 caverat
1610 713 1638 762 ²,
1681 713 1898 753 conditum
1931 721 1995 752 est

286 766 502 816 collegium
528 768 638 817 quod
664 769 712 807 de
738 770 901 809 nomine
928 771 1014 820 ejus
1040 780 1238 810 vocatum
1263 781 1324 810 est
1349 773 1651 822 Magalonense.

340 826 382 863 P.
408 826 498 873 310,
522 827 588 876 lig.
615 828 650 866 3.
678 829 787 866 CASE
815 831 906 868 DEI.
932 831 1157 869 Transiisse
1182 845 1273 869 eam
1299 846 1497 882 pompam
1523 847 1595 882 per
1627 833 1772 871 urbem
1805 832 1994 871 Anicien-

287 901 369 924 sem
392 887 455 925 die
476 897 594 927 sexta
615 887 752 939 aprilis
773 899 814 928 et
844 906 990 942 corpus
1012 893 1233 931 Clementis
1264 893 1500 943 depositum
1531 894 1654 932 fuisse
1674 894 1715 931 in
1744 894 1996 932 monasterio

287 946 605 985 Carmelitarum
626 956 808 988 testatur
832 951 879 989 R.
906 952 947 989 P.
974 952 1063 989 Odo
1083 952 1290 1001 Gisseyus,
1314 953 1382 991 lib.
1411 953 1487 1001 ΙΙΙ,
1512 967 1600 1003 cap.
1622 968 1741 1001 xxm,
1762 953 1869 992 His-t.
1893 953 1996 991 Ani-

287 1004 444 1044 ciensiS.
468 1007 569 1045 Vide
589 1008 811 1057 Bzovium,
827 1024 891 1048 an.
916 1011 1030 1058 1352,
1059 1012 1074 1060 ξ
1096 1011 1158 1059 25,
1180 1020 1221 1049 et
1242 1012 1466 1050 Odoricum
1489 1012 1769 1062 Raynaldum,
1791 1027 1855 1051 an.
1880 1012 1996 1060 1352,

292 1064 309 1113 ἓ
328 1064 390 1104 24.
915 1086 918 1088 ’

341 1125 384 1163 P.
413 1125 502 1172 310,
530 1127 595 1176 lig.
619 1127 652 1165 6.
684 1128 871 1174 FRATER,
898 1130 1018 1179 Hugo
1049 1130 1211 1179 Rogerii
1238 1131 1455 1181 presbyter
1479 1131 1696 1169 cardinalis
1721 1131 1834 1169 tituli
1856 1129 1998 1170 Sancti
2039 1144 2043 1145 ⁷

289 1184 500 1222 Laurentii
527 1186 567 1223 in
598 1187 792 1236 Damaso,
822 1189 956 1227 dictus
986 1190 1228 1229 Tutelensis.

342 1245 384 1283 P.
407 1244 496 1293 310,
516 1246 583 1292 lig.
607 1246 641 1286 6.
665 1247 778 1285 TRES
798 1261 1006 1293 NEPO‘rES‚
1031 1250 1271 1288 Guillelmus
1294 1251 1342 1288 de
1364 1250 1541 1295 Judicia,
1560 1251 1756 1288 diaconus
1779 1250 1998 1289 cardinalis

288 1303 464 1342 Sanctae
479 1305 630 1344 Mariae
646 1306 685 1344 in
703 1307 934 1356 Cosmedin,
954 1309 1146 1347 Nicolaus
1161 1309 1209 1348 de
1222 1310 1360 1354 Bessa,
1376 1310 1573 1348 diaconus
1588 1310 1806 1348 cardinalis
1822 1309 1998 1349 Sanctae

289 1363 440 1402 Mariae
470 1364 512 1401 in
543 1365 610 1403 via
640 1366 726 1404 lata
757 1375 798 1404 et
829 1367 974 1406 Petrus
1010 1368 1173 1418 Rogerii
1205 1369 1252 1407 de
1282 1369 1509 1414 Belloforti,
1543 1369 1739 1408 diaconus
1781 1369 1999 1407 cardinalis

288 1422 465 1461 Sanctae
496 1424 647 1463 Mariae
678 1425 833 1465 Novae.

342 1483 384 1521 P.
409 1483 499 1530 310,
522 1484 588 1534 lig.
614 1484 648 1523 6.
674 1485 799 1524 UNUS
824 1501 1189 1526 CONSANGUINEUS
1217 1489 1457 1527 Guillelmus
1482 1489 1529 1526 de
1553 1488 1751 1538 Agrifolio
1782 1488 2000 1538 presbyter

288 1543 506 1581 cardinalis
537 1544 651 1582 tituli
682 1544 719 1583 S.
754 1546 907 1585 Mariae
939 1547 1067 1585 Trans
1100 1548 1306 1598 Tyberim.

342 1603 510 1641 Praeter
532 1603 618 1651 hos,
642 1605 777 1654 plures
801 1606 869 1644 alii
901 1621 1046 1657 corpus
1071 1608 1291 1646 Clementis
1316 1607 1504 1645 comitati
1535 1616 1645 1655 sunt,
1670 1607 1864 1645 nimirum
1888 1606 1999 1645 Guil-

286 1663 431 1702 lelmus
452 1677 585 1701 comes
604 1664 826 1703 Bellifortis
847 1666 975 1704 frater
993 1666 1095 1716 ejus,
1115 1675 1163 1705 ut
1180 1667 1330 1716 legitur
1359 1667 1404 1717 [t.
1424 1667 1461 1717 1]
1481 1682 1520 1718 p.
1542 1666 1632 1714 272,
1650 1667 1693 1704 111
1713 1666 1896 1705 Secunda
1919 1666 2000 1704 vita

288 1721 473 1772 ejusdem
494 1723 728 1762 Clementis.
752 1724 1027 1774 Raymundus
1049 1740 1213 1776 quoque
1235 1727 1282 1765 de
1304 1726 1501 1776 Agrifolio
1522 1726 1736 1777 episcopus
1760 1726 2000 1764 Ruthenen-

288 1782 355 1829 sis,
373 1790 420 1819 ut
436 1782 521 1832 ipse
539 1791 720 1821 testatur
736 1784 778 1821 in
795 1799 867 1822 suo
885 1793 1140 1824 testamento
1159 1802 1166 1824 :
1188 1786 1287 1824 Item
1303 1786 1489 1835 confiteor
1504 1794 1538 1823 et
1552 1798 1783 1835 recognosco
1800 1799 1859 1822 me
1877 1784 2000 1823 teneri

288 1842 525 1879 monasterio
568 1842 763 1880 Case-Dei
806 1844 1144 1883 Claromontensis
1187 1845 1353 1883 diocesis
1397 1845 1441 1882 in
1482 1853 1637 1883 centum
1689 1844 1855 1894 florenis
1908 1843 2000 1881 auri

289 1915 383 1951 quos
403 1916 475 1950 pro
494 1901 651 1950 fabrica
673 1902 805 1952 ipsius
826 1904 1056 1942 monasterii
1079 1905 1215 1949 obtuli,
1232 1913 1265 1943 et
1284 1904 1454 1954 promisi
1475 1905 1600 1942 eidem
1620 1905 1714 1942 dum
1728 1903 1858 1953 felicis
1878 1918 1999 1941 recor-

289 1960 464 2007 dationis
493 1961 678 1999 dominus
707 1962 887 2001 Clemens
914 1978 1025 2013 papa
1051 1973 1183 2002 sextas
1210 1964 1290 2013 suit
1318 1964 1423 2001 inibi
1451 1964 1683 2002 tumulatus,
1718 1964 1821 2001 Item
1852 1963 1999 2001 Petrus

289 2020 468 2058 Thomas
488 2022 702 2072 episcopus
724 2023 950 2071 Pactensis,
970 2031 1017 2060 ut
1035 2024 1076 2061 in
1101 2023 1194 2061 Vita
1214 2024 1316 2073 ejus,
1336 2038 1374 2073 p.
1395 2023 1457 2071 19,
1477 2031 1658 2061 testatur
1677 2022 1998 2061 Carmessonius.

289 2079 391 2118 Vide
407 2080 532 2118 etiam
552 2081 737 2119 Odonem
753 2082 968 2131 Gisseyum
990 2083 1029 2120 in
1047 2083 1136 2121 1060
1152 2084 1276 2134 paulo
1295 2091 1392 2121 ante
1408 2082 1592 2121 laudato.
1609 2082 1739 2120 Addit
1758 2081 2000 2119 Franciscus

291 2139 547 2177 Duchesnius
571 2141 609 2177 in
635 2141 819 2179 Historia
842 2142 1184 2180 Cancellariorum
1206 2142 1417 2190 Franciae,
1441 2157 1479 2192 p.
1505 2141 1594 2189 311,
1618 2141 1706 2191 ejus
1729 2141 1862 2179 funeri
1885 2154 2000 2191 prae-

288 2207 400 2237 terea
424 2199 658 2238 interfuisse
684 2209 776 2239 octo
801 2201 1144 2252 archiepiscopos,
1170 2216 1241 2240 sex
1266 2201 1493 2252 episcopos,
1519 2209 1560 2239 et
1587 2201 1785 2251 plurimos
1809 2199 2000 2247 abbates,

289 2259 473 2306 comites,
499 2268 540 2297 et
564 2268 790 2309 magnates.
818 2258 896 2298 Sed
919 2261 1029 2299 unde
1052 2261 1165 2299 istud
1189 2261 1405 2310 acceperit,
1432 2274 1514 2298 non
1536 2260 1707 2298 indicat.

344 2318 387 2357 P.
404 2318 493 2366 310,
509 2319 575 2368 lig.
593 2319 627 2358 9.
650 2320 992 2357 MONTISMAIORIS
1013 2320 1129 2370 cujus
1145 2329 1236 2358 tum
1251 2320 1380 2358 abbas
1396 2327 1485 2357 erat
1500 2319 1725 2357 Jaubertus
1741 2318 1790 2357 de
1806 2318 2000 2363 Livrono‚

289 2378 437 2416 nobilis
471 2378 787 2426 Lemovicensis‚
820 2380 955 2417 factus
999 2380 1128 2417 abbas
1159 2379 1277 2417 istius
1310 2378 1550 2417 monasterii
1581 2378 1633 2416 ab
1668 2377 1910 2416 Innocentio
1942 2377 2000 2414 VI

288 2437 416 2475 literis
454 2437 561 2475 datis
597 2438 709 2488 apud
746 2438 1066 2486 Villamnovam,
1108 2438 1397 2476 Avinionensis
1443 2438 1653 2485 dioecesis,
1691 2451 1760 2474 vm
1795 2437 1887 2474 idus
1935 2435 1999 2486 [8]

288 2497 378 2546 julii
405 2511 513 2534 anno
540 2498 672 2547 primo
710 2497 867 2548 [1353]‚
891 2512 983 2535 cum
1010 2507 1133 2536 antea
1154 2506 1260 2536 esset
1286 2497 1415 2534 abbas
1439 2497 1580 2534 Sancti
1607 2496 1795 2534 Andreae
1822 2495 1996 2535 Avenio·

290 2556 438 2594 nensis,
476 2557 792 2595 Testamentum
827 2557 1013 2595 condidit
1048 2571 1156 2594 anno
1192 2556 1446 2603 MCCCLXI,
1483 2556 1546 2594 die
1583 2570 1654 2593 xm
1687 2555 1807 2605 junii,
1841 2555 1881 2592 in
1918 2568 1999 2604 quo

288 2615 411 2664 jussit
436 2631 581 2666 corpus
606 2630 740 2664 suum,
767 2616 1114 2666 quandocumque
1138 2616 1223 2666 ipse
1247 2615 1367 2653 rebus
1393 2615 1584 2652 humanis
1609 2614 1862 2661 excessisset,
1887 2626 2000 2663 sepe-

289 2675 352 2712 liri
374 2675 414 2712 in
439 2676 626 2725 proximo
651 2675 791 2713 Sancti
815 2675 1003 2713 Andreae
1027 2675 1277 2713 monasterio
1298 2674 1421 2723 juxta
1444 2674 1627 2712 fratrem.

346 2735 387 2772 P.
410 2735 498 2780 310,
520 2735 585 2784 lig.
609 2735 669 2773 24.
694 2735 824 2773 MlslT.
847 2735 1034 2782 Theiner,
1056 2734 1198 2781 Codex,
1220 2742 1248 2771 t.
1269 2748 1310 2780 11,
1330 2748 1368 2783 p.
1391 2730 1480 2781 246,
1502 2748 1540 2771 11.
1562 2733 1650 2771 242.

346 2894 370 2925 l.
403 2894 591 2925 (jonii-lori
626 2894 753 2936 ajoute
782 2894 828 2937 (p.
865 2893 921 2937 85)
950 2876 1059 2925 nocte
1077 2893 1248 2935 sequenti,
1278 2891 1506 2924 &esna-dire
1535 2892 1626 2924 dans
1653 2891 1687 2923 la
1723 2889 1807 2922 nuit
1831 2890 1880 2922 du
1907 2889 1927 2921 9
1952 2900 2000 2921 au

293 2946 336 2977 '10
353 2954 357 2961 ‘
410 2959 419 2977 1
437 2946 454 2978 ”.

343 2958 605 3037 §.mllourwnim
636 3000 782 3040 Staczits,
812 3006 837 3033 t.
864 3012 887 3040 1,
915 3011 949 3033 n.
979 2999 1047 3032 659
1073 3005 1111 3031 ct
1136 2998 1215 3031 686.
1251 3017 1299 3020 —
1333 2997 1403 3030 Sur
1428 2998 1579 3030 Audoin
1597 2997 1753 3036 Aubert,
1782 2995 1864 3028 voir
1891 2995 2000 3028 Ehrle

301 3051 346 3092 (Il
355 3053 480 3084 mlmta
505 3027 759 3092 Bibliothecae,
788 3059 864 3092 t.1‚
893 3065 927 3096 p.
956 3053 1053 3095 140),
1082 3052 1291 3084 Obituai'res
1321 3051 1359 3094 (t.
1386 3063 1409 3090 1,
1439 3063 1472 3094 p.
1503 3051 1582 3090 218,
1613 3051 1697 3089 227;
1722 3056 1747 3083 t.
1774 3061 1825 3088 111,
1853 3060 1887 3092 p.
1917 3049 1996 3087 255,

298 3105 342 3136 25
349 3105 394 3146 7)
423 3105 600 3137 1011111111
625 3106 785 3147 (Stantis,
810 3112 879 3145 t.1‚
903 3118 936 3149 p.
962 3105 1057 3148 918).
