2083 3458
265 210 346 251 626
913 222 1065 248 NOTAE
1100 223 1160 247 AD
1195 222 1322 263 viTAS
1817 207 1968 262 [1103]

263 310 342 347 sibi
362 310 463 360 quod
480 316 576 346 esset
594 306 814 345 cardinalis
833 307 877 343 de
896 306 1029 353 Luna,
1049 313 1084 343 et
1103 305 1145 343 in
1164 320 1259 343 casu
1279 306 1380 356 quod
1400 306 1538 343 vellent
1556 307 1658 356 quod
1675 314 1771 344 esset
1790 307 1834 344 de
1853 320 1971 356 regno

264 368 447 416 Francie,
474 367 653 418 placebat
677 366 757 403 sibi
784 380 874 403 cum
899 365 1097 403 cardinali
1125 366 1169 402 de
1195 364 1428 412 Britannia,
1456 373 1490 403 et
1517 365 1560 403 in
1586 380 1680 404 casu
1707 367 1810 416 quod
1835 366 1973 404 vellent

265 429 365 478 quod
386 435 482 465 esset
501 427 658 476 factura
679 433 714 463 et
735 424 976 463 helemosina
998 431 1103 475 pape
1133 424 1326 474 Gregorii,
1350 425 1453 474 quod
1474 433 1572 463 esset
1589 425 1809 463 cardinalis
1833 425 1971 464 Sancti

263 487 487 534 Eustachii,
513 485 702 537 quoniam
727 492 995 522 manuteneret
1020 484 1131 522 illius
1151 483 1365 534 alumpnos
1381 484 1589 534 sicutipse
1608 500 1717 535 papa
1745 484 1970 534 Gregorius,

264 555 297 585 et
312 547 354 584 in
369 561 463 584 casu
477 546 579 596 quod
592 545 730 583 vellent
744 545 787 582 de
801 552 909 582 extra
923 543 1144 593 collegium,
1159 543 1341 593 placebat
1352 543 1432 581 sibi
1448 545 1550 594 quod
1559 544 1745 593 eligerent
1755 543 1971 595 archiepis-

263 620 404 656 copum
424 605 722 655 Hispalensem,
745 612 779 641 et
798 612 891 641 tunc
911 603 1064 641 dixerat
1084 603 1304 641 cardinalis
1325 603 1369 640 de
1390 603 1591 653 Agrifolio
1613 618 1702 641 cum
1721 603 1878 654 sequela
1896 617 1972 642 sua

263 667 364 716 quod
390 665 573 702 nolebant
598 664 815 702 consentire
842 663 885 700 in
910 662 1045 713 aliquo
1072 662 1250 710 istorum,
1277 670 1311 700 et
1336 663 1555 701 cardinalis
1588 663 1858 700 Gebennensis
1883 677 1973 701 cum

261 740 336 764 sua
361 725 517 775 sequela
542 724 694 762 dixerat
720 723 822 773 quod
847 737 915 760 nec
942 722 1026 772 ipse
1053 722 1203 760 volebat
1227 722 1445 760 consentire
1473 722 1516 760 in
1541 722 1674 772 aliquo
1700 737 1877 762 suorum.
1906 722 1970 770 Et,

262 793 378 835 prout
394 783 562 831 audivit,
580 791 663 821 erat
678 783 761 820 alia
778 782 946 832 sequela,
966 782 1010 819 de
1028 796 1105 832 qua
1123 796 1202 819 non
1219 782 1456 830 recordatur,
1474 790 1604 820 tamen
1621 782 1742 820 credit
1758 782 1861 832 quod
1875 789 1972 823 esset

263 846 307 882 de
323 844 519 882 Romanis
536 851 570 881 et
592 842 774 881 Ytalicis.
797 842 1067 891 Interrogatus
1085 841 1152 891 qui
1168 841 1431 891 sequebantur
1448 841 1691 879 cardinalem
1708 842 1753 879 de
1769 841 1970 891 Agrifolio

263 904 365 942 discit
388 904 490 954 quod
513 902 690 940 credebat
712 909 747 939 et
770 901 927 939 audivit
951 901 1030 939 dici
1056 901 1158 950 quod
1181 909 1293 938 erant
1316 901 1361 938 de
1384 915 1460 938 sua
1483 901 1639 951 sequela
1663 900 1913 939 Pictavensis
1937 909 1971 938 et

261 962 565 1009 Lemovicensis,
595 961 858 1008 Vivariensis,
885 960 1062 1008 llffajoris
1086 960 1330 1008 monasterii,
1355 968 1389 998 et
1411 960 1485 998 alii
1509 961 1553 998 de
1577 961 1722 1011 quibus
1747 975 1825 998 non
1849 975 1968 998 recor-

263 1024 389 1062 datur.
412 1023 463 1060 Et
481 1036 571 1060 cum
597 1021 844 1059 Gebennensi
863 1028 975 1058 erant
993 1021 1038 1072 de
1056 1020 1277 1058 Britannia
1295 1028 1330 1057 et
1349 1019 1487 1058 Sancti
1505 1020 1716 1058 Eustachii
1736 1029 1770 1057 et
1788 1021 1833 1058 de
1851 1020 1970 1057 Luna

257 1084 296 1121 et
318 1083 391 1121 alii
417 1083 459 1120 de
484 1081 628 1132 quibus
653 1095 732 1118 non
755 1080 990 1118 recordatur.
1018 1080 1073 1117 Et
1097 1079 1242 1119 statim
1259 1072 1454 1129 *sequitur
1477 1079 1519 1117 in
1542 1080 1687 1117 eadem
1712 1079 1969 1130 depositione

261 1143 452 1182 eumdem
473 1149 625 1180 testem
647 1141 950 1190 interrogatum
972 1154 1094 1190 super
1116 1139 1290 1178 articulo
1313 1139 1363 1177 33
1385 1152 1501 1177 casus
1523 1139 1645 1189 primi
1668 1139 1800 1186 electi,
1823 1139 1865 1177 in
1889 1153 1969 1188 quo

261 1202 397 1253 agitur
428 1202 475 1239 de
505 1208 692 1239 tractatu
724 1214 847 1249 quem
879 1199 1128 1237 Urbanistae
1160 1198 1356 1237 dicebant
1385 1198 1577 1237 habitum
1607 1199 1648 1236 in
1679 1198 1866 1237 conclavi
1895 1213 1968 1248 pro

261 1262 458 1301 electione
475 1260 799 1307 Bartholomaei,
818 1259 967 1297 dixisse
985 1258 1192 1296 audivisse
1210 1273 1250 1296 se
1269 1259 1371 1309 quod
1386 1258 1605 1296 cardinalis
1623 1259 1666 1296 de
1683 1259 1802 1296 Luna
1819 1258 1970 1296 dixerat

261 1320 458 1360 cardinali
492 1319 762 1358 Lemovicensi
797 1319 899 1369 quod
930 1326 1020 1356 ante
1052 1318 1167 1356 sciret
1211 1318 1310 1355 mori
1345 1332 1464 1368 quam
1496 1318 1635 1367 eligere
1678 1332 1901 1365 romanum,
1936 1325 1970 1355 et

260 1380 552 1419 Lemovicensis
572 1379 725 1417 dixerat
742 1378 837 1426 sibi,
859 1386 893 1415 et
912 1392 980 1427 ego
1002 1377 1118 1425 idem,
1141 1386 1233 1415 tunc
1253 1377 1406 1416 dixerat
1425 1377 1644 1415 cardinalis
1665 1377 1709 1415 de
1729 1377 1848 1415 Luna
1869 1377 1971 1427 quod

261 1441 465 1479 videbatur
479 1439 559 1477 sibi
579 1439 724 1477 bonum
741 1438 843 1488 quod
857 1438 1043 1487 eligerent
1058 1452 1185 1475 unum
1207 1436 1421 1484 Ytalicum,
1435 1445 1469 1474 et
1483 1436 1775 1474 Lemovicensis
1792 1436 1968 1474 dixerat:

264 1500 428 1539 Videtur
453 1498 561 1547 vobis
588 1499 690 1549 quod
713 1505 810 1536 esset
829 1497 973 1535 bonum
992 1497 1094 1547 quod
1117 1497 1349 1546 eligeremus
1369 1488 1712 1547 archiepiscopum
1738 1496 1967 1544 Barensem,

260 1564 298 1599 et'
329 1560 393 1597 ille
428 1560 472 1597 de
506 1559 626 1596 Luna
670 1557 873 1608 respondit
907 1557 1009 1607 quod
1050 1556 1230 1607 placebat
1263 1556 1357 1604 sibi,
1393 1564 1427 1594 et
1461 1564 1553 1594 tunc
1589 1556 1666 1594 ista
1712 1555 1969 1605 notificarunt

259 1618 535 1658 cardinalibus
566 1618 609 1656 de
639 1616 840 1667 Agrifolio
871 1624 904 1654 et
934 1615 1175 1664 Pictavensi,
1206 1624 1241 1654 et
1270 1616 1332 1667 illi
1362 1617 1648 1666 responderunt
1669 1616 1772 1666 quod
1792 1615 1970 1665 placebat

259 1679 327 1717 eis.

312 1739 487 1776 Alvarus
517 1736 774 1783 Gundisalvi,
803 1736 1023 1775 canonicus
1052 1735 1340 1783 Cordubensis,
1368 1735 1646 1785 interrogatus
1675 1749 1796 1785 super
1823 1734 1967 1772 eodem

259 1799 433 1836 articulo
452 1797 554 1835 dixit
569 1797 672 1846 quod
686 1795 842 1834 audivit
858 1796 960 1845 quod
975 1809 1064 1832 cum
1080 1794 1303 1833 cardinales
1321 1809 1400 1832 non
1417 1795 1694 1832 concordarent
1709 1793 1849 1843 eligere
1869 1794 1913 1831 de-
1929 1808 1968 1831 se

262 1858 376 1908 ipsis,
403 1856 621 1895 cardinalis
647 1854 938 1893 Lemovicensis
962 1854 1134 1892 surrexit
1158 1862 1192 1892 et
1217 1854 1319 1893 dixit
1345 1870 1352 1891 :
1376 1853 1559 1901 Domini,
1585 1868 1632 1891 ex
1656 1867 1730 1904 quo
1752 1854 1862 1891 Deus
1888 1867 1967 1890 non

260 1918 341 1956 vult
368 1917 470 1967 quod
496 1916 771 1954 concordemus
802 1914 845 1951 in
871 1928 1083 1964 personam
1110 1914 1278 1963 collegii,
1308 1921 1415 1951 teneo
1442 1914 1545 1964 quod
1570 1921 1729 1963 propter
1756 1913 1825 1950 hoc
1852 1912 1966 1950 habe-

263 1976 393 2014 bimus
411 1976 550 2025 eligere
569 1976 612 2013 de
629 1983 737 2012 extra
755 1974 975 2023 collegium,
994 1982 1030 2011 et
1046 1974 1147 2024 quod
1163 1973 1316 2011 dixerat
1348 1989 1355 2010 :
1376 1972 1470 2010 Non
1487 1972 1596 2010 video
1614 1973 1739 2010 aliam
1756 1986 1966 2022 personam

262 2036 316 2074 ita
336 2036 501 2084 dignam
520 2035 623 2072 sicut
641 2033 986 2084 archiepiscopum
1006 2033 1235 2080 Bar-ensem,
1258 2033 1324 2082 qui
1344 2041 1426 2070 erat
1444 2046 1615 2082 persona
1633 2040 1771 2070 sancta
1790 2039 1825 2069 et
1844 2031 1967 2080 digna

259 2104 294 2133 et
315 2095 469 2133 amicus
492 2103 526 2132 et
549 2103 663 2132 notus
686 2093 873 2131 omnibus
898 2092 978 2131 illis
1003 2101 1037 2130 et
1060 2101 1209 2130 mature
1233 2092 1346 2131 etatis
1369 2100 1404 2129 et
1424 2091 1658 2142 sufficientis
1682 2091 1909 2137 litterature,
1933 2098 1968 2128 et

261 2155 363 2204 quod
383 2155 535 2192 dixerat
552 2154 688 2192 statim
711 2169 717 2190 :
743 2153 793 2190 In
815 2153 973 2190 nomine
993 2152 1131 2190 Patris
1151 2160 1185 2189 et
1204 2151 1307 2189 Filii
1328 2160 1364 2189 et
1383 2150 1564 2201 Spiritus
1585 2151 1736 2189 Sancti.
1758 2151 1844 2200 Ego
1862 2150 1966 2199 ‚eligo

261 2214 378 2251 libere
411 2222 445 2251 et
477 2221 614 2264 sponte
648 2213 691 2250 in
723 2227 875 2263 papam
907 2212 1251 2261 archiepiscopum
1284 2211 1512 2248 Barensem.
1549 2210 1693 2248 Statim
1726 2224 1859 2247 omnes
1892 2209 1966 2247 alii

260 2273 482 2311 cardinales
514 2273 712 2322 elegerunt
742 2286 831 2309 eum
863 2272 994 2309 eodem
1027 2271 1151 2318 modo,
1185 2278 1339 2321 excepto
1372 2270 1573 2308 cardinale
1606 2270 1650 2307 de
1689 2268 1865 2317 Ursinis,
1899 2268 1967 2319 qui

263 2333 399 2370 ultimo
417 2332 542 2370 dixit
561 2332 647 2381 Ego
664 2331 765 2381 eligo
784 2330 929 2369 illum
917 2345 959 2368 in
976 2345 1088 2380 quem
1106 2329 1233 2380 major
1248 2344 1343 2380 pars
1360 2328 1563 2367 consentit.

316 2392 362 2430 In
383 2391 709 2442 depositionibus
731 2390 807 2428 illis
830 2390 1035 2440 quaedam
1055 2398 1152 2428 sunt
1172 2403 1283 2437 vera,
1304 2389 1436 2428 multa
1458 2388 1573 2426 falsa.
1597 2388 1704 2425 Nam
1725 2395 1884 2426 certum
1904 2394 1966 2425 est

261 2451 496 2490 Lemoxices
528 2451 651 2488 fuisse
682 2465 822 2500 passos
855 2449 1226 2488 contradictionem
1257 2462 1279 2486 a
1312 2448 1454 2487 ceteris
1487 2447 1778 2494 cardinalibus,
1809 2455 1854 2484 at
1883 2460 1966 2484 non

262 2511 303 2547 in
329 2510 526 2548 conclavi.
555 2511 660 2549 Tum
686 2510 795 2548 enim
820 2517 960 2547 actum
987 2523 1070 2546 non
1095 2516 1157 2546 est
1182 2508 1231 2545 de
1258 2507 1444 2557 eligendo
1469 2521 1593 2557 papa,
1620 2507 1690 2545 sed
1716 2506 1764 2545 de
1790 2505 1965 2543 vitando

261 2570 452 2619 periculo.
484 2569 643 2619 Cupido
672 2577 814 2607 autem
843 2568 955 2606 vitae
985 2568 1122 2606 effecit
1150 2576 1197 2605 ut
1227 2567 1453 2605 cardinales
1481 2566 1524 2604 in
1555 2567 1664 2604 hunc
1695 2565 1963 2616 archiepisco-

260 2642 358 2677 pum
388 2629 610 2667 Barensem
641 2628 892 2678 conjicerent
920 2628 1070 2675 oculos,
1099 2627 1198 2664 alias
1227 2640 1309 2664 non
1337 2626 1500 2673 facturi,
1520 2634 1568 2663 ut
1594 2625 1863 2664 manifestum
1881 2631 1962 2670 θεῖς

262 2695 424 2725 constat
461 2688 612 2737 quippe
640 2687 727 2725 illos
759 2695 881 2725 antea
922 2701 1004 2724 non
1036 2686 1235 2735 cogitasse
1276 2686 1324 2723 de
1364 2685 1684 2723 Bartholomaeo
1715 2683 1742 2722 1.
1776 2683 1854 2722 Sed
1884 2682 1962 2721 ista

261 2747 436 2784 conficta
462 2755 558 2784 sunt
587 2747 638 2784 ab
670 2746 904 2784 Urbanistis
934 2753 981 2783 ut
1011 2745 1158 2795 aliquis
1188 2745 1320 2782 bonus
1351 2744 1461 2782 color
1490 2744 1578 2781 dari
1607 2751 1747 2794 posset
1774 2742 1964 2781 electioni

263 2820 360 2853 ejus

317 2865 358 2901 l).
383 2865 470 2911 418,
494 2866 559 2914 lig.
586 2865 618 2903 7.
646 2866 815 2902 PETRUS
841 2865 1094 2902 FLANDRINI.
1123 2864 1240 2901 Illum
1265 2871 1429 2901 constat
1452 2862 1573 2901 fuisse
1595 2862 1729 2913 patria
1753 2861 1962 2899 Vivarien-

263 2937 359 2969 scm,
392 2932 527 2961 ortum
557 2939 575 2961 e
604 2925 762 2962 Bourea
792 2924 954 2962 modico
984 2923 1094 2974 apud
1124 2923 1380 2961 vivarienses
1410 2936 1529 2972 pago,
1558 2929 1606 2959 ut
1635 2921 1755 2959 docet
1782 2920 1960 2958 Joannes

269 2982 465 3029 (Ioluinbi,
494 2983 702 3020 doctorem
740 2983 1009 3030 decretorum,
1040 2991 1080 3020 et
1117 2982 1315 3020 decanum
1350 2981 1552 3019 Ecclesiae
1582 2979 1831 3030 Bajocensis,
1871 2987 1960 3017 tun}

309 3105 338 3136 1.
370 3105 465 3137 (L’vst
496 3107 524 3137 lc
555 3107 737 3140 contraire
768 3108 855 3150 qu’il
887 3107 969 3139 faut
997 3107 1134 3140 retcnir
1167 3107 1223 3148 (N.
1255 3106 1391 3147 Valois,
1424 3112 1448 3138 t.
1478 3118 1502 3145 1,
1534 3116 1568 3148 p.
1601 3105 1735 3147 29-35).
