2083 3458
121 271 245 327 [944]
646 289 862 314 PAPARUM
896 286 1279 314 AVENIONENSIUM
1721 269 1804 311 459

107 384 215 409 anno
238 371 552 419 MCCCXLVII,
575 379 623 409 ut
644 371 785 409 scribit
806 372 915 409 idem
938 371 1141 409 Levoldus
1175 371 1228 421 [p.
1254 370 1368 421 198]‚
1392 370 1508 420 cujus
1530 369 1655 407 verba
1678 369 1800 419 digna

107 438 204 467 sunt
231 444 334 479 quae
359 430 481 468 isthic
508 430 794 468 describantur
821 446 828 467 :
858 431 934 468 Sed
959 431 1050 478 duce,
1078 430 1145 480 qui
1172 444 1362 478 magnum
1387 429 1553 467 habebat
1577 428 1799 468 exercitum,

105 502 194 526 cum
214 489 424 538 episcopus
445 489 590 527 veniret
610 490 662 526 ad
683 489 816 538 ipsum
838 490 1058 537 rogandum
1080 490 1181 539 quod
1200 489 1417 538 procederet
1437 497 1471 525 et
1491 487 1648 534 veniret,
1671 487 1803 524 renuit

108 549 310 596 procedere
336 549 469 586 dicens
495 548 597 598 quod
622 562 701 585 non
727 549 944 597 procederet
971 563 1096 585 unum
1122 548 1257 597 pedem
1284 547 1365 584 nisi
1391 547 1507 597 prius
1535 546 1665 596 filium
1684 560 1804 583 suum

108 606 331 644 Henricum
360 607 582 656 infeudaret
609 607 653 644 de
681 607 923 645 Alaclzlinia.
956 607 1096 656 Sicque
1125 607 1336 656 episcopus
1364 605 1517 655 positus
1547 605 1589 642 in
1613 604 1803 654 angustia

109 664 246 702 videns
276 666 319 703 in
348 666 528 715 proximo
557 680 629 703 suo
662 665 803 702 bellum
826 666 1045 711 imminere,
1069 666 1293 703 necessitate
1313 673 1467 702 coactus
1487 665 1579 714 jecit
1598 664 1699 714 quod
1715 663 1803 712 jure

107 724 234 772 facere
256 737 334 762 non
355 724 496 774 potuit,
511 733 545 762 et
565 724 812 774 praedictum
835 724 965 773 filium
988 725 1100 761 ducis
1123 723 1363 773 inseudavit3
1385 724 1472 761 licet
1491 723 1561 760 illa
1583 722 1804 772 infeudatio

110 797 188 820 non
214 792 354 821 teneret
379 784 423 821 de
446 784 535 833 jure
559 792 594 821 et
618 792 715 821 esset
741 783 920 820 invalida
946 791 1136 833 tanquam
1162 784 1207 820 de
1233 783 1349 831 feudo
1376 783 1478 832 quod
1508 796 1554 819 est
1577 782 1642 819 sui
1672 781 1804 831 prima

106 841 340 890 fundatione
367 843 468 880 lianc
495 842 757 880 conditionem
783 842 950 879 habebat
976 856 1173 879 annexam
1197 842 1298 891 quod
1325 857 1349 879 a
1375 841 1560 879 comitatu
1588 840 1805 878 Flandriae

107 908 141 937 et
167 916 191 938 a
220 901 374 939 duobus
410 902 504 939 aliis
538 901 683 950 feudis,
721 901 896 939 videlicet
939 901 1207 938 Geraldimont
1238 909 1271 938 et
1310 899 1533 947 Vortcleem,
1566 899 1658 937 huic
1688 899 1805 948 feudo

107 960 261 997 comitis
281 961 461 1010 separari
489 975 568 998 non
588 971 735 1010 posset.
763 960 892 999 Immo
914 960 955 997 in
977 960 1250 997 conventione
1271 960 1373 996 inita
1398 959 1505 997 inter
1525 972 1661 1008 regem
1683 958 1806 995 Phili·

107 1033 207 1068 pum
228 1028 269 1057 et
285 1019 489 1058 Joannem
511 1019 657 1058 ducem
678 1028 819 1057 actum
840 1027 901 1057 est
922 1027 968 1055 ut
986 1018 1219 1056 Ludovicus
1237 1018 1347 1055 omni
1367 1018 1456 1067 jure
1479 1032 1551 1055 suo
1577 1018 1615 1054 in
1639 1017 1806 1054 Machli-

107 1077 219 1117 niam
248 1079 409 1117 cederet
441 1079 616 1116 Henrico
646 1078 919 1128 primogenito
949 1078 1135 1127 ejusdem
1164 1077 1277 1115 ducis
1308 1076 1494 1123 Joannis,
1524 1084 1571 1113 ut
1599 1076 1728 1125 liquet
1757 1090 1807 1113 ex

105 1137 233 1175 literis
257 1137 442 1186 ejusdem
460 1138 561 1187 regis
587 1138 693 1175 datis
718 1137 829 1187 apud
855 1137 1053 1175 Sanctum
1075 1136 1321 1184 Quintinum
1344 1136 1385 1173 in
1409 1135 1675 1174 Viromandia
1700 1149 1807 1172 anno

108 1196 408 1234 MCCCXLVII
439 1197 501 1235 die
533 1196 678 1246 quinta
707 1196 824 1246 junii,
856 1210 956 1245 quas
986 1195 1164 1233 vidimus
1195 1195 1469 1232 authenticas.
1505 1193 1673 1232 Interim
1705 1193 1808 1231 obiit

110 1255 309 1293 Henricus
346 1256 500 1305 absque
536 1256 686 1302 liberis,
722 1263 763 1293 et
800 1255 979 1292 Joannes
1018 1269 1194 1304 quoque,
1230 1262 1349 1304 pater
1384 1253 1485 1302 ejus,
1521 1260 1665 1304 postea
1701 1266 1808 1290 anno

109 1314 318 1352 MCCCLV
351 1315 559 1352 extinctus
592 1322 667 1361 est,
701 1314 812 1351 nullo
845 1314 992 1352 herede
1024 1314 1165 1351 relicto
1198 1321 1361 1363 praeter
1395 1313 1599 1350 Joannam
1633 1319 1808 1362 nuptam

109 1372 346 1411 WVenceslao
382 1373 552 1411 Joannis
586 1373 808 1412 Bohemiae
842 1373 943 1422 regis
982 1373 1078 1419 filio,
1114 1372 1231 1409 fratri
1269 1371 1409 1409 Karoli
1448 1371 1502 1408 IV
1535 1370 1807 1420 imperatoris.

112 1432 148 1470 Is
176 1446 269 1482 ergo
297 1441 391 1482 post
419 1433 579 1470 obitum
606 1433 732 1470 soceri
760 1432 894 1470 factus
923 1432 1009 1469 dux
1034 1431 1284 1469 Brabantiae
1312 1430 1614 1481 praetendebat
1643 1429 1809 1467 Machli—

108 1491 220 1530 niam
235 1491 287 1528 ad
303 1506 342 1529 se
359 1492 561 1542 pertinere
579 1492 725 1530 debere
741 1491 900 1529 ratione
916 1490 1196 1537 successionis,
1212 1498 1305 1527 tum
1321 1489 1416 1539 quia
1434 1490 1613 1526 Joannes
1634 1488 1809 1526 Henrieo

112 1550 208 1598 filio,
233 1551 296 1588 cui
319 1565 365 1589 ea
387 1551 603 1589 infeudata
626 1551 775 1597 fuerat,
799 1558 1064 1596 successerat,
1089 1558 1129 1587 et
1152 1549 1237 1599 ipse
1260 1549 1419 1586 ratione
1442 1547 1580 1585 uxoris
1603 1561 1700 1585 suae
1723 1555 1811 1585 erat

108 1609 222 1648 heres
255 1610 426 1648 Joannis
458 1618 499 1648 et
531 1610 710 1657 Henrici,
742 1618 833 1647 tum
864 1609 958 1658 quia
989 1623 1080 1647 eam
1110 1623 1132 1646 a
1164 1608 1319 1646 ducatu
1348 1607 1600 1645 Brabantiae
1631 1606 1811 1656 separari

109 1682 190 1706 non
208 1683 327 1718 posse
351 1669 489 1707 aiebat
507 1677 554 1706 ut
580 1677 761 1707 testatur
783 1668 1025 1718 Radulphus
1046 1668 1093 1705 de.
1115 1668 1236 1713 Rivo,
1256 1681 1344 1717 cap.
1363 1681 1406 1704 1v
1431 1666 1510 1716 [ed.
1532 1665 1811 1715 Chapeaville‚

109 1735 139 1765 t.
159 1742 215 1775 111,
236 1742 274 1778 p.
299 1727 344 1778 7]
362 1728 421 1764 De
441 1728 558 1777 gestis
577 1728 805 1776 Engelberti
825 1743 849 1764 a
869 1727 1020 1764 ffilarlsa
1038 1726 1216 1776 episcopi
1236 1725 1480 1764 Leodiensis.
1503 1725 1655 1763 Contra
1678 1724 1810 1761 Ludo-

111 1786 223 1824 vicus
262 1787 486 1834 Maleanus,
525 1787 594 1836 qui
632 1795 722 1826 tum
761 1786 971 1824 Ludovico
1010 1785 1252 1824 Nivernensi
1289 1784 1398 1835 patri
1436 1798 1508 1822 suo
1546 1791 1810 1829 successerat,

108 1846 299 1884 eamdem
323 1846 468 1885 urbem
493 1860 610 1884 suam
635 1861 720 1884 esse
747 1845 912 1883 dicebat
937 1845 1096 1883 ratione
1123 1844 1343 1894 emptionis
1370 1858 1391 1881 a
1418 1851 1535 1893 patre
1562 1857 1635 1880 suo
1662 1842 1810 1888 factae,

110 1919 192 1942 non
221 1905 353 1943 solum
382 1905 434 1942 ab
472 1905 663 1955 episcopo
703 1904 931 1951 Leodiensi,
961 1904 1029 1942 sed
1061 1904 1188 1941 etiam
1217 1917 1239 1940 a
1272 1902 1490 1952 Raynaldo
1521 1901 1679 1941 Gelriae
1710 1901 1811 1939 duce

110 1964 259 2001 marito
289 1964 464 2014 Sophiae
497 1964 601 2002 filiae
633 1964 829 2002 Florentii
856 1963 1083 2010 Bertholdi,
1107 1963 1229 2012 vulgo
1259 1959 1458 2008 Bertlzout,
1481 1961 1533 1998 ad
1563 1974 1688 2010 quam
1718 1974 1810 1998 cum

110 2022 339 2061 hereditate
362 2023 584 2062 transierat
607 2023 827 2061 Machlinia
851 2023 947 2060 olim
969 2022 1021 2060 ad
1043 2021 1287 2060 Bertholdos
1311 2021 1533 2071 pertinens,
1557 2028 1604 2057 ut
1626 2019 1667 2056 in
1691 2018 1809 2056 Chro-

111 2081 198 2119 nico
221 2081 380 2131 Belgica
403 2082 455 2119 ad
478 2096 634 2119 annum
666 2082 928 2120 millesimum
952 2081 1197 2119 CCCXLIII
1221 2080 1363 2118 scribit
1386 2079 1594 2117 Aubertus
1620 2078 1808 2116 Miraeus.

112 2140 230 2188 Quod
254 2141 348 2178 hinc
373 2155 535 2190 quoque
560 2141 761 2191 probatur
786 2141 895 2190 quod
922 2141 1102 2178 Joannes
1132 2140 1185 2187 ΙΙ,
1211 2139 1296 2176 dux
1318 2138 1584 2184 Brabantiae,
1609 2151 1690 2174 una
1716 2151 1808 2174 curn

112 2199 271 2237 Joanne
292 2200 497 2237 Berthout
518 2200 671 2239 bellum
691 2200 823 2239 movit
844 2200 1040 2237 adversus
1062 2200 1168 2236 hanc
1186 2198 1344 2245 urbem,
1366 2206 1414 2235 ut
1434 2197 1583 2247 legitur
1603 2196 1645 2233 in
1665 2195 1808 2233 eodem

111 2258 248 2296 codice
281 2257 356 2296 720
376 2259 650 2297 bibliothecae
681 2259 939 2297 Colbertinae
954 2257 980 2305 ¹,
1000 2258 1068 2297 fol.
1099 2258 1149 2295 54
1167 2265 1224 2304 v0,
1246 2257 1307 2295 his
1330 2256 1485 2294 verbis:
1509 2256 1629 2292 Anno
1642 2253 1808 2291 Domini

112 2317 346 2355 stICCCIII
359 2327 515 2368 propter
528 2326 646 2355 certos
659 2332 837 2356 esccessus
851 2326 1091 2368 perpetratos
1105 2331 1174 2366 per
1189 2316 1276 2354 illos
1291 2317 1335 2353 de
1349 2314 1574 2352 Mechlinia
1590 2314 1807 2359 Johannes,

110 2376 192 2413 dua:
220 2376 450 2424 Brabantie,
482 2385 516 2414 et
548 2377 751 2414 Jolzannes
782 2377 980 2424 Berthout,
1013 2376 1165 2413 domini
1196 2375 1308 2425 opidi
1339 2372 1658 2418 Meclzliniensis,
1685 2386 1808 2408 manu

111 2435 258 2484 potenti
277 2444 311 2473 et
330 2444 483 2473 armata
505 2436 605 2473 idem
625 2436 791 2486 opidum
810 2436 1053 2482 obsederunt,
1075 2443 1108 2472 et
1127 2435 1284 2472 tandem
1305 2433 1365 2470 illi
1386 2433 1430 2470 de
1450 2431 1673 2469 mechlinia
1699 2430 1819 2467 dede—'

110 2502 203 2532 runt
226 2503 359 2544 portas
384 2503 417 2532 et
442 2509 573 2532 muros
599 2495 692 2532 dicti
718 2495 829 2544 opidi
856 2494 1161 2532 Mechliniensis
1188 2493 1231 2530 in
1257 2507 1380 2529 manu
1405 2491 1531 2538 ducis,
1558 2489 1625 2540 qui
1659 2497 1805 2538 portas,

111 2567 257 2600 muros,
272 2560 307 2590 et
320 2554 452 2591 menia
469 2555 520 2591 ad
537 2569 659 2591 unam
676 2562 827 2604 partem
844 2553 955 2603 opidi
973 2552 1175 2598 destruxit,
1193 2566 1260 2589 nec
1276 2565 1341 2588 eas
1367 2550 1576 2599 reformare
1597 2556 1807 2598 potuerunt

112 2611 193 2648 nisi
214 2612 373 2649 licentia
394 2613 506 2650 ducis
526 2613 692 2651 obtenta.
715 2613 766 2650 Et
786 2613 830 2650 de
850 2613 1001 2662 reliqua
1021 2611 1184 2648 emenda
1206 2610 1338 2660 fienda
1358 2608 1531 2646 dominis
1553 2621 1622 2657 per
1642 2606 1806 2656 opidum

112 2670 399 2708 Mechliniense
428 2671 520 2708 hinc
551 2671 641 2709 inde
671 2671 1022 2721 compromiserunt
1053 2670 1096 2707 in
1126 2677 1243 2707 certos
1274 2667 1466 2714 dominos,
1499 2666 1565 2716 qui
1597 2665 1743 2703 dictum
1773 2673 1807 2702 et

109 2728 322 2767 arbitrium
343 2729 521 2779 ipsorum
540 2731 844 2780 promulgarunt
862 2730 992 2767 eodem
1011 2742 1117 2766 anno
1133 2727 1299 2765 Domini
1320 2725 1527 2764 millesimo
1547 2723 1806 2762 tricentesimo
1847 2732 1849 2734 ’

109 2788 233 2835 tertio,
247 2788 410 2826 sabbato
424 2797 514 2826 ante
526 2789 846 2828 Lamberti.Vide
861 2789 987 2826 etiam
1004 2787 1262 2825 Hadrianum
1275 2784 1528 2822 Barlandum
1541 2783 1584 2820 in
1598 2782 1806 2820 Chronicis

108 2846 266 2884 Ducum
286 2847 543 2895 Brabantiae,
565 2862 652 2898 cap.
675 2863 756 2894 Lm,
771 2856 812 2886 et
828 2847 1050 2885 Odoricum
1071 2844 1353 2894 Raynaldum=
1371 2857 1423 2880 an
1458 2841 1572 2889 1356,
1600 2841 1616 2890 ἓ
1638 2841 1697 2879 12.

167 2905 209 2943 Ρ.
234 2905 323 2952 319,
346 2906 413 2955 lig.
439 2905 500 2945 20.
527 2906 760 2944 JOHANNES
787 2920 923 2944 COMES
948 2906 1193 2942 ARMANIACI
1224 2903 1318 2941 olim
1350 2901 1521 2939 maritus
1548 2900 1726 2949 Reginae
1757 2899 1806 2938 de

112 2963 257 3011 Gutto,
280 2973 328 3002 ut
349 2979 485 3014 supra.
502 2980 540 3015 p.
557 2965 646 3012 618,
669 2965 759 3011 628,
783 2965 940 3002 dictum
955 2972 1029 3010 est,
1046 2970 1164 3013 pater
1187 2961 1358 2999 Joannis
1385 2961 1438 3007 II,
1458 2959 1595 2999 mariti
1621 2959 1806 2997 Joannae

115 3022 220 3060 filiae
257 3023 419 3072 Rogerii
451 3024 662 3071 Bernardi,
697 3023 858 3062 comitis
894 3020 1248 3071 petragoricensis.

142 3147 196 3180 ’1.
225 3147 264 3180 Β.
296 3147 352 3187 Ν.,
382 3159 447 3181 ms.
480 3147 717 3181 Neerlandais
746 3147 778 3181 4.
