2083 3458
95 221 246 276 [1365]
614 236 831 261 PAPARUM
867 236 1254 261 AvENIONENsluM
1699 221 1782 291 879

81 328 292 371 praeterea
322 320 693 370 interrogationum
722 320 854 358 eidem
884 320 1087 359 factarum
1117 336 1208 359 cum
1239 322 1569 371 responsionibus
1601 322 1701 372 erS,
1731 337 1781 361 ex

82 380 229 429 quibus
260 394 330 417 nos
359 394 481 430 supra
510 380 705 416 nonnulla
735 379 1020 429 descripsimus
1052 381 1148 418 data
1178 381 1401 419 occasione.
1434 381 1623 431 Aegidius
1651 382 1780 419 Bella-

82 453 207 486 mera,
239 439 280 476 in
312 452 400 488 cap.
437 439 702 485 Inhaerentes,
731 439 790 475 De
819 439 966 488 juram.
1000 440 1159 487 calum„
1191 448 1372 478 testatur
1403 456 1442 478 se
1474 444 1582 478 an'no
1618 439 1782 478 Domini

83 497 297 536 millesimo
318 497 655 544 CCCLXXXVI,
676 497 724 535 de
746 512 882 535 mense
902 497 1005 547 julii,
1026 498 1326 549 interrogatum
1347 499 1468 537 fuisse
1490 514 1511 537 a
1533 499 1782 549 quibusdam

82 556 193 595 laicis
233 556 335 607 regis
377 556 669 606 Arragonensis
709 556 1079 595 ambasciatoribus
1119 557 1171 595 ad
1222 558 1513 607 inquirendum
1561 558 1782 597 veritatem

82 615 124 654 in
143 616 254 654 facto
273 615 505 654 schismatis
526 615 751 666 deputatis,
772 630 919 665 eosque
940 625 1021 654 ase
1041 617 1219 666 exegisse
1238 617 1521 666 juramentum
1541 617 1589 656 de
1609 617 1781 656 dicenda

81 675 273 714 veritate.
298 675 493 725 Ejusdem
513 674 569 712 rei
590 674 744 713 mentio
765 683 882 713 extat
902 675 1027 713 etiam
1048 676 1089 713 in
1110 676 1431 725 Allegationibus
1454 676 1610 715 Nicolai
1634 677 1781 726 Eyme-

81 734 153 773 rici
189 733 442 784 inquisitoris
481 733 729 784 Arragoniae
768 742 909 772 contra
951 734 1274 773 Universitatem
1314 735 1581 774 Parisiensem
1618 735 1781 786 scriptis

82 807 190 831 anno
219 793 484 839 MCCCXCV,
511 792 583 830 ubi
608 792 664 831 sic
691 792 798 831 inter
825 801 958 831 cetera
985 793 1134 843 legitur
1162 810 1169 832 ε
1198 795 1316 832 Hanc
1342 794 1461 842 viam,
1499 794 1540 833 id
1566 803 1642 838 est,
1669 794 1780 844 agni-

81 852 237 890 tionem
262 852 449 891 veritatis
473 851 686 890 Benedicti
713 851 821 889 XIII
845 866 992 902 papae,
1027 853 1323 891 illustrissimus
1354 862 1388 892 et
1418 854 1697 891 serenissimus
1736 869 1781 891 ac

82 911 440 949 christianissimus
463 925 529 948 rex
552 911 788 960 Aragonum
816 911 1043 959 observavit,
1071 913 1258 962 quoniam
1281 914 1333 951 ad
1353 927 1485 950 verum
1505 928 1656 963 papam
1671 914 1782 963 apud

83 970 323 1008 Avinionem
357 979 390 1008 et
425 971 476 1008 ad
512 970 711 1007 intrusum
745 971 855 1020 apud
889 971 1057 1008 Romam
1091 972 1309 1022 solempnes
1343 986 1412 1009 sue
1446 972 1573 1022 patrie
1612 973 1779 1010 doctores

80 1030 348 1080 sollempniter
371 1029 594 1076 destinavit,
619 1029 686 1079 qui
710 1043 914 1079 processus
938 1030 1112 1080 triplices
1135 1039 1365 1081 peregerunt
1388 1032 1432 1068 cle
1456 1031 1611 1069 veritate
1632 1031 1779 1080 negotii

82 1089 315 1138 diligentius
341 1089 599 1139 inquirentes3
627 1088 738 1134 [tutta
763 1103 927 1138 quorum
951 1104 1176 1138 processum
1200 1098 1391 1140 repertam
1412 1091 1560 1128 clarius
1581 1091 1779 1128 veritatem

82 1148 333 1186 Barclzinone
360 1162 430 1198 pro
456 1148 587 1185 eodem
614 1147 772 1185 domino
800 1147 995 1185 Clemente
1020 1149 1084 1197 sel.
1113 1163 1184 1187 rec.
1222 1149 1379 1187 veritate
1405 1150 1544 1199 agnita
1574 1149 1710 1199 palam
1744 1157 1778 1187 et

82 1207 238 1257 publice
262 1207 482 1245 declaravit.
512 1207 729 1244 Habentur
753 1207 1021 1256 Allegatzones
1044 1207 1168 1246 illae
1159 1223 1199 1245 111
1224 1208 1360 1247 codice
1379 1208 1482 1246 2847
1505 1208 1777 1247 bibliothecae

82 1266 340 1305 Colbertinae
358 1266 371 1289 ¹
399 1274 439 1304 et
464 1265 505 1303 in
531 1266 660 1303 altero
687 1266 925 1304 Carthusiae
953 1266 1152 1316 majoris‘2
1157 1268 1382 1306 ,Ceterum
1410 1268 1503 1305 olim
1531 1268 1700 1306 missum
1726 1268 1778 1306 ad

82 1326 271 1364 eumden]
295 1340 431 1375 regem
456 1326 625 1363 Petrum
649 1324 770 1363 fuisse
794 1325 1053 1364 Bonifacium
1078 1326 1125 1364 de
1150 1327 1400 1365 Amanatis
1388 1341 1474 1376 Jam
1497 1341 1619 1378 supra
1644 1328 1777 1365 obser-

84 1385 287 1432 vavimus,
315 1400 354 1435 p.
385 1385 499 1423 1340.

136 1444 179 1482 P.
204 1444 294 1491 499,
317 1444 383 1493 lig.
408 1444 444 1482 4.
472 1443 859 1481 DECLARATIONEM.
886 1443 1083 1482 Odoricus
1110 1444 1365 1493 Raynaldus,
1401 1459 1465 1482 an.
1503 1445 1618 1492 1378,
1662 1446 1677 1494 ξ
1715 1445 1777 1493 10,

81 1511 262 1541 testatur
285 1512 426 1541 extare
451 1502 492 1540 in
517 1502 766 1540 bibliotheca
793 1502 1070 1550 Vallicellana,
1096 1504 1165 1542 sed
1190 1518 1280 1542 eam
1306 1519 1386 1541 non
1411 1504 1552 1542 edidit.
1582 1505 1662 1542 Nos
1687 1519 1777 1542 eam

83 1562 315 1601 invenimus
347 1562 388 1600 in
420 1562 557 1600 codice
587 1559 666 1599 815
696 1561 970 1600 bibliothecae
1002 1562 1260 1601 Colbertinae
1277 1562 1303 1601 3.

137 1622 179 1660 P.
204 1621 294 1669 499,
318 1621 384 1671 lig.
409 1621 445 1660 9.
471 1622 665 1659 JACOBUS
694 1636 748 1658 DE
782 1621 1025 1663 ARAGONIA,
1056 1622 1157 1659 lilius
1190 1622 1300 1660 Petri
1331 1622 1500 1660 infantis
1530 1623 1777 1672 Arragoniae

82 1689 124 1719 et
145 1681 331 1719 Joannae
355 1680 568 1727 Fuxensis,
588 1679 650 1717 uti
670 1694 792 1730 supra
814 1696 853 1730 p.
876 1680 951 1718 968
972 1681 1130 1719 dictum
1150 1689 1225 1728 est,
1247 1682 1430 1731 adeoque
1453 1682 1777 1732 consanguineus

84 1754 299 1789 germanus
332 1740 441 1778 Petri
474 1740 542 1786 IV,
571 1738 673 1788 regis
705 1740 976 1789 Arragonum,
1005 1749 1052 1778 ut
1081 1754 1173 1778 eum
1204 1749 1326 1778 vocat
1355 1741 1528 1791 scriptor
1555 1741 1631 1779 iste
1666 1741 1779 1779 Vitae

83 1798 306 1837 Clementis.
336 1799 515 1837 Jacobus
543 1798 651 1836 enim
678 1798 794 1836 istius
823 1799 997 1837 nominis
1025 1799 1226 1838 secundus
1253 1814 1324 1838 rex
1351 1800 1608 1849 Arragonum
1637 1800 1778 1849 genuit

83 1859 298 1896 Alfonsum
335 1859 389 1895 IV
420 1866 461 1896 et
492 1859 600 1895 hunc
634 1858 801 1895 Petrum
833 1859 1049 1897 infantem.
1084 1859 1275 1897 Alfonsus
1309 1859 1448 1908 genuit
1481 1860 1649 1897 Petrum
1689 1859 1777 1909 ejus

82 1917 400 1968 nuncupationis
442 1925 651 1967 quartum,
692 1917 825 1955 infans
868 1913 1011 1956 Petrus
1054 1918 1257 1956 Jacobum
1297 1919 1558 1957 cardinalem.
1597 1918 1776 1957 jacobus

81 1991 174 2027 ergo
193 1985 233 2015 et
253 1977 397 2015 Petrus
421 1976 474 2013 IV
493 1985 610 2015 erant
629 1976 804 2014 fratrum
826 1976 910 2023 filii,
931 1977 1076 2015 fratres
1094 1977 1314 2027 patrueles,
1333 1977 1373 2015 id
1392 1986 1467 2024 est,
1486 1977 1777 2027 consanguinei

83 2036 277 2086 germani.

137 2094 206 2132 Vir
224 2109 317 2144 ergo
336 2094 446 2132 tanti
466 2094 618 2144 fastigii
638 2102 759 2132 natus
779 2094 821 2132 in
840 2095 961 2132 domo
981 2104 1192 2144 regnante,
1212 2110 1293 2133 non
1313 2103 1400 2133 erat
1419 2095 1777 2145 consanguinitate

82 2154 337 2204 propinquus
371 2153 587 2192 Guillelmo
621 2153 793 2191 Ferrarii
825 2154 985 2191 notario
1017 2169 1087 2192 seu
1119 2154 1295 2203 grafario
1327 2154 1508 2193 civitatis
1535 2154 1777 2193 Valentinae

82 2221 123 2251 et
137 2212 405 2252 Constantiae
421 2212 571 2261 Miguel
585 2212 825 2262 parentibus
839 2213 1090 2251 celeberrimi
1104 2213 1208 2252 illius
1224 2213 1357 2251 sancti
1372 2213 1577 2252 Vincentii
1592 2212 1777 2261 Ferrarii,

82 2280 129 2310 ut
160 2271 347 2322 imperite
380 2271 511 2309 tradit
542 2271 583 2308 in
614 2272 701 2321 ejus
741 2272 832 2309 Vita
865 2272 1009 2310 Petrus
1046 2272 1261 2310 Rausanus
1294 2272 1507 2323 episcopus
1542 2272 1777 2311 Lucerinus.

84 2331 299 2369 Praeterea
321 2330 419 2368 ordo
438 2339 674 2380 temporum
694 2331 813 2371 valde
834 2339 1051 2381 repugnat,
1073 2331 1133 2369 uti
1152 2339 1259 2370 recte
1280 2331 1517 2370 observavit
1533 2331 1778 2370 Godefridus

86 2390 383 2428 Henschenius.

138 2449 342 2488 Jacobum
365 2447 628 2495 cardinalem,
652 2448 700 2486 de
732 2463 813 2497 quo
845 2463 953 2487 nunc
986 2449 1102 2487 nobis
1134 2463 1265 2487 sermo
1296 2457 1371 2496 est,
1394 2457 1540 2487 natum
1562 2464 1647 2488 esse
1669 2463 1777 2487 anno

85 2507 346 2546 MCCCXLII
378 2507 545 2545 ineunte
577 2507 671 2546 hinc
704 2507 907 2557 colligitur
938 2508 1048 2557 quod
1080 2522 1126 2546 ea
1157 2515 1406 2557 tempestate
1439 2522 1518 2558 qua
1551 2508 1684 2547 factus
1716 2515 1779 2547 est

84 2567 298 2618 episcopus
338 2566 592 2605 Dertusanus
629 2566 761 2604 solum
796 2566 1033 2616 attingebat
1067 2575 1249 2605 aetatem
1296 2581 1498 2604 annorum
1546 2566 1692 2617 viginti
1738 2574 1779 2605 et

84 2626 219 2673 unius,
251 2625 313 2663 uti
344 2625 494 2663 dicturi
524 2639 664 2663 sumus
696 2626 819 2675 paulo
850 2633 957 2675 post.

138 2684 257 2723 Vitae
279 2683 453 2723 clericali
474 2684 704 2722 destinatus
727 2698 749 2721 a
770 2692 902 2734 patre,
924 2698 969 2722 eo
991 2683 1205 2722 annitente
1225 2692 1267 2722 et
1289 2684 1542 2723 Avenionem
1562 2693 1780 2735 propterea

84 2744 269 2794 profecto
310 2743 388 2781 fine
426 2742 524 2780 anni
562 2743 724 2781 MCCLI
763 2743 896 2781 factus
935 2750 997 2781 est
1034 2743 1268 2793 capellanus
1307 2743 1590 2782 commensalis
1628 2757 1779 2794 papae3

84 2811 254 2853 eratque
279 2802 367 2851 jam
393 2810 497 2849 tum,
524 2810 571 2840 ut
597 2801 787 2849 arbitror,
815 2801 1034 2841 canonicus
1062 2810 1103 2840 et
1131 2802 1389 2853 praepositus
1416 2802 1620 2841 Ecclesiae
1645 2802 1780 2841 Barci-

137 2944 169 2977 1.
193 2943 234 2976 B.
261 2943 319 2982 N,
344 2954 411 2976 ms.
435 2942 532 2975 latin
553 2943 659 2982 3171,
683 2943 746 2976 fol.
770 2944 815 2976 36
836 2947 886 2976 r0—
890 2944 981 2976 51r0.

137 2997 168 3030 2.
190 2996 458 3038 Bibliotheque
480 2997 524 3028 de
546 2995 745 3036 Grenoble,
767 3007 835 3029 ms.
858 2995 939 3036 988,
960 2996 1024 3029 fol.
1045 2997 1091 3029 43
1111 3001 1155 3030 r0.
1167 2996 1274 3029 —D‘
1280 2999 1387 3040 apres
1410 2996 1453 3030 N.
1472 2996 1598 3030 Valois
1618 2997 1687 3041 (op.
1707 2997 1780 3037 cit„

87 3055 114 3084 t.
135 3061 188 3088 111,
211 3061 246 3093 p.
269 3049 311 3082 71
335 3055 374 3082 et
395 3048 453 3092 73)
477 3049 509 3081 le
531 3049 645 3082 traite
667 3048 793 3082 aurait
813 3050 872 3083 ete
894 3060 1071 3092 compose
1092 3060 1175 3082 vers
1194 3049 1228 3083 le
1253 3049 1347 3083 mois
1369 3050 1413 3083 de
1434 3050 1642 3084 decembre.

135 3103 168 3136 3.
201 3102 352 3142 Baluze,
386 3107 414 3135 t.
446 3114 498 3142 w,
532 3113 567 3146 p.
589 3102 670 3135 302.
