2083 3458
81 253 231 308 [1263]
602 269 818 293 PAPARUM
853 269 1237 295 AVENIONENSIUM
1686 252 1766 293 785

122 353 165 390 P.
183 351 273 398 474,
292 350 358 400 lig.
379 350 414 388 5.
438 351 500 388 DE
519 351 791 390 VENSESLAO.
812 352 956 402 Supra,
984 367 1022 402 p.
1054 352 1169 400 1200,
1198 368 1327 403 quum
1356 367 1566 403 ageremus
1586 353 1634 391 de
1664 352 1762 391 elec-

67 411 179 450 tione
209 410 295 460 ejus
326 409 498 460 polliciti
527 425 666 448 sumus
697 425 768 448 nos
798 410 918 448 isthic
948 419 1110 449 acturos
1141 412 1189 450 de
1219 412 1531 451 confirmatione
1564 411 1761 462 praestita

66 486 138 521 per
155 470 382 508 Urbanum.
405 469 550 518 Itaque
567 477 614 507 ut
629 469 818 520 promissi
837 469 960 507 fidem
975 479 1244 520 praestemus,
1261 472 1476 512 afferemus
1493 471 1624 522 primo
1649 470 1762 509 testi-

67 529 251 567 monium
272 528 414 577 Angeli
435 528 615 579 episcopi
636 528 901 576 Pisaurensis,
922 544 972 566 ex
992 529 1106 578 cujus
1128 530 1382 580 depositione
1403 530 1616 580 sequentia
1637 530 1761 568 verba

66 596 163 627 sunt
184 596 376 637 excerpta
396 586 410 609 1
435 603 442 625 :
468 588 533 624 Ad
556 587 596 625 id
617 589 718 637 quod
738 587 957 625 continetur
979 589 1022 625 de
1042 588 1143 637 facto
1167 590 1416 640 imperatoris
1438 589 1639 639 respondit
1660 590 1760 639 quod

66 656 234 697 tempore
251 646 402 684 domini
427 646 605 695 Gregorii
623 655 830 684 tractatum
844 647 923 696 suit
940 647 1010 684 diu
1028 648 1072 685 de
1086 649 1383 697 confirmatione
1399 649 1476 698 filii
1497 648 1758 698 imperatoris,

65 715 100 744 et
123 706 332 744 commissa
355 705 434 755 fuit
459 720 580 743 causa
605 706 808 755 aliquibus
834 706 1109 744 cardinalibus
1136 716 1177 745 ut
1202 708 1373 745 viderent
1396 708 1432 745 si
1459 708 1503 745 de
1526 708 1627 757 jure,
1653 707 1689 744 si
1716 708 1759 744 de

66 764 357 811 consuetudine,
386 764 422 801 si
449 766 666 802 secundum
696 765 874 802 divinam
901 765 1141 815 scripturam
1169 766 1240 804 lioc
1269 767 1416 804 deberet
1443 775 1477 804 et
1505 775 1631 817 posset
1661 766 1761 816 fieri.

69 825 245 862 Tandem
275 824 502 861 conclusum
529 824 608 872 fuit
638 825 739 873 quod
767 825 836 862 sic.
873 825 1021 861 Tamen
1052 825 1237 863 dominus
1274 826 1484 875 Gregorius
1528 825 1760 876 supersedit.

66 884 116 922 Et
140 883 396 921 communiter
422 883 622 921 dicebatur
648 884 749 933 quod
775 883 858 933 ipse
886 897 964 920 non
992 884 1216 922 intendebat
1240 886 1453 923 concedere.
1483 886 1578 922 Post
1604 893 1763 922 mortem

66 957 150 980 vero
172 942 258 992 ejus
281 951 504 992 resumptus
527 950 582 979 est
604 950 789 980 tractatus
812 943 856 979 de
880 943 1177 991 confirmatione
1200 944 1295 981 dicti
1319 944 1396 993 filii
1422 944 1670 994 imperatoris
1693 958 1761 993 per

65 1002 353 1040 ambasciatores
386 1015 491 1047 suos,
528 1001 721 1041 mediante
756 1001 913 1039 domino
949 1002 1191 1049 Florentino,
1227 1017 1357 1041 coram
1391 1003 1549 1040 domino
1587 1003 1760 1041 Urbano,

66 1062 116 1099 Et
130 1061 224 1098 dum
238 1075 358 1110 super
373 1060 441 1097 lioc
457 1069 491 1098 et
505 1074 625 1110 super
638 1075 732 1110 pace
749 1061 1069 1098 Florentinorum
1085 1076 1173 1098 cum
1189 1062 1366 1099 Ecclesia
1381 1052 1576 1099 orirentur
1590 1061 1763 1112 plurime

67 1120 309 1170 difficultates
337 1120 493 1157 tandem
520 1120 737 1157 volentibus
764 1119 1036 1157 cardinalibus
1064 1121 1232 1158 recedere
1259 1135 1391 1158 versus
1418 1121 1665 1170 Anagniam,
1694 1120 1760 1170 qui

67 1180 235 1217 recedere
253 1179 442 1225 volebant,
462 1179 528 1228 qui
546 1187 656 1216 erant
674 1178 799 1227 major
816 1193 924 1228 pars,
945 1187 985 1216 ut
1003 1179 1149 1217 dictum
1164 1180 1256 1229 suit,
1274 1195 1394 1230 super
1411 1181 1563 1218 duobus
1580 1180 1761 1218 articulis

67 1238 252 1289 predictis
273 1238 550 1276 commiserunt
572 1238 671 1275 vices
693 1252 788 1275 suas
809 1252 876 1275 sex
897 1238 992 1275 aliis
1015 1238 1287 1276 cardinalibus
1310 1239 1604 1277 remanentibus
1627 1239 1761 1284 Rome,

66 1306 163 1348 puta
183 1297 355 1335 dominis
375 1297 617 1344 Florentino,
638 1298 681 1335 de
700 1298 830 1344 Luna,
853 1297 989 1335 Sancti
1010 1298 1131 1345 Petri,
1154 1298 1462 1345 Mediolanensi,
1490 1298 1759 1343 Glandatensi,

66 1365 100 1395 et
125 1358 169 1395 de
201 1356 380 1403 Ursinis3
409 1356 476 1406 qui
503 1357 857 1394 determinaverunt
880 1356 1099 1406 predictum
1127 1357 1257 1406 filium
1285 1357 1533 1408 imperatoris
1559 1358 1691 1395 debere
1719 1357 1762 1393 in

68 1416 341 1466 imperatorem
367 1415 597 1465 confirmari
625 1430 692 1465 per
719 1415 925 1453 dominum
959 1416 1178 1454 Urbanum.
1208 1417 1258 1454 Et
1283 1417 1341 1454 sic
1365 1417 1515 1466 factum
1539 1416 1629 1465 fuit.
1660 1415 1760 1453 Vide

68 1475 194 1514 etiam
216 1489 319 1525 quae
342 1489 465 1525 supra
487 1490 525 1524 p.
551 1475 651 1512 1200
674 1474 877 1524 descripta
899 1483 996 1513 sunt
1017 1490 1067 1513 ex
1087 1475 1343 1525 depositione
1366 1476 1546 1514 Thomae
1568 1476 1616 1514 de
1640 1476 1760 1512 Ama-

67 1534 174 1573 natis
211 1533 505 1584 archiepiscopi
543 1534 819 1585 Neapolitani,
855 1542 896 1572 et
932 1534 1100 1572 Factum
1134 1534 1440 1573 Bartholomaei
1476 1534 1644 1574 missum
1679 1533 1760 1583 regi

68 1594 265 1632 Castellae
285 1593 396 1643 apud
413 1593 635 1632 Odoricum
658 1593 936 1643 Raynaldum,
955 1608 1020 1631 an.
1044 1593 1158 1641 1378,
1184 1594 1200 1642 ἓ
1219 1594 1282 1641 99,
1302 1602 1343 1632 et
1363 1594 1529 1632 Factum
1548 1593 1693 1631 Jacobi
1712 1593 1759 1630 de

67 1653 186 1700 Seva,
203 1668 242 1703 p.
262 1652 337 1690 505
357 1652 384 1691 ².

120 1712 272 1751 Verum
296 1713 395 1749 haec
420 1719 514 1750 acta
540 1726 621 1749 non
646 1720 743 1749 sunt
772 1712 941 1759 Romae,
967 1712 1035 1749 sed
1062 1711 1103 1749 in
1127 1727 1286 1750 secessu
1312 1711 1541 1750 Tiburtino.
1568 1712 1762 1750 Testatur

66 1771 174 1809 enim
197 1771 429 1821 Stephanus
452 1771 665 1821 episcopus
689 1770 936 1808 Tudertinus
962 1771 1177 1808 Urbanum
1198 1771 1461 1810 confirmasse
1486 1771 1614 1810 filium
1636 1770 1760 1820 impe-

67 1830 211 1868 ratoris
233 1830 274 1867 in
295 1830 441 1868 Tibure
463 1845 557 1868 cum
577 1839 756 1880 quatuor
776 1829 1050 1868 cardinalibus
1071 1838 1252 1877 tantum,
1273 1830 1313 1868 id
1333 1839 1409 1878 est,
1434 1829 1560 1868 Italis.
1584 1830 1759 1868 Fernan-

68 1889 141 1927 dus
166 1889 276 1928 Petri
298 1890 475 1927 decanus
499 1889 776 1927 Tirasonensis
799 1889 915 1927 testis
937 1889 1099 1938 juratus
1115 1888 1132 1911 3
1153 1889 1254 1928 dixit
1274 1891 1375 1939 quod
1393 1889 1431 1926 si
1450 1889 1530 1938 suit
1550 1888 1763 1926 consilium.

67 1949 187 1986 Rome
209 1963 298 1986 cum
320 1948 594 2001 cardinalibus
616 1950 660 1986 (le
683 1948 980 1998 confirmatione
1003 1949 1106 1997 regis
1128 1949 1399 1986 Romanorum
1423 1948 1466 1986 in
1489 1948 1762 1998 imperatorem

68 2008 201 2053 nescit,
222 2008 290 2045 sed
308 2007 463 2045 audivit
483 2016 518 2045 et
539 2008 594 2045 ita
615 2008 734 2045 credit
754 2008 855 2057 quod
876 2007 951 2045 ista
972 2007 1219 2057 confirmatio
1235 2008 1316 2057 fuit
1333 2008 1437 2056 facta
1455 2007 1496 2045 in
1518 2007 1673 2053 Tiburi,
1693 2006 1761 2043 ubi

68 2081 145 2104 non
165 2075 275 2105 erant
293 2067 419 2116 aliqui
439 2067 660 2104 cardinales
681 2067 980 2105 ultramontani.
1005 2067 1114 2105 Haec
1135 2075 1302 2116 sumpta
1322 2074 1419 2104 sunt
1438 2081 1488 2105 ex
1506 2065 1759 2116 depositione

68 2126 250 2175 ejusdem
280 2126 496 2164 Fernandi.
527 2126 650 2164 Porro
679 2125 791 2166 illam
818 2125 1176 2164 confirmationem
1204 2125 1325 2163 fuisse
1354 2134 1639 2175 spontaneam,
1668 2138 1762 2163 eum

69 2185 326 2224 wenceslaus
356 2185 485 2222 nullos
515 2194 730 2235 propterea
758 2185 914 2234 legatos
943 2185 994 2222 ad
1026 2185 1240 2223 Urbanum
1268 2184 1458 2232 misisset
1485 2192 1665 2222 testatur
1692 2182 1761 2232 qui
1817 2179 1820 2181 “

26 2262 29 2263 ’
67 2252 158 2284 tum
177 2244 324 2282 Tibure
345 2258 533 2294 praesens
552 2252 641 2282 e1at
662 2243 918 2282 Marcellinus
939 2244 986 2282 dc
1011 2243 1193 2293 Inghen
1184 2258 1224 2281 lu
1243 2243 1415 2293 epistola
1434 2243 1486 2281 ad
1510 2241 1759 2293 Universita-

68 2311 152 2342 tem
177 2303 445 2341 Parisiensem
467 2303 508 2340 hi
511 2318 527 2341 s
553 2302 717 2341 verbis4
741 2303 891 2352 :Papa
913 2303 994 2340 lieri
1017 2303 1174 2353 publice
1198 2302 1240 2339 in
1262 2302 1491 2340 consistorio
1514 2290 1763 2351 confirmavit

34 2354 39 2361 .
68 2362 288 2400 electionem
316 2362 462 2411 factam
492 2363 536 2400 de
566 2376 652 2411 rege
684 2362 949 2399 llmanorum
977 2376 1047 2411 per
1075 2362 1251 2399 electores
1279 2369 1314 2398 et
1344 2361 1479 2411 ipsum
1509 2359 1762 2398 denunciavit
1812 2355 1816 2358 ⁵

66 2422 247 2470 futurum
269 2421 553 2471 imperatorem,
577 2421 756 2470 quamvis
777 2435 822 2458 em
842 2429 951 2470 parte
974 2420 1221 2470 imperatoris
1244 2420 1346 2457 nulli
1367 2419 1670 2469 ambassiatores
1692 2432 1761 2468 pro

70 2481 135 2518 illo
164 2480 313 2530 fuerint
344 2480 469 2518 missi.
505 2480 635 2517 Extat
664 2479 706 2517 in
736 2488 850 2517 torno
882 2487 1030 2529 quarto
1062 2479 1265 2516 Historiae
1303 2478 1581 2516 Universitatis
1611 2477 1760 2523 Paris,

69 2554 108 2589 p.
135 2539 223 2577 466.
249 2539 496 2588 Quanquam
522 2538 734 2589 episcopus
767 2538 964 2576 Reatinus
991 2538 1033 2575 in
1059 2552 1130 2576 sua
1159 2537 1440 2587 depositione5
1457 2537 1515 2574 ait
1545 2537 1757 2575 Urbanum

68 2598 308 2637 electionem
345 2597 570 2636 Wenceslai
603 2604 646 2635 ‘in
681 2611 816 2646 regem
855 2598 1136 2649 Rornanorum
1171 2604 1211 2635 et
1247 2596 1433 2634 futurum
1469 2596 1759 2646 imperatorem

67 2658 316 2707 approbasse
336 2665 378 2695 et
398 2655 705 2695 confirmavisse
726 2656 977 2694 instantibus
998 2656 1085 2705 ejus
1106 2655 1263 2704 legatis.
1286 2656 1340 2692 At
1362 2655 1620 2693 VVenc'eslaus
1650 2654 1756 2692 visus

117 2813 149 2845 1.
180 2813 220 2845 Β.
245 2812 302 2852 N.,
324 2824 390 2845 mS.
412 2812 508 2844 latin
526 2811 658 2852 11745,
679 2812 741 2845 fol.
763 2812 829 2844 191
853 2816 904 2844 νο.

117 2866 148 2898 2.
173 2866 347 2905 Bulaeus,
372 2865 542 2898 Historia
567 2865 827 2898 Universitatis
848 2864 1087 2903 Parisz'ensis,
1112 2869 1139 2897 t.
1161 2875 1212 2896 1v.

116 2920 148 2952 3.
180 2919 219 2951 B.
247 2918 303 2958 N.,
327 2930 394 2951 ms.
417 2918 513 2950 latin
533 2917 664 2957 11745,
687 2918 749 2950 fol.
772 2918 841 2950 177
865 2922 915 2949 v0.

117 2971 313 3005 4..Urbain
328 2971 380 3003 VI
396 2971 580 3004 confirma
594 2970 783 3003 l'election
797 2971 841 3003 de
857 2969 1070 3003 Wenceslas
1085 2969 1177 3002 le‘26
1191 2969 1315 3012 juillet
1330 2970 1435 3010 1377,
1452 2969 1545 3002 mais
1561 2970 1766 3003 contraire-

70 3030 175 3057 ment
198 3036 273 3057 aux
297 3024 392 3056 dires
417 3024 460 3056 de
484 3023 632 3056 Marsile
657 3023 690 3056 d’
699 3024 843 3066 Inghen
866 3034 959 3056 nous
982 3033 1120 3055 savons
1144 3033 1235 3055 avec
1251 3022 1436 3055 certitude
1454 3035 1526 3066 que
1549 3035 1589 3056 ce
1604 3023 1664 3056 fut
1687 3024 1707 3056 a
1729 3024 1766 3056 la

71 3077 188 3121 priere
211 3078 255 3110 de
278 3077 377 3110 deux
399 3077 688 3109 ambassadeurs
714 3076 772 3119 (N.
796 3075 934 3115 Valois,
958 3081 984 3108 t.
1006 3087 1030 3115 1,
1054 3087 1087 3118 p.
1113 3075 1209 3118 264).

119 3131 151 3163 5.
182 3130 222 3163 B.
245 3130 301 3169 N.,
321 3141 388 3162 ms.
407 3129 502 3162 latin
518 3128 649 3169 11745,
668 3129 730 3162 fol.
750 3129 795 3162 82
813 3134 864 3162 v0.
