2083 3458
250 258 332 298 490
897 267 1048 293 ΝΟΤΑΕ
1083 267 1143 292 AD
1178 266 1305 292 VITAS
1827 251 1952 307 [973]

251 358 397 407 Agitur
423 357 530 394 enim
555 355 675 392 isthic
703 354 750 391 de
777 367 875 402 pace
901 359 1024 401 pacta
1045 351 1156 401 apud
1174 351 1482 401 Bretigniacum
1494 351 1520 390 ¹.
1542 352 1643 395 Vide
1665 353 1953 402 Froissartum,

250 426 279 456 t.
306 432 357 463 γι,
380 431 417 465 p.
444 415 548 462 1-59,
572 423 611 451 ct
634 413 966 451 continuatorem
988 410 1152 459 Nangii,
1174 418 1204 449 t.
1226 424 1267 459 11,
1289 425 1326 460 p.
1351 410 1438 449 285.

306 477 347 514 P.
370 475 543 524 33Q1ig.
568 474 626 511 14,
649 473 877 509 VASTAVIT.
900 470 998 507 Voir
1019 469 1179 508 Denifle
1202 471 1280 519 (cp.
1302 470 1380 518 cit„
1400 478 1430 508 t.
1450 484 1491 518 11,
1511 485 1547 520 p.
1571 471 1774 520 340-348).

305 536 346 573 Ρ.
363 534 451 581 339,
468 534 534 583 lig.
553 532 613 570 22.
634 532 868 568 FIRMANAM
887 543 1127 567 CIVITATEM.
1146 529 1254 566 Alibi
1270 530 1470 579 scriptum
1485 539 1545 568 est
1557 530 1756 579 financias
1770 531 1954 570 civitatis,

305 595 346 633 P.
374 594 462 640 339,
487 593 552 642 lig.
580 592 640 630 32.
670 591 925 627 FULMINATL
954 589 1042 626 'Une
1067 588 1176 626 bulle
1202 589 1255 626 du
1281 588 1329 626 25
1354 591 1454 626 aofit
1480 589 1581 627 1360
1605 590 1685 628 cita
1710 590 1900 628 Bernabo
1935 593 1956 628 a

252 655 524 703 coniparaitre
548 652 583 689 le
607 651 631 687 4
654 649 879 687 novembre
903 648 1072 686 suivant
1106 648 1377 697 (Lecacheux,
1403 663 1440 687 n.
1468 648 1556 697 239,
1582 664 1620 699 p.
1647 649 1726 698 31).

305 714 346 751 Ρ.
366 711 454 759 340,
472 712 537 759 ligr.
559 711 591 748 7.
612 710 884 746 PERDOMUIT.
905 708 1002 745 Voir
1019 708 1058 745 C.
1078 707 1310 756 VVerunsky
1325 709 1335 749 (
1348 707 1569 746 Gesclziclzte
1581 708 1730 746 Kaiser
1742 709 1866 746 Karls
1884 709 1956 757 IV,

251 781 279 810 t.
302 787 357 819 111,
380 787 417 821 p.
443 769 644 818 224-225).

307 832 347 870 Ι),
369 830 459 877 340,
478 831 543 879 lig.
565 828 625 867 28.
649 828 764 866 OcTo
786 840 1068 865 CARDINALES.
1092 826 1329 864 Matthaeus
1350 827 1565 875 Villanius,
1584 827 1652 865 lib.
1676 828 1729 874 X,
1749 842 1836 878 cap.
1860 843 1957 865 XLVI

262 890 491 940 [Maratori,
512 898 540 927 t.
563 903 649 935 xlv,
670 888 744 925 col.
766 886 866 936 653]
887 900 1038 924 novem
1058 886 1182 924 fuisse
1202 886 1272 925 ait.
1294 886 1349 923 At
1369 900 1456 936 cap.
1480 901 1581 924 LXXI
1611 887 1741 936 libid„
1762 888 1835 925 col.
1857 887 1957 937 668]

253 959 344 987 octo
368 958 536 987 tantum
559 947 762 994 nominat,
785 946 826 983 id
851 954 925 993 est,
951 945 1121 983 Petrum
1145 946 1193 983 de
1218 945 1343 983 Prato
1367 946 1605 996 episcopum
1629 946 1957 994 Praenestinum,

253 1009 517 1047 Guillelmum
541 1007 654 1045 Curti
678 1007 836 1044 dictum
859 1005 1110 1043 cardinalem
1132 1005 1298 1053 Album,
1324 1005 1493 1043 Petrum
1514 1005 1733 1043 Bertrandi
1754 1006 1960 1056 juniorem
1990 1050 1992 1052 q
2035 1026 2037 1029 v

252 1069 490 1118 episcopum
519 1067 764 1113 Ostiensem,
795 1066 1000 1103 Joannem
1029 1065 1076 1102 de
1105 1064 1377 1113 Caramanno,
1409 1065 1673 1103 Franciscum
1700 1065 1749 1104 de
1778 1065 1960 1104 Tuderto

254 1128 504 1166 cardinalem
545 1125 843 1172 Florentinum,
882 1124 1141 1162 Bernardum
1191 1124 1239 1162 de
1279 1124 1418 1172 Turre,
1459 1124 1725 1163 Guillelmum
1765 1125 1962 1163 Farinerii

252 1196 293 1226 et
319 1188 445 1225 alium
474 1185 707 1236 quemdam.
739 1184 816 1223 Sed
844 1184 978 1222 Verior
1004 1192 1065 1221 est
1091 1184 1201 1233 prior
1228 1182 1314 1233 ejus
1347 1184 1530 1223 traditio,
1562 1184 1668 1221 Nam
1695 1192 1858 1234 praeter
1888 1185 1961 1222 hos

252 1255 424 1297 septeni,
448 1245 601 1283 sublati
624 1253 720 1283 sunt
742 1244 818 1282 hac
841 1244 986 1282 eadem
1007 1251 1258 1293 tempestate
1283 1243 1425 1281 Petrus
1457 1244 1504 1281 de
1528 1242 1650 1281 Croso
1673 1252 1713 1282 et
1738 1234 1881 1282 Petrus
1914 1244 1962 1282 de

256 1307 435 1344 Foresta.
471 1306 524 1342 Et
553 1305 608 1343 sic
640 1305 750 1342 fuere
782 1303 948 1341 omnino
978 1316 1128 1341 novem
1167 1303 1392 1341 cardinales
1424 1303 1576 1341 mortui
1614 1312 1800 1353 tempore
1840 1303 1961 1353 hujus

254 1366 391 1416 pestis.
419 1364 618 1403 Henricus
642 1362 901 1401 Rebdorsfius
935 1362 988 1412 [p.
1012 1362 1112 1412 568]
1135 1362 1193 1400 ait
1214 1376 1236 1399 a
1258 1362 1363 1401 festo
1386 1362 1567 1401 Paschae
1588 1377 1717 1412 usque
1743 1363 1795 1399 ad
1818 1363 1962 1401 Pente-

256 1434 396 1464 costen
418 1433 458 1463 et
475 1424 527 1462 ad
543 1424 695 1462 festum
716 1422 861 1460 Jacobi
883 1422 1073 1472 apostoli,
1091 1430 1275 1460 mortuos
1292 1437 1376 1460 esse
1398 1422 1508 1472 apud
1525 1422 1781 1460 Avenionem
1797 1430 1964 1460 centum

256 1485 467 1535 episcopos
498 1492 539 1521 et
569 1483 751 1532 quinque
782 1482 1020 1520 cardinales.
1057 1481 1109 1518 Hi
1140 1482 1251 1519 fuere
1282 1482 1427 1520 Petrus
1456 1481 1690 1529 Bertrandi,
1722 1481 1962 1520 Guillelmus

258 1544 385 1592 Curti,
409 1543 649 1581 Guillelmus
675 1541 886 1588 Farinerii,
912 1541 1056 1578 Petrus
1081 1541 1129 1579 de
1154 1541 1336 1589 Foresta,
1360 1549 1400 1579 et
1424 1541 1568 1579 Petrus
1593 1541 1641 1579 de
1665 1541 1802 1580 Prato.

311 1604 352 1642 P.
379 1603 467 1651 341,
490 1603 557 1652 lig.
584 1602 643 1640 12.
669 1601 783 1639 TREs
806 1615 1042 1647 ABSENTES,
1065 1600 1105 1638 id
1129 1608 1204 1648 est,
1229 1601 1374 1638 Petrus
1402 1600 1527 1648 Iterii,
1553 1601 1733 1638 Joannes
1772 1601 1821 1638 de
1842 1600 1964 1638 Blan-

259 1664 374 1701 diaco
400 1663 484 1701 sive
524 1662 725 1699 Blansaco
751 1669 791 1699 et
818 1661 938 1709 Hugo
964 1660 1012 1698 de
1039 1660 1190 1698 Sancto
1217 1660 1417 1707 Martiale,
1445 1674 1545 1709 quos
1571 1660 1703 1709 primo
1728 1660 1780 1697 ad
1809 1660 1965 1698 curiam

259 1723 416 1760 venisse
443 1722 506 1759 die
533 1729 681 1771 quarta
707 1720 942 1758 novembris
968 1720 1219 1757 adnotatum
1244 1728 1305 1758 est
1330 1720 1372 1757 in
1395 1719 1499 1757 libro
1525 1718 1839 1768 Obligationum.
1869 1719 1963 1758 Dies

259 1790 399 1820 autem
423 1789 571 1831 quarta
596 1780 830 1818 novembris
854 1779 998 1817 incidit
1022 1793 1130 1817 anno
1155 1779 1394 1817 MCCCLXI
1417 1779 1458 1816 in
1482 1779 1590 1816 diem
1609 1779 1730 1828 jovis.

316 1842 358 1880 P.
383 1841 471 1888 341,
494 1841 560 1890 lig.
586 1840 645 1878 14.
672 1840 831 1877 EODEM
865 1853 949 1877 DIE.
975 1839 1126 1876 Contra
1155 1839 1197 1876 in
1219 1839 1362 1877 eodem
1382 1838 1486 1876 libro
1509 1837 1812 1887 Obligationum
1841 1838 1964 1888 scrip-

259 1911 350 1940 tum
379 1910 439 1939 est
468 1900 701 1938 Guidonem
730 1899 778 1937 de
806 1899 1010 1948 legatione
1042 1898 1266 1948 Hispanica
1294 1898 1488 1936 reducem
1514 1898 1689 1936 intrasse
1718 1898 1873 1935 curiam
1902 1897 1966 1936 die

262 1969 409 2000 octava
436 1959 685 2006 novembris,
711 1959 752 1996 id
779 1966 854 2006 est,
881 1958 1104 2007 quatriduo
1131 1958 1256 1996 serius
1284 1971 1410 2007 quam
1434 1957 1565 1995 tradit
1589 1957 1654 1995 hic
1679 1965 1835 1995 auctor.

315 2020 357 2058 P.
389 2020 478 2067 341,
508 2020 574 2069 lig.
607 2018 668 2057 22.
700 2018 817 2056 ΥΙΕΤΙ
848 2032 1065 2056 FUERUNT.
1098 2017 1129 2054 A
1159 2017 1347 2067 Brignais
1379 2016 1659 2067 (Delachenal,
1688 2016 1869 2053 Histoire
1896 2016 1941 2053 de

262 2080 424 2118 Clzarles
456 2079 500 2127 V,
528 2087 557 2117 t.
586 2093 626 2126 11,
654 2093 692 2128 p.
721 2077 915 2124 318-3203
946 2077 1118 2125 Denifle,
1146 2077 1206 2114 La
1231 2076 1460 2124 desolation,
1487 2084 1517 2115 t.
1546 2090 1587 2124 II,
1614 2091 1652 2126 p.
1681 2075 1887 2124 403-408).

317 2140 358 2177 P.
385 2138 473 2185 342,
497 2138 562 2188 lig.
588 2138 622 2176 3.
650 2137 854 2175 RECEPTA
878 2151 1078 2175 PECUNIA.
1106 2137 1179 2175 Les
1204 2136 1464 2186 compagnies
1487 2143 1677 2181 recurent
1701 2134 1870 2174 1ΟΟ.ΟΟΟ
1895 2134 1966 2172 flo-

264 2200 344 2237 rins
372 2198 472 2244 d’or,
489 2212 538 2236 en
564 2205 683 2235 vertu
711 2197 759 2235 de
785 2197 961 2235 l’accord
990 2196 1132 2234 conclu
1158 2197 1193 2234 le
1220 2196 1269 2234 23
1293 2196 1428 2245 juillet
1456 2194 1556 2233 1362
1584 2197 1605 2232 a
1632 2194 1841 2233 Clermont
1866 2208 1966 2232 avec

260 2260 296 2296 le
321 2258 526 2295 marechal
551 2256 705 2294 Arnoul
730 2256 1009 2294 d’Audrehem
1034 2255 1225 2305 (Denisse,
1250 2270 1311 2305 op.
1338 2255 1416 2302 cit,
1440 2263 1470 2293 t.
1494 2269 1535 2299 11,
1559 2269 1597 2304 p.
1623 2253 1712 2300 410,
1727 2262 1767 2291 et
1789 2253 1967 2291 Histoire

264 2318 307 2354 (le
332 2317 581 2365 Languedoc,
608 2324 636 2354 t.
663 2331 722 2363 IX,
748 2331 786 2365 p.
817 2315 1018 2364 741-742).

318 2377 359 2415 P.
394 2376 482 2424 343,
514 2376 580 2425 lig.
614 2375 648 2414 3.
684 2375 989 2413 PROCURATOR.
1024 2374 1197 2412 Videtur
1228 2374 1477 2412 Trithemius
1509 2372 1700 2410 habuisse
1731 2372 1966 2421 exemplum

264 2436 386 2485 hujus
416 2435 540 2473 Vitae.
569 2435 735 2473 Etenim
757 2435 799 2472 in
823 2434 1017 2471 Chronico
1040 2433 1331 2482 Hirsaugiensi
1353 2433 1524 2482 loquens
1549 2432 1598 2470 de
1622 2431 1820 2470 electione
1847 2431 1966 2468 Inno—

265 2495 387 2532 centii
405 2494 545 2532 scribit
563 2508 656 2532 eum
672 2502 983 2544 procuratorem
1001 2507 1218 2531 causarum
1234 2492 1366 2542 primo
1384 2492 1518 2530 fuisse.
1539 2491 1808 2541 praepostero
1827 2489 1966 2528 ordine

264 2554 464 2603 scriptum
492 2562 553 2591 est
580 2553 622 2590 in
649 2561 763 2591 tomo
793 2561 942 2602 quarto
970 2553 1175 2589 Historiae
1209 2551 1489 2589 Universitatis
1516 2550 1777 2597 Parisiensis,
1807 2564 1845 2599 p.
1876 2548 1965 2596 327,

265 2627 357 2650 eum
385 2613 507 2650 fuisse
533 2613 727 2662 judicem,
756 2612 902 2650 deinde
931 2612 1251 2650 Noviomensem
1278 2611 1529 2660 episcopum,
1558 2617 1701 2659 postea
1728 2616 1965 2658 procurato-

264 2686 361 2718 rem,
387 2680 426 2709 et
448 2672 487 2709 id
513 2672 679 2721 quidem
700 2672 742 2708 in
767 2671 955 2709 Romana
979 2671 1102 2709 curia.
1129 2671 1283 2709 savaro
1305 2670 1346 2707 in
1369 2669 1608 2718 Originibus
1631 2667 1965 2715 Claromontanis,

266 2746 301 2780 p.
333 2731 420 2777 208,
450 2731 508 2767 ait
535 2731 657 2768 luisse
686 2744 903 2768 causarum
929 2739 1154 2780 patronum
1181 2730 1290 2779 apud
1320 2729 1569 2767 Lemovices,

323 2790 359 2828 Ι),
388 2790 476 2833 343,
502 2790 568 2838 lig.
597 2790 656 2828 13.
687 2790 1063 2827 RESERVATIONES.
1091 2789 1188 2826 Voir
1214 2789 1369 2826 Mollat.
1395 2788 1454 2824 La.
1478 2786 1662 2824 collation
1687 2786 1752 2823 cles
1780 2785 1965 2834 benefices

264 2848 584 2897 e‹·cl‹2.s·ia.s·tsques,
622 2864 659 2898 p.
699 2849 831 2887 34-35.

323 2908 359 2945 l'.
386 2908 473 2949 3423,
498 2908 563 2956 lig.
589 2908 623 2945 9.
650 2908 958 2946 LizmovmnNsl.
986 2908 1108 2945 Errat
1131 2907 1195 2944 hic
1218 2915 1373 2945 auctor.
1402 2905 1567 2943 Etenim
1592 2904 1831 2942 Guillelmus
1856 2903 1965 2940 Fari-

265 2967 361 3003 ncrii
390 2975 469 3003 cra!
501 2967 634 3015 patria
662 2967 941 3014 Cadurcensis,
969 2975 1015 3004 ut
1040 2967 1188 3015 legitur
1213 2979 1349 3015 supra,
1376 2975 1404 3004 t.
1436 2979 1458 3001 1.
1484 2979 1520 3014 p.
1549 2964 1637 3002 318.

318 3096 343 3127 1.
374 3095 507 3126 Baluzo
528 3102 690 3128 commet
708 3096 753 3128 ici
773 3107 843 3128 une
864 3097 1038 3139 meprise3
1059 3096 1082 3128 il
1101 3096 1212 3139 s'agit
1231 3096 1275 3127 dc
1295 3095 1328 3127 la
1349 3087 1436 3137 {mix
1457 3094 1500 3126 de
1522 3093 1695 3125 Pontoise
1715 3091 1964 3134 (Delachenal,

268 3148 423 3179 llis-loire
440 3149 481 3179 [le
499 3148 644 3180 Clzarles
665 3148 706 3188 V,
728 3155 752 3181 t.
771 3161 806 3188 11,
828 3161 860 3192 p.
882 3150 985 3181 1194
995 3149 1065 3192 28).
