2083 3458
294 234 375 275 434
943 246 1093 272 NOTAE
1128 246 1188 270 AD
1223 245 1351 270 VITAs
1874 228 1999 284 [918]

295 333 418 371 centii
434 332 486 383 [p.
506 332 621 382 331]
641 332 745 370 Sane
761 332 903 369 literae
921 330 1007 380 ejus
1024 329 1269 378 encyclicae,
1292 343 1396 378 quae
1415 328 1559 367 statim
1571 337 1667 379 post
1691 328 1998 367 coronationem

295 392 406 430 mitti
429 393 562 430 solent
583 392 622 429 in
647 390 895 441 provincias,
921 390 1042 427 datae
1066 389 1326 438 reperiuntur
1347 403 1375 426 11
1399 388 1479 426 kal.
1502 388 1680 438 januarii
1698 387 1725 426 1.
1753 388 2000 437 Quanquam

293 452 335 489 in
359 451 539 490 editione
565 450 787 488 Contelorii
810 450 1010 499 scriptum
1044 456 1106 486 est
1141 448 1194 498 [p.
1215 447 1289 497 84]
1327 447 1545 485 undecimo
1578 447 1774 485 kalendas
1807 447 2001 496 januarii,

294 511 502 558 mendose,
516 518 563 547 ut
582 518 767 560 apparet.
784 509 962 547 Pessime
982 507 1175 545 Albertus
1190 507 1500 556 Argentinensis
1517 505 1532 528 2
1545 506 1598 556 [p.
1615 505 1704 555 281]
1725 506 1793 555 qui
1806 506 1847 543 id
1861 514 2000 544 actum

293 585 378 609 esse
408 569 551 608 scribit
580 569 620 606 in
652 568 714 606 die
747 568 1017 618 Epiphaniae.
1670 603 1672 605 ,

349 629 390 669 P.
417 629 506 677 309,
530 629 596 678 lig.
622 628 657 666 5.
684 628 942 666 STEPHANUS
968 626 1171 664 ALBERTI.
1198 625 1321 676 Apud
1346 625 1635 673 Froissartum‚
1668 633 1697 662 t.
1722 639 1749 672 1,
1774 638 1862 674 cap.
1892 638 1999 672 cmn,

293 688 483 726 Estienne
511 687 674 725 Aubert.
709 688 934 724 Parentum
964 686 1050 735 ejus
1082 685 1249 722 nomina
1278 685 1319 721 in
1350 684 1523 722 obscuro
1552 692 1662 723 sunt.
1698 683 1802 721 Illud
1832 691 1999 721 tantum

294 748 443 787 scimus
470 762 519 785 ex
543 754 798 785 testamento
824 745 1041 783 cardinalis
1068 744 1262 793 Audoyni
1281 743 1310 788 3,
1335 743 1424 781 illos
1451 758 1535 782 esse
1561 743 1744 794 sepultos
1764 743 1806 780 in
1832 742 1998 781 ecclesia

293 807 341 846 de
363 808 537 845 Arnaco.
561 806 600 844 Si
621 805 720 843 mihi
740 814 879 842 tamen
902 804 1017 842 effari
1036 804 1132 842 licet
1154 803 1263 852 quod
1284 803 1431 850 sentio,
1453 817 1546 841 cum
1565 803 1607 840 in
1632 802 1838 840 Veteribus
1862 815 1999 839 monu-

294 866 436 904 mentis
461 865 700 903 Car-thasiae
729 863 1040 910 Glanderiensis,
1065 877 1169 912 quae
1190 862 1325 900 vicina
1345 871 1406 901 est
1420 863 1508 900 1000
1530 862 1578 900 de
1598 860 1752 908 Monte,
1772 861 2001 911 reperiatur

291 940 444 964 >nomen
484 925 683 975 Stephani
728 923 883 961 Alberti
924 923 971 960 de
1014 922 1286 972 Pompedorio
1328 922 1458 960 clerici
1499 921 1678 968 uxorati,
1721 934 1843 970 quem
1882 920 1998 958 annis

294 985 516 1023 MCCLXV
544 992 585 1022 et
613 983 913 1021 MCCLXXIII
942 982 1091 1020 vixisse
1121 989 1299 1029 constat,
1327 989 1419 1019 tum
1445 989 1599 1031 postea·
1618 979 1812 1018 Ademari
1840 979 1998 1017 Alberti

294 1044 341 1083 de
361 1043 634 1094 Pompedorio
652 1057 760 1080 anno
779 1042 954 1079 MCCCV
972 1041 1166 1088 viventis,
1185 1055 1267 1078 non
1284 1054 1452 1090 possum
1469 1054 1551 1077 non
1569 1035 1756 1077 assentiri
1776 1039 1999 1077 clarissimo

293 1104 380 1141 viro
404 1103 571 1141 domino
595 1102 747 1139 ,loanni
768 1102 984 1151 Baptistae
1008 1100 1272 1146 Pradillonio,
1297 1100 1366 1149 qui
1388 1114 1518 1149 nuper
1539 1099 1686 1137 merito
1709 1113 1781 1136 suo
1818 1098 1999 1135 obtinuit

292 1177 499 1201 summam
521 1162 826 1212 praefecturam
849 1160 956 1198 inter
977 1174 1069 1197 suos
1095 1159 1316 1206 Fulienses,
1341 1158 1577 1208 conjicienti
1600 1158 1854 1196 Ademarum
1876 1157 1999 1195 fuisse

292 1231 455 1273 patrem
470 1235 602 1272 papae
624 1220 874 1266 Innocentii3
893 1219 1152 1269 Stephanum
1171 1233 1268 1256 vero
1289 1232 1426 1255 avum.
1448 1218 1555 1256 Nam
1572 1225 1613 1255 et
1630 1217 1829 1267 Stephani
1849 1230 1999 1254 nomen

293 1290 449 1320 certam
478 1279 780 1331 propemodum
807 1279 1090 1328 conjecturam
1118 1278 1230 1316 facit.
1262 1278 1453 1315 Ceterum
1478 1291 1628 1315 nomen
1651 1276 1699 1314 de
1724 1275 1998 1326 Pompedorio

290 1341 372 1379 illic
400 1341 591 1378 additum
620 1339 775 1377 nomini
798 1334 1070 1375 vAlbertorum
1097 1337 1266 1375 innuere
1294 1336 1461 1375 videtur
1488 1350 1579 1375 eam
1608 1344 1773 1385 gentem
1800 1335 1999 1374 mansisse

291 1401 330 1438 in
361 1415 407 1438 eo
434 1401 523 1438 loco
552 1407 648 1437 ante
678 1412 803 1448 quam
832 1397 1122 1446 commigraret
1149 1396 1201 1433 ad
1230 1396 1426 1434 Montem.
1464 1395 1598 1433 Liberi
1634 1395 1776 1444 itaque
1805 1394 1998 1432 Ademari

293 1460 403 1497 fuere
423 1459 488 1497 hic
509 1459 743 1508 Stephanus
764 1471 886 1507 papa,
909 1456 1057 1503 Guido,
1079 1469 1202 1505 quem
1217 1470 1325 1492 anno
1342 1454 1676 1493 MCCCXXVIII
1696 1455 1785 1503 lego
1801 1461 1997 1491 vocatum

292 1519 415 1557 fuisse
437 1517 712 1560 domicellum,
736 1517 880 1554 Petrus
901 1516 1029 1553 abbas
1051 1515 1451 1562 Grandimontensis,
1472 1522 1513 1552 et
1532 1522 1665 1551 mater
1686 1513 1796 1551 Petri
1817 1513 1865 1551 de
1886 1513 1998 1550 Mon·
2026 1546 2033 1548 .

292 1587 433 1616 teruco
456 1577 685 1616 cardinalis.
714 1576 775 1612 Ex
797 1576 857 1613 his
882 1574 1015 1612 Guido
1038 1575 1222 1624 sepultus
1246 1582 1307 1612 est
1330 1587 1423 1611 cum
1444 1587 1570 1611 uxore
1593 1587 1665 1610 sua
1688 1572 1799 1623 apud
1823 1572 1999 1610 Glande-

291 1638 398 1675 rium
430 1637 472 1674 in
505 1635 756 1673 monasterio
791 1634 1171 1672 Carthusianorum.

345 1696 479 1734 Guido
498 1710 548 1733 ex
567 1694 790 1744 Margarita
811 1694 858 1732 de
879 1693 1056 1731 Livrono
1076 1692 1105 1740 4,
1127 1692 1299 1742 conjuge
1319 1706 1406 1739 sua,
1427 1691 1568 1741 genuit
1587 1691 1820 1729 Guidonem
1839 1690 1998 1729 dictum

289 1756 494 1805 juniorem
519 1755 570 1791 ad
596 1753 871 1791 differentiam
896 1752 1039 1802 patris,
1057 1751 1254 1789 maritum
1276 1751 1493 1789 Contoriae
1516 1750 1680 1788 Cotheti
1704 1765 1754 1788 ex
1778 1749 1997 1787 nobilitate

292 1814 531 1861 Securiensi,
557 1828 678 1863 quem
703 1820 867 1850 constat
891 1812 995 1849 circa
1019 1825 1174 1848 annum
1198 1810 1456 1848 MCCCLVII
1479 1810 1713 1848 extinctum
1736 1824 1834 1857 esse,
1860 1809 1997 1847 Galte-

291 1888 381 1911 rum
396 1873 610 1912 dominum
625 1872 790 1918 Montis,
805 1870 1012 1920 Beyssaci,
1026 1879 1066 1908 et
1080 1870 1220 1908 Sancti
1234 1869 1459 1916 Saturnini,
1476 1869 1716 1906 Audoinum
1731 1868 1994 1915 cardinalem,

291 1933 520 1970 Arnaldum
546 1931 900 1981 archiepiscopum
928 1929 1198 1968 Auscitanum
1227 1937 1267 1967 et
1294 1929 1330 1966 S.
1361 1928 1408 1967 R.
1439 1929 1482 1966 E.
1506 1928 1799 1976 Camerarium,
1825 1927 1996 1977 Stepha-

290 2006 389 2029 num
411 1992 609 2029 abbatem
631 1990 770 2028 Sancti
796 1989 916 2027 Illidii
939 1988 1286 2026 Cl'aromontensis
1305 1996 1346 2026 et
1367 1987 1508 2025 Sancti
1524 1987 1700 2025 Victoris
1718 1986 1996 2034 Massiliensis,

290 2051 493 2101 Agnetem
520 2064 690 2087 uxorem
718 2049 912 2086 Ademari
940 2049 988 2086 (10
1014 2049 1052 2085 la
1082 2048 1291 2097 Ribffiym,
1320 2047 1467 2084 nobilis
1495 2046 1813 2093 Lemovicensis‚
1842 2045 1996 2083 domini

291 2111 338 2148 de
358 2111 510 2148 Sancto
526 2109 678 2147 Bonito
697 2117 737 2146 et
756 2108 976 2145 Camerarii
994 2121 1126 2157 papae
1148 2106 1392 2154 Innocentii,
1411 2114 1452 2144 et
1470 2106 1676 2144 Valeriam
1694 2113 1870 2155 nuptam
1888 2118 1996 2142 anno

290 2169 667 2207 MCCCXXXVIII
708 2168 794 2205 viro
832 2167 1050 2217 primariae
1086 2166 1194 2204 inter
1231 2165 1468 2204 Lemovices
1503 2165 1733 2202 nobilitatis
1766 2163 1996 2202 Bertrando

291 2229 458 2266 domino
492 2228 540 2266 de
578 2228 809 2265 Bolinhaco
843 2234 883 2265 et
918 2226 1192 2275 Vergnarumg
1229 2240 1277 2263 ex
1327 2238 1503 2274 quorum
1537 2224 1742 2262 connubio
1776 2224 1863 2261 nati
1900 2231 1997 2261 sunt

290 2288 424 2326 Guido
448 2287 496 2325 de
521 2287 750 2325 Rofinhaco
774 2285 1026 2332 domicellus,
1049 2285 1117 2334 qui
1136 2284 1307 2322 Arnaldi
1324 2283 1620 2334 archiepiscopi
1638 2282 1853 2321 Auscitani
1870 2297 1995 2332 nepos

288 2355 463 2385 vocatur
494 2347 535 2384 in
569 2346 742 2396 epistola
777 2344 959 2394 Gregorii
994 2344 1055 2381 XI
1088 2344 1140 2381 ad
1174 2343 1427 2381 Ludovicem
1460 2342 1606 2380 ducem
1639 2342 1994 2391 Andegavensem,

289 2406 422 2456 (cujus
449 2405 777 2444 scancionarium
801 2404 923 2442 fuisse
950 2404 1058 2441 hunc
1077 2403 1309 2441 Guidonem
1329 2402 1486 2452 reperio
1501 2402 1543 2439 in
1561 2402 1724 2450 Regesto
1737 2400 1780 2439 C.
1798 2401 1876 2451 [JJ
1892 2399 1991 2450 100]

288 2465 444 2503 archivi
463 2465 560 2515 regii
582 2464 723 2510 Paris,
740 2478 828 2513 cap.
849 2463 1016 2511 ccxmv)
1033 2470 1074 2501 et
1089 2461 1339 2511 Raymunda
1353 2461 1402 2499 de
1418 2461 1661 2508 Rofinhaco,
1684 2474 1810 2510 quam
1827 2467 1994 2509 neptem

287 2538 404 2562 suam
432 2532 556 2561 vocat
585 2523 798 2560 Audoinus
826 2523 867 2560 in
895 2522 1039 2560 eodem
1067 2529 1332 2559 testamento.

342 2584 546 2631 Galterus‚
582 2583 651 2631 qui
684 2583 868 2632 sepultus
902 2590 964 2619 est
999 2580 1161 2618 Parisiis
1195 2580 1306 2630 apud
1341 2580 1540 2618 Sanctum
1573 2579 1796 2626 Victorem,
1829 2577 1995 2627 reliquit

290 2657 361 2680 sex
389 2643 552 2689 liberos,
584 2642 753 2679 Petrum
784 2640 992 2687 nimirum,
1025 2640 1289 2677 Guillelmum
1321 2638 1534 2676 dominum
1565 2638 1717 2676 Murati
1747 2646 1789 2676 et
1819 2636 1995 2675 Montilii

336 2804 366 2835 Ί.
396 2803 551 2846 ΒρΡΓοΖ,
580 2802 755 2834 szocent
783 2801 848 2840 VI,
877 2812 910 2833 n.
938 2802 969 2833 3.

335 2857 364 2888 2.
393 2856 458 2888 Ed.
483 2856 655 2894 Bohmer‚
680 2855 813 2887 Fontes
834 2865 953 2886 rerum
980 2853 1290 2891 Germanicarum,
1319 2858 1340 2884 t.
1363 2863 1413 2884 1v.
1436 2870 1485 2874 ——
1512 2851 1579 2884 Les
1603 2851 1782 2894 depenses
1806 2849 1994 2883 occasion-

288 2911 371 2941 necs
389 2921 456 2952 par
471 2909 501 2941 lc
519 2914 816 2941 couronncment
833 2907 1059 2939 d’Innocent
1074 2906 1126 2938 VI
1143 2912 1209 2938 ont
1225 2907 1282 2938 ete
1299 2904 1465 2948 publices
1483 2916 1550 2947 par
1567 2904 1605 2937 P.
1625 2903 1748 2943 Guidi,
1764 2903 1820 2936 La
1835 2903 1994 2936 Corona-

287 2963 386 2994 zione
403 2962 642 2994 d'Imzocenzo
664 2961 728 3000 VI,
749 2962 840 2993 dans
857 2960 1053 3003 Papsltam
1070 2960 1145 2992 und
1159 2958 1407 2991 Kaisertlmm.
1426 2957 1687 3000 Forschungen
1700 2968 1766 2989 zur
1779 2956 1993 3000 politischen

296 3014 497 3047 (les-clm‘clzte
517 3016 592 3047 uml
615 3014 875 3047 Geistesffcultur
892 3013 951 3045 cles
968 3012 1209 3051 Mittelaltem
1230 3011 1394 3050 Munich‚
1415 3011 1519 3050 1925,
1541 3022 1575 3054 p.
1597 3010 1766 3043 571-590.

338 3070 368 3100 3.
396 3068 432 3100 κ’.
460 3068 668 3106 Dnchcsno,
693 3067 856 3099 Histoire
878 3067 918 3098 (le
939 3071 1017 3098 tous
1039 3066 1087 3098 les
1108 3065 1312 3098 cardinaua:
1331 3064 1503 3107 jrancois,
1528 3069 1553 3097 t.
1576 3075 1614 3103 11,
1638 3075 1672 3106 p.
1696 3064 1778 3096 384.

342 3122 369 3152 ἢ.
400 3121 487 3152 Voir
514 3122 612 3152 ειιϊόί,
639 3121 681 3151 (11-
710 3121 803 3153 ’1472
831 3125 958 3152 contu¹
986 3118 1093 3158 Κ101111,
1123 3118 1285 3150 vicomtc
1313 3117 1356 3150 de
1385 3117 1572 3149 Comborn
1610 3116 1726 3159 [Bal.]
