<?xml version="1.0" encoding="UTF-8"?>
<!DOCTYPE html PUBLIC "-//W3C//DTD XHTML 1.0 Transitional//EN"
    "http://www.w3.org/TR/xhtml1/DTD/xhtml1-transitional.dtd">
<html xmlns="http://www.w3.org/1999/xhtml" xml:lang="en" lang="en">
 <head>
  <title>
</title>
<meta http-equiv="Content-Type" content="text/html;charset=utf-8" />
  <meta name='ocr-system' content='tesseract 3.04.00' />
  <meta name='ocr-capabilities' content='ocr_page ocr_carea ocr_par ocr_line ocrx_word'/>
</head>
<body>
  <div class='ocr_page' id='page_1' title='image "./vitaepaparumaven02balu_0527.png"; bbox 0 0 2083 3458; ppageno 0'>
   <div class='ocr_carea' id='block_1_1' title="bbox 120 268 1800 328">
    <p class='ocr_par' dir='ltr' id='par_1_1' title="bbox 120 268 1800 328">
     <span class='ocr_line' id='line_1_1' title="bbox 120 268 1800 328; baseline -0.002 -16"><span class='ocrx_word' id='word_1_1' title='bbox 120 271 272 328; x_wconf 85' lang='lat'>[1000]</span> <span class='ocrx_word' id='word_1_2' title='bbox 645 287 860 313; x_wconf 81' lang='lat' dir='ltr'><strong>PAPARUM</strong></span> <span class='ocrx_word' id='word_1_3' title='bbox 896 285 1280 312; x_wconf 74' lang='lat' dir='ltr'><em>AVENonENsmM</em></span> <span class='ocrx_word' id='word_1_4' title='bbox 1718 268 1800 310; x_wconf 80' lang='lat'><em>517</em></span> 
     </span>
    </p>
   </div>
   <div class='ocr_carea' id='block_1_2' title="bbox 49 369 1810 2960">
    <p class='ocr_par' dir='ltr' id='par_1_2' title="bbox 49 369 1810 1187">
     <span class='ocr_line' id='line_1_2' title="bbox 107 369 1798 420; baseline -0.001 -13"><span class='ocrx_word' id='word_1_5' title='bbox 107 372 337 410; x_wconf 77' lang='lat' dir='ltr'>necessitas.</span> <span class='ocrx_word' id='word_1_6' title='bbox 356 372 457 409; x_wconf 87' lang='lat' dir='ltr'><em>Cum</em></span> <span class='ocrx_word' id='word_1_7' title='bbox 473 371 580 410; x_wconf 87' lang='lat' dir='ltr'><em>enim</em></span> <span class='ocrx_word' id='word_1_8' title='bbox 598 371 773 409; x_wconf 69' lang='lat' dir='ltr'><em>Romani</em></span> <span class='ocrx_word' id='word_1_9' title='bbox 790 371 929 408; x_wconf 81' lang='lat' dir='ltr'><em>furiosi</em></span> <span class='ocrx_word' id='word_1_10' title='bbox 945 371 1082 420; x_wconf 76' lang='lat' dir='ltr'><em>palam</em></span> <span class='ocrx_word' id='word_1_11' title='bbox 1099 379 1139 408; x_wconf 83' lang='lat' dir='ltr'><em>et</em></span> <span class='ocrx_word' id='word_1_12' title='bbox 1155 370 1315 420; x_wconf 81' lang='lat' dir='ltr'><em>publice</em></span> <span class='ocrx_word' id='word_1_13' title='bbox 1332 378 1507 407; x_wconf 80' lang='lat' dir='ltr'><em>mortem</em></span> <span class='ocrx_word' id='word_1_14' title='bbox 1523 369 1798 407; x_wconf 72' lang='lat' dir='ltr'>cardinalibus</span> 
     </span>
     <span class='ocr_line' id='line_1_3' title="bbox 103 429 1799 479; baseline -0.001 -12"><span class='ocrx_word' id='word_1_15' title='bbox 103 430 360 469; x_wconf 75' lang='lat' dir='ltr'><strong>intentarent</strong></span> <span class='ocrx_word' id='word_1_16' title='bbox 393 430 469 468; x_wconf 84' lang='lat' dir='ltr'><em>nisi</em></span> <span class='ocrx_word' id='word_1_17' title='bbox 505 430 738 467; x_wconf 82' lang='lat' dir='ltr'><em>Romanum</em></span> <span class='ocrx_word' id='word_1_18' title='bbox 773 430 966 479; x_wconf 69' lang='lat' dir='ltr'><em>eligerent</em></span> <span class='ocrx_word' id='word_1_19' title='bbox 1000 438 1071 467; x_wconf 78' lang='lat' dir='ltr'><em>aut</em></span> <span class='ocrx_word' id='word_1_20' title='bbox 1111 430 1274 476; x_wconf 78' lang='lat' dir='ltr'><em>Italum,</em></span> <span class='ocrx_word' id='word_1_21' title='bbox 1310 437 1350 466; x_wconf 78' lang='lat' dir='ltr'><em>et</em></span> <span class='ocrx_word' id='word_1_22' title='bbox 1384 437 1513 466; x_wconf 84' lang='lat' dir='ltr'><em>terror</em></span> <span class='ocrx_word' id='word_1_23' title='bbox 1545 429 1799 477; x_wconf 68' lang='lat' dir='ltr'><em>implevisset</em></span> 
     </span>
     <span class='ocr_line' id='line_1_4' title="bbox 104 486 1798 539; baseline -0.002 -12"><span class='ocrx_word' id='word_1_24' title='bbox 104 490 311 537; x_wconf 79' lang='lat' dir='ltr'><em>conclave,</em></span> <span class='ocrx_word' id='word_1_25' title='bbox 340 490 381 527; x_wconf 90' lang='lat' dir='ltr'><em>in</em></span> <span class='ocrx_word' id='word_1_26' title='bbox 410 489 497 539; x_wconf 80' lang='lat' dir='ltr'><em>ipso</em></span> <span class='ocrx_word' id='word_1_27' title='bbox 528 489 669 526; x_wconf 77' lang='lat' dir='ltr'><em>statim</em></span> <span class='ocrx_word' id='word_1_28' title='bbox 701 488 928 526; x_wconf 69' lang='lat' dir='ltr'><em>collationis</em></span> <span class='ocrx_word' id='word_1_29' title='bbox 959 488 1138 533; x_wconf 75' lang='lat' dir='ltr'><em>exordio,</em></span> <span class='ocrx_word' id='word_1_30' title='bbox 1170 496 1215 525; x_wconf 80' lang='lat' dir='ltr'><em>ut</em></span> <span class='ocrx_word' id='word_1_31' title='bbox 1243 495 1422 525; x_wconf 73' lang='lat' dir='ltr'><em>testatus</em></span> <span class='ocrx_word' id='word_1_32' title='bbox 1453 495 1514 525; x_wconf 82' lang='lat' dir='ltr'><em>est</em></span> <span class='ocrx_word' id='word_1_33' title='bbox 1543 488 1584 525; x_wconf 92' lang='lat' dir='ltr'><em>in</em></span> <span class='ocrx_word' id='word_1_34' title='bbox 1611 487 1765 536; x_wconf 87' lang='lat' dir='ltr'><em>judicio</em></span> <span class='ocrx_word' id='word_1_35' title='bbox 1784 486 1798 509; x_wconf 79' lang='lat'>1</span> 
     </span>
     <span class='ocr_line' id='line_1_5' title="bbox 104 545 1798 595; baseline -0.002 -10"><span class='ocrx_word' id='word_1_36' title='bbox 104 548 320 586; x_wconf 79' lang='lat' dir='ltr'><em>cardinalis</em></span> <span class='ocrx_word' id='word_1_37' title='bbox 356 548 629 595; x_wconf 83' lang='lat' dir='ltr'><em>Florentinus,</em></span> <span class='ocrx_word' id='word_1_38' title='bbox 665 548 838 584; x_wconf 86' lang='lat' dir='ltr'><em>custodes</em></span> <span class='ocrx_word' id='word_1_39' title='bbox 872 547 1065 584; x_wconf 68' lang='lat' dir='ltr'><em>conclavis</em></span> <span class='ocrx_word' id='word_1_40' title='bbox 1099 561 1186 584; x_wconf 86' lang='lat' dir='ltr'><em>cum</em></span> <span class='ocrx_word' id='word_1_41' title='bbox 1221 561 1367 595; x_wconf 77' lang='lat' dir='ltr'><em>magna</em></span> <span class='ocrx_word' id='word_1_42' title='bbox 1398 546 1633 595; x_wconf 74' lang='lat' dir='ltr'><em>festinantia</em></span> <span class='ocrx_word' id='word_1_43' title='bbox 1669 545 1798 583; x_wconf 66' lang='lat' dir='ltr'><em>vocari</em></span> 
     </span>
     <span class='ocr_line' id='line_1_6' title="bbox 102 605 1796 655; baseline -0.002 -11"><span class='ocrx_word' id='word_1_44' title='bbox 102 607 275 655; x_wconf 87' lang='lat' dir='ltr'><em>fecerunt</em></span> <span class='ocrx_word' id='word_1_45' title='bbox 294 607 496 644; x_wconf 86' lang='lat' dir='ltr'><em>dominum</em></span> <span class='ocrx_word' id='word_1_46' title='bbox 518 607 562 644; x_wconf 88' lang='lat' dir='ltr'><em>de</em></span> <span class='ocrx_word' id='word_1_47' title='bbox 581 606 794 655; x_wconf 81' lang='lat' dir='ltr'><em>Agrifolio,</em></span> <span class='ocrx_word' id='word_1_48' title='bbox 816 606 932 655; x_wconf 81' lang='lat' dir='ltr'><em>eique</em></span> <span class='ocrx_word' id='word_1_49' title='bbox 954 606 1146 644; x_wconf 79' lang='lat' dir='ltr'><em>dixerunt</em></span> <span class='ocrx_word' id='word_1_50' title='bbox 1167 607 1268 655; x_wconf 76' lang='lat' dir='ltr'><em>quod</em></span> <span class='ocrx_word' id='word_1_51' title='bbox 1287 606 1368 642; x_wconf 87' lang='lat' dir='ltr'><em>nisi</em></span> <span class='ocrx_word' id='word_1_52' title='bbox 1387 605 1519 643; x_wconf 85' lang='lat' dir='ltr'><em>statim</em></span> <span class='ocrx_word' id='word_1_53' title='bbox 1539 606 1625 642; x_wconf 89' lang='lat' dir='ltr'><em>sine</em></span> <span class='ocrx_word' id='word_1_54' title='bbox 1645 619 1796 642; x_wconf 88' lang='lat' dir='ltr'><em>morosa</em></span> 
     </span>
     <span class='ocr_line' id='line_1_7' title="bbox 103 664 1795 715; baseline -0.002 -12"><span class='ocrx_word' id='word_1_55' title='bbox 103 666 381 703; x_wconf 83' lang='lat' dir='ltr'><em>deliberatione</em></span> <span class='ocrx_word' id='word_1_56' title='bbox 402 666 573 715; x_wconf 78' lang='lat' dir='ltr'><em>aliquem</em></span> <span class='ocrx_word' id='word_1_57' title='bbox 589 666 775 714; x_wconf 77' lang='lat' dir='ltr'><em>eligerent</em></span> <span class='ocrx_word' id='word_1_58' title='bbox 794 665 1019 701; x_wconf 80' lang='lat' dir='ltr'><em>Romanum</em></span> <span class='ocrx_word' id='word_1_59' title='bbox 1039 666 1096 701; x_wconf 63' lang='lat' dir='ltr'><em>wel</em></span> <span class='ocrx_word' id='word_1_60' title='bbox 1117 665 1330 711; x_wconf 77' lang='lat' dir='ltr'><em>Ytalicum,</em></span> <span class='ocrx_word' id='word_1_61' title='bbox 1350 678 1482 701; x_wconf 87' lang='lat' dir='ltr'><em>omnes</em></span> <span class='ocrx_word' id='word_1_62' title='bbox 1501 664 1653 701; x_wconf 84' lang='lat' dir='ltr'><em>domini</em></span> <span class='ocrx_word' id='word_1_63' title='bbox 1670 664 1795 701; x_wconf 85' lang='lat' dir='ltr'><em>cardi-</em></span> 
     </span>
     <span class='ocr_line' id='line_1_8' title="bbox 104 723 1796 774; baseline -0.001 -13"><span class='ocrx_word' id='word_1_64' title='bbox 104 725 212 762; x_wconf 85' lang='lat' dir='ltr'><em>nales</em></span> <span class='ocrx_word' id='word_1_65' title='bbox 234 733 346 763; x_wconf 80' lang='lat' dir='ltr'><em>erant</em></span> <span class='ocrx_word' id='word_1_66' title='bbox 368 725 410 762; x_wconf 90' lang='lat' dir='ltr'><em>in</em></span> <span class='ocrx_word' id='word_1_67' title='bbox 432 725 607 774; x_wconf 84' lang='lat' dir='ltr'><em>periculo</em></span> <span class='ocrx_word' id='word_1_68' title='bbox 630 725 731 774; x_wconf 83' lang='lat' dir='ltr'><em>quad</em></span> <span class='ocrx_word' id='word_1_69' title='bbox 754 724 1018 761; x_wconf 75' lang='lat' dir='ltr'><em>inciderentur</em></span> <span class='ocrx_word' id='word_1_70' title='bbox 1041 738 1109 772; x_wconf 84' lang='lat' dir='ltr'><em>per</em></span> <span class='ocrx_word' id='word_1_71' title='bbox 1130 724 1270 772; x_wconf 76' lang='lat' dir='ltr'><em>frusta.</em></span> <span class='ocrx_word' id='word_1_72' title='bbox 1297 724 1425 761; x_wconf 79' lang='lat' dir='ltr'><em>Addit</em></span> <span class='ocrx_word' id='word_1_73' title='bbox 1446 732 1541 773; x_wconf 76' lang='lat' dir='ltr'><em>post</em></span> <span class='ocrx_word' id='word_1_74' title='bbox 1564 723 1640 760; x_wconf 75' lang='lat' dir='ltr'><em>ista</em></span> <span class='ocrx_word' id='word_1_75' title='bbox 1668 723 1796 760; x_wconf 77' lang='lat' dir='ltr'><em>cardi-</em></span> 
     </span>
     <span class='ocr_line' id='line_1_9' title="bbox 102 781 1794 831; baseline -0.001 -11"><span class='ocrx_word' id='word_1_76' title='bbox 102 784 205 821; x_wconf 84' lang='lat' dir='ltr'><em>nalis</em></span> <span class='ocrx_word' id='word_1_77' title='bbox 240 784 499 822; x_wconf 82' lang='lat' dir='ltr'><em>Florentinus</em></span> <span class='ocrx_word' id='word_1_78' title='bbox 521 783 562 821; x_wconf 82' lang='lat'><em>²:</em></span> <span class='ocrx_word' id='word_1_79' title='bbox 587 783 638 821; x_wconf 88' lang='lat' dir='ltr'><em>Et</em></span> <span class='ocrx_word' id='word_1_80' title='bbox 663 783 763 820; x_wconf 87' lang='lat' dir='ltr'><em>idem</em></span> <span class='ocrx_word' id='word_1_81' title='bbox 792 783 977 819; x_wconf 86' lang='lat' dir='ltr'><em>dominus</em></span> <span class='ocrx_word' id='word_1_82' title='bbox 1008 783 1052 819; x_wconf 86' lang='lat' dir='ltr'><em>(le</em></span> <span class='ocrx_word' id='word_1_83' title='bbox 1082 783 1295 831; x_wconf 70' lang='lat' dir='ltr'><em>Agrifoli0‚</em></span> <span class='ocrx_word' id='word_1_84' title='bbox 1328 783 1478 820; x_wconf 81' lang='lat' dir='ltr'><em>auditis</em></span> <span class='ocrx_word' id='word_1_85' title='bbox 1509 783 1624 820; x_wconf 86' lang='lat' dir='ltr'><em>dictis</em></span> <span class='ocrx_word' id='word_1_86' title='bbox 1655 781 1794 829; x_wconf 72' lang='lat' dir='ltr'><em>verbis,</em></span> 
     </span>
     <span class='ocr_line' id='line_1_10' title="bbox 101 841 1793 892; baseline -0.001 -13"><span class='ocrx_word' id='word_1_87' title='bbox 101 842 241 880; x_wconf 69' lang='lat' dir='ltr'><em>redivit</em></span> <span class='ocrx_word' id='word_1_88' title='bbox 266 843 318 880; x_wconf 86' lang='lat' dir='ltr'><em>ad</em></span> <span class='ocrx_word' id='word_1_89' title='bbox 343 843 576 890; x_wconf 84' lang='lat' dir='ltr'><em>cardinales,</em></span> <span class='ocrx_word' id='word_1_90' title='bbox 605 842 672 892; x_wconf 80' lang='lat' dir='ltr'><em>qui</em></span> <span class='ocrx_word' id='word_1_91' title='bbox 697 842 882 879; x_wconf 76' lang='lat' dir='ltr'><em>sedebant</em></span> <span class='ocrx_word' id='word_1_92' title='bbox 909 842 949 878; x_wconf 86' lang='lat' dir='ltr'><em>in</em></span> <span class='ocrx_word' id='word_1_93' title='bbox 979 842 1141 890; x_wconf 77' lang='lat' dir='ltr'><em>capella,</em></span> <span class='ocrx_word' id='word_1_94' title='bbox 1165 850 1203 879; x_wconf 72' lang='lat' dir='ltr'><em>=et</em></span> <span class='ocrx_word' id='word_1_95' title='bbox 1229 842 1404 879; x_wconf 65' lang='lat' dir='ltr'><em>recitavit</em></span> <span class='ocrx_word' id='word_1_96' title='bbox 1430 841 1542 878; x_wconf 68' lang='lat' dir='ltr'><em>verba</em></span> <span class='ocrx_word' id='word_1_97' title='bbox 1570 841 1649 878; x_wconf 90' lang='lat' dir='ltr'><em>sibi</em></span> <span class='ocrx_word' id='word_1_98' title='bbox 1677 841 1793 888; x_wconf 88' lang='lat' dir='ltr'><em>dicta,</em></span> 
     </span>
     <span class='ocr_line' id='line_1_11' title="bbox 100 899 1794 951; baseline -0.001 -13"><span class='ocrx_word' id='word_1_99' title='bbox 100 901 248 938; x_wconf 87' lang='lat' dir='ltr'><em>addens</em></span> <span class='ocrx_word' id='word_1_100' title='bbox 274 918 281 939; x_wconf 74' lang='grc' dir='ltr'>ε</span> <span class='ocrx_word' id='word_1_101' title='bbox 313 902 390 939; x_wconf 78' lang='lat' dir='ltr'><em>Vos</em></span> <span class='ocrx_word' id='word_1_102' title='bbox 414 901 552 939; x_wconf 67' lang='lat' dir='ltr'><em>videtis</em></span> <span class='ocrx_word' id='word_1_103' title='bbox 576 901 793 951; x_wconf 84' lang='lat' dir='ltr'><em>periculum</em></span> <span class='ocrx_word' id='word_1_104' title='bbox 822 901 863 937; x_wconf 89' lang='lat' dir='ltr'><em>in</em></span> <span class='ocrx_word' id='word_1_105' title='bbox 897 915 970 950; x_wconf 80' lang='lat' dir='ltr'><em>qna</em></span> <span class='ocrx_word' id='word_1_106' title='bbox 1001 915 1152 939; x_wconf 80' lang='lat' dir='ltr'><em>sumus,</em></span> <span class='ocrx_word' id='word_1_107' title='bbox 1172 900 1296 949; x_wconf 50' lang='lat' dir='ltr'><em>&lt;Quid</em></span> <span class='ocrx_word' id='word_1_108' title='bbox 1327 909 1382 938; x_wconf 90' lang='lat' dir='ltr'><em>est</em></span> <span class='ocrx_word' id='word_1_109' title='bbox 1411 899 1663 949; x_wconf 67' lang='lat' dir='ltr'><em>faciendum?</em></span> <span class='ocrx_word' id='word_1_110' title='bbox 1690 900 1794 937; x_wconf 87' lang='lat' dir='ltr'><em>Tum</em></span> 
     </span>
     <span class='ocr_line' id='line_1_12' title="bbox 102 959 1793 999; baseline -0.001 -2"><span class='ocrx_word' id='word_1_111' title='bbox 102 961 208 998; x_wconf 81' lang='lat' dir='ltr'><em>inter</em></span> <span class='ocrx_word' id='word_1_112' title='bbox 222 976 287 998; x_wconf 84' lang='lat' dir='ltr'><em>eos</em></span> <span class='ocrx_word' id='word_1_113' title='bbox 303 961 575 999; x_wconf 74' lang='lat' dir='ltr'><em>deliberatum</em></span> <span class='ocrx_word' id='word_1_114' title='bbox 590 969 636 997; x_wconf 71' lang='lat' dir='ltr'><em>ut</em></span> <span class='ocrx_word' id='word_1_115' title='bbox 653 960 911 998; x_wconf 76' lang='lat' dir='ltr'><em>Florentinus</em></span> <span class='ocrx_word' id='word_1_116' title='bbox 927 960 1001 997; x_wconf 76' lang='lat' dir='ltr'><em>iret</em></span> <span class='ocrx_word' id='word_1_117' title='bbox 1018 960 1069 996; x_wconf 75' lang='lat' dir='ltr'><em>ad</em></span> <span class='ocrx_word' id='word_1_118' title='bbox 1086 960 1307 998; x_wconf 67' lang='lat' dir='ltr'><em>fenestram</em></span> <span class='ocrx_word' id='word_1_119' title='bbox 1322 959 1525 997; x_wconf 80' lang='lat' dir='ltr'><em>conclavis</em></span> <span class='ocrx_word' id='word_1_120' title='bbox 1541 967 1580 997; x_wconf 84' lang='lat' dir='ltr'><em>et</em></span> <span class='ocrx_word' id='word_1_121' title='bbox 1597 959 1793 997; x_wconf 78' lang='lat' dir='ltr'><em>Romanis</em></span> 
     </span>
     <span class='ocr_line' id='line_1_13' title="bbox 100 1017 1793 1069; baseline -0.001 -13"><span class='ocrx_word' id='word_1_122' title='bbox 100 1020 360 1069; x_wconf 76' lang='lat' dir='ltr'><em>polliceretur</em></span> <span class='ocrx_word' id='word_1_123' title='bbox 377 1020 617 1058; x_wconf 75' lang='lat' dir='ltr'><em>electionem</em></span> <span class='ocrx_word' id='word_1_124' title='bbox 636 1019 812 1057; x_wconf 80' lang='lat' dir='ltr'><em>Romani</em></span> <span class='ocrx_word' id='word_1_125' title='bbox 830 1027 903 1056; x_wconf 63' lang='lat' dir='ltr'><em>aut</em></span> <span class='ocrx_word' id='word_1_126' title='bbox 925 1018 1030 1056; x_wconf 69' lang='lat' dir='ltr'><em>[tali.</em></span> <span class='ocrx_word' id='word_1_127' title='bbox 1054 1019 1133 1056; x_wconf 64' lang='lat' dir='ltr'><em>lvii</em></span> <span class='ocrx_word' id='word_1_128' title='bbox 1151 1033 1257 1068; x_wconf 78' lang='lat' dir='ltr'><em>ergo,</em></span> <span class='ocrx_word' id='word_1_129' title='bbox 1277 1018 1466 1067; x_wconf 78' lang='lat' dir='ltr'><em>quamvis</em></span> <span class='ocrx_word' id='word_1_130' title='bbox 1482 1018 1652 1065; x_wconf 77' lang='lat' dir='ltr'><em>invitus,</em></span> <span class='ocrx_word' id='word_1_131' title='bbox 1671 1017 1793 1055; x_wconf 84' lang='lat' dir='ltr'><em>comi-</em></span> 
     </span>
     <span class='ocr_line' id='line_1_14' title="bbox 49 1075 1810 1128; baseline 0.001 -16"><span class='ocrx_word' id='word_1_132' title='bbox 49 1104 54 1112; x_wconf 73' lang='grc'><em>,</em></span> <span class='ocrx_word' id='word_1_133' title='bbox 99 1079 287 1116; x_wconf 79' lang='lat' dir='ltr'><em>tantibus</em></span> <span class='ocrx_word' id='word_1_134' title='bbox 316 1093 409 1117; x_wconf 87' lang='lat' dir='ltr'><em>eum</em></span> <span class='ocrx_word' id='word_1_135' title='bbox 439 1078 643 1117; x_wconf 78' lang='lat' dir='ltr'><em>cardinale</em></span> <span class='ocrx_word' id='word_1_136' title='bbox 673 1078 721 1117; x_wconf 84' lang='lat' dir='ltr'><em>de</em></span> <span class='ocrx_word' id='word_1_137' title='bbox 754 1077 947 1128; x_wconf 71' lang='lat' dir='ltr'><em>Agrifolio</em></span> <span class='ocrx_word' id='word_1_138' title='bbox 977 1086 1017 1115; x_wconf 79' lang='lat' dir='ltr'><em>et</em></span> <span class='ocrx_word' id='word_1_139' title='bbox 1047 1078 1203 1115; x_wconf 68' lang='lat' dir='ltr'><em>,Iacobo</em></span> <span class='ocrx_word' id='word_1_140' title='bbox 1234 1075 1438 1116; x_wconf 71' lang='lat' dir='ltr'><em>cardinale</em></span> <span class='ocrx_word' id='word_1_141' title='bbox 1467 1077 1516 1115; x_wconf 87' lang='lat' dir='ltr'><em>de</em></span> <span class='ocrx_word' id='word_1_142' title='bbox 1546 1077 1722 1123; x_wconf 82' lang='lat' dir='ltr'><em>Ursinis;</em></span> <span class='ocrx_word' id='word_1_143' title='bbox 1753 1084 1810 1127; x_wconf 29' lang='lat' dir='ltr'><em>et*</em></span> 
     </span>
     <span class='ocr_line' id='line_1_15' title="bbox 102 1137 939 1187; baseline 0.001 -13"><span class='ocrx_word' id='word_1_144' title='bbox 102 1144 188 1174; x_wconf 84' lang='lat' dir='ltr'><em>tum</em></span> <span class='ocrx_word' id='word_1_145' title='bbox 210 1152 256 1176; x_wconf 81' lang='lat' dir='ltr'><em>ea</em></span> <span class='ocrx_word' id='word_1_146' title='bbox 278 1138 491 1187; x_wconf 82' lang='lat' dir='ltr'><em>promissio</em></span> <span class='ocrx_word' id='word_1_147' title='bbox 514 1138 623 1176; x_wconf 80' lang='lat' dir='ltr'><em>facta</em></span> <span class='ocrx_word' id='word_1_148' title='bbox 646 1146 707 1175; x_wconf 80' lang='lat' dir='ltr'><em>est</em></span> <span class='ocrx_word' id='word_1_149' title='bbox 732 1137 939 1175; x_wconf 77' lang='lat' dir='ltr'><em>Romanis.</em></span> 
     </span>
    </p>

    <p class='ocr_par' dir='ltr' id='par_1_3' title="bbox 91 1195 1793 2960">
     <span class='ocr_line' id='line_1_16' title="bbox 136 1195 1793 1247; baseline -0.001 -13"><span class='ocrx_word' id='word_1_150' title='bbox 136 1241 143 1247; x_wconf 22' lang='lat' dir='ltr'>x</span> <span class='ocrx_word' id='word_1_151' title='bbox 156 1196 315 1247; x_wconf 79' lang='lat' dir='ltr'><em>Insigne</em></span> <span class='ocrx_word' id='word_1_152' title='bbox 336 1198 470 1235; x_wconf 85' lang='lat' dir='ltr'><em>visum</em></span> <span class='ocrx_word' id='word_1_153' title='bbox 492 1205 553 1236; x_wconf 82' lang='lat' dir='ltr'><em>est</em></span> <span class='ocrx_word' id='word_1_154' title='bbox 572 1197 719 1235; x_wconf 79' lang='lat' dir='ltr'><em>referre</em></span> <span class='ocrx_word' id='word_1_155' title='bbox 739 1197 781 1235; x_wconf 89' lang='lat' dir='ltr'><em>in</em></span> <span class='ocrx_word' id='word_1_156' title='bbox 802 1197 877 1234; x_wconf 87' lang='lat' dir='ltr'><em>hoc</em></span> <span class='ocrx_word' id='word_1_157' title='bbox 897 1197 985 1234; x_wconf 88' lang='lat' dir='ltr'><em>loco</em></span> <span class='ocrx_word' id='word_1_158' title='bbox 1004 1196 1287 1233; x_wconf 73' lang='lat' dir='ltr'><em>testimonium</em></span> <span class='ocrx_word' id='word_1_159' title='bbox 1305 1195 1508 1233; x_wconf 79' lang='lat' dir='ltr'><em>Fernandi</em></span> <span class='ocrx_word' id='word_1_160' title='bbox 1526 1195 1632 1233; x_wconf 81' lang='lat' dir='ltr'><em>Petri</em></span> <span class='ocrx_word' id='word_1_161' title='bbox 1651 1195 1793 1233; x_wconf 81' lang='lat' dir='ltr'><em>decani</em></span> 
     </span>
     <span class='ocr_line' id='line_1_17' title="bbox 100 1253 1792 1306; baseline -0.002 -13"><span class='ocrx_word' id='word_1_162' title='bbox 100 1255 392 1304; x_wconf 80' lang='lat' dir='ltr'><em>Tirasonensis‚</em></span> <span class='ocrx_word' id='word_1_163' title='bbox 420 1256 488 1306; x_wconf 82' lang='lat' dir='ltr'><em>qui</em></span> <span class='ocrx_word' id='word_1_164' title='bbox 513 1257 789 1305; x_wconf 73' lang='lat' dir='ltr'><em>interrogatus</em></span> <span class='ocrx_word' id='word_1_165' title='bbox 816 1270 937 1305; x_wconf 80' lang='lat' dir='ltr'><em>super</em></span> <span class='ocrx_word' id='word_1_166' title='bbox 962 1255 1134 1292; x_wconf 76' lang='lat' dir='ltr'><em>articulo</em></span> <span class='ocrx_word' id='word_1_167' title='bbox 1163 1269 1212 1291; x_wconf 45' lang='lat'>1111</span> <span class='ocrx_word' id='word_1_168' title='bbox 1240 1269 1355 1292; x_wconf 73' lang='lat' dir='ltr'><em>casus</em></span> <span class='ocrx_word' id='word_1_169' title='bbox 1382 1253 1547 1292; x_wconf 83' lang='lat' dir='ltr'><em>secundi</em></span> <span class='ocrx_word' id='word_1_170' title='bbox 1574 1254 1691 1292; x_wconf 78' lang='lat' dir='ltr'><em>electi</em></span> <span class='ocrx_word' id='word_1_171' title='bbox 1716 1267 1792 1290; x_wconf 88' lang='lat' dir='ltr'><em>res-</em></span> 
     </span>
     <span class='ocr_line' id='line_1_18' title="bbox 99 1313 1792 1365; baseline -0.001 -13"><span class='ocrx_word' id='word_1_172' title='bbox 99 1315 239 1364; x_wconf 83' lang='lat' dir='ltr'><em>pondit</em></span> <span class='ocrx_word' id='word_1_173' title='bbox 253 1315 269 1338; x_wconf 82' lang='lat'><strong>3</strong></span> <span class='ocrx_word' id='word_1_174' title='bbox 307 1316 407 1365; x_wconf 81' lang='lat' dir='ltr'><em>quod</em></span> <span class='ocrx_word' id='word_1_175' title='bbox 429 1316 556 1365; x_wconf 78' lang='lat' dir='ltr'><em>finitis</em></span> <span class='ocrx_word' id='word_1_176' title='bbox 578 1316 712 1353; x_wconf 88' lang='lat' dir='ltr'><em>missis</em></span> <span class='ocrx_word' id='word_1_177' title='bbox 733 1315 811 1364; x_wconf 85' lang='lat' dir='ltr'><em>fuit</em></span> <span class='ocrx_word' id='word_1_178' title='bbox 832 1314 1063 1352; x_wconf 86' lang='lat' dir='ltr'><em>mandatum</em></span> <span class='ocrx_word' id='word_1_179' title='bbox 1084 1328 1153 1363; x_wconf 87' lang='lat' dir='ltr'><em>per</em></span> <span class='ocrx_word' id='word_1_180' title='bbox 1175 1329 1300 1351; x_wconf 83' lang='lat' dir='ltr'><em>unum</em></span> <span class='ocrx_word' id='word_1_181' title='bbox 1321 1313 1562 1352; x_wconf 78' lang='lat' dir='ltr'><em>cardinalem</em></span> <span class='ocrx_word' id='word_1_182' title='bbox 1584 1313 1684 1350; x_wconf 85' lang='lat' dir='ltr'><em>dicto</em></span> <span class='ocrx_word' id='word_1_183' title='bbox 1706 1314 1792 1351; x_wconf 79' lang='lat' dir='ltr'><em>testi</em></span> 
     </span>
     <span class='ocr_line' id='line_1_19' title="bbox 99 1371 1790 1424; baseline -0.001 -13"><span class='ocrx_word' id='word_1_184' title='bbox 99 1382 134 1411; x_wconf 84' lang='lat' dir='ltr'><em>et</em></span> <span class='ocrx_word' id='word_1_185' title='bbox 156 1374 410 1412; x_wconf 72' lang='lat' dir='ltr'><em>servitoribus</em></span> <span class='ocrx_word' id='word_1_186' title='bbox 435 1375 702 1413; x_wconf 74' lang='lat' dir='ltr'><em>cardinalium</em></span> <span class='ocrx_word' id='word_1_187' title='bbox 728 1374 795 1424; x_wconf 80' lang='lat' dir='ltr'><em>qui</em></span> <span class='ocrx_word' id='word_1_188' title='bbox 819 1373 977 1411; x_wconf 87' lang='lat' dir='ltr'><em>stabant</em></span> <span class='ocrx_word' id='word_1_189' title='bbox 1003 1374 1045 1410; x_wconf 88' lang='lat' dir='ltr'><em>in</em></span> <span class='ocrx_word' id='word_1_190' title='bbox 1071 1373 1172 1410; x_wconf 87' lang='lat' dir='ltr'><em>dicta</em></span> <span class='ocrx_word' id='word_1_191' title='bbox 1199 1374 1349 1422; x_wconf 88' lang='lat' dir='ltr'><em>capella</em></span> <span class='ocrx_word' id='word_1_192' title='bbox 1375 1373 1475 1423; x_wconf 85' lang='lat' dir='ltr'><em>quod</em></span> <span class='ocrx_word' id='word_1_193' title='bbox 1499 1372 1647 1409; x_wconf 65' lang='lat' dir='ltr'><em>exirent</em></span> <span class='ocrx_word' id='word_1_194' title='bbox 1670 1371 1790 1420; x_wconf 87' lang='lat' dir='ltr'><em>foras.</em></span> 
     </span>
     <span class='ocr_line' id='line_1_20' title="bbox 100 1430 1791 1483; baseline -0.001 -13"><span class='ocrx_word' id='word_1_195' title='bbox 100 1432 152 1471; x_wconf 84' lang='lat' dir='ltr'><em>Et</em></span> <span class='ocrx_word' id='word_1_196' title='bbox 176 1448 244 1483; x_wconf 87' lang='lat' dir='ltr'><em>per</em></span> <span class='ocrx_word' id='word_1_197' title='bbox 269 1434 446 1483; x_wconf 88' lang='lat' dir='ltr'><em>spatium</em></span> <span class='ocrx_word' id='word_1_198' title='bbox 473 1434 595 1471; x_wconf 88' lang='lat' dir='ltr'><em>medie</em></span> <span class='ocrx_word' id='word_1_199' title='bbox 622 1434 710 1471; x_wconf 78' lang='lat' dir='ltr'><em>hore</em></span> <span class='ocrx_word' id='word_1_200' title='bbox 737 1433 932 1471; x_wconf 85' lang='lat' dir='ltr'><em>modicum</em></span> <span class='ocrx_word' id='word_1_201' title='bbox 959 1433 1050 1482; x_wconf 84' lang='lat' dir='ltr'><em>plus</em></span> <span class='ocrx_word' id='word_1_202' title='bbox 1078 1433 1135 1469; x_wconf 69' lang='lat' dir='ltr'><em>vel</em></span> <span class='ocrx_word' id='word_1_203' title='bbox 1161 1433 1310 1479; x_wconf 79' lang='lat' dir='ltr'><em>minus,</em></span> <span class='ocrx_word' id='word_1_204' title='bbox 1340 1441 1380 1470; x_wconf 84' lang='lat' dir='ltr'><em>ut</em></span> <span class='ocrx_word' id='word_1_205' title='bbox 1405 1431 1485 1469; x_wconf 89' lang='lat' dir='ltr'><em>sibi</em></span> <span class='ocrx_word' id='word_1_206' title='bbox 1512 1431 1675 1478; x_wconf 66' lang='lat' dir='ltr'><em>videtur,</em></span> <span class='ocrx_word' id='word_1_207' title='bbox 1705 1430 1791 1479; x_wconf 86' lang='lat' dir='ltr'><em>ipso</em></span> 
     </span>
     <span class='ocr_line' id='line_1_21' title="bbox 98 1491 1791 1543; baseline 0 -15"><span class='ocrx_word' id='word_1_208' title='bbox 98 1500 224 1531; x_wconf 87' lang='lat' dir='ltr'><em>stante</em></span> <span class='ocrx_word' id='word_1_209' title='bbox 248 1507 336 1530; x_wconf 87' lang='lat' dir='ltr'><em>cum</em></span> <span class='ocrx_word' id='word_1_210' title='bbox 360 1494 563 1543; x_wconf 75' lang='lat' dir='ltr'><em>aliquibus</em></span> <span class='ocrx_word' id='word_1_211' title='bbox 588 1493 682 1531; x_wconf 86' lang='lat' dir='ltr'><em>aliis</em></span> <span class='ocrx_word' id='word_1_212' title='bbox 706 1493 758 1531; x_wconf 87' lang='lat' dir='ltr'><em>ad</em></span> <span class='ocrx_word' id='word_1_213' title='bbox 781 1501 934 1542; x_wconf 85' lang='lat' dir='ltr'><em>portam</em></span> <span class='ocrx_word' id='word_1_214' title='bbox 959 1491 1166 1539; x_wconf 62' lang='lat' dir='ltr'><em>conclavis,</em></span> <span class='ocrx_word' id='word_1_215' title='bbox 1194 1492 1291 1529; x_wconf 69' lang='lat' dir='ltr'><em>vidit</em></span> <span class='ocrx_word' id='word_1_216' title='bbox 1316 1491 1419 1528; x_wconf 64' lang='lat' dir='ltr'><em>exire</em></span> <span class='ocrx_word' id='word_1_217' title='bbox 1444 1492 1488 1528; x_wconf 85' lang='lat' dir='ltr'><em>de</em></span> <span class='ocrx_word' id='word_1_218' title='bbox 1513 1491 1616 1528; x_wconf 84' lang='lat' dir='ltr'><em>dicta</em></span> <span class='ocrx_word' id='word_1_219' title='bbox 1640 1492 1791 1538; x_wconf 81' lang='lat' dir='ltr'><em>capella</em></span> 
     </span>
     <span class='ocr_line' id='line_1_22' title="bbox 99 1550 1791 1602; baseline -0.001 -13"><span class='ocrx_word' id='word_1_220' title='bbox 99 1552 320 1590; x_wconf 83' lang='lat' dir='ltr'><em>cardinales</em></span> <span class='ocrx_word' id='word_1_221' title='bbox 337 1553 381 1589; x_wconf 85' lang='lat' dir='ltr'><em>de</em></span> <span class='ocrx_word' id='word_1_222' title='bbox 398 1553 598 1602; x_wconf 81' lang='lat' dir='ltr'><em>Agrifolio</em></span> <span class='ocrx_word' id='word_1_223' title='bbox 615 1561 648 1591; x_wconf 88' lang='lat' dir='ltr'><em>et</em></span> <span class='ocrx_word' id='word_1_224' title='bbox 666 1553 710 1590; x_wconf 81' lang='lat' dir='ltr'><em>de</em></span> <span class='ocrx_word' id='word_1_225' title='bbox 733 1551 907 1599; x_wconf 77' lang='lat' dir='ltr'><em>Ursinis,</em></span> <span class='ocrx_word' id='word_1_226' title='bbox 927 1560 960 1589; x_wconf 87' lang='lat' dir='ltr'><em>et</em></span> <span class='ocrx_word' id='word_1_227' title='bbox 977 1551 1161 1589; x_wconf 66' lang='lat' dir='ltr'><em>disserunt</em></span> <span class='ocrx_word' id='word_1_228' title='bbox 1177 1551 1233 1587; x_wconf 89' lang='lat' dir='ltr'><em>eis</em></span> <span class='ocrx_word' id='word_1_229' title='bbox 1251 1551 1352 1601; x_wconf 83' lang='lat' dir='ltr'><em>quod</em></span> <span class='ocrx_word' id='word_1_230' title='bbox 1368 1550 1566 1599; x_wconf 84' lang='lat' dir='ltr'><em>aperirent</em></span> <span class='ocrx_word' id='word_1_231' title='bbox 1581 1550 1791 1599; x_wconf 73' lang='lat' dir='ltr'><em>fenestram</em></span> 
     </span>
     <span class='ocr_line' id='line_1_23' title="bbox 98 1601 1790 1661; baseline -0.001 -13"><span class='ocrx_word' id='word_1_232' title='bbox 98 1620 205 1660; x_wconf 89' lang='lat' dir='ltr'><em>porte</em></span> <span class='ocrx_word' id='word_1_233' title='bbox 233 1612 438 1650; x_wconf 66' lang='lat' dir='ltr'><em>conclavis.</em></span> <span class='ocrx_word' id='word_1_234' title='bbox 470 1612 521 1650; x_wconf 90' lang='lat' dir='ltr'><em>Et</em></span> <span class='ocrx_word' id='word_1_235' title='bbox 551 1612 619 1649; x_wconf 85' lang='lat' dir='ltr'><em>illa</em></span> <span class='ocrx_word' id='word_1_236' title='bbox 647 1621 796 1661; x_wconf 85' lang='lat' dir='ltr'><em>aperta,</em></span> <span class='ocrx_word' id='word_1_237' title='bbox 827 1610 1044 1649; x_wconf 86' lang='lat' dir='ltr'><em>cardinalis</em></span> <span class='ocrx_word' id='word_1_238' title='bbox 1073 1610 1117 1647; x_wconf 82' lang='lat' dir='ltr'><em>(Ie.</em></span> <span class='ocrx_word' id='word_1_239' title='bbox 1152 1610 1313 1648; x_wconf 79' lang='lat' dir='ltr'><em>Ursinis</em></span> <span class='ocrx_word' id='word_1_240' title='bbox 1342 1610 1443 1659; x_wconf 84' lang='lat' dir='ltr'><em>cepit</em></span> <span class='ocrx_word' id='word_1_241' title='bbox 1466 1601 1594 1646; x_wconf 85' lang='lat' dir='ltr'><em>dicere</em></span> <span class='ocrx_word' id='word_1_242' title='bbox 1624 1608 1790 1646; x_wconf 82' lang='lat' dir='ltr'><em>multum</em></span> 
     </span>
     <span class='ocr_line' id='line_1_24' title="bbox 98 1667 1791 1721; baseline -0.001 -14"><span class='ocrx_word' id='word_1_243' title='bbox 98 1670 198 1708; x_wconf 84' lang='lat' dir='ltr'><em>dura</em></span> <span class='ocrx_word' id='word_1_244' title='bbox 219 1671 334 1708; x_wconf 66' lang='lat' dir='ltr'><em>verba</em></span> <span class='ocrx_word' id='word_1_245' title='bbox 355 1680 487 1709; x_wconf 89' lang='lat' dir='ltr'><em>contra</em></span> <span class='ocrx_word' id='word_1_246' title='bbox 509 1671 703 1721; x_wconf 91' lang='lat' dir='ltr'><em>populum</em></span> <span class='ocrx_word' id='word_1_247' title='bbox 725 1679 882 1721; x_wconf 87' lang='lat' dir='ltr'><em>propter</em></span> <span class='ocrx_word' id='word_1_248' title='bbox 904 1684 1097 1707; x_wconf 85' lang='lat' dir='ltr'><em>rumorem</em></span> <span class='ocrx_word' id='word_1_249' title='bbox 1119 1678 1153 1707; x_wconf 79' lang='lat' dir='ltr'><em>et</em></span> <span class='ocrx_word' id='word_1_250' title='bbox 1175 1669 1368 1707; x_wconf 83' lang='lat' dir='ltr'><em>insultum</em></span> <span class='ocrx_word' id='word_1_251' title='bbox 1391 1683 1484 1718; x_wconf 79' lang='lat' dir='ltr'><em>quos</em></span> <span class='ocrx_word' id='word_1_252' title='bbox 1504 1667 1714 1717; x_wconf 82' lang='lat' dir='ltr'><em>faciebant.</em></span> <span class='ocrx_word' id='word_1_253' title='bbox 1740 1668 1791 1706; x_wconf 82' lang='lat' dir='ltr'><em>Et</em></span> 
     </span>
     <span class='ocr_line' id='line_1_25' title="bbox 99 1726 1788 1778; baseline -0.002 -11"><span class='ocrx_word' id='word_1_254' title='bbox 99 1729 199 1768; x_wconf 87' lang='lat' dir='ltr'><em>inter</em></span> <span class='ocrx_word' id='word_1_255' title='bbox 219 1738 341 1768; x_wconf 86' lang='lat' dir='ltr'><em>cetera</em></span> <span class='ocrx_word' id='word_1_256' title='bbox 362 1730 464 1768; x_wconf 73' lang='lat' dir='ltr'><em>dioeit</em></span> <span class='ocrx_word' id='word_1_257' title='bbox 487 1730 562 1768; x_wconf 91' lang='lat' dir='ltr'><em>ista</em></span> <span class='ocrx_word' id='word_1_258' title='bbox 584 1730 699 1768; x_wconf 69' lang='lat' dir='ltr'><em>verba</em></span> <span class='ocrx_word' id='word_1_259' title='bbox 721 1731 780 1768; x_wconf 71' lang='lat' dir='ltr'><em>vel</em></span> <span class='ocrx_word' id='word_1_260' title='bbox 798 1729 954 1768; x_wconf 88' lang='lat' dir='ltr'><em>similia</em></span> <span class='ocrx_word' id='word_1_261' title='bbox 977 1729 1019 1766; x_wconf 88' lang='lat' dir='ltr'><em>in</em></span> <span class='ocrx_word' id='word_1_262' title='bbox 1041 1728 1178 1778; x_wconf 70' lang='lat' dir='ltr'><em>effectu</em></span> <span class='ocrx_word' id='word_1_263' title='bbox 1203 1744 1209 1766; x_wconf 92' lang='lat'>:</span> <span class='ocrx_word' id='word_1_264' title='bbox 1234 1728 1266 1765; x_wconf 86' lang='lat' dir='ltr'><em>O</em></span> <span class='ocrx_word' id='word_1_265' title='bbox 1289 1728 1498 1765; x_wconf 87' lang='lat' dir='ltr'><em>maledicti.</em></span> <span class='ocrx_word' id='word_1_266' title='bbox 1524 1727 1575 1764; x_wconf 84' lang='lat' dir='ltr'><em>Et</em></span> <span class='ocrx_word' id='word_1_267' title='bbox 1596 1726 1691 1776; x_wconf 79' lang='lat' dir='ltr'><em>quid</em></span> <span class='ocrx_word' id='word_1_268' title='bbox 1712 1741 1788 1764; x_wconf 84' lang='lat' dir='ltr'><em>cre-</em></span> 
     </span>
     <span class='ocr_line' id='line_1_26' title="bbox 98 1786 1789 1839; baseline -0.002 -13"><span class='ocrx_word' id='word_1_269' title='bbox 98 1788 192 1826; x_wconf 86' lang='lat' dir='ltr'><em>ditis</em></span> <span class='ocrx_word' id='word_1_270' title='bbox 218 1789 368 1838; x_wconf 80' lang='lat' dir='ltr'><em>facere?</em></span> <span class='ocrx_word' id='word_1_271' title='bbox 399 1789 569 1827; x_wconf 75' lang='lat' dir='ltr'><em>Creditis</em></span> <span class='ocrx_word' id='word_1_272' title='bbox 598 1789 736 1827; x_wconf 78' lang='lat' dir='ltr'><em>habere</em></span> <span class='ocrx_word' id='word_1_273' title='bbox 764 1803 914 1839; x_wconf 88' lang='lat' dir='ltr'><em>papam</em></span> <span class='ocrx_word' id='word_1_274' title='bbox 942 1802 1011 1838; x_wconf 89' lang='lat' dir='ltr'><em>per</em></span> <span class='ocrx_word' id='word_1_275' title='bbox 1040 1788 1158 1826; x_wconf 88' lang='lat' dir='ltr'><em>istum</em></span> <span class='ocrx_word' id='word_1_276' title='bbox 1189 1787 1371 1825; x_wconf 76' lang='lat' dir='ltr'><em>niodum?</em></span> <span class='ocrx_word' id='word_1_277' title='bbox 1401 1787 1530 1824; x_wconf 87' lang='lat' dir='ltr'><em>Hodie</em></span> <span class='ocrx_word' id='word_1_278' title='bbox 1558 1786 1789 1835; x_wconf 80' lang='lat' dir='ltr'><em>supponitis</em></span> 
     </span>
     <span class='ocr_line' id='line_1_27' title="bbox 97 1844 1788 1899; baseline -0.003 -13"><span class='ocrx_word' id='word_1_279' title='bbox 97 1848 189 1886; x_wconf 77' lang='lat' dir='ltr'><em>kuic</em></span> <span class='ocrx_word' id='word_1_280' title='bbox 212 1848 302 1886; x_wconf 89' lang='lat' dir='ltr'><em>urbi</em></span> <span class='ocrx_word' id='word_1_281' title='bbox 327 1849 458 1898; x_wconf 83' lang='lat' dir='ltr'><em>ignem</em></span> <span class='ocrx_word' id='word_1_282' title='bbox 482 1849 549 1899; x_wconf 86' lang='lat' dir='ltr'><em>qui</em></span> <span class='ocrx_word' id='word_1_283' title='bbox 574 1863 778 1899; x_wconf 83' lang='lat' dir='ltr'><em>nunquam</em></span> <span class='ocrx_word' id='word_1_284' title='bbox 801 1848 1050 1896; x_wconf 73' lang='lat' dir='ltr'><em>extinguetur</em></span> <span class='ocrx_word' id='word_1_285' title='bbox 1073 1847 1191 1884; x_wconf 86' lang='lat' dir='ltr'><em>donec</em></span> <span class='ocrx_word' id='word_1_286' title='bbox 1214 1848 1446 1885; x_wconf 82' lang='lat' dir='ltr'><em>destruatur.</em></span> <span class='ocrx_word' id='word_1_287' title='bbox 1474 1846 1523 1883; x_wconf 89' lang='lat' dir='ltr'><em>Et</em></span> <span class='ocrx_word' id='word_1_288' title='bbox 1547 1845 1698 1882; x_wconf 69' lang='lat' dir='ltr'><em>videtur</em></span> <span class='ocrx_word' id='word_1_289' title='bbox 1723 1844 1788 1882; x_wconf 87' lang='lat' dir='ltr'><em>isti</em></span> 
     </span>
     <span class='ocr_line' id='line_1_28' title="bbox 96 1906 1784 1958; baseline -0.001 -14"><span class='ocrx_word' id='word_1_290' title='bbox 96 1908 183 1945; x_wconf 87' lang='lat' dir='ltr'><em>testi</em></span> <span class='ocrx_word' id='word_1_291' title='bbox 205 1909 306 1958; x_wconf 85' lang='lat' dir='ltr'><em>quod</em></span> <span class='ocrx_word' id='word_1_292' title='bbox 329 1908 397 1946; x_wconf 87' lang='lat' dir='ltr'><em>illa</em></span> <span class='ocrx_word' id='word_1_293' title='bbox 420 1908 572 1945; x_wconf 87' lang='lat' dir='ltr'><em>dicebat</em></span> <span class='ocrx_word' id='word_1_294' title='bbox 593 1922 681 1945; x_wconf 89' lang='lat' dir='ltr'><em>cum</em></span> <span class='ocrx_word' id='word_1_295' title='bbox 704 1922 847 1956; x_wconf 80' lang='lat' dir='ltr'><em>magno</em></span> <span class='ocrx_word' id='word_1_296' title='bbox 870 1908 1009 1953; x_wconf 85' lang='lat' dir='ltr'><em>dolore⁷</em></span> <span class='ocrx_word' id='word_1_297' title='bbox 1034 1906 1126 1956; x_wconf 83' lang='lat' dir='ltr'><em>quia</em></span> <span class='ocrx_word' id='word_1_298' title='bbox 1150 1906 1248 1944; x_wconf 67' lang='lat' dir='ltr'><em>vidit</em></span> <span class='ocrx_word' id='word_1_299' title='bbox 1269 1920 1355 1943; x_wconf 87' lang='lat' dir='ltr'><em>eum</em></span> <span class='ocrx_word' id='word_1_300' title='bbox 1381 1915 1472 1943; x_wconf 89' lang='lat' dir='ltr'><em>tunc</em></span> <span class='ocrx_word' id='word_1_301' title='bbox 1494 1906 1784 1953; x_wconf 73' lang='lat' dir='ltr'><em>lacrymantem.</em></span> 
     </span>
     <span class='ocr_line' id='line_1_29' title="bbox 96 1963 1788 2017; baseline -0.002 -14"><span class='ocrx_word' id='word_1_302' title='bbox 96 1966 182 2004; x_wconf 88' lang='lat' dir='ltr'><em>Hoc</em></span> <span class='ocrx_word' id='word_1_303' title='bbox 198 1967 452 2005; x_wconf 86' lang='lat' dir='ltr'><em>nonobstante</em></span> <span class='ocrx_word' id='word_1_304' title='bbox 467 1967 641 2017; x_wconf 89' lang='lat' dir='ltr'><em>populus</em></span> <span class='ocrx_word' id='word_1_305' title='bbox 657 1967 724 2017; x_wconf 86' lang='lat' dir='ltr'><em>qui</em></span> <span class='ocrx_word' id='word_1_306' title='bbox 740 1975 820 2004; x_wconf 87' lang='lat' dir='ltr'><em>erat</em></span> <span class='ocrx_word' id='word_1_307' title='bbox 835 1975 941 2014; x_wconf 68' lang='lat' dir='ltr'><em>extra</em></span> <span class='ocrx_word' id='word_1_308' title='bbox 959 1966 1000 2003; x_wconf 87' lang='lat' dir='ltr'><em>in</em></span> <span class='ocrx_word' id='word_1_309' title='bbox 1017 1980 1170 2003; x_wconf 86' lang='lat' dir='ltr'><em>camera</em></span> <span class='ocrx_word' id='word_1_310' title='bbox 1186 1980 1273 2002; x_wconf 83' lang='lat' dir='ltr'><em>cum</em></span> <span class='ocrx_word' id='word_1_311' title='bbox 1290 1965 1433 2014; x_wconf 86' lang='lat' dir='ltr'><em>majori</em></span> <span class='ocrx_word' id='word_1_312' title='bbox 1448 1965 1578 2014; x_wconf 88' lang='lat' dir='ltr'><em>furore</em></span> <span class='ocrx_word' id='word_1_313' title='bbox 1594 1964 1719 2000; x_wconf 82' lang='lat' dir='ltr'><em>clama</em></span> <span class='ocrx_word' id='word_1_314' title='bbox 1727 1963 1788 2000; x_wconf 87' lang='lat' dir='ltr'><em>bat</em></span> 
     </span>
     <span class='ocr_line' id='line_1_30' title="bbox 97 2022 1786 2074; baseline -0.002 -12"><span class='ocrx_word' id='word_1_315' title='bbox 97 2025 258 2063; x_wconf 84' lang='lat' dir='ltr'><em>dicendo</em></span> <span class='ocrx_word' id='word_1_316' title='bbox 279 2042 286 2064; x_wconf 90' lang='lat'>:</span> <span class='ocrx_word' id='word_1_317' title='bbox 304 2026 524 2063; x_wconf 83' lang='lat' dir='ltr'><em>Romanum</em></span> <span class='ocrx_word' id='word_1_318' title='bbox 542 2026 599 2063; x_wconf 70' lang='lat' dir='ltr'><em>vel</em></span> <span class='ocrx_word' id='word_1_319' title='bbox 619 2026 819 2064; x_wconf 82' lang='lat' dir='ltr'><em>Ytalieum</em></span> <span class='ocrx_word' id='word_1_320' title='bbox 838 2026 1028 2063; x_wconf 69' lang='lat' dir='ltr'><em>volumus.</em></span> <span class='ocrx_word' id='word_1_321' title='bbox 1046 2025 1096 2062; x_wconf 87' lang='lat' dir='ltr'><em>Et</em></span> <span class='ocrx_word' id='word_1_322' title='bbox 1112 2025 1239 2074; x_wconf 77' lang='lat' dir='ltr'><em>aliqui</em></span> <span class='ocrx_word' id='word_1_323' title='bbox 1254 2025 1470 2070; x_wconf 66' lang='lat' dir='ltr'><em>custodum,</em></span> <span class='ocrx_word' id='word_1_324' title='bbox 1488 2023 1671 2060; x_wconf 79' lang='lat' dir='ltr'><em>audiente</em></span> <span class='ocrx_word' id='word_1_325' title='bbox 1687 2022 1786 2059; x_wconf 87' lang='lat' dir='ltr'><em>dicto</em></span> 
     </span>
     <span class='ocr_line' id='line_1_31' title="bbox 94 2081 1784 2133; baseline -0.003 -11"><span class='ocrx_word' id='word_1_326' title='bbox 94 2093 196 2133; x_wconf 86' lang='lat' dir='ltr'><em>teste,</em></span> <span class='ocrx_word' id='word_1_327' title='bbox 223 2085 406 2123; x_wconf 63' lang='lat' dir='ltr'><em>dixerunt</em></span> <span class='ocrx_word' id='word_1_328' title='bbox 430 2085 545 2123; x_wconf 86' lang='lat' dir='ltr'><em>dictis</em></span> <span class='ocrx_word' id='word_1_329' title='bbox 570 2085 722 2123; x_wconf 83' lang='lat' dir='ltr'><em>duobus</em></span> <span class='ocrx_word' id='word_1_330' title='bbox 747 2084 1021 2123; x_wconf 76' lang='lat' dir='ltr'><em>cardinalibus</em></span> <span class='ocrx_word' id='word_1_331' title='bbox 1048 2084 1123 2122; x_wconf 88' lang='lat' dir='ltr'><em>ista</em></span> <span class='ocrx_word' id='word_1_332' title='bbox 1148 2083 1263 2121; x_wconf 64' lang='lat' dir='ltr'><em>verba</em></span> <span class='ocrx_word' id='word_1_333' title='bbox 1288 2084 1346 2121; x_wconf 65' lang='lat' dir='ltr'><em>vel</em></span> <span class='ocrx_word' id='word_1_334' title='bbox 1368 2083 1522 2120; x_wconf 87' lang='lat' dir='ltr'><em>similia</em></span> <span class='ocrx_word' id='word_1_335' title='bbox 1549 2082 1588 2118; x_wconf 88' lang='lat' dir='ltr'><em>in</em></span> <span class='ocrx_word' id='word_1_336' title='bbox 1615 2081 1750 2131; x_wconf 74' lang='lat' dir='ltr'><em>effectu</em></span> <span class='ocrx_word' id='word_1_337' title='bbox 1777 2096 1784 2118; x_wconf 92' lang='lat'>:</span> 
     </span>
     <span class='ocr_line' id='line_1_32' title="bbox 91 2140 1784 2194; baseline -0.004 -13"><span class='ocrx_word' id='word_1_338' title='bbox 91 2144 272 2192; x_wconf 87' lang='lat' dir='ltr'><em>Domini,</em></span> <span class='ocrx_word' id='word_1_339' title='bbox 301 2145 520 2194; x_wconf 71' lang='lat' dir='ltr'><em>expediatis</em></span> <span class='ocrx_word' id='word_1_340' title='bbox 549 2159 613 2182; x_wconf 72' lang='lat' dir='ltr'><em>vos</em></span> <span class='ocrx_word' id='word_1_341' title='bbox 641 2144 914 2194; x_wconf 87' lang='lat' dir='ltr'><em>complacendo</em></span> <span class='ocrx_word' id='word_1_342' title='bbox 943 2152 977 2182; x_wconf 87' lang='lat' dir='ltr'><em>ct</em></span> <span class='ocrx_word' id='word_1_343' title='bbox 1003 2143 1184 2192; x_wconf 84' lang='lat' dir='ltr'><em>faciendo</em></span> <span class='ocrx_word' id='word_1_344' title='bbox 1213 2143 1314 2193; x_wconf 75' lang='lat' dir='ltr'><em>quod</em></span> <span class='ocrx_word' id='word_1_345' title='bbox 1341 2143 1474 2180; x_wconf 70' lang='lat' dir='ltr'><em>volunt</em></span> <span class='ocrx_word' id='word_1_346' title='bbox 1504 2141 1570 2178; x_wconf 86' lang='lat' dir='ltr'><em>isti</em></span> <span class='ocrx_word' id='word_1_347' title='bbox 1598 2140 1784 2187; x_wconf 80' lang='lat' dir='ltr'><em>Romani,</em></span> 
     </span>
     <span class='ocr_line' id='line_1_33' title="bbox 93 2200 1787 2250; baseline -0.003 -10"><span class='ocrx_word' id='word_1_348' title='bbox 93 2203 197 2241; x_wconf 88' lang='lat' dir='ltr'><em>alias</em></span> <span class='ocrx_word' id='word_1_349' title='bbox 221 2204 364 2241; x_wconf 89' lang='lat' dir='ltr'><em>mortui</em></span> <span class='ocrx_word' id='word_1_350' title='bbox 386 2204 489 2242; x_wconf 80' lang='lat' dir='ltr'><em>estis,</em></span> <span class='ocrx_word' id='word_1_351' title='bbox 516 2204 566 2241; x_wconf 92' lang='lat' dir='ltr'><em>Et</em></span> <span class='ocrx_word' id='word_1_352' title='bbox 588 2212 831 2250; x_wconf 50' lang='lat' dir='ltr'><em>retra-verunt</em></span> <span class='ocrx_word' id='word_1_353' title='bbox 852 2217 891 2240; x_wconf 88' lang='lat' dir='ltr'><em>se</em></span> <span class='ocrx_word' id='word_1_354' title='bbox 915 2203 1111 2240; x_wconf 79' lang='lat' dir='ltr'><em>modicum</em></span> <span class='ocrx_word' id='word_1_355' title='bbox 1135 2202 1228 2240; x_wconf 87' lang='lat' dir='ltr'><em>dicti</em></span> <span class='ocrx_word' id='word_1_356' title='bbox 1251 2202 1472 2239; x_wconf 84' lang='lat' dir='ltr'><em>cardinales</em></span> <span class='ocrx_word' id='word_1_357' title='bbox 1494 2216 1518 2237; x_wconf 87' lang='lat' dir='ltr'><em>a</em></span> <span class='ocrx_word' id='word_1_358' title='bbox 1547 2200 1731 2249; x_wconf 80' lang='lat' dir='ltr'><em>fenestra,</em></span> <span class='ocrx_word' id='word_1_359' title='bbox 1753 2206 1787 2235; x_wconf 85' lang='lat' dir='ltr'><em>et</em></span> 
     </span>
     <span class='ocr_line' id='line_1_34' title="bbox 94 2258 1784 2312; baseline -0.004 -12"><span class='ocrx_word' id='word_1_360' title='bbox 94 2263 311 2300; x_wconf 84' lang='lat' dir='ltr'><em>cardinalis</em></span> <span class='ocrx_word' id='word_1_361' title='bbox 329 2263 373 2300; x_wconf 89' lang='lat' dir='ltr'><em>de</em></span> <span class='ocrx_word' id='word_1_362' title='bbox 391 2263 424 2299; x_wconf 86' lang='lat' dir='ltr'><strong><em>A</em></strong></span> <span class='ocrx_word' id='word_1_363' title='bbox 434 2263 591 2312; x_wconf 81' lang='lat' dir='ltr'><em>grifolio</em></span> <span class='ocrx_word' id='word_1_364' title='bbox 609 2263 710 2312; x_wconf 81' lang='lat' dir='ltr'><em>cepit</em></span> <span class='ocrx_word' id='word_1_365' title='bbox 727 2263 933 2300; x_wconf 88' lang='lat' dir='ltr'><em>dominum</em></span> <span class='ocrx_word' id='word_1_366' title='bbox 951 2262 1191 2299; x_wconf 82' lang='lat' dir='ltr'><em>cardinalem</em></span> <span class='ocrx_word' id='word_1_367' title='bbox 1210 2262 1254 2298; x_wconf 87' lang='lat' dir='ltr'><em>de</em></span> <span class='ocrx_word' id='word_1_368' title='bbox 1278 2261 1439 2298; x_wconf 88' lang='lat' dir='ltr'><em>Ursinis</em></span> <span class='ocrx_word' id='word_1_369' title='bbox 1457 2274 1525 2309; x_wconf 86' lang='lat' dir='ltr'><em>per</em></span> <span class='ocrx_word' id='word_1_370' title='bbox 1543 2258 1784 2304; x_wconf 83' lang='lat' dir='ltr'><em>mantellum,</em></span> 
     </span>
     <span class='ocr_line' id='line_1_35' title="bbox 93 2317 1784 2370; baseline -0.003 -12"><span class='ocrx_word' id='word_1_371' title='bbox 93 2330 128 2359; x_wconf 86' lang='lat' dir='ltr'><em>et</em></span> <span class='ocrx_word' id='word_1_372' title='bbox 154 2322 255 2360; x_wconf 71' lang='lat' dir='ltr'><em>discit</em></span> <span class='ocrx_word' id='word_1_373' title='bbox 280 2321 361 2359; x_wconf 85' lang='lat' dir='ltr'><em>sibi</em></span> <span class='ocrx_word' id='word_1_374' title='bbox 391 2335 403 2359; x_wconf 90' lang='grc'><em>.·</em></span> <span class='ocrx_word' id='word_1_375' title='bbox 438 2322 653 2369; x_wconf 77' lang='lat' dir='ltr'><em>Vadamus⁷</em></span> <span class='ocrx_word' id='word_1_376' title='bbox 683 2322 886 2365; x_wconf 77' lang='lat' dir='ltr'><em>vadamus,</em></span> <span class='ocrx_word' id='word_1_377' title='bbox 907 2321 1081 2367; x_wconf 78' lang='lat' dir='ltr'><em>domine3</em></span> <span class='ocrx_word' id='word_1_378' title='bbox 1104 2320 1235 2370; x_wconf 83' lang='lat' dir='ltr'><em>potius</em></span> <span class='ocrx_word' id='word_1_379' title='bbox 1261 2320 1343 2357; x_wconf 66' lang='lat' dir='ltr'><em>volo</em></span> <span class='ocrx_word' id='word_1_380' title='bbox 1371 2320 1522 2367; x_wconf 76' lang='lat' dir='ltr'><em>eligere,</em></span> <span class='ocrx_word' id='word_1_381' title='bbox 1553 2332 1631 2354; x_wconf 83' lang='lat' dir='ltr'><em>non</em></span> <span class='ocrx_word' id='word_1_382' title='bbox 1657 2317 1784 2353; x_wconf 88' lang='lat' dir='ltr'><em>solum</em></span> 
     </span>
     <span class='ocr_line' id='line_1_36' title="bbox 102 2376 1782 2430; baseline -0.004 -12"><span class='ocrx_word' id='word_1_383' title='bbox 102 2381 299 2418; x_wconf 85' lang='lat' dir='ltr'><em>Ytalicum</em></span> <span class='ocrx_word' id='word_1_384' title='bbox 315 2381 372 2418; x_wconf 71' lang='lat' dir='ltr'><em>vel</em></span> <span class='ocrx_word' id='word_1_385' title='bbox 386 2381 625 2429; x_wconf 81' lang='lat' dir='ltr'><em>Romanum,</em></span> <span class='ocrx_word' id='word_1_386' title='bbox 644 2381 721 2418; x_wconf 89' lang='lat' dir='ltr'><em>imo</em></span> <span class='ocrx_word' id='word_1_387' title='bbox 738 2380 948 2430; x_wconf 74' lang='lat' dir='ltr'><em>dyabolum</em></span> <span class='ocrx_word' id='word_1_388' title='bbox 965 2394 1081 2429; x_wconf 79' lang='lat' dir='ltr'><em>quam</em></span> <span class='ocrx_word' id='word_1_389' title='bbox 1098 2379 1208 2417; x_wconf 85' lang='lat' dir='ltr'><em>mori.</em></span> <span class='ocrx_word' id='word_1_390' title='bbox 1229 2379 1277 2416; x_wconf 82' lang='lat' dir='ltr'><em>Et</em></span> <span class='ocrx_word' id='word_1_391' title='bbox 1295 2379 1349 2416; x_wconf 85' lang='lat' dir='ltr'><em>ita</em></span> <span class='ocrx_word' id='word_1_392' title='bbox 1366 2379 1565 2416; x_wconf 80' lang='lat' dir='ltr'><em>intrarunt</em></span> <span class='ocrx_word' id='word_1_393' title='bbox 1579 2376 1782 2425; x_wconf 84' lang='lat' dir='ltr'><em>capellam,</em></span> 
     </span>
     <span class='ocr_line' id='line_1_37' title="bbox 95 2434 1782 2485; baseline -0.004 -9"><span class='ocrx_word' id='word_1_394' title='bbox 95 2440 164 2477; x_wconf 86' lang='lat' dir='ltr'><em>ubi</em></span> <span class='ocrx_word' id='word_1_395' title='bbox 190 2448 301 2477; x_wconf 88' lang='lat' dir='ltr'><em>erant</em></span> <span class='ocrx_word' id='word_1_396' title='bbox 326 2440 400 2477; x_wconf 86' lang='lat' dir='ltr'><em>alii</em></span> <span class='ocrx_word' id='word_1_397' title='bbox 427 2440 659 2478; x_wconf 85' lang='lat' dir='ltr'><em>cardinales.</em></span> <span class='ocrx_word' id='word_1_398' title='bbox 690 2440 741 2477; x_wconf 90' lang='lat' dir='ltr'><em>Et</em></span> <span class='ocrx_word' id='word_1_399' title='bbox 766 2440 892 2477; x_wconf 87' lang='lat' dir='ltr'><em>dictus</em></span> <span class='ocrx_word' id='word_1_400' title='bbox 919 2438 1026 2477; x_wconf 82' lang='lat' dir='ltr'><em>testis</em></span> <span class='ocrx_word' id='word_1_401' title='bbox 1052 2438 1175 2475; x_wconf 83' lang='lat' dir='ltr'><em>simul</em></span> <span class='ocrx_word' id='word_1_402' title='bbox 1201 2452 1288 2475; x_wconf 88' lang='lat' dir='ltr'><em>cum</em></span> <span class='ocrx_word' id='word_1_403' title='bbox 1315 2438 1422 2485; x_wconf 82' lang='lat' dir='ltr'><em>aliis,</em></span> <span class='ocrx_word' id='word_1_404' title='bbox 1453 2445 1493 2474; x_wconf 89' lang='lat' dir='ltr'><em>ut</em></span> <span class='ocrx_word' id='word_1_405' title='bbox 1519 2450 1643 2484; x_wconf 84' lang='lat' dir='ltr'><em>supra</em></span> <span class='ocrx_word' id='word_1_406' title='bbox 1670 2434 1782 2481; x_wconf 33' lang='lat' dir='ltr'><em>discit!</em></span> 
     </span>
     <span class='ocr_line' id='line_1_38' title="bbox 96 2495 1785 2548; baseline -0.004 -12"><span class='ocrx_word' id='word_1_407' title='bbox 96 2499 165 2536; x_wconf 69' lang='lat' dir='ltr'><em>ivit</em></span> <span class='ocrx_word' id='word_1_408' title='bbox 185 2499 236 2536; x_wconf 74' lang='lat' dir='ltr'><em>arl</em></span> <span class='ocrx_word' id='word_1_409' title='bbox 256 2499 493 2548; x_wconf 84' lang='lat' dir='ltr'><em>querendum</em></span> <span class='ocrx_word' id='word_1_410' title='bbox 515 2500 641 2536; x_wconf 87' lang='lat' dir='ltr'><em>locum</em></span> <span class='ocrx_word' id='word_1_411' title='bbox 662 2513 731 2548; x_wconf 88' lang='lat' dir='ltr'><em>per</em></span> <span class='ocrx_word' id='word_1_412' title='bbox 752 2513 863 2548; x_wconf 79' lang='lat' dir='ltr'><em>quem</em></span> <span class='ocrx_word' id='word_1_413' title='bbox 884 2506 1041 2547; x_wconf 79' lang='lat' dir='ltr'><em>possent</em></span> <span class='ocrx_word' id='word_1_414' title='bbox 1061 2498 1165 2534; x_wconf 59' lang='lat' dir='ltr'><em>exire</em></span> <span class='ocrx_word' id='word_1_415' title='bbox 1186 2497 1407 2534; x_wconf 84' lang='lat' dir='ltr'><em>cardinales</em></span> <span class='ocrx_word' id='word_1_416' title='bbox 1428 2504 1461 2533; x_wconf 85' lang='lat' dir='ltr'><em>et</em></span> <span class='ocrx_word' id='word_1_417' title='bbox 1483 2495 1576 2544; x_wconf 82' lang='lat' dir='ltr'><em>ipsi,</em></span> <span class='ocrx_word' id='word_1_418' title='bbox 1601 2502 1641 2531; x_wconf 83' lang='lat' dir='ltr'><em>ut</em></span> <span class='ocrx_word' id='word_1_419' title='bbox 1660 2507 1785 2542; x_wconf 87' lang='lat' dir='ltr'><em>supra</em></span> 
     </span>
     <span class='ocr_line' id='line_1_39' title="bbox 93 2553 1786 2606; baseline -0.005 -11"><span class='ocrx_word' id='word_1_420' title='bbox 93 2558 195 2595; x_wconf 69' lang='lat' dir='ltr'><em>dimit</em></span> <span class='ocrx_word' id='word_1_421' title='bbox 220 2558 262 2594; x_wconf 87' lang='lat' dir='ltr'><em>in</em></span> <span class='ocrx_word' id='word_1_422' title='bbox 286 2557 451 2595; x_wconf 82' lang='lat' dir='ltr'><em>articulo</em></span> <span class='ocrx_word' id='word_1_423' title='bbox 478 2558 594 2596; x_wconf 88' lang='lat' dir='ltr'><em>istius</em></span> <span class='ocrx_word' id='word_1_424' title='bbox 619 2572 744 2596; x_wconf 87' lang='lat' dir='ltr'><em>casus.</em></span> <span class='ocrx_word' id='word_1_425' title='bbox 772 2557 823 2594; x_wconf 86' lang='lat' dir='ltr'><em>Et</em></span> <span class='ocrx_word' id='word_1_426' title='bbox 846 2565 934 2606; x_wconf 87' lang='lat' dir='ltr'><em>post</em></span> <span class='ocrx_word' id='word_1_427' title='bbox 957 2557 1026 2593; x_wconf 80' lang='lat' dir='ltr'><em>ltoc</em></span> <span class='ocrx_word' id='word_1_428' title='bbox 1050 2556 1164 2606; x_wconf 82' lang='lat' dir='ltr'><em>quasi</em></span> <span class='ocrx_word' id='word_1_429' title='bbox 1185 2570 1253 2604; x_wconf 87' lang='lat' dir='ltr'><em>per</em></span> <span class='ocrx_word' id='word_1_430' title='bbox 1274 2555 1450 2604; x_wconf 84' lang='lat' dir='ltr'><em>spatium</em></span> <span class='ocrx_word' id='word_1_431' title='bbox 1473 2553 1595 2591; x_wconf 86' lang='lat' dir='ltr'><em>medie</em></span> <span class='ocrx_word' id='word_1_432' title='bbox 1617 2553 1718 2599; x_wconf 80' lang='lat' dir='ltr'><em>hore,</em></span> <span class='ocrx_word' id='word_1_433' title='bbox 1745 2559 1786 2588; x_wconf 86' lang='lat' dir='ltr'><em>ut</em></span> 
     </span>
     <span class='ocr_line' id='line_1_40' title="bbox 92 2610 1785 2666; baseline -0.004 -12"><span class='ocrx_word' id='word_1_434' title='bbox 92 2617 173 2654; x_wconf 88' lang='lat' dir='ltr'><em>sibi</em></span> <span class='ocrx_word' id='word_1_435' title='bbox 200 2616 361 2663; x_wconf 78' lang='lat' dir='ltr'><em>videtur,</em></span> <span class='ocrx_word' id='word_1_436' title='bbox 390 2616 488 2653; x_wconf 70' lang='lat' dir='ltr'><em>vidit</em></span> <span class='ocrx_word' id='word_1_437' title='bbox 513 2617 704 2666; x_wconf 85' lang='lat' dir='ltr'><em>predictos</em></span> <span class='ocrx_word' id='word_1_438' title='bbox 731 2617 828 2653; x_wconf 86' lang='lat' dir='ltr'><em>duos</em></span> <span class='ocrx_word' id='word_1_439' title='bbox 854 2616 1075 2653; x_wconf 86' lang='lat' dir='ltr'><em>cardinales</em></span> <span class='ocrx_word' id='word_1_440' title='bbox 1101 2623 1134 2652; x_wconf 88' lang='lat' dir='ltr'><em>et</em></span> <span class='ocrx_word' id='word_1_441' title='bbox 1161 2614 1311 2651; x_wconf 63' lang='lat' dir='ltr'><em>videtur</em></span> <span class='ocrx_word' id='word_1_442' title='bbox 1335 2614 1415 2650; x_wconf 88' lang='lat' dir='ltr'><em>sibi</em></span> <span class='ocrx_word' id='word_1_443' title='bbox 1442 2613 1543 2663; x_wconf 85' lang='lat' dir='ltr'><em>quod</em></span> <span class='ocrx_word' id='word_1_444' title='bbox 1567 2610 1785 2649; x_wconf 87' lang='lat' dir='ltr'><em>cardinalis</em></span> 
     </span>
     <span class='ocr_line' id='line_1_41' title="bbox 99 2669 1785 2724; baseline -0.004 -12"><span class='ocrx_word' id='word_1_445' title='bbox 99 2675 349 2713; x_wconf 81' lang='lat' dir='ltr'><em>Florentinus</em></span> <span class='ocrx_word' id='word_1_446' title='bbox 378 2675 520 2723; x_wconf 87' lang='lat' dir='ltr'><em>fuisset</em></span> <span class='ocrx_word' id='word_1_447' title='bbox 549 2689 637 2712; x_wconf 87' lang='lat' dir='ltr'><em>cum</em></span> <span class='ocrx_word' id='word_1_448' title='bbox 671 2675 751 2713; x_wconf 87' lang='lat' dir='ltr'><em>illis</em></span> <span class='ocrx_word' id='word_1_449' title='bbox 783 2675 850 2724; x_wconf 83' lang='lat' dir='ltr'><em>qui</em></span> <span class='ocrx_word' id='word_1_450' title='bbox 881 2674 1105 2711; x_wconf 85' lang='lat' dir='ltr'><em>clamabant</em></span> <span class='ocrx_word' id='word_1_451' title='bbox 1135 2674 1186 2710; x_wconf 84' lang='lat' dir='ltr'><em>ad</em></span> <span class='ocrx_word' id='word_1_452' title='bbox 1214 2673 1423 2721; x_wconf 75' lang='lat' dir='ltr'><em>fenestram</em></span> <span class='ocrx_word' id='word_1_453' title='bbox 1455 2679 1561 2721; x_wconf 89' lang='lat' dir='ltr'><em>porte</em></span> <span class='ocrx_word' id='word_1_454' title='bbox 1592 2669 1785 2707; x_wconf 67' lang='lat' dir='ltr'><em>conclavis</em></span> 
     </span>
     <span class='ocr_line' id='line_1_42' title="bbox 94 2728 1785 2784; baseline -0.004 -13"><span class='ocrx_word' id='word_1_455' title='bbox 94 2735 196 2784; x_wconf 81' lang='lat' dir='ltr'><em>quod</em></span> <span class='ocrx_word' id='word_1_456' title='bbox 210 2734 439 2783; x_wconf 86' lang='lat' dir='ltr'><em>aperiretur.</em></span> <span class='ocrx_word' id='word_1_457' title='bbox 459 2734 510 2771; x_wconf 86' lang='lat' dir='ltr'><em>Et</em></span> <span class='ocrx_word' id='word_1_458' title='bbox 525 2742 617 2771; x_wconf 86' lang='lat' dir='ltr'><em>tunc</em></span> <span class='ocrx_word' id='word_1_459' title='bbox 635 2734 703 2771; x_wconf 85' lang='lat' dir='ltr'><em>iste</em></span> <span class='ocrx_word' id='word_1_460' title='bbox 720 2734 826 2772; x_wconf 86' lang='lat' dir='ltr'><em>testis</em></span> <span class='ocrx_word' id='word_1_461' title='bbox 845 2733 914 2770; x_wconf 73' lang='lat' dir='ltr'><em>ivit</em></span> <span class='ocrx_word' id='word_1_462' title='bbox 930 2734 981 2770; x_wconf 84' lang='lat' dir='ltr'><em>ad</em></span> <span class='ocrx_word' id='word_1_463' title='bbox 996 2747 1071 2779; x_wconf 80' lang='lat' dir='ltr'><em>eos,</em></span> <span class='ocrx_word' id='word_1_464' title='bbox 1089 2741 1123 2769; x_wconf 86' lang='lat' dir='ltr'><em>et</em></span> <span class='ocrx_word' id='word_1_465' title='bbox 1138 2732 1293 2769; x_wconf 66' lang='lat' dir='ltr'><em>audivit</em></span> <span class='ocrx_word' id='word_1_466' title='bbox 1309 2733 1409 2781; x_wconf 83' lang='lat' dir='ltr'><em>quod</em></span> <span class='ocrx_word' id='word_1_467' title='bbox 1425 2731 1551 2767; x_wconf 82' lang='lat' dir='ltr'><em>dictus</em></span> <span class='ocrx_word' id='word_1_468' title='bbox 1568 2728 1785 2766; x_wconf 86' lang='lat' dir='ltr'><em>cardinalis</em></span> 
     </span>
     <span class='ocr_line' id='line_1_43' title="bbox 95 2787 1784 2841; baseline -0.004 -11"><span class='ocrx_word' id='word_1_469' title='bbox 95 2794 139 2830; x_wconf 86' lang='lat' dir='ltr'><em>de</em></span> <span class='ocrx_word' id='word_1_470' title='bbox 177 2793 338 2830; x_wconf 86' lang='lat' dir='ltr'><em>Ursinis</em></span> <span class='ocrx_word' id='word_1_471' title='bbox 372 2792 519 2841; x_wconf 77' lang='lat' dir='ltr'><em>incepit</em></span> <span class='ocrx_word' id='word_1_472' title='bbox 552 2793 753 2841; x_wconf 86' lang='lat' dir='ltr'><em>increpare</em></span> <span class='ocrx_word' id='word_1_473' title='bbox 785 2792 979 2841; x_wconf 88' lang='lat' dir='ltr'><em>populum</em></span> <span class='ocrx_word' id='word_1_474' title='bbox 1011 2799 1168 2840; x_wconf 87' lang='lat' dir='ltr'><em>propter</em></span> <span class='ocrx_word' id='word_1_475' title='bbox 1200 2804 1393 2827; x_wconf 83' lang='lat' dir='ltr'><em>rumorem</em></span> <span class='ocrx_word' id='word_1_476' title='bbox 1426 2803 1536 2838; x_wconf 75' lang='lat' dir='ltr'><em>quem</em></span> <span class='ocrx_word' id='word_1_477' title='bbox 1567 2787 1784 2836; x_wconf 73' lang='lat' dir='ltr'><em>faciebant3</em></span> 
     </span>
     <span class='ocr_line' id='line_1_44' title="bbox 94 2846 1785 2901; baseline -0.004 -12"><span class='ocrx_word' id='word_1_478' title='bbox 94 2860 127 2889; x_wconf 89' lang='lat' dir='ltr'><em>et</em></span> <span class='ocrx_word' id='word_1_479' title='bbox 142 2860 229 2901; x_wconf 86' lang='lat' dir='ltr'><em>post</em></span> <span class='ocrx_word' id='word_1_480' title='bbox 243 2851 345 2889; x_wconf 72' lang='lat' dir='ltr'><em>dixit</em></span> <span class='ocrx_word' id='word_1_481' title='bbox 359 2851 415 2888; x_wconf 88' lang='lat' dir='ltr'><em>eis</em></span> <span class='ocrx_word' id='word_1_482' title='bbox 431 2851 532 2900; x_wconf 82' lang='lat' dir='ltr'><em>quod</em></span> <span class='ocrx_word' id='word_1_483' title='bbox 546 2859 693 2888; x_wconf 83' lang='lat' dir='ltr'><em>starent</em></span> <span class='ocrx_word' id='word_1_484' title='bbox 710 2851 752 2888; x_wconf 89' lang='lat' dir='ltr'><em>in</em></span> <span class='ocrx_word' id='word_1_485' title='bbox 768 2865 875 2900; x_wconf 84' lang='lat' dir='ltr'><em>pace,</em></span> <span class='ocrx_word' id='word_1_486' title='bbox 894 2850 987 2900; x_wconf 78' lang='lat' dir='ltr'><em>quia</em></span> <span class='ocrx_word' id='word_1_487' title='bbox 1007 2851 1090 2899; x_wconf 87' lang='lat' dir='ltr'><em>ipse</em></span> <span class='ocrx_word' id='word_1_488' title='bbox 1106 2849 1356 2898; x_wconf 83' lang='lat' dir='ltr'><em>promittebat</em></span> <span class='ocrx_word' id='word_1_489' title='bbox 1371 2849 1427 2885; x_wconf 88' lang='lat' dir='ltr'><em>eis</em></span> <span class='ocrx_word' id='word_1_490' title='bbox 1443 2848 1544 2897; x_wconf 79' lang='lat' dir='ltr'><em>quod</em></span> <span class='ocrx_word' id='word_1_491' title='bbox 1561 2847 1667 2895; x_wconf 84' lang='lat' dir='ltr'><em>infra</em></span> <span class='ocrx_word' id='word_1_492' title='bbox 1683 2846 1785 2883; x_wconf 87' lang='lat' dir='ltr'><em>diem</em></span> 
     </span>
     <span class='ocr_line' id='line_1_45' title="bbox 92 2905 1786 2960; baseline -0.004 -13"><span class='ocrx_word' id='word_1_493' title='bbox 92 2919 310 2960; x_wconf 82' lang='lat' dir='ltr'><em>sequentem</em></span> <span class='ocrx_word' id='word_1_494' title='bbox 335 2918 424 2947; x_wconf 89' lang='lat' dir='ltr'><em>ante</em></span> <span class='ocrx_word' id='word_1_495' title='bbox 448 2909 582 2947; x_wconf 74' lang='lat' dir='ltr'><em>horam</em></span> <span class='ocrx_word' id='word_1_496' title='bbox 608 2910 760 2948; x_wconf 86' lang='lat' dir='ltr'><em>tertiam</em></span> <span class='ocrx_word' id='word_1_497' title='bbox 785 2909 968 2946; x_wconf 77' lang='lat' dir='ltr'><em>haberent</em></span> <span class='ocrx_word' id='word_1_498' title='bbox 991 2922 1141 2957; x_wconf 84' lang='lat' dir='ltr'><em>papam</em></span> <span class='ocrx_word' id='word_1_499' title='bbox 1166 2908 1390 2944; x_wconf 83' lang='lat' dir='ltr'><em>Romanum</em></span> <span class='ocrx_word' id='word_1_500' title='bbox 1416 2908 1472 2944; x_wconf 68' lang='lat' dir='ltr'><em>wel</em></span> <span class='ocrx_word' id='word_1_501' title='bbox 1499 2906 1708 2944; x_wconf 80' lang='lat' dir='ltr'><em>Ytalicum.</em></span> <span class='ocrx_word' id='word_1_502' title='bbox 1736 2905 1786 2941; x_wconf 89' lang='lat' dir='ltr'><em>Et</em></span> 
     </span>
    </p>
   </div>
   <div class='ocr_carea' id='block_1_3' title="bbox 142 3045 946 3200">
    <p class='ocr_par' dir='ltr' id='par_1_4' title="bbox 142 3045 946 3200">
     <span class='ocr_line' id='line_1_46' title="bbox 144 3045 593 3085; baseline -0.002 -6"><span class='ocrx_word' id='word_1_503' title='bbox 144 3048 173 3080; x_wconf 85' lang='lat'><em>1.</em></span> <span class='ocrx_word' id='word_1_504' title='bbox 203 3046 269 3080; x_wconf 88' lang='lat' dir='ltr'><em>Ms.</em></span> <span class='ocrx_word' id='word_1_505' title='bbox 293 3046 376 3085; x_wconf 72' lang='lat' dir='ltr'><em>cite,</em></span> <span class='ocrx_word' id='word_1_506' title='bbox 399 3045 462 3082; x_wconf 78' lang='lat' dir='ltr'><em>fol.</em></span> <span class='ocrx_word' id='word_1_507' title='bbox 485 3045 529 3079; x_wconf 87' lang='lat'><em>98</em></span> <span class='ocrx_word' id='word_1_508' title='bbox 550 3050 593 3079; x_wconf 73' lang='grc' dir='ltr'><em>ΓΟ.</em></span> 
     </span>
     <span class='ocr_line' id='line_1_47' title="bbox 143 3098 601 3138; baseline -0.004 -5"><span class='ocrx_word' id='word_1_509' title='bbox 143 3101 174 3133; x_wconf 76' lang='grc'><em>2.</em></span> <span class='ocrx_word' id='word_1_510' title='bbox 203 3100 270 3132; x_wconf 87' lang='lat' dir='ltr'><em>Ms.</em></span> <span class='ocrx_word' id='word_1_511' title='bbox 296 3099 379 3138; x_wconf 78' lang='lat' dir='ltr'><em>cite,</em></span> <span class='ocrx_word' id='word_1_512' title='bbox 403 3098 465 3131; x_wconf 86' lang='lat' dir='ltr'><em>fol.</em></span> <span class='ocrx_word' id='word_1_513' title='bbox 491 3098 535 3132; x_wconf 88' lang='lat'><em>98</em></span> <span class='ocrx_word' id='word_1_514' title='bbox 558 3103 601 3131; x_wconf 88' lang='lat' dir='ltr'><em>r0.</em></span> 
     </span>
     <span class='ocr_line' id='line_1_48' title="bbox 142 3149 946 3200; baseline -0.005 -14"><span class='ocrx_word' id='word_1_515' title='bbox 142 3155 175 3186; x_wconf 87' lang='lat'><em>3.</em></span> <span class='ocrx_word' id='word_1_516' title='bbox 205 3153 244 3186; x_wconf 88' lang='lat' dir='ltr'><em>B.</em></span> <span class='ocrx_word' id='word_1_517' title='bbox 267 3152 330 3200; x_wconf 19' lang='lat' dir='ltr'><strong>&gt;N.,</strong></span> <span class='ocrx_word' id='word_1_518' title='bbox 355 3163 422 3185; x_wconf 87' lang='lat' dir='ltr'><em>ms.</em></span> <span class='ocrx_word' id='word_1_519' title='bbox 448 3151 542 3184; x_wconf 83' lang='lat' dir='ltr'><em>latin</em></span> <span class='ocrx_word' id='word_1_520' title='bbox 565 3150 695 3190; x_wconf 83' lang='lat'><strong><em>11745,</em></strong></span> <span class='ocrx_word' id='word_1_521' title='bbox 720 3149 785 3184; x_wconf 87' lang='lat' dir='ltr'><em>fol.</em></span> <span class='ocrx_word' id='word_1_522' title='bbox 811 3151 878 3182; x_wconf 84' lang='lat'><em>242</em></span> <span class='ocrx_word' id='word_1_523' title='bbox 902 3154 946 3182; x_wconf 90' lang='lat' dir='ltr'><em>r0.</em></span> 
     </span>
    </p>
   </div>
  </div>
 </body>
</html>
