2083 3458
95 233 245 288 [1030]
625 249 841 275 PAPARUM
879 247 1263 274 AVENIONENSIUM
1701 234 1781 276 547

83 331 217 379 militi,
246 340 286 370 et
314 331 400 380 ejus
432 331 548 369 uxori
576 339 623 368 ut
651 331 705 369 eis
733 332 854 370 liceat
881 332 1076 370 idoneum
1104 339 1144 370 et
1172 332 1394 370 discretum
1426 332 1714 381 presbyterum
1740 335 1780 373 in

81 390 355 429 confessorem
375 390 532 440 eligere.
556 390 657 427 Erat
679 391 812 428 Guido
832 405 957 440 nepos
981 390 1219 440 Raymundi
1240 391 1288 430 de
1310 391 1528 430 Canilhaco
1550 393 1781 441 cardinalis,

83 457 129 488 ut
153 450 312 488 dictum
336 458 396 488 est
422 463 543 499 supra
569 448 657 487 895.
970 464 973 465 ’

134 508 319 547 Mortuus
335 517 396 548 est
408 508 420 530 1
441 508 652 546 Avenione
672 522 780 546 anno
800 508 1128 547 MCCCLXXIII
1145 518 1186 548 et
1201 509 1296 547 hinc
1311 510 1537 547 translatus
1555 510 1779 559 Lutetiam,

77 569 262 618 sepultus
290 576 352 606 est
377 569 418 605 in
447 567 686 605 cathedrali.
718 568 850 615 Quare
878 569 1199 607 existimandum
1228 577 1289 607 est
1312 568 1599 616 Hemeraeum,
1624 584 1661 619 p.
1688 569 1778 618 288,

79 641 128 665 ex
154 627 391 676 conjectura
418 627 556 676 potius
583 639 709 675 quam
735 640 783 664 ex
810 642 906 665 vero
933 628 1138 677 scripsisse
1165 642 1258 666 eum
1284 627 1406 665 fuisse
1433 629 1641 677 sepultum
1666 630 1776 679 apud

77 686 343 724 Avenionem.

129 746 171 784 P.
200 744 290 792 369,
315 746 383 795 lig.
412 745 446 784 2.
476 746 659 783 PETRUM
689 759 743 782 DE
768 746 980 783 BANHAco
1008 746 1062 783 sic
1089 746 1248 783 dictum
1273 760 1295 784 a
1320 747 1410 784 loco
1438 747 1603 797 originis
1629 748 1709 786 sito
1734 748 1775 785 in

77 804 256 844 marchia
278 804 560 843 Lemovicensi
580 804 689 841 haud
711 804 852 853 procul
871 804 1031 842 Belaco.
1056 804 1221 843 Patrem
1239 805 1387 843 habuit
1406 806 1570 844 nomine
1591 806 1774 854 Petrum,

75 872 251 902 matrem
268 877 448 901 sororem
469 864 579 902 Petri
598 863 816 901 cardinalis
837 863 885 900 de
906 863 1188 910 Mortuomari‚
1209 864 1302 902 vide
1321 878 1457 914 supra,
1477 880 1515 915 p.
1538 864 1624 903 761.

128 922 282 961 Studiis
304 936 471 971 operam
487 922 602 960 dedit
621 923 662 960 in
682 922 894 960 academia
912 922 1128 969 Tolosana,
1145 930 1191 959 ut
1215 922 1336 961 fidem
1357 923 1456 961 facit
1472 924 1664 972 Aegidius
1684 925 1773 963 Bel-

75 983 226 1020 lamera
248 981 289 1019 in
312 995 400 1031 cap.
425 982 527 1019 Cum
548 982 600 1019 sit
622 982 811 1030 generale,
831 981 891 1018 De
911 981 994 1030 foro
1015 990 1191 1030 compet,
1214 990 1255 1020 et
1275 982 1317 1020 in
1339 997 1426 1032 cap.
1452 982 1553 1020 Cum
1576 984 1773 1021 ecclesias—

73 1041 183 1088 ticae‚
213 1041 273 1078 De
302 1040 610 1090 exceptionibus,
647 1041 734 1089 Qua
767 1048 1017 1090 tempestate
1049 1048 1194 1078 mutuo
1226 1041 1383 1091 accepit
1406 1057 1536 1091 ,opera
1569 1042 1688 1080 Tullii
1719 1042 1771 1080 ab

77 1100 248 1150 Hugone
287 1100 492 1138 cardinale
531 1101 579 1138 de
620 1101 770 1138 Sancto
811 1099 1010 1147 Martiale,
1051 1113 1154 1149 quae
1193 1100 1249 1138 illi
1287 1108 1538 1139 testamento
1558 1100 1587 1123 2·
1610 1101 1771 1140 restitui

69 1159 192 1209 jussit
221 1164 229 1196 τ’
261 1159 358 1196 Item
386 1159 508 1197 voluit
533 1168 567 1197 et
594 1159 799 1196 mandavit
824 1158 979 1196 restitui
1005 1167 1040 1196 et
1066 1158 1169 1196 tradi
1197 1159 1354 1196 domino
1381 1160 1548 1208 Hugoni
1575 1160 1773 1198 cardinali

73 1218 211 1256 Sancti
225 1217 433 1256 Martialis
449 1218 629 1256 Tullium
645 1219 687 1256 in
701 1218 856 1255 duobus
870 1217 1154 1264 voluminibus,
1169 1232 1280 1268 quem
1292 1219 1372 1256 sibi
1387 1227 1631 1257 mutuaverat
1646 1219 1772 1257 dictus

71 1277 257 1315 (lominus
276 1278 496 1315 cardinalis
517 1277 655 1329 Sancti
677 1277 886 1315 Martialis
909 1276 1056 1315 Tolose.
1082 1277 1238 1316 Eodem
1258 1285 1442 1328 tempore
1462 1278 1633 1327 juvenili
1653 1286 1768 1328 petu-

70 1337 198 1375 lantia
223 1336 383 1374 furatus
408 1345 470 1375 est
494 1337 696 1387 quasdam
719 1336 904 1382 arbores3
930 1350 1105 1385 quarum
1129 1337 1307 1385 pretium
1330 1338 1492 1375 restitui
1516 1337 1647 1375 voluit
1670 1351 1768 1387 pau·

69 1396 233 1446 peribus
264 1396 434 1434 Tolosae
453 1394 469 1418 3
504 1412 511 1434 :
548 1396 646 1434 Item
675 1411 745 1445 pro
775 1395 1014 1445 quibusdam
1043 1395 1252 1432 arboribus
1281 1396 1502 1434 domesticis
1531 1397 1575 1433 de
1604 1396 1770 1446 quodam

68 1456 175 1493 horto
193 1469 262 1492 seu
281 1454 473 1506 viridario
492 1455 643 1493 dudum
658 1455 794 1492 Tolose
807 1455 953 1492 ablatis
972 1454 1094 1492 voluit
1107 1454 1193 1503 fieri
1208 1455 1503 1503 restitutionem,
1517 1464 1550 1493 et
1569 1453 1769 1492 mandavit

68 1529 138 1564 per
161 1523 378 1552 executores
403 1528 496 1552 suos
524 1515 632 1564 infra
656 1515 836 1564 scriptos,
867 1523 908 1551 ut
932 1513 1018 1563 ejus
1044 1514 1183 1551 anima
1210 1527 1289 1550 non
1314 1523 1513 1552 remaneat
1537 1522 1709 1562 onerata,
1737 1522 1770 1551 et

69 1574 171 1623 quod
194 1573 298 1611 dicta
323 1574 516 1612 restitutio
541 1573 790 1624 pauperibus
820 1574 956 1610 Tolose
981 1572 1314 1610 commorantibus
1342 1573 1423 1622 fiat⁷
1452 1573 1545 1623 quia
1571 1587 1712 1610 nomen
1735 1581 1777 1610 et.

68 1647 281 1682 cognomen
300 1632 416 1682 cujus
436 1642 546 1671 erant
566 1633 723 1670 arbores
745 1632 912 1682 ignorat.

120 1692 330 1731 Abbatem
365 1692 687 1741 Montismajoris
722 1706 849 1742 prope
884 1692 1092 1730 Arelatem
1128 1692 1250 1730 fuisse
1285 1692 1336 1729 ab
1371 1706 1478 1729 anno
1515 1691 1766 1729 MCCCXLV

66 1766 195 1802 usque
225 1753 277 1790 ad
308 1766 464 1789 annum
495 1751 820 1790 MCCCLXVIII
850 1751 991 1789 scribit
1023 1752 1202 1789 Joannes
1235 1751 1470 1789 Guesnaeus
1500 1751 1541 1788 in
1570 1749 1767 1787 Cassiano

67 1811 272 1849 illustrato.
306 1811 382 1849 Sed
405 1811 517 1849 istud
543 1811 691 1848 falsum
723 1818 796 1851 est.
822 1810 996 1848 Constat
1029 1811 1180 1859 quippe
1206 1824 1255 1848 ex
1284 1807 1560 1846 Monumentis
1585 1808 1766 1858 ejusdem

67 1870 260 1909 abbatiae
286 1870 535 1909 Jaubertum
559 1870 607 1908 de
632 1870 824 1917 Livrono,
849 1869 1028 1908 nobilem
1054 1870 1400 1915 Lemovicensem‚
1426 1868 1547 1906 fuisse
1571 1867 1764 1906 abbatem

69 1930 254 1980 ejusdem
288 1930 526 1969 monasterii
560 1929 612 1968 ab
646 1943 755 1967 anno
791 1928 1033 1967 MCCCLIII
1068 1942 1196 1978 usque
1230 1928 1282 1965 ad
1316 1941 1472 1966 annum
1506 1927 1765 1965 millesimum

67 1989 276 2036 CCCLXI‚
305 1997 352 2027 ut
379 2003 501 2038 supra
530 2003 568 2039 p.
599 1988 674 2026 927
703 1988 861 2026 dictum
889 1995 962 2026 est.
994 1987 1136 2026 Melius
1163 1987 1289 2037 igitur
1317 1986 1624 2025 Sammarthani
1639 1985 1667 2033 4,
1697 1985 1765 2035 qui

64 2049 160 2087 licet
179 2048 295 2086 illum
316 2047 419 2086 falso
440 2055 591 2086 vocent
612 2048 782 2086 Petrum
803 2047 852 2085 de
874 2047 1079 2085 Canillaco
1101 2054 1141 2084 et
1162 2047 1399 2096 episcopum
1422 2045 1764 2094 Magalonensem,

65 2107 239 2155 tradunt
262 2107 439 2145 evasisse
461 2106 659 2145 abbatem
683 2105 1005 2155 Montismajoris
1029 2120 1137 2143 anno
1162 2104 1474 2143 MCCCLXVII.
1502 2104 1764 2141 Eratautem

64 2166 362 2206 referendarius
381 2165 538 2204 Urbani
557 2166 604 2213 V,
623 2173 670 2203 ut
688 2166 808 2204 docet
824 2165 934 2203 idem
950 2164 1176 2203 Bellamera
1194 2164 1234 2201 in
1253 2178 1340 2213 cap.
1364 2163 1549 2211 Ignarus,
1565 2162 1624 2199 De
1640 2162 1764 2199 libelli

64 2225 271 2264 oblatione.
1671 2249 1674 2252 «

116 2284 237 2323 Anno
257 2284 595 2331 MCCCLXVIII,
612 2284 676 2323 die
696 2297 786 2320 xxn
805 2282 1063 2332 septembris,
1081 2282 1271 2320 Urbanus
1290 2282 1323 2318 V
1339 2281 1436 2320 fecit
1452 2293 1577 2317 unam
1593 2280 1761 2318 creatio-

64 2358 158 2383 nem
187 2351 278 2382 octo
309 2343 593 2390 cardinalium,
624 2343 809 2382 omnium
837 2341 1071 2380 absentium
1101 2349 1264 2392 praeter
1291 2341 1399 2378 hunc
1429 2340 1610 2386 Petrum,
1641 2352 1762 2388 quem

64 2403 160 2443 fecit
181 2402 471 2453 presbyterum
493 2402 743 2441 cardinalem
764 2401 876 2439 tituli
900 2401 1039 2439 Sancti
1063 2400 1273 2438 Laurentii
1294 2400 1335 2437 in
1360 2399 1550 2436 Damaso.
1576 2398 1652 2436 Sed
1674 2397 1762 2436 heic

61 2463 236 2512 insurgit
256 2462 390 2512 gravis
411 2461 644 2500 difficultas.
668 2461 835 2500 Etenim
853 2461 895 2498 in
914 2460 1018 2498 libro
1039 2459 1338 2509 Obligationum
1357 2466 1398 2497 et
1418 2458 1528 2508 apud
1549 2457 1761 2495 continua-

61 2529 194 2561 torem
231 2521 433 2560 Gallicum
470 2519 651 2570 Nangii⁵
687 2528 778 2558 tum
815 2520 1026 2557 viventem
1062 2526 1235 2557 vocatur
1271 2518 1483 2568 episcopus
1522 2515 1759 2555 Castrensis.

64 2581 279 2620 Praeterea
302 2581 482 2618 Joannes
504 2580 553 2618 de
575 2580 758 2628 Lignano
782 2580 845 2627 (ut
864 2578 1034 2628 legimus
1056 2579 1167 2628 apud
1188 2577 1404 2627 Aegidium
1423 2576 1694 2614 Bellameram
1719 2574 1761 2611 in

61 2654 148 2690 cap.
174 2639 287 2690 Quod
305 2639 420 2687 sicut,
441 2640 500 2676 De
521 2638 646 2687 elect.)
672 2638 752 2687 fuit
778 2647 946 2688 tempore
968 2636 1120 2675 domini
1148 2636 1303 2675 Urbani
1330 2636 1364 2673 V
1385 2636 1429 2673 in
1450 2635 1762 2683 Monteflascone

61 2697 324 2747 interrogatus
351 2714 375 2736 a
402 2699 574 2745 domino,
603 2706 696 2736 tunc
722 2697 862 2735 abbate
889 2696 1224 2745 Montismajoris‚
1251 2694 1318 2744 qui
1345 2703 1437 2732 tunc
1464 2692 1761 2732 consecrabatur

60 2758 112 2795 ad
135 2757 354 2796 Ecclesiam
380 2757 640 2804 castrensem,
668 2765 702 2794 et
726 2753 863 2794 statim
884 2755 964 2805 fuit
997 2763 1147 2793 creatus
1173 2753 1402 2791 cardinalis.
1431 2753 1575 2802 Itaque
1602 2759 1759 2789 certum

107 2907 139 2940 1.
169 2906 219 2940 Le
243 2907 288 2940 17
314 2906 466 2940 octobre
496 2905 641 2948 (Eubel,
666 2905 900 2945 Hierarchia,
925 2911 951 2937 t.
976 2917 999 2944 1,
1026 2916 1060 2947 p.
1089 2904 1159 2947 21).

132 2987 138 2993 .
171 2959 209 2993 F.
238 2959 448 2998 Duchesne,
476 2958 640 2992 Histoire
664 2959 705 2992 de
729 2963 808 2991 tous
833 2959 881 2991 les
906 2957 1110 2990 cardinauoe
1132 2956 1303 2999 franceis,
1331 2962 1357 2990 t.
1382 2969 1419 2996 11,
1447 2968 1481 2999 p.
1509 2957 1589 2989 433.

107 2960 139 3046 ξ.
173 3012 220 3046 Ut
237 3024 279 3053 3.,
307 3024 342 3056 p.
363 3012 444 3045 432.

107 3066 138 3099 4.
169 3065 340 3099 L'erreur
363 3076 383 3097 a
409 3064 561 3108 disparu
586 3064 630 3097 de
654 3063 825 3097 l’edition
850 3064 892 3096 de
918 3063 1023 3101 1715,
1050 3068 1076 3095 t.
1100 3075 1124 3100 1,
1151 3063 1217 3096 col.
1244 3063 1323 3096 613.

109 3120 128 3152 5

175 3118 336 3152 Grandes
354 3118 566 3160 chroniques
585 3117 626 3150 de
644 3117 795 3156 France,
817 3117 873 3150 ed.
898 3116 1136 3154 Delachenal‚
1158 3121 1184 3148 t.
1204 3127 1241 3155 11,
1262 3127 1296 3159 p.
1319 3116 1374 3149 60.
