2083 3458
103 232 254 287 [1112]
621 249 839 276 PAPARUM
875 250 1257 276 AVENIONENSIUM
1705 235 1786 276 635

88 330 255 369 volebat
286 331 455 369 evehere
482 331 534 368 ad
564 332 846 383 episcopatum
872 333 1162 371 Massiliensem
1182 332 1207 380 ¹,
1232 341 1279 371 ut
1306 342 1423 384 patet
1452 348 1502 371 ex
1534 333 1786 384 depositione

88 388 269 428 Thomae
298 389 475 440 episcopi
506 390 704 429 Lucerini.
737 391 831 429 Fuit
859 400 999 430 autem
1026 392 1091 430 ille
1119 400 1262 443 postea
1292 393 1618 443 archiepiscopus
1648 392 1786 430 Ausci·
1814 410 1820 412 f

88 455 210 486 tanus
238 456 280 487 et
307 448 537 497 cardinalis,
566 458 612 486 ut
640 464 712 488 suo
739 451 827 488 loco
855 451 1023 489 dicetur.

142 507 251 545 Petri
281 521 374 545 cum
402 507 522 546 laude
553 509 741 547 meminit
770 509 961 559 Aegidius
991 510 1230 558 Bellamera,
1260 510 1303 548 in
1331 511 1470 561 primis
1501 525 1596 548 vero
1626 511 1666 548 in
1697 524 1784 561 cap.

87 565 191 604 Cum
222 566 412 614 Ecclesia,
443 566 502 604 De
534 582 654 605 causa
686 582 850 617 possess.
885 577 919 606 et
949 569 1150 619 propriet.,
1183 569 1253 606 ubi
1287 570 1345 607 ait
1377 569 1588 607 dominum
1618 569 1785 607 Petrum

89 625 297 663 Flandrini
332 625 542 675 quondam
576 627 823 665 cardinalem
858 627 996 665 Sancti
1032 628 1242 666 Eustachii
1277 628 1424 667 dixisse
1459 628 1568 678 quod
1602 627 1786 667 canonici

84 683 149 733 jus
168 684 340 734 eligendi
357 693 532 735 possunt
548 685 635 723 aliis
655 687 967 725 communicare.
992 687 1103 725 Idem
1128 687 1170 724 in
1194 701 1281 737 cap.
1305 687 1475 733 Placuit,
1492 688 1550 724 De
1566 687 1785 737 praescrip-

86 742 196 791 tion.,
216 743 275 781 ait
293 743 483 783 eumdem
502 744 750 783 cardinalem
769 760 819 783 ex
835 745 914 783 ista
934 745 1127 784 decretali
1146 746 1349 796 collegisse
1368 754 1656 796 argumentum
1676 745 1785 796 quod

85 803 353 854 praescriptio
380 817 537 841 currere
565 818 647 841 non
672 812 810 854 potest
835 804 942 842 inter
967 804 1167 855 principes
1195 805 1443 855 superiorem
1469 819 1552 843 non
1575 818 1785 854 recognos-

86 869 237 909 centes,
266 876 339 912 pro
367 876 414 900 eo
443 862 565 911 quod.
582 877 686 901 unus
716 871 857 901 contra
884 864 1009 901 alium
1035 878 1084 902 ex
1112 863 1273 902 defectu
1301 864 1516 914 superioris
1543 878 1624 902 non
1648 871 1786 915 potest

86 934 217 971 agere,
242 929 283 959 et
307 921 402 971 quia
425 922 526 959 tales
551 922 890 972 praescriptiones
914 936 936 959 a
959 922 1047 972 jure
1071 923 1248 973 positivo
1271 923 1512 973 procedunt,
1538 937 1559 960 a
1580 937 1660 973 quo
1683 923 1784 961 tales

87 980 202 1030 ligari
230 994 313 1018 non
339 988 525 1030 possunt.
850 1025 852 1027 ¹

142 1039 204 1076 Ex
230 1047 347 1089 gente
374 1039 485 1077 haud
511 1039 632 1077 dubie
657 1040 774 1078 istius
801 1040 1017 1079 cardinalis
1044 1041 1122 1078 fuit
1148 1041 1272 1078 etiam
1299 1041 1431 1091 Guigo·
1455 1040 1664 1078 Flandrini
1690 1041 1786 1078 lator

85 1106 119 1136 et
147 1098 189 1136 in
215 1106 324 1148 parte
351 1099 583 1148 compositor
610 1099 816 1149 dampnati
832 1099 966 1137 ⁴libelli
992 1099 1066 1137 sub
1092 1099 1248 1137 nomine
1273 1099 1433 1150 epistole
1459 1100 1675 1138 Tholosane
1701 1113 1784 1149 pre-

84 1157 226 1195 sentati
245 1157 446 1205 Parisius,
467 1166 514 1195 ut
533 1158 681 1207 legitur
699 1158 738 1195 in
762 1158 924 1197 decreto
945 1158 1103 1197 concilii
1124 1159 1358 1197 Parisiensis
1379 1159 1475 1196 anni
1495 1158 1784 1206 MCCCCVHL

84 1216 171 1255 lato
187 1216 382 1255 adversus
400 1217 580 1255 fautores
599 1217 708 1255 Petri
724 1217 773 1256 de
792 1218 906 1255 Luna
931 1217 973 1255 in
990 1217 1125 1256 codice
1145 1216 1222 1256 842
1247 1217 1283 1256 S.
1303 1218 1476 1256 Victoris
1504 1217 1737 1256 parisiensis
1756 1216 1783 1256 ².

61 1275 187 1314 (Vide
214 1275 495 1326 Spondanum,
522 1290 588 1314 an.
617 1276 730 1324 1408,
753 1276 769 1325 ἓ
796 1276 856 1314 17.
886 1277 943 1314 Ea
970 1277 1155 1326 epistola,
1182 1284 1229 1314 ut
1252 1277 1352 1314 illud
1379 1291 1540 1326 quoque
1567 1276 1784 1314 admonea-

85 1347 189 1382 mus,
221 1335 398 1373 habetur
429 1336 471 1373 in
503 1335 639 1374 codice
670 1334 775 1373 4463
805 1335 1076 1374 bibliothecae
1110 1336 1365 1373 Colbertinae
1398 1344 1439 1374 et
1470 1336 1511 1373 in
1543 1335 1678 1373 codice
1709 1333 1787 1373 843

85 1393 225 1432 Sancti
249 1394 422 1432 Victoris
448 1394 573 1433 Paris.
595 1393 623 1441 3,
649 1394 715 1433 fol.
743 1394 817 1432 189
839 1401 886 1433 r0.
912 1409 1002 1432 cum
1040 1395 1115 1432 hac
1138 1395 1357 1445 epigraphe
1383 1411 1389 1432 :
1416 1395 1600 1444 Sequitur
1622 1394 1786 1444 epistola

83 1447 304 1503 p'resentata
327 1453 409 1503 regi
434 1453 603 1491 Francie
626 1468 732 1491 anno
753 1453 919 1491 Domini
944 1453 1199 1500 MCCCCII,
1224 1468 1269 1491 ea:
1292 1462 1400 1503 parte
1423 1454 1546 1491 studii
1574 1451 1786 1490 Tholosani

84 1512 127 1550 in
147 1512 248 1562 sacto
270 1512 451 1551 Ecclesie.
480 1513 526 1550 In
548 1513 655 1551 calce
677 1527 773 1551 vero
795 1513 853 1550 ita
876 1513 1123 1550 adnotatum
1146 1521 1207 1551 est
1229 1513 1458 1562 antiquitus
1484 1529 1490 1550 :
1519 1513 1599 1549 Ista
1623 1512 1787 1562 epistola

82 1572 288 1622 precedens
314 1580 369 1610 est
395 1572 685 1622 condampnata
712 1586 780 1622 per
806 1572 1017 1610 consilium
1044 1572 1197 1620 regium
1223 1580 1410 1622 tanquam
1437 1572 1551 1620 regis.
1581 1571 1786 1619 regalium,

85 1631 176 1668 cleri
196 1631 321 1680 regni,
339 1631 626 1681 Dalphinatus,
647 1639 680 1669 et
700 1631 946 1669 Parisiensis
973 1631 1251 1669 Universitatis
1273 1631 1483 1680 injuriosa,
1505 1629 1785 1680 difiamatoria,

83 1698 118 1728 et
145 1690 381 1738 detestanda,
410 1698 444 1728 et
472 1699 513 1728 ut
541 1690 632 1728 talis
660 1690 816 1740 publice
844 1705 931 1728 cum
958 1705 1053 1727 sono
1082 1690 1170 1728 tube
1198 1690 1393 1727 Awinioni
1421 1704 1544 1739 supra
1573 1697 1727 1739 pontem
1754 1696 1787 1725 et

87 1749 249 1787 Tholose
284 1750 493 1787 laceranda
528 1758 562 1787 et
597 1750 777 1797 lacerata,
815 1749 1044 1800 publiceque
1080 1749 1267 1787 Parisius
1303 1749 1420 1786 etiam
1456 1749 1635 1795 lacerata,
1673 1755 1787 1797 prout

83 1822 152 1858 per
169 1816 362 1847 arrestum
380 1809 503 1846 latum
521 1809 658 1846 XVII
676 1808 738 1846 die
754 1809 850 1858 julii
869 1823 975 1846 anno
991 1808 1157 1846 Domini
1178 1808 1384 1845 millesimo
1405 1806 1787 1858 quadringentesimo

84 1875 188 1905 sexto
220 1876 385 1918 apparet
418 1868 600 1906 intuenti.
635 1868 848 1906 Arrestum
881 1868 968 1906 heic
1009 1867 1226 1906 laudatum
1259 1875 1377 1905 extat
1408 1867 1450 1905 in
1482 1866 1624 1905 eodem
1651 1865 1786 1903 codice

85 1926 308 1974 Victorino,
329 1927 396 1965 fol.
425 1927 500 1965 178
524 1934 573 1974 1²⁰,
600 1935 641 1965 et
661 1927 768 1966 inter
792 1927 1052 1965 Probationes
1076 1927 1301 1964 libertatum
1322 1925 1518 1964 Ecclesiae
1547 1925 1786 1970 Gallicanae,

85 1999 172 2036 cap.
200 2000 274 2034 xx,
299 2000 338 2036 p.
367 1985 455 2034 722,
481 1986 682 2024 secundae
708 1986 898 2025 editionis
925 1985 1174 2024 Parisiensis.
1202 1985 1408 2023 Adversus
1436 1984 1650 2035 epistolam
1676 1983 1786 2020 illam

86 2044 324 2083 Guillelmus
363 2045 612 2084 Ronacensis
648 2045 906 2096 praepositus
943 2045 1104 2095 scripsit
1139 2052 1365 2082 tractatum
1403 2043 1648 2099 in-modum
1685 2042 1785 2093 epis-

84 2104 192 2142 tolae
223 2104 275 2142 ad
306 2104 541 2155 Philippum
573 2105 718 2143 ducem
748 2104 1023 2154 Burgundiae‚
1056 2103 1124 2153 qui
1154 2101 1361 2141 habetur4
1389 2103 1430 2140 in
1469 2102 1611 2140 eodem
1650 2101 1786 2139 codice

86 2162 310 2211 Victorino,
338 2163 406 2202 fol.
435 2163 509 2201 212
537 2171 585 2210 r0,
609 2163 679 2201 ubi
706 2164 832 2203 etiam
860 2163 927 2202 fol.
944 2163 1018 2201 202
1045 2170 1102 2209 v0,
1124 2162 1324 2212 reperitur
1350 2161 1544 2209 anonymi
1573 2159 1786 2209 cujusdam

83 2229 287 2260 tractatus
307 2222 322 2245 5
354 2223 549 2261 adversus
583 2223 769 2262 eamdem
793 2223 1009 2272 epistolam
1033 2221 1158 2259 studii
1180 2221 1382 2258 Tolosani.
1408 2220 1463 2257 At
1486 2220 1527 2257 in
1551 2219 1686 2257 codice
1710 2216 1788 2256 813

85 2280 358 2320 bibliothecae
384 2282 641 2320 Colbertinae
659 2281 689 2329 ⁶,
716 2282 784 2320 fol.
813 2281 887 2319 118
919 2288 968 2328 r0,
1003 2288 1120 2319 extat
1154 2279 1369 2329 cujusdam
1395 2278 1571 2317 doctoris
1597 2275 1785 2315 Tolosani

86 2340 258 2390 epistola
283 2341 335 2378 ad
359 2355 493 2390 regem
518 2355 591 2392 pro
617 2341 850 2380 defensione
875 2339 1059 2389 ejusdem
1083 2339 1292 2389 epistolae.

139 2399 182 2438 P.
206 2399 295 2447 418,
317 2399 384 2449 lig.
408 2400 444 2438 8.
470 2400 749 2438 GUILLELMUS
767 2399 997 2437 NOELLETI.
1019 2398 1138 2435 Initia
1161 2397 1266 2435 illius
1288 2397 1331 2434 in
1354 2397 1523 2434 obscuro
1546 2403 1654 2433 sunt.
1683 2393 1784 2431 Illud

131 2531 164 2564 1.
189 2531 287 2563 Jean
319 2530 498 2564 Flandrin
528 2530 588 2563 fut
619 2530 746 2574 plutot
768 2531 917 2562 nomme
943 2529 1175 2571 archeveque
1200 2526 1355 2566 d'Arles,
1380 2526 1411 2559 le
1436 2526 1480 2558 24
1502 2525 1649 2568 janvier
1679 2525 1783 2565 1379,

83 2583 177 2617 mais
213 2590 312 2618 cette
358 2583 597 2617 nomination
643 2583 748 2616 n'eut
795 2594 861 2627 pas
898 2582 1026 2615 d’ess'et
1065 2580 1209 2624 (Eubely
1246 2579 1477 2618 Hier-archia,
1517 2585 1541 2611 t.
1578 2590 1600 2617 1,
1630 2589 1665 2621 p.
1703 2578 1784 2618 103,

85 2643 173 2671 note
193 2636 266 2680 12).

134 2691 165 2723 2.
191 2690 232 2723 Β.
260 2690 318 2730 Ν.,
344 2701 411 2723 ms.
437 2689 533 2722 latin
557 2689 686 2729 14643,
712 2689 775 2723 fol.
802 2690 846 2721 ‘12
871 2692 914 2721 r0.

133 2745 165 2777 3.
186 2743 226 2776 Β.
248 2743 306 2783 Ν.,
326 2755 393 2776 ms.
421 2742 516 2775 latin
542 2741 677 2781 14644;
705 2742 786 2775 voir
802 2740 1038 2774 l'indication
1057 2740 1118 2772 des
1138 2745 1262 2772 autres
1280 2737 1518 2776 manuscrits,
1539 2737 1630 2769 dans
1651 2736 1694 2770 N.
1714 2736 1787 2769 Va-

84 2796 151 2830 lois
191 2795 228 2837 (t.
258 2808 309 2837 111,
343 2808 377 2840 p.
420 2797 500 2835 261,
532 2802 619 2828 note
650 2795 705 2839 1);
727 2795 864 2828 Baluze
895 2794 1034 2838 signale
1068 2792 1168 2825 aussi
1197 2803 1248 2824 un
1270 2791 1383 2824 vieux
1413 2802 1479 2823 ms.
1504 2791 1547 2823 de
1578 2789 1613 2823 S.
1646 2789 1786 2822 Martin

86 2850 129 2882 de
155 2849 290 2889 Tours3
315 2849 460 2892 l'epitre
485 2848 722 2881 toulousaine
747 2859 768 2881 a
792 2849 850 2881 ete
875 2846 1022 2890 publice
1046 2857 1114 2889 par
1138 2845 1197 2877 Du
1221 2843 1366 2887 Boulay
1394 2843 1574 2886 (Historia
1601 2842 1787 2876 Universi-

87 2903 170 2935 tatis
192 2902 432 2941 Parisiensis,
458 2907 484 2934 t.
512 2913 546 2941 V,
571 2912 606 2944 p.
632 2901 746 2944 4-24).

134 2955 167 2988 4.
196 2955 286 2988 Voir
312 2954 450 2994 Valois,
480 2960 506 2987 t.
533 2966 585 2994 111,
614 2965 649 2997 p.
680 2954 759 2994 265,
789 2960 876 2987 note
905 2953 936 2986 7.

135 3009 166 3041 5.
187 3007 278 3041 Voir
294 3007 421 3040 Valois
452 3008 491 3050 (t.
518 3019 569 3046 111,
599 3018 634 3050 p.
659 3007 739 3046 266,
760 3012 847 3039 note
868 3005 915 3048 1).
937 3004 1073 3038 L'ecrit
1093 3015 1113 3036 a
1132 3004 1189 3036 ete
1209 3002 1334 3046 public
1353 3013 1421 3045 par
1440 3001 1500 3034 Du
1518 3000 1663 3044 Boulay
1686 3000 1787 3043 (His-

87 3061 180 3094 toria
203 3061 462 3094 Universitatis
481 3060 720 3099 Parisiensis,
743 3065 769 3092 t.
792 3071 827 3098 v,
850 3070 884 3102 p.
907 3057 1043 3100 30-53).

136 3114 168 3147 6.
190 3114 230 3147 Β.
256 3114 314 3153 Ν.,
337 3125 403 3146 ms.
426 3113 521 3145 latin
541 3111 653 3152 1479;
676 3112 757 3145 voir
776 3111 901 3144 Valois
927 3110 978 3153 (ut
996 3121 1038 3149 s.,
1062 3116 1087 3142 t.
1108 3121 1159 3148 111,
1181 3120 1216 3152 p.
1240 3108 1320 3147 265,
1343 3113 1430 3140 note
1450 3106 1499 3150 3).
