2083 3458
238 208 320 250 656
888 220 1039 246 NOTAE
1073 221 1134 245 AD
1168 220 1296 246 VITAs
1791 203 1942 258 [1134]

237 306 530 347 referendarius
549 319 693 356 papae.
718 305 780 342 Ita
800 304 966 354 quidem
986 305 1180 355 Ughellus
1200 305 1248 343 de
1267 313 1451 355 tempore
1471 319 1551 354 quo
1571 304 1710 342 Simon
1729 304 1861 342 factus
1880 312 1943 341 est

236 366 562 416 archiepiscopus
589 364 901 403 Mediolanensis
938 364 1063 414 [t.1v,
1090 364 1163 402 col.
1190 363 1304 414 252}
1335 364 1381 401 In
1406 378 1487 413 quo
1510 372 1613 414 puto
1636 363 1751 402 illum
1775 377 1942 401 errasse.

238 426 402 465 Etenim
432 425 572 463 Simon
601 424 641 461 in
671 432 923 462 testamento
954 423 1137 473 Gregorii
1167 423 1244 471 XI,
1274 423 1441 462 condito
1470 437 1578 461 anno
1608 422 1943 469 MCCCLXXIV,

236 487 298 524 die
328 485 473 535 quinta
502 483 612 530 maii,
641 490 816 521 &ocatur
843 491 1010 520 tantum
1039 483 1190 521 electus
1221 455 1547 521 lllediolanensis.

288 546 407 582 Anno
443 542 741 582 ΒΙΕΕΕΕΧΧΧ
776 542 942 580 additus
978 550 1041 580 est
1076 542 1243 593 collegio
1278 542 1562 590 cardinalium,
1597 549 1867 593 promovente
1901 540 1944 578 in

235 604 374 656 primis
404 603 738 650 Bartholomaeo,
770 602 1077 652 archiepiscopo
1107 601 1289 640 Barensi.
1323 602 1487 640 Testem
1517 574 1640 651 hiijus
1672 601 1728 639 rei
1762 600 1940 638 laudabo

236 665 404 703 Petrum
438 662 684 702 cardinalem
721 662 770 700 de
804 661 997 709 Vernhio,
1034 661 1149 711 cujus
1184 661 1284 700 haec
1318 669 1415 699 sunt
1449 661 1574 700 verba
1607 660 1857 710 transcripta
1891 674 1942 698 ex

235 723 487 775 depositione
522 722 608 771 ejus
627 722 642 744 1
669 738 676 760 ε
705 721 802 759 Item
836 721 936 759 dizit
969 721 1070 771 quod
1100 735 1190 771 sepe
1222 721 1377 760 czzcdivit
1409 736 1433 758 a
1453 721 1610 759 domino
1645 718 1941 758 Mediolanensi

234 784 334 834 911οά
356 783 419 820 ille
441 781 632 820 Barensis
656 796 734 818 non
756 788 837 818 erat
856 795 967 831 papa
988 789 1023 818 et
1044 781 1145 830 911οἄ
1165 780 1314 819 volebat
1335 780 1459 818 dicere
1479 780 1559 818 sibi
1580 780 1748 831 publice.
1775 779 1851 817 Sed
1873 778 1943 816 iste

234 842 463 890 cardinalis,
486 841 529 879 id
551 849 626 888 est,
651 841 699 879 de
725 840 916 888 Vemhio,
942 840 1008 890 qui
1031 848 1112 878 erat
1133 840 1287 878 amicus
1308 855 1419 887 suus,
1445 840 1522 877 imo
1545 839 1696 878 tenebat
1718 839 1819 889 quod
1836 838 1943 876 aliu-s

234 917 301 953 per
325 902 443 940 istum
465 909 666 951 promotas
687 900 828 949 fuerat,
853 900 947 950 quia
970 900 1125 950 911οηᾱο
1146 900 1226 949 fuit
1250 899 1319 938 iste
1342 899 1572 947 cardinalis,
1597 899 1751 937 dimisit
1772 897 1943 948 officium

233 961 500 1012 referendarii,
523 969 557 998 et
575 959 820 1010 supplicavit
839 974 943 1010 pape
963 974 1035 1010 pro
1058 959 1137 1007 illo,
1161 959 1255 1010 quia
1275 959 1427 997 tenebat
1447 960 1548 1009 quod
1569 959 1653 1009 ipse
1672 959 1802 1008 fuerat
1821 971 1941 995 causa

233 1022 402 1059 mediata
420 1029 461 1059 ut
477 1028 572 1058 esset
588 1019 818 1058 cardinalis.
838 1019 969 1069 Vulgo
988 1019 1121 1065 dictus
1141 1019 1356 1057 cardinalis
1375 1018 1707 1065 Mediolanensis;
1726 1026 1773 1056 ut
1790 1024 1940 1055 notant

233 1081 357 1120 etiam
379 1080 571 1131 Aegidius
592 1079 819 1118 Bellamera
840 1078 882 1116 in
903 1078 1014 1117 dicto
1036 1093 1124 1129 cap.
1148 1078 1194 1117 Si
1217 1079 1259 1116 in
1279 1078 1407 1126 laicis,
1429 1087 1470 1117 et
1489 1078 1724 1117 Bonifacius
1747 1077 1795 1116 de
1816 1076 1938 1115 Ama-

232 1141 352 1179 natis.

285 1201 386 1238 Erat
423 1200 578 1238 Romae
615 1212 724 1236 anno
760 1197 1142 1245 MCCCLXXVIII,
1181 1198 1347 1248 quando
1382 1197 1557 1248 populus
1597 1197 1808 1234 Romanus
1843 1203 1938 1246 post

230 1268 406 1299 mortem
441 1257 623 1309 Gregorii
661 1258 722 1295 XI
759 1257 930 1304 caelum,
967 1265 1014 1295 ut
1049 1257 1106 1295 ita
1144 1257 1291 1305 dicam,
1328 1265 1459 1295 terrae
1494 1256 1659 1296 miscuit
1695 1264 1742 1294 ut
1777 1263 1938 1307 cogeret

231 1319 454 1357 cardinales
484 1318 537 1356 ad
565 1317 797 1367 eligendum
825 1331 975 1367 papam
1009 1317 1243 1355 Romanum
1273 1316 1338 1355 vel
1370 1316 1572 1355 Italicum.
1606 1316 1696 1366 Ipse
1725 1315 1805 1353 fuit
1832 1329 1937 1352 unus

229 1394 278 1417 ex
298 1379 345 1417 iis
369 1378 438 1428 qui
457 1377 821 1415 Bartholomaeun]
845 1376 1197 1427 archiepiscopum
1217 1377 1440 1414 Barensem
1461 1376 1683 1425 elegerunt,
1706 1374 1776 1413 sed
1796 1383 1939 1412 tamen

228 1438 374 1476 timore
403 1437 559 1475 mortis.
590 1436 736 1474 Maluit
764 1436 896 1474 vitam
924 1450 1041 1474 suam
1069 1436 1225 1474 salvan]
1255 1436 1405 1474 habere
1434 1449 1557 1485 quam
1586 1435 1724 1485 palam
1752 1434 1937 1472 resistere

231 1498 432 1536 furoribus
461 1495 701 1535 insanientis
731 1495 885 1545 populi.
916 1495 1110 1533 Testatur
1138 1495 1246 1533 enim
1274 1495 1317 1532 in
1345 1494 1601 1545 depositione
1630 1508 1702 1533 sua
1732 1493 1936 1531 Antonius

229 1557 440 1608 episcopus
465 1556 679 1593 Firmanus
706 1555 871 1593 Italicus
900 1555 948 1592 de
976 1554 1143 1592 civitate
1168 1554 1416 1593 Yiterbiensi
1444 1554 1637 1593 oriundus
1665 1553 1756 1591 ideo
1784 1552 1936 1591 Medio-

228 1617 436 1655 lanensem
460 1615 617 1654 dedisse
641 1629 784 1653 vocem
809 1628 926 1652 suam
948 1614 1117 1652 Barensi
1142 1614 1236 1663 quia
1262 1614 1429 1652 volebat
1452 1629 1536 1652 esse
1562 1613 1767 1652 confessor
1790 1621 1831 1651 et
1855 1626 1936 1650 non

228 1684 386 1725 martyr
403 1675 418 1697 2
442 1691 449 1713 :
477 1675 573 1712 Item
595 1674 749 1712 audivit
769 1688 793 1711 a
815 1673 973 1711 domino
996 1673 1292 1711 illediolanensi
1315 1673 1515 1711 cardinale
1537 1674 1638 1723 quod
1660 1673 1723 1710 ille
1745 1671 1936 1710 Barensis

228 1735 285 1773 sic
306 1743 386 1773 erat
406 1749 513 1785 papa
536 1734 638 1771 sicut
660 1733 729 1771 iste
751 1733 856 1770 testis
878 1733 945 1783 qui
968 1733 1138 1783 deponit,
1161 1733 1229 1770 secl
1250 1733 1343 1783 qaia
1367 1733 1450 1783 ipse
1472 1732 1620 1770 volebat
1640 1746 1720 1769 esse
1742 1731 1937 1780 consessor

228 1804 262 1832 et
298 1809 376 1832 non
413 1802 571 1842 martyr,
612 1793 695 1830 ideo
732 1792 1022 1830 dissimulabat.
1063 1792 1127 1829 Ex
1170 1792 1248 1831 hoc
1284 1793 1636 1843 apophthegmate
1684 1791 1934 1829 Froissartus

240 1855 284 1904 [t.
308 1869 366 1901 ix,
391 1868 430 1903 p.
456 1853 528 1903 53]
555 1852 756 1902 accepisse
789 1851 955 1890 videtur
979 1852 1089 1901 quod
1113 1851 1172 1889 ait
1196 1852 1243 1890 de
1267 1851 1387 1889 minis
1409 1852 1692 1889 Romanorum
1715 1859 1757 1889 et
1788 1850 1934 1888 timore

230 1913 530 1952 cardinalium:
557 1912 607 1949 Et
630 1911 799 1949 disoient
821 1926 865 1949 as
889 1911 1102 1957 camlznalz,
1127 1926 1175 1948 en
1197 1911 1367 1949 escriant
1392 1926 1466 1961 par
1489 1911 1624 1948 delzors
1657 1911 1689 1948 le
1718 1910 1894 1948 conclave
1925 1925 1933 1946 ε

229 1973 381 2019 ὼείεέε,
416 1972 574 2021 [avzsev
578 1971 711 2021 vous],
734 1971 917 2019 seigneur
938 1979 972 2008 et
1002 1984 1101 2008 nous
1127 1970 1279 2008 baillies
1301 1985 1384 2019 ung
1403 1985 1507 2020 pape
1528 1970 1725 2007 rommain
1746 1984 1809 2019 9111
1836 1983 1933 2006 nous

229 2033 416 2079 demeare,
439 2046 488 2068 011
510 2038 725 2068 autrement
746 2044 845 2067 nous
868 2044 961 2067 vous
981 2029 1112 2078 ferens
1133 2030 1186 2067 les
1208 2038 1316 2067 testes
1340 2030 1431 2080 plus
1453 2044 1591 2079 rouges
1613 2044 1683 2079 que
1705 2037 1804 2067 votre
1826 2028 1936 2078 capel

230 2106 275 2128 ne
298 2091 433 2129 soient.
465 2091 552 2128 Tel:
576 2090 729 2140 parole:
753 2098 786 2127 et
810 2089 878 2126 tels
903 2104 1084 2127 manacez
1108 2089 1391 2127 esbalzissoient
1419 2089 1506 2126 bien
1531 2090 1583 2126 les
1608 2089 1841 2135 car-dirimat,
1868 2102 1933 2125 car

229 2151 277 2188 ils
297 2150 451 2188 [woient
470 2151 561 2200 plus
581 2149 684 2187 chier
703 2152 725 2186 ἁ
748 2149 868 2186 morit·
887 2149 1016 2197 confes
1037 2163 1107 2199 9116
1127 2149 1276 2187 martir.

282 2210 373 2247 Non
410 2209 588 2260 putabat
625 2223 718 2258 ergo
758 2208 897 2246 Simon
936 2208 1093 2246 Urbani
1129 2208 1370 2247 electionem
1408 2208 1656 2246 celebratam
1694 2207 1816 2245 fuisse
1853 2205 1929 2254 rite

227 2278 350 2319 atque
376 2269 580 2307 canonice.
608 2268 725 2315 Quod
749 2276 951 2306 testatum
975 2267 1071 2306 fecit
1093 2282 1176 2305 non
1199 2268 1334 2306 semel.
1358 2268 1469 2306 Haec
1492 2275 1589 2305 sunt
1613 2281 1716 2316 quae
1739 2267 1930 2316 leguntur

226 2329 265 2366 in
295 2328 547 2378 depositione
577 2327 695 2365 unius
725 2342 744 2365 e
773 2327 916 2377 legatis
946 2327 998 2364 ab
1030 2327 1206 2365 Henrico
1230 2342 1321 2377 rege
1352 2327 1548 2365 Castellae
1576 2325 1707 2364 missis
1739 2326 1928 2372 Romam,

225 2388 365 2426 Alvari
396 2387 587 2425 videlicet
620 2386 799 2433 Martini,
834 2386 881 2424 de
916 2386 1036 2436 gestis
1069 2395 1164 2436 post
1196 2386 1435 2425 electionem
1467 2394 1508 2424 et
1539 2385 1928 2423 inthronizationem

226 2446 413 2485 Urbani3
441 2463 447 2484 :
476 2447 571 2484 Post
597 2460 744 2496 paucos
771 2460 856 2483 vero
883 2446 965 2483 dies
992 2446 1095 2483 venit
1133 2460 1238 2483 anus
1265 2445 1570 2495 Neapolitanus,
1599 2459 1711 2494 quem.
1742 2444 1929 2483 Urbanus

225 2507 383 2544 vocabat
401 2521 519 2543 suum
541 2506 772 2554 magistram
798 2505 837 2542 in
861 2505 1131 2554 grammatica,
1154 2513 1187 2542 et
1207 2505 1362 2555 publice
1383 2505 1586 2553 arengavit
1601 2518 1730 2541 coram
1744 2518 1798 2550 eo,
1816 2511 1856 2540 ut
1876 2511 1929 2540 est

226 2566 355 2604 moris.
385 2566 462 2615 Qui
489 2580 560 2615 pro
587 2565 747 2602 themate
773 2564 992 2614 assumpsit
1019 2581 1026 2602 :
1062 2564 1244 2611 Gaudete,
1274 2564 1447 2613 gaudete,
1476 2564 1615 2601 iterum.
1643 2563 1726 2601 dico
1754 2563 1926 2612 gaudete.

225 2626 274 2662 Et
297 2625 396 2662 illud
416 2633 642 2675 prosecutas
664 2632 718 2661 est
741 2638 860 2673 usqae
881 2624 933 2661 acl
954 2624 1073 2673 finem
1093 2624 1195 2672 fecit.
1220 2624 1270 2660 Et
1298 2623 1485 2661 Urbanus
1507 2623 1773 2672 respondendo
1795 2620 1896 2659 dixit
1918 2637 1925 2659 :

224 2684 390 2721 Domine
419 2684 615 2733 magister,
644 2683 753 2732 fama
783 2692 904 2720 vestra
935 2691 1107 2722 notaest
1135 2683 1201 2720 toti
1231 2683 1390 2729 1111111ᾱο,
1420 2690 1454 2720 et
1480 2696 1548 2731 ego
1574 2682 1722 2730 faciam
1751 2681 1851 2731 911οά
1877 2680 1927 2718 sit

226 2752 312 2780 nuta
329 2743 395 2781 toti
411 2744 568 2781 mundo.
586 2743 636 2780 El
652 2743 704 2780 ita
723 2743 805 2780 ibat
818 2742 1083 2792 prosequendo
1100 2750 1140 2779 ut
1153 2742 1232 2779 sibi
1247 2742 1435 2791 placebat.
1453 2742 1504 2778 Et
1517 2750 1609 2778 tunc
1634 2755 1712 2778 11011
1731 2739 1926 2790 expectavi

226 2804 354 2849 linem.
382 2802 432 2839 Et
455 2802 649 2840 exivimus
674 2802 858 2839 dominas
890 2801 1126 2839 Giennensis
1150 2810 1184 2838 et
1207 2815 1287 2850 ege.
1314 2801 1365 2838 Et
1389 2815 1476 2838 cam
1500 2814 1670 2837 essemus
1697 2799 1738 2837 in
1766 2798 1925 2845 cumali,

223 2861 339 2898 elz-[wit
377 2861 560 2898 dominus
598 2860 927 2907 Mediolanensz's,
967 2860 1033 2910 qui
1071 2860 1255 2897 omnibus
1294 2860 1380 2897 istis
1419 2860 1658 2908 interfuerat,
1696 2867 1730 2896 et
1766 2858 1926 2895 ridendo

277 3000 302 3030 1.
335 2999 372 3030 Β.
399 2998 454 3036 N.,
477 3010 542 3030 nis.
567 2998 659 3030 latin
680 2999 808 3037 11745,
831 2998 892 3031 fol.
914 2998 959 3031 39
980 3003 1022 3031 ΓΟ.

274 3054 301 3082 2.
336 3051 399 3083 Ms.
426 3051 507 3086 cite,
535 3051 593 3083 fol.
620 3052 663 3083 48
689 3056 737 3084 vo.

271 3105 301 3136 3.
336 3104 399 3135 Ms.
423 3103 504 3137 cite.
529 3105 586 3135 l'ol.
614 3105 677 3136 107
696 3109 739 3136 ΓΟ.
