2083 3458
259 178 312 220 46
910 196 1063 222 NOTAE
1097 196 1158 221 AD
1192 195 1321 222 VITAS
1460 164 1465 173 Ι
1848 180 1975 237 [585]

316 279 359 316 Ρ.
377 279 412 325 4,
429 279 453 316 l.
473 278 532 316 15.
551 278 678 316 CAsu.
696 279 750 317 Le
767 279 1059 318 continuateur
1075 280 1124 318 de
1140 280 1305 318 Geraud
1324 281 1372 319 de
1389 280 1565 321 Frachet
1580 290 1643 321 est
1656 282 1749 333 plus
1766 280 1970 332 explicite.

261 338 379 376 Circa
407 338 508 375 idem
534 345 688 387 tempus
713 339 766 376 ad
799 347 1028 389 requestam,
1057 347 1099 377 ut
1124 339 1284 387 dicitur,
1313 340 1533 390 Remensis,
1555 340 1811 389 Senonmsis,
1832 339 1973 378 Rotho-

261 397 461 446 magensis
485 410 530 434 ac
557 396 801 436 Turonensis
824 398 1225 449 archiepiscoporum,
1252 399 1320 450 qui
1343 399 1424 438 sibi
1447 400 1609 451 suisque
1632 399 1905 451 suffraganeis
1928 414 1974 438 ac

260 471 393 494 eorum
413 456 609 506 plerisque
627 456 813 505 subditis,
835 465 916 495 tam
935 472 1005 508 per
1024 473 1177 508 papam
1197 473 1316 509 quam
1336 459 1490 510 aliquos
1511 460 1733 499 cardinales
1754 459 1812 498 vel
1840 473 1974 497 eorum
2010 456 2014 458 ’

259 515 443 553 satellites
461 529 530 553 seu
550 530 736 564 cursores,
759 516 871 555 illata
890 517 1162 567 multipliciter
1182 518 1420 567 gravamina
1437 519 1671 568 sentiebant,
1692 534 1759 557 rea·
1776 519 1813 556 F
1815 518 1975 557 ranciae

259 574 529 624 favorabiliter
544 574 601 623 eis
620 575 662 613 in
678 576 751 614 hac
765 584 876 626 parte
890 591 931 614 se
947 576 1036 614 exhi
1043 576 1146 625 bens,
1164 577 1236 615 etsi
1252 592 1332 616 non
1348 586 1435 626 toto,
1456 579 1499 617 in
1514 587 1625 630 parte
1641 587 1785 627 tamen,
1801 577 1975 629 providit

259 634 295 671 ei
334 634 481 672 utiliter
497 634 706 673 subvenire
726 635 795 685 (H.
815 636 878 683 F„
898 644 928 674 t.
950 650 1039 684 XXI,
1058 651 1098 687 p.
1118 636 1199 686 27).
1220 637 1275 676 Le
1293 637 1353 676 roi
1370 641 1562 689 presente
1581 637 1889 677 effectivement
1915 637 1972 676 les

259 696 446 743 requetes
472 693 526 731 du
550 694 679 744 clerge
703 709 755 733 au
778 709 884 746 pape
911 695 1090 745 (Baluze,
1114 704 1144 734 t.
1168 711 1224 744 111,
1249 711 1288 747 p.
1314 697 1394 747 44).
1417 720 1472 724 ——
1494 698 1548 736 Le
1573 698 1596 736 6
1616 697 1752 748 juillet
1777 696 1892 745 1306,
1915 711 1973 735 un

260 753 554 791 ambassadeur
577 754 791 804 aragonais
817 769 966 805 expose
992 770 1136 794 encore
1160 756 1250 806 plus
1276 756 1515 795 clairement
1537 758 1576 796 la
1601 757 1707 796 suite
1733 757 1802 795 des
1828 758 1971 795 evene-

260 820 393 850 ments
427 828 434 850 :
468 812 630 851 Noverit
660 814 815 864 quidem
846 814 956 863 regia
986 815 1218 864 magnitudo
1249 817 1351 866 quod
1380 817 1566 855 dominus
1595 832 1707 867 papa
1737 816 1898 854 miserat
1928 815 1972 853 in

260 873 296 909 F
298 872 518 910 ranciam...
537 887 629 910 suos
653 881 771 912 certos
797 874 965 912 nuncios
988 889 1060 925 pro
1079 874 1332 925 imponendis
1356 875 1468 914 certis
1493 876 1617 914 talliis
1641 875 1813 914 ecclesiis
1842 883 1876 913 et
1899 889 1972 926 pro

262 931 459 981 impositis
479 932 710 981 colligendis
733 932 776 983 (il
796 933 918 983 s'agit
939 934 994 971 du
1015 934 1179 972 subside
1201 935 1371 973 accorde
1392 949 1445 973 au
1464 935 1524 974 roi
1545 950 1612 974 sur
1631 936 1667 974 18
1689 935 1819 985 olerge
1838 949 1913 985 par
1932 935 1971 972 la

261 991 367 1029 bulle
389 991 444 1029 du
466 991 487 1028 7
516 991 677 1041 janvier
699 992 818 1040 13063
841 993 952 1042 Regu,
973 1008 1012 1032 n.
1037 993 1168 1043 1003).
1191 994 1342 1032 Prelati
1371 1003 1503 1033 autem
1523 1003 1557 1033 et
1576 995 1701 1033 clerus
1731 995 1776 1033 de
1796 994 1974 1032 Francia

261 1051 329 1088 hoc
345 1065 424 1088 non
440 1051 633 1100 patienter
648 1052 857 1100 sustinent,
878 1053 969 1100 imo,
989 1061 1030 1091 ut
1047 1052 1204 1101 dicitur,
1223 1054 1351 1104 aliqui
1369 1063 1609 1104 negaverunt
1624 1068 1802 1105 expresse
1818 1053 1975 1104 aliquid

261 1111 363 1148 dare.
390 1110 442 1148 Et
466 1111 687 1148 communis
712 1120 766 1149 est
789 1111 852 1150 hic
873 1112 986 1162 fama
1010 1114 1112 1163 quod
1137 1113 1237 1151 inter
1259 1128 1299 1151 se
1323 1113 1546 1152 habuerunt
1569 1114 1712 1164 prelati
1737 1113 1974 1163 colloquium
2014 1120 2016 1123 ’

260 1178 294 1207 et
323 1170 496 1219 colligati
525 1179 619 1208 sunt
650 1171 692 1209 in
723 1186 849 1209 unum
880 1173 983 1222 quod
1012 1172 1148 1210 nullus
1177 1173 1464 1223 presumithic
1494 1173 1639 1224 absque
1669 1173 1773 1222 regis
1800 1172 1976 1210 Francie

261 1229 498 1267 conscientia
514 1244 595 1267 esse
609 1230 770 1279 factum.
794 1231 886 1281 Ipse
903 1246 988 1269 vero
1005 1246 1072 1269 rex
1088 1232 1124 1269 F
1126 1232 1271 1280 rancie,
1292 1241 1333 1270 ut
1349 1233 1497 1280 dicunt,
1516 1233 1717 1271 ordinavit
1732 1233 1808 1270 huc
1825 1232 1975 1270 mittere

260 1303 351 1326 suos
385 1289 564 1337 nuncios,
599 1304 678 1327 non
710 1290 881 1339 clericos,
914 1292 983 1329 sed
1014 1291 1170 1339 milites,
1205 1300 1239 1329 et
1268 1292 1354 1342 jam
1385 1301 1479 1330 sunt
1512 1292 1554 1330 in
1587 1292 1776 1330 veniendo
1811 1291 1971 1341 (Finke,

261 1348 484 1398 Papsttum,
505 1357 536 1387 t.
558 1364 599 1396 11,
620 1364 659 1399 p.
683 1349 760 1399 15).

314 1407 356 1446 P.
382 1408 419 1455 4,
442 1408 509 1458 lig.
535 1408 596 1447 17.
622 1409 858 1448 MONETAM.
884 1410 960 1448 Sur
982 1410 1020 1448 la
1043 1410 1218 1449 reforme
1241 1410 1469 1449 mone'taire
1493 1411 1542 1449 de
1567 1410 1755 1461 Philippe
1778 1411 1814 1448 le
1835 1410 1908 1449 Bel
1931 1417 1973 1449 et

260 1467 294 1504 le
324 1468 605 1506 soulevement
635 1469 780 1518 qu'elle
807 1484 1038 1519 provoqua,
1067 1470 1158 1508 voir
1184 1470 1354 1509 Borrelli
1384 1471 1433 1509 de
1464 1470 1611 1518 serres,
1641 1470 1876 1508 Recherches
1903 1484 1974 1507 sur

261 1526 387 1565 divers
407 1527 570 1565 services
591 1528 747 1578 publics
769 1529 823 1566 du
846 1534 937 1566 xme
958 1544 1012 1567 au
1034 1534 1140 1567 xvne
1160 1529 1287 1577 siecle,
1312 1529 1439 1577 Paris,
1464 1529 1579 1577 1904,
1601 1537 1632 1568 t.
1655 1544 1697 1577 11,
1720 1544 1759 1580 p.
1784 1528 1970 1567 540-546.

314 1586 357 1624 Ρ.
380 1586 415 1633 5,
435 1587 502 1636 lig.
524 1587 585 1625 24.
610 1589 756 1626 JUDEI.
780 1589 855 1626 Les
875 1597 987 1627 actes
1006 1589 1163 1627 relatifs
1183 1591 1206 1627 ὲ
1226 1589 1472 1640 l’expulsion
1493 1590 1562 1628 des
1584 1589 1690 1627 Juifs
1712 1596 1785 1627 ont
1806 1590 1870 1626 ete
1899 1602 1973 1639 pu·

259 1644 359 1683 hlies
384 1660 435 1683 ou
459 1647 645 1696 analyses
670 1662 743 1697 par
768 1648 814 1686 G.
841 1648 971 1698 Saige,
995 1648 1071 1686 Les
1096 1648 1208 1698 Juiss
1232 1649 1285 1686 du
1308 1649 1558 1698 Languedoc,
1584 1648 1711 1695 Paris,
1738 1648 1859 1695 18813
1883 1647 1973 1686 voir

260 1705 368 1742 aussi
384 1705 590 1743 l’Histoire
606 1707 650 1744 de
665 1707 913 1756 Languedoc,
930 1715 961 1746 t.
976 1723 1036 1755 lx,
1052 1722 1093 1758 p.
1110 1707 1200 1756 292,
1217 1716 1258 1746 et
1273 1709 1327 1746 H.
1346 1708 1406 1756 L.,
1423 1716 1454 1747 t.
1472 1723 1606 1755 xxvn,
1623 1723 1663 1758 p.
1681 1707 1771 1746 690.

314 1764 356 1802 P.
384 1764 419 1812 5,
442 1764 509 1815 lig.
534 1765 597 1804 30.
623 1766 843 1805 PICTAVIM.
871 1767 951 1804 Diu
975 1768 1237 1817 multumque
1261 1767 1535 1806 deliberatum
1559 1767 1638 1805 fuit
1660 1766 1768 1805 inter
1791 1766 1973 1805 Clemen-

258 1830 343 1862 tem
363 1823 374 1845 ¹
395 1838 547 1876 papam
567 1833 608 1863 et
623 1825 861 1877 Philippum
876 1841 1011 1877 regem
1031 1827 1081 1866 de
1098 1827 1188 1865 loco
1206 1827 1277 1864 ubi
1297 1835 1491 1864 mutuum
1512 1826 1761 1876 colloquium
1779 1825 1888 1864 inter
1906 1839 1973 1864 eos

256 2010 415 2044 Francie
436 2010 646 2044 cancellarii
668 2010 846 2052 dignitate
868 2014 1007 2048 auctus,
1032 2020 1075 2041 ew
1094 2009 1161 2041 hac
1183 2009 1258 2041 vita
1279 2010 1428 2042 decessit
1453 2008 1687 2052 (Obituaires,
1712 2015 1738 2042 t.
1761 2020 1813 2048 111,
1837 2020 1873 2052 p.
1899 2008 1972 2052 26).

258 2065 359 2098 C’est
374 2076 442 2108 par
457 2076 582 2097 erreur
597 2075 668 2107 que
686 2075 724 2096 ce
741 2069 845 2096 texte
862 2063 913 2095 lui
930 2063 1054 2095 donne
1070 2063 1106 2095 la
1122 2062 1388 2106 qualification
1404 2063 1448 2095 de
1464 2063 1676 2096 chancelier
1694 2062 1747 2106 (L.
1767 2061 1972 2102 Perriehet,

257 2117 313 2151 La
332 2119 468 2162 grande
485 2118 718 2151 chancellerie
737 2117 777 2149 de
795 2116 948 2155 France,
969 2128 1005 2159 p.
1026 2115 1220 2160 183,184).
1239 2115 1369 2157 Quant
1388 2116 1409 2148 ix
1428 2116 1551 2149 Pierre
1572 2117 1616 2149 de
1635 2116 1888 2160 Belleperche,
1909 2115 1974 2159 qui

258 2172 319 2205 fut
343 2172 455 2215 garde
480 2172 529 2204 du
552 2182 675 2210 sceau,
700 2181 741 2204 sa
764 2170 1004 2203 nomination
1028 2181 1076 2202 au
1098 2169 1197 2213 siege
1221 2170 1430 2203 d’Auxerre
1453 2176 1519 2202 eut
1542 2169 1616 2203 lieu
1638 2170 1671 2203 le
1696 2170 1738 2202 27
1763 2169 1856 2202 aofit
1878 2169 1975 2202 1306

263 2225 438 2269 (Οἰὲιηεηῑ
457 2225 498 2265 V,
516 2237 551 2258 n.
574 2224 697 2268 1156).
718 2223 749 2257 Il
770 2230 926 2257 mourut
946 2224 978 2256 18
1000 2224 1043 2256 17
1066 2223 1215 2266 janvier
1236 2224 1330 2257 1308
1354 2236 1360 2255 :
1381 2224 1519 2256 Eodem
1540 2224 1597 2257 die
1612 2223 1669 2267 [17
1690 2222 1859 2267 janvier]
1884 2222 1977 2256 obiit

259 2279 390 2312 Petrus
409 2280 450 2312 de
467 2279 572 2312 Bella
589 2278 745 2317 Pertica,
765 2277 878 2320 hujus
896 2277 1040 2310 ecclesie
1057 2277 1263 2320 episcopus,
1284 2289 1325 2310 ac
1343 2277 1519 2321 Philippi
1536 2278 1633 2320 regis
1650 2276 1903 2316 cancellarius,
1921 2276 1977 2309 vir

260 2334 508 2377 peritissimus
530 2333 569 2365 in
587 2332 668 2375 jure
686 2331 798 2371 civili,
823 2332 863 2364 in
881 2343 950 2374 quo
969 2336 1072 2374 pater
1090 2330 1292 2364 habebatur
1310 2331 1511 2374 peritorum
1534 2330 1758 2374 (Obituaires
1778 2330 1819 2363 de
1838 2329 1874 2362 la
1892 2341 1976 2373 pro-

262 2387 363 2419 vince
378 2387 418 2419 de
433 2386 535 2425 Sens,
552 2392 578 2418 t.
594 2398 645 2425 111,
662 2397 697 2429 p.
715 2385 811 2428 248).
830 2384 903 2417 Par
917 2386 1163 2428 consequent,
1180 2384 1318 2417 Baluze
1334 2396 1355 2417 a
1369 2390 1449 2417 tort
1464 2385 1507 2417 de
1523 2383 1735 2417 contredire
1750 2384 1915 2417 l'auteur
1930 2383 1974 2415 de

262 2439 458 2473 l’Histoire
483 2439 545 2473 des
569 2438 717 2482 e'weqites
742 2437 957 2471 d’Auaeerre.
984 2457 1034 2460 —
1059 2438 1130 2470 Sur
1158 2438 1280 2471 Pierre
1309 2439 1353 2471 de
1380 2438 1620 2481 Belleperche
1658 2437 1740 2470 voir
1768 2436 1973 2476 Perrichet,

263 2505 319 2537 op.
347 2494 418 2528 cit..
446 2506 479 2536 p.
508 2494 684 2532 524-5263
713 2492 866 2535 Digard‚
894 2504 928 2524 n.
957 2492 1062 2531 2093,
1091 2492 1310 2531 2361-2364,
1339 2492 1449 2532 2368;
1476 2491 1598 2524 Βενιιθ
1621 2491 1831 2534 historique,
1856 2496 1883 2523 t.
1910 2501 1973 2530 XL,

265 2559 299 2590 p.
331 2548 386 2579 52.

315 2601 346 2633 1.
378 2601 425 2632 Le
456 2600 587 2633 desan-t
615 2600 658 2632 de
688 2599 872 2642 precision
901 2599 993 2631 dans
1021 2599 1057 2630 la
1084 2597 1324 2642 chronologie
1353 2598 1575 2631 occasionne
1602 2597 1649 2631 ici
1676 2609 1749 2630 une
1777 2596 1976 2630 confusion

265 2654 452 2686 fflclwusc.
477 2653 634 2696 D’aprcs
654 2653 686 2685 lc
707 2658 897 2691 contexte,
920 2652 1091 2685 Clement
1112 2652 1141 2683 V
1163 2658 1200 2684 et
1220 2652 1270 2685 les
1292 2652 1501 2685 cardinaux
1522 2651 1696 2684 auraient
1715 2651 1890 2694 sejourne
1911 2650 1974 2682 des

267 2708 360 2739 ‘1306
384 2708 402 2738 ὲ
423 2707 591 2745 Poitich,
615 2712 653 2739 ct
675 2706 718 2738 dc
741 2706 775 2738 le
794 2707 992 2748 convoque
1013 2705 1064 2738 les
1084 2706 1220 2748 grands
1239 2706 1392 2738 maitres
1416 2706 1466 2738 du
1488 2705 1642 2748 Temple
1660 2711 1698 2738 et
1720 2705 1764 2737 de
1786 2703 1975 2747 l’Hopital

267 2761 287 2791 ἐι
307 2760 411 2792 venir
429 2761 449 2792 εὶ
466 2761 501 2793 la
519 2772 618 2792 cour.
642 2759 743 2791 Nous
762 2770 912 2797 savons,
932 2770 980 2791 au
999 2759 1198 2799 contraire,
1218 2770 1290 2802 que
1307 2759 1447 2802 l'appel
1465 2758 1664 2802 pontifical
1681 2757 1801 2802 partit
1819 2757 1863 2790 de
1882 2757 1973 2790 Bor-

268 2814 402 2852 doaux,
426 2814 457 2846 lc
483 2815 501 2845 f,
524 2813 605 2855 juin
627 2813 721 2845 ‘1306
748 2812 922 2855 (Clement
947 2812 989 2851 V,
1014 2824 1048 2845 n.
1074 2812 1180 2855 1033)
1207 2818 1245 2844 et
1267 2824 1339 2855 que
1363 2812 1534 2846 Clement
1556 2812 1684 2856 quitta
1706 2815 1806 2844 cette
1829 2810 1915 2843 ville
1936 2809 1969 2842 18

266 2867 410 2898 semodi
438 2868 474 2898 11
504 2878 601 2899 mars
626 2867 717 2899 1307
747 2866 921 2908 (Cle'ment
938 2865 979 2904 V,
1000 2865 1227 2909 Appendice,
1253 2877 1288 2909 p.
1315 2866 1353 2905 1;
1379 2866 1529 2905 Baluze,
1555 2871 1581 2899 t.
1605 2877 1657 2905 111,
1683 2876 1718 2908 p.
1748 2865 1810 2904 76;
1838 2861 1968 2902 Finke,

268 2918 498 2962 Papa-ulium,
522 2926 547 2952 t.
569 2932 606 2957 11,
630 2932 664 2962 p.
689 2921 760 2962 32).
780 2919 951 2952 L’entree
974 2919 994 2951 ἐι
1011 2919 1168 2952 Poitiers
1182 2919 1251 2951 dut
1273 2919 1379 2952 avoir
1399 2919 1472 2952 lieu
1493 2920 1525 2952 le
1547 2919 1592 2951 14
1614 2918 1708 2951 avril
1727 2917 1901 2961 (Clement
1924 2915 1967 2956 V,

270 2984 301 3004 n.
324 2974 434 3012 16:363
454 2974 678 3016 Appendice,
699 2985 732 3015 p.
754 2973 798 3004 14
817 2978 854 3004 ct
872 2973 934 3011 153
955 2972 1104 3009 Baluze,
1125 2978 1150 3005 t.
1169 2984 1220 3011 111.
1240 2984 1275 3015 p.
1297 2972 1369 3015 52).
1390 2972 1616 3005 L'affluence
1634 2971 1694 3004 fut
1712 2970 1864 3014 grande.
1885 2969 1971 3002 Phi-

269 3025 367 3068 lippo
394 3028 423 3058 lc
447 3027 505 3058 lsscl
525 3026 700 3068 scjourna
719 3026 876 3057 cnviron
896 3026 945 3057 du
966 3026 1005 3057 21
1028 3026 1122 3058 avril
1142 3038 1188 3057 au
1208 3026 1252 3058 15
1272 3025 1347 3058 mai
1365 3026 1458 3059 1307
1482 3025 1543 3069 (H.
1564 3025 1620 3065 F.‚
1642 3031 1668 3058 t.
1689 3036 1771 3064 XXI,
1791 3035 1826 3067 p.
1847 3023 1917 3056 448
1936 3028 1974 3056 et

273 3079 314 3111 J’..
346 3080 587 3117 lloltzmann,
616 3080 784 3111 Wilhelm
807 3090 875 3111 von
898 3079 1069 3121 Nogaree‚
1098 3078 1292 3121 Fribmwg,
1319 3080 1424 3119 1898,
1450 3091 1485 3122 p.
1511 3080 1593 3118 137,
1619 3090 1654 3111 n.
1680 3078 1729 3121 3).
1756 3077 1906 3110 Charles
1932 3075 1977 3108 de
