2083 3458
294 264 377 307 260
580 285 587 293 ·
942 277 1093 302 NOTAE
1128 276 1188 301 AD
1222 275 1350 300 VITAS
1873 258 1997 315 [758]

295 379 381 413 nos,
415 372 456 403 ct
488 378 538 402 ex
568 362 700 413 priore
732 363 891 401 factum
923 375 1007 400 esse
1038 360 1219 410 primum
1250 358 1489 409 episcopum
1519 358 1626 397 illius
1658 357 2002 401 Ecclesiae·anno

295 423 599 470 MCCCXVIII,
627 429 676 459 ut
704 421 824 459 docet
850 420 951 458 liber
980 418 1281 468 Obligationum
1308 417 1459 456 archivi
1492 417 1691 457 Vaticani.

348 483 468 520 Anno
504 480 752 520 MCCCXIX
788 493 882 518 cum
917 479 1098 517 ,loannes
1136 477 1266 515 XXII
1303 476 1520 516 duodecim
1556 476 1794 515 doctoribus
1836 476 2003 515 commi-

295 542 413 580 sisset
435 554 608 580 examen
626 538 901 590 quarumdam
922 537 1163 588 opinionum
1180 536 1292 575 Petri
1313 536 1338 574 J
1343 536 1484 574 oannis
1503 535 1611 575 Olivi
1635 549 1739 586 quae
1756 535 2005 586 quibusdam

297 600 547 639 videbantur
575 612 764 638 erroneae
794 606 834 636 et
864 596 1108 644 haereticae,
1139 595 1427 645 Raymundus,
1458 596 1527 646 qui
1564 610 1604 634 se
1633 595 1845 634 doctorem
1871 588 2005 634 decre-

296 668 434 698 torum
447 659 648 705 nominat,
663 671 728 696 eas
740 655 1029 707 pronuntiavit
1044 670 1129 694 esse
1144 655 1371 693 haereticas
1383 669 1391 701 3
1403 654 1498 694 vide
1511 654 1581 693 lib.
1599 655 1638 692 II
1654 654 2006 693 Miscellaneorum

295 726 542 765 nostrorum,
565 731 605 768 p.
630 716 718 755 258.

350 777 473 816 Initio
498 776 682 826 ejusdem
708 774 817 824 anni,
842 783 890 813 ut
916 774 1036 813 docet
1061 787 1184 824 supra
1207 773 1402 812 laudatus
1426 773 1528 811 liber
1554 772 1868 822 Obligationum,
1895 773 2005 823 Ray-

295 836 472 874 mundus
497 836 722 873 translatus
748 841 810 872 est
834 834 886 871 ad
912 833 1198 884 episcopatum
1223 832 1364 871 Sancti
1389 832 1548 883 Papuli,
1575 840 1616 871 et
1639 840 1784 883 postea
1810 846 1898 870 xvn
1923 832 2003 872 kal.

296 895 459 945 augusti
487 894 559 944 [16
581 892 731 944 juillet]
746 892 1021 943 cognitionem
1046 892 1226 931 Joannes
1252 891 1382 929 XXII
1412 892 1447 931 ei
1473 906 1520 930 ac
1538 891 1690 930 Joanni
1710 891 1758 930 de
1788 891 2004 941 Convenis,

295 954 599 1004 archiepiscopo
615 953 830 1000 Tolosano,
847 960 888 991 et
903 951 1060 990 Jacobo
1080 951 1275 999 Fornerii,
1291 951 1482 1002 episcopo
1500 951 1782 1002 Appamiensi,
1799 951 2005 989 commisit

296 1012 630 1064 gravissimarum
653 1011 965 1050 accusationum
989 1024 1094 1061 quae
1117 1010 1457 1061 proponebantur
1489 1010 1685 1049 adversus
1718 1010 1890 1049 fratrem
1910 1010 2005 1049 Ber-

294 1072 470 1110 nardum
493 1071 680 1111 Delitiosi
701 1070 953 1118 Minoritam,
975 1070 1195 1120 dequibus
1217 1083 1340 1120 supra
1359 1070 1448 1120 jam
1469 1069 1627 1108 dictum
1648 1077 1723 1108 est.

346 1131 466 1169 Anno
487 1130 725 1179 MCCCXX,
747 1129 865 1169 initio
886 1129 1035 1168 mensis
1056 1129 1160 1179 julii,
1182 1138 1271 1168 erat
1291 1129 1461 1168 Tutelae
1481 1143 1564 1167 una
1586 1142 1680 1167 cum
1700 1128 1882 1167 Arnaldo
1904 1129 2005 1179 epis-

295 1205 395 1241 copo
439 1189 661 1238 Tutelensi‚
699 1197 739 1228 et
776 1189 992 1228 Guillelmo
1037 1187 1383 1237 Montalbanensi,
1427 1188 1700 1238 interfuitque
1745 1187 2005 1227 celeberrimo
2070 1226 2075 1233 ,

294 1250 404 1300 apud
424 1264 496 1288 nos
517 1249 623 1288 festo
644 1248 776 1287 sancti
797 1248 902 1287 Clari
922 1247 1114 1299 episcopi.
1138 1247 1266 1286 Simul
1287 1255 1428 1287 autem
1441 1247 1590 1286 horum
1605 1247 1781 1285 duorum
1795 1247 2002 1298 episcopo-

294 1323 386 1347 rum
405 1308 573 1347 consilio
591 1322 688 1346 usus
708 1316 770 1346 est
788 1307 993 1346 Arnaldus
1012 1307 1056 1345 in
1074 1307 1297 1346 condendis
1317 1307 1487 1345 statutis
1506 1306 1624 1346 istius
1650 1320 1782 1345 novae
1799 1306 2003 1345 Ecclesiae

294 1367 552 1407 cathedralis.
584 1368 643 1405 Ea
672 1367 861 1406 dabimus
889 1366 999 1405 alibi.

345 1427 464 1465 Anno
487 1426 811 1474 MCCCXXVII,
830 1426 893 1465 die
917 1440 1019 1464 xvm
1043 1425 1282 1474 decembris,
1303 1425 1483 1464 Joannes
1504 1425 1634 1465 XXII
1658 1439 1751 1464 eum
1774 1425 1872 1464 fecit
1890 1419 2001 1475 ‘pres-

292 1486 486 1536 byterum
511 1486 759 1524 cardinalem
782 1485 896 1524 tituli
920 1485 1060 1524 Sancti
1086 1485 1265 1525 Eusebii.
1290 1485 1397 1523 Tum
1420 1499 1518 1523 vero
1542 1485 1670 1523 frater
1693 1484 1927 1523 Armandus
1953 1484 2002 1524 de

291 1545 511 1593 Bellovisu,
538 1545 688 1584 ordinis
706 1544 1056 1593 Praedicatorum,
1076 1544 1146 1595 qui
1169 1545 1250 1584 fuit
1271 1545 1400 1583 lector
1418 1544 1522 1582 sacri
1544 1543 1690 1594 palatii
1713 1544 1943 1594 apostolici,
1968 1544 2003 1583 ei

295 1604 451 1643 dicavit
474 1604 710 1643 collationes
733 1618 834 1654 quas
858 1604 956 1643 fecit
976 1618 1050 1654 pro
1077 1603 1246 1643 diversis
1270 1603 1570 1642 festivitatibus
1594 1611 1833 1652 sanctorum
1851 1611 1892 1642 et
1914 1602 2002 1642 aliis

294 1678 365 1714 per
387 1677 542 1701 annum
566 1664 884 1702 occurrentibus.
906 1664 952 1701 In
977 1664 1056 1702 fine
1078 1677 1199 1714 porro
1222 1663 1419 1713 epistolae
1435 1662 1725 1710 dedicatoriae,
1740 1662 1781 1700 in
1805 1677 1886 1713 qua
1909 1677 2003 1702 eum

292 1723 413 1761 valde
439 1723 702 1761 commendat
726 1723 774 1762 de
799 1723 946 1773 peritia
972 1722 1207 1761 divinarum
1231 1722 1457 1770 literarum,
1484 1730 1525 1760 et
1549 1736 1759 1760 sacrorum
1784 1736 2003 1769 canonum,

292 1789 472 1820 testatur
503 1796 543 1821 se
574 1782 679 1820 hanc
711 1782 1013 1821 dedicationem
1044 1782 1185 1821 fecisse
1215 1781 1257 1819 in
1287 1782 1475 1820 novitate
1507 1780 1800 1831 assumptionis
1832 1781 1920 1831 ejus
1952 1781 2004 1819 ad

294 1841 608 1888 cardinalatum,
633 1841 676 1878 in
698 1841 865 1879 novitate
886 1849 1004 1879 vestre
1025 1840 1315 1891 assumptionis
1340 1848 1420 1879 tam
1450 1840 1580 1890 digne,
1604 1848 1683 1878 tam
1706 1840 1830 1889 utilis,
1861 1849 1896 1879 et
1925 1848 2004 1878 tam

295 1909 399 1949 grate
427 1899 478 1937 ad
506 1901 577 1938 celi
606 1901 797 1949 cardines,
829 1901 880 1938 acl
908 1909 1062 1939 tantum
1092 1900 1312 1950 collegium,
1334 1900 1386 1938 ad
1413 1907 1566 1938 tantum
1598 1908 1722 1937 cetum
1754 1900 2005 1950 planetarum

294 1959 504 2007 celestium,
537 1974 630 2009 quos
669 1968 808 1998 cuncta
846 1968 1050 1998 veneratur
1082 1959 1273 2007 Ecclesia,
1308 1967 1385 1998 etc.
1422 1961 1476 2000 Et
1507 1959 1630 2009 paulo
1662 1967 1757 2009 post
1791 1976 1799 1998 :
1832 1959 2003 1997 Devotus

294 2018 410 2068 offero
431 2026 536 2056 tanto
556 2020 675 2068 patri,
700 2027 741 2057 ut
769 2027 893 2057 vestra
920 2019 1140 2069 paternitas
1164 2019 1383 2066 reverenda,
1401 2019 1571 2069 perfecta
1599 2018 1829 2056 divinarum
1857 2018 2003 2069 peritia

293 2077 509 2125 literarum,
536 2092 606 2128 que
633 2092 834 2116 summum
855 2086 952 2116 tenet
969 2078 1124 2129 apicem
1142 2078 1186 2116 in
1205 2092 1403 2116 canonum
1427 2077 1581 2125 notitia,
1601 2085 1636 2115 et
1652 2092 1770 2127 quam
1790 2085 2003 2116 ceterarum

296 2143 423 2187 utpote
451 2136 718 2174 humanarum
738 2137 996 2176 scientiarum
1015 2145 1226 2188 penetrans
1245 2137 1507 2186 intelligentia
1528 2151 1608 2174 non
1636 2136 1777 2183 evadit,
1798 2144 1874 2176 etc.
1900 2137 2002 2175 Erat

293 2194 541 2243 Armandus,
565 2205 612 2234 ut
643 2197 718 2235 hoc
751 2210 913 2246 quoque
945 2197 1077 2235 obiter
1108 2197 1306 2244 dicamus,
1332 2196 1500 2235 natione
1523 2195 1829 2244 provincialis1‚
1852 2204 1900 2234 ut
1917 2195 2003 2246 ipse

294 2254 342 2292 de
367 2269 407 2293 se
431 2262 610 2293 testatur
638 2255 757 2294 initio
781 2255 1061 2304 Collationum,
1086 2255 1148 2303 66,
1175 2255 1236 2304 67,
1263 2255 1325 2303 75,
1349 2255 1413 2304 81,
1438 2255 1501 2304 84,
1526 2254 1589 2303 86,
1615 2254 1678 2303 91,
1698 2254 1761 2303 93,
1785 2255 1857 2294 ubi
1880 2255 2004 2294 refert

295 2314 498 2364 quaedam
521 2314 738 2364 proverbia
762 2329 857 2354 suae
881 2315 1074 2363 nationis,
1091 2329 1195 2365 quae
1216 2315 1343 2353 frater
1362 2315 1541 2353 Joannes
1566 2314 1615 2353 de
1637 2314 1743 2353 Vero
1756 2314 1783 2363 2,
1803 2314 1873 2364 qui
1895 2328 2004 2352 anno

294 2372 485 2410 MDXIX
506 2373 744 2411 Collationes
762 2373 850 2412 illas
870 2374 913 2412 in
931 2375 1065 2413 lucem
1085 2373 1214 2412 edidit
1233 2374 1322 2412 heic
1343 2374 1521 2422 Parisiis,
1541 2373 1582 2411 in
1603 2373 1803 2412 Gallicam
1821 2373 2006 2424 linguam

293 2432 433 2479 vertit,
461 2440 586 2482 atque
611 2433 670 2470 ita
696 2447 779 2471 non
804 2433 997 2483 leguntur
1014 2432 1311 2472 Provincialico
1334 2447 1532 2480 sermone,
1560 2433 1621 2471 uti
1655 2433 1765 2471 dicta
1792 2446 1815 2471 a
1851 2447 1891 2472 se
1918 2447 2004 2471 esse

295 2490 415 2529 docet
441 2491 688 2530 Armandusw
718 2492 934 2531 Praeterea
961 2492 1004 2531 in
1032 2492 1169 2531 codice
1195 2491 1301 2531 1288
1326 2491 1600 2531 bibliothecae
1630 2491 1888 2530 Colbertinae
1906 2491 1934 2539 3,
1962 2490 2004 2529 in

296 2563 375 2598 quo
403 2549 609 2588 habentur
636 2550 796 2601 aliquot
823 2551 1061 2590 earumdem
1089 2551 1370 2599 Collationum,
1389 2565 1462 2602 pro
1490 2550 1625 2589 verbis
1655 2551 1818 2590 Gallicis
1847 2565 1870 2589 a
1899 2551 2003 2589 Vero

294 2609 515 2658 suppositis
536 2610 595 2647 ita
618 2610 818 2660 scriptum
843 2618 905 2649 est
930 2610 1048 2649 initio
1071 2610 1307 2648 Collationis
1328 2610 1380 2648 84
1402 2626 1409 2649 :
1436 2610 1487 2647 In
1508 2618 1637 2648 nostro
1659 2609 1815 2659 vulgari
1835 2610 2003 2648 Provin-

295 2666 431 2704 cialico
449 2667 593 2705 dicitur
611 2669 684 2706 tale
701 2669 952 2718 proverbium
971 2683 984 2707 .·
1002 2669 1123 2707 Maiae
1141 2669 1204 2707 val
1220 2669 1344 2707 amics
1361 2684 1409 2707 en
1426 2669 1542 2707 rocha
1559 2683 1630 2719 que
1648 2669 1800 2707 deniers
1818 2683 1866 2706 en
1881 2668 2002 2718 forsa.

295 2725 379 2763 Hoc
398 2734 452 2763 est
471 2726 617 2764 dictum
638 2741 649 2764 .·
670 2728 817 2765 Melior
835 2736 890 2767 est
908 2728 1061 2766 amicus
1082 2728 1125 2766 in
1144 2742 1239 2766 casu
1259 2728 1369 2778 gravi
1390 2742 1507 2778 quam
1526 2727 1732 2766 thesaurus
1752 2728 1796 2766 in
1815 2728 2003 2769 conclavi.

298 2784 359 2821 Ex
387 2798 466 2834 quo
494 2785 610 2824 facile
639 2786 841 2836 colligitur
869 2802 1000 2826 errare
1028 2801 1094 2826 eos
1123 2788 1192 2837 qui
1220 2787 1478 2825 Armandum
1505 2787 1691 2825 scribunt
1717 2787 1840 2825 fuisse
1866 2787 2002 2837 patria

294 2842 635 2882 Barcinonensem
667 2846 731 2884 vel
761 2846 1074 2885 Bononiensem.
1109 2846 1260 2884 Errant
1292 2846 1417 2885 etiam
1449 2846 1518 2896 qui
1549 2859 1642 2884 eum
1673 2854 1815 2884 secant
1844 2845 1887 2884 in
1921 2854 2002 2885 tres

343 2985 375 3018 ⁴1.
405 2985 452 3018 M.
483 2985 546 3019 Ch.
576 2986 617 3020 V.
649 2987 822 3031 Langlois
851 3001 871 3021 a
898 2991 1041 3033 prouve
1069 2989 1308 3033 qu'Armand
1336 2989 1380 3022 de
1407 2989 1584 3022 Belvezer
1611 2988 1706 3023 etait
1733 2988 1930 3032 originaire
1958 2990 2002 3023 de

297 3036 424 3069 Millau
446 3045 483 3070 ct
504 3050 579 3071 non
602 3040 645 3073 de
669 3040 857 3074 Provcnce
883 3042 944 3085 (H.
966 3043 1022 3083 L„
1046 3048 1071 3076 t.
1096 3040 1251 3082 xxxwl,
1274 3054 1309 3086 p.
1334 3041 1519 3086 265-295).

347 3090 376 3123 2.
413 3090 516 3123 Liscz
550 3091 662 3135 Vray.

345 3143 377 3176 3.
402 3143 441 3175 B.
469 3143 525 3183 N.,
550 3156 616 3177 ms.
641 3146 735 3178 latin
757 3145 861 3187 2584,
886 3148 910 3181 f.
936 3149 979 3182 58
1003 3149 1053 3182 νο.
