2083 3458
261 164 343 205 446
895 184 1046 210 NOTAE
1081 185 1141 210 AD
1176 186 1304 211 vlTAS
1842 173 1970 229 [930]

258 266 465 316 legitimos
500 282 580 305 non
614 270 793 319 reliquit.
831 271 1024 321 Spurium
1056 271 1224 321 reliquit
1256 273 1421 311 nomine
1455 273 1660 322 Carolum,
1695 275 1743 313 de
1778 289 1859 325 quo
1892 276 1971 314 ista

260 326 456 375 leguntur
470 327 510 364 in
529 330 770 377 quaestione
789 345 969 368 ccxcvnl
988 330 1160 368 ,Joannis
1178 331 1283 369 Galli
1301 332 1524 370 :Dominus
1540 333 1709 371 Carolus
1724 334 1976 385 d'Espaigne

262 385 374 434 filius
390 388 586 436 quondam
607 388 827 437 bastardus,
846 390 965 427 immo
980 390 1160 439 spuriuS,
1177 391 1375 440 quondam
1391 392 1544 430 domini
1560 392 1694 431 Caroli
1711 394 1975 444 d'Espaigne,

263 444 330 495 qui
348 445 479 494 suerat
497 447 741 496 legitimatus
760 457 794 487 et
811 463 881 498 per
900 464 1025 498 regem
1046 458 1080 487 et
1097 464 1167 499 per
1184 464 1350 500 papam,
1369 451 1449 500 fuit
1468 452 1675 517 gardiatus
1693 467 1763 502 per
1781 462 1975 491 arrestum

264 505 308 542 in
328 519 576 554 pOSSeSSlone
597 515 631 544 et
650 508 809 545 saisina
834 508 952 545 bonor
944 524 1023 546 um
1045 510 1243 559 quondam
1265 510 1359 548 [Ζίἶοῑι
1380 511 1509 560 patris
1528 512 1594 548 sui
1616 521 1750 550 contra
1771 513 1976 551 dominam

265 565 308 602 de
330 565 371 602 R
373 580 418 602 ar
425 565 538 614 bona,
561 581 659 616 quae
679 576 761 605 erat
781 568 923 617 dejure
944 569 1145 606 communi
1160 569 1267 606 lieres
1283 570 1462 619 legitima
1477 570 1571 608 dicti
1590 572 1788 621 quondam
1806 569 1972 610 domini.

321 625 367 662 In
392 634 505 663 tomo
532 635 681 675 quarto
704 627 911 665 Historiae
933 628 1215 666 Πηὶνενείῑαιίε
1231 627 1365 664 Paris
1376 661 1383 677 ,
1404 644 1443 680 p
1463 629 1553 678 329,
1574 630 1653 668 ista
1674 628 1902 667 afferuntui
1926 646 1978 670 ex

264 685 394 722 xeteri
423 685 560 723 codice
590 702 596 723 :
627 687 752 724 Facta
778 687 1079 736 congregatione
1107 689 1281 737 generali
1308 690 1420 738 apud
1446 689 1486 728 S.
1516 690 1803 728 Mathai-inum
1846 691 1888 728 in
1916 691 1981 728 die

264 744 427 781 Priscae
453 745 625 794 virginis
649 761 769 795 super
787 747 976 784 missione
1001 756 1035 785 et
1058 747 1303 797 sigillatione
1326 748 1475 786 litterae
1500 764 1618 799 quam
1642 750 1892 788 Universitas
1917 750 1977 788 de-

268 803 378 842 bebat
401 804 548 841 mittere
571 805 654 854 regi
678 806 897 850 Navarrae,
922 821 1043 856 super
1065 808 1321 857 responsione
1343 808 1657 858 supplicationis
1674 824 1792 859 quam
1813 809 1980 847 Univer-

263 863 362 901 sitas
396 863 530 901 debuit
561 864 687 913 jacere
721 880 851 903 coram
885 880 971 915 rege
1005 866 1204 904 Franciae
1236 881 1356 917 super
1391 868 1657 918 interjectione
1691 868 1979 906 constabularii

264 922 368 972 regis
396 922 608 972 Francia-e,
639 925 957 963 deliberaverunt
980 940 1113 963 omnes
1140 927 1348 976 facultates
1377 928 1479 978 quod
1504 928 1673 977 placeret
1700 928 1757 965 eis
1784 928 1981 978 sigillatio

265 991 298 1020 et
322 983 473 1032 missio
500 984 710 1021 dummodo
734 985 802 1022 boc
826 985 1060 1023 vocabulum
1086 987 1236 1036 (rector)
1263 987 1530 1036 deponeretur

320 1042 466 1081 'Nescio
492 1051 633 1081 autem
659 1058 712 1081 an
737 1059 788 1082 ex
812 1045 957 1083 eadem
981 1045 1122 1096 stirpe,
1149 1060 1202 1083 an
1227 1061 1323 1083 vero
1349 1061 1400 1084 ex
1424 1047 1518 1095 alia,
1544 1047 1744 1097 prodierit
1771 1046 1977 1084 Arnaldus

267 1102 314 1140 de
339 1103 554 1153 Hispania,
577 1103 804 1142 vicecomes
828 1105 1158 1153 Conseranensis,
1182 1106 1251 1155 qui
1272 1120 1354 1143 una
1377 1121 1468 1144 cun]
1491 1106 1665 1156 conjuge
1686 1120 1759 1144 sua
1781 1106 1982 1156 Philippa

265 1176 394 1199 sorore
412 1163 566 1200 comitis
585 1172 678 1200 tunc
696 1163 898 1201 Fuoeensis
916 1164 1112 1202 fundavit
1131 1179 1239 1203 anno
1260 1165 1465 1204 MCCCIX
1484 1166 1783 1204 monasterium
1802 1166 1978 1203 fratrum

268 1221 607 1260 praedicatorum
627 1223 666 1260 in
691 1224 844 1273 oppido
867 1224 1007 1262 Sancti
1030 1225 1232 1272 Geruntii,
1255 1233 1301 1262 ut
1322 1233 1503 1263 testatur
1523 1225 1756 1263 Bernardus
1780 1223 1980 1263 Guidonis

265 1282 304 1319 in
322 1280 530 1331 Historia1
546 1282 733 1331 ejusdem
748 1284 1002 1322 monasterii.
1018 1284 1082 1321 Ex
1096 1298 1176 1334 quo
1191 1284 1358 1322 interim
1370 1286 1458 1323 loco
1473 1293 1592 1335 patet
1607 1285 1844 1335 Philippam
1856 1285 1980 1322 fuisse

267 1356 448 1380 sororem
477 1342 670 1380 Gastonis
704 1343 734 1389 Ι,
765 1343 925 1381 comitis
957 1344 1170 1391 Fuxensis,
1200 1344 1386 1394 adeoque
1418 1344 1545 1382 filiam
1575 1344 1739 1394 Rogerii
1765 1343 1982 1391 Bernardi,

268 1415 346 1438 non
369 1416 467 1439 vero
490 1401 654 1451 Rogerii
678 1402 746 1449 IV,
768 1403 929 1441 comitis
952 1404 1164 1449 Fuxensis,
1191 1412 1238 1441 ut
1259 1404 1516 1441 existimavit
1534 1401 1783 1442 Oihenartus
1803 1403 1843 1441 in
1865 1403 1980 1440 Noti-

267 1460 324 1498 tia
353 1461 586 1509 Vaseoniae,
612 1476 649 1511 p.
676 1459 765 1501 552.

323 1521 365 1559 P.
393 1521 483 1569 316,
508 1521 576 1571 lig.
604 1521 665 1559 10.
694 1521 857 1559 COMITE
885 1537 940 1559 DE
964 1523 1253 1567 HARmcURlA,
1276 1523 1450 1571 Joanne,
1470 1529 1517 1558 ut
1536 1530 1656 1573 patet
1679 1537 1731 1561 ex
1751 1522 1983 1560 Froissarto

280 1579 336 1630 [t.
352 1595 409 1628 Iv,
425 1595 463 1631 p.
484 1580 558 1618 175
574 1589 615 1618 et
632 1580 707 1618 180
720 1580 746 1631 ].
766 1581 899 1630 Quare
916 1596 1048 1621 errare
1063 1582 1230 1620 videtur
1253 1582 1520 1621 continuator
1536 1582 1686 1632 Nangii
1713 1582 1757 1632 [t.
1773 1596 1815 1630 11,
1830 1596 1869 1632 p.
1887 1578 1978 1629 227]

270 1639 449 1678 scribens
472 1640 590 1678 illum
612 1649 811 1678 vocatum
833 1641 957 1680 fuisse
983 1642 1219 1692 Philippum
1245 1642 1293 1680 de
1314 1641 1515 1690 Navarra,
1542 1650 1583 1680 et
1605 1655 1758 1680 vocans
1782 1655 1877 1679 eum
1901 1640 1982 1678 fra—

269 1707 375 1737 trem
399 1700 601 1750 praedicti
625 1700 728 1749 regis
754 1699 943 1738 Navarri.
973 1701 1049 1739 Sed
1074 1716 1184 1739 error
1202 1701 1268 1739 ille
1294 1710 1407 1739 ortus
1432 1709 1494 1739 est
1518 1716 1568 1739 ex
1591 1715 1721 1752 prava
1744 1701 1983 1751 interpunc-

270 1759 395 1798 tione.
428 1760 491 1797 Sic
521 1774 615 1809 ergo
643 1759 725 1798 illic
752 1760 973 1810 legendum
1006 1769 1047 1799 et
1082 1761 1464 1811 interpungendum
1504 1769 1566 1798 est
1596 1776 1603 1798 :
1635 1760 1701 1798 Ad
1726 1760 1796 1798 boc
1831 1759 1983 1809 sactum

269 1820 432 1867 suerunt
454 1827 677 1868 praesentes
701 1833 825 1857 comes
848 1821 892 1857 de
914 1820 1138 1858 Haricuria
1161 1820 1228 1870 qui
1252 1829 1344 1857 tunc
1366 1829 1459 1868 erat,
1484 1820 1707 1870 Philippus
1730 1820 1774 1857 de
1797 1819 1985 1856 Navarra

269 1878 390 1928 frater
414 1878 607 1927 praedicti
633 1878 736 1927 regis
762 1879 901 1916 Nava»
893 1894 981 1917 rae

332 1938 374 1976 P.
408 1938 498 1985 317,
529 1938 595 1987 lig.
630 1937 690 1976 16.
720 1938 869 1976 REGE..
878 1971 885 1976 .
920 1951 1177 1978 CAPTIVATIS.
1214 1939 1308 1977 Peti
1313 1939 1450 1986 archa
1472 1939 1542 1977 lib.
1562 1938 1639 1976 XV
1661 1939 1750 1977 Rer.
1770 1925 1981 1987 familiar„

271 1998 406 2048 epist.‚
431 2012 485 2035 VII
510 2013 517 2035 :
542 1997 642 2047 Quis
666 2011 842 2047 unquam
864 1999 1082 2036 divinasset
1109 1998 1334 2037 Galliarum
1355 2013 1484 2047 regem
1512 1998 1555 2036 in
1576 1997 1813 2036 Britannico
1835 2010 1986 2034 carcere

273 2057 482 2104 victurum,
517 2056 614 2106 forte
646 2057 764 2094 etiam
796 2058 1044 2096 moriturum.
1084 2059 1178 2096 Jam
1209 2058 1301 2096 certi
1340 2059 1383 2095 de
1416 2072 1577 2105 carcere,
1615 2058 1660 2096 de
1684 2057 1763 2107 fine
1795 2055 1983 2105 suspensi

272 2131 412 2154 sumus
427 2112 455 2155 2.
483 2116 585 2154 Vide
606 2116 898 2165 Froissartum,
919 2125 947 2155 t.
967 2132 995 2165 1,
1016 2132 1103 2167 cap.
1128 2132 1249 2155 CLVIII
1269 2132 1328 2167 sq.

327 2176 369 2214 P.
393 2175 483 2223 317,
503 2176 570 2226 lig.
593 2176 654 2214 31.
678 2176 826 2213 TERRE
853 2191 1008 2215 MOTUS.
1032 2176 1134 2214 Vide
1162 2177 1381 2214 Albertum
1402 2176 1745 2226 Argentinensem
1759 2173 1788 2223 3,
1817 2190 1857 2226 p.
1891 2174 1982 2221 292,

274 2235 343 2286 qui
362 2235 480 2273 illum
499 2243 631 2273 terrae
653 2244 814 2273 motum
835 2236 954 2274 addit
974 2236 1188 2274 advenisse
1210 2236 1315 2274 circa
1336 2250 1540 2286 vesperas.

328 2295 371 2334 P.
398 2294 488 2343 318,
512 2295 579 2345 lig.
607 2294 667 2338 10.
697 2295 963 2334 DECEMBRIS.
991 2295 1065 2333 Les
1096 2295 1274 2333 Grandes
1297 2295 1529 2345 clironiques
1552 2296 1597 2332 de
1620 2294 1774 2332 France
1797 2294 1985 2331 donnent

273 2370 353 2394 une
378 2355 474 2393 date
499 2355 714 2393 differente
741 2370 747 2392 :
777 2354 888 2402 Item,
913 2355 945 2392 le
968 2354 1119 2392 samedi
1143 2363 1313 2390 XX11110
1337 2354 1428 2403 jour
1446 2356 1498 2392 du
1517 2354 1574 2392 dit
1593 2354 1693 2392 mois
1710 2354 1755 2391 de
1774 2352 1983 2398 decembre,

276 2415 343 2465 qui
361 2414 407 2463 fu
426 2415 465 2452 la
494 2414 604 2452 veille
634 2414 678 2451 de
697 2413 810 2461 Noel,
831 2414 912 2452 l’an
943 2414 1014 2451 mil
1038 2413 1244 2451 CCCLVI
1262 2414 1398 2451 (lessus
1427 2413 1495 2461 dit,
1516 2414 1549 2451 le
1566 2426 1671 2463 pape
1697 2426 1899 2463 prononca
1924 2410 1984 2447 VI

277 2474 498 2521 cardinalx,
529 2474 589 2511 ed.
623 2473 886 2520 Delachenal,
916 2482 945 2511 t.
974 2488 1001 2521 1,
1030 2488 1067 2523 p.
1099 2472 1160 2511 94.

331 2534 372 2571 Ρ.
394 2533 484 2580 317,
503 2533 569 2582 lig.
592 2532 652 2571 12.
676 2533 857 2570 PETRUM
881 2547 935 2569 DE
957 2533 1167 2570 Fomzsm.
1190 2532 1347 2570 Absens
1368 2540 1455 2569 erat
1474 2546 1519 2570 eo
1543 2540 1728 2582 tempore
1748 2545 1829 2581 quo
1847 2530 1982 2568 factus

276 2601 338 2632 est
361 2592 590 2630 cardinalis.
622 2593 766 2641 ltaque
790 2591 1075 2640 Talayrandus
1098 2599 1140 2629 et
1162 2591 1354 2629 Nicolaus
1378 2591 1426 2629 de
1451 2591 1626 2641 Capocia
1649 2590 1890 2636 cardinales,
1915 2588 1984 2638 qui

276 2662 366 2690 tum
386 2652 591 2701 legatione
614 2651 726 2690 Sedis
748 2651 999 2701 apostolicae
1020 2650 1301 2699 fungebantur
1321 2650 1361 2687 in
1384 2650 1529 2697 Gallia,
1552 2650 1766 2687 obtinuere
1787 2649 1839 2686 ab
1864 2648 1984 2685 Inno-

277 2711 412 2750 centio
428 2711 487 2748 uti
504 2711 657 2761 pileum
669 2711 844 2748 rubeum
859 2710 909 2747 ad
926 2725 1019 2748 euni
1035 2709 1237 2753 mitteretg
1257 2709 1455 2747 Odoricus
1471 2709 1726 2758 Raynaldus,
1743 2712 1851 2746 an'no
1868 2705 1983 2753 1356,

326 2861 357 2892 ’1.
387 2858 651 2900 ΒίὺΙίοῐῂὲίΙυο
673 2858 715 2889 (lc
737 2858 934 2891 Toulousc.
957 2856 1040 2895 190,
1062 2856 1123 2889 sol.
1147 2856 1215 2888 239
1235 2859 1285 2888 v⁰.

328 2914 357 2945 2.
386 2913 457 2945 Sur
482 2912 531 2944 les
559 2912 814 2951 cvencmonts,
842 2910 922 2942 voir
950 2909 1094 2942 Denissc
1127 2908 1194 2952 (op.
1223 2909 1292 2948 cit,
1315 2915 1340 2941 t.
1364 2920 1399 2947 11,
1429 2920 1462 2951 p.
1491 2908 1658 2951 112-134)
1689 2913 1727 2940 et
1755 2907 1983 2940 Delachcnal

283 2967 350 3010 (op.
377 2966 447 3004 cil„
474 2971 499 2998 t.
525 2977 547 2999 1.
574 2976 607 3007 p.
635 2964 820 3007 ‘189-244).
848 2971 860 2985 ⁸

327 3021 358 3052 3.
386 3019 452 3051 Ed.
475 3018 648 3056 Bohmcr,
672 3017 804 3049 Fontes
831 3028 949 3049 rerum
977 3015 1287 3054 Germanicarum,
1313 3020 1337 3047 t.
1360 3026 1415 3053 1v;
1441 3014 1520 3047 voir
1541 3014 1640 3046 aussi
1664 3013 1709 3047 H.
1734 3013 1777 3046 de
1798 3012 1981 3052 Rcbdorf,

281 3073 381 3111 ibid,
406 3084 439 3115 p.
464 3071 543 3104 543,
567 3077 603 3103 ot
631 3070 793 3102 Grandes
813 3070 1035 3112 fflroniques,
1059 3069 1113 3102 ed.
1139 3068 1377 3107 Delachcnal,
1402 3074 1427 3100 t.
1449 3080 1472 3106 I,
1495 3079 1530 3111 p.
1554 3068 1609 3101 87.
