<?xml version="1.0" encoding="UTF-8"?>
<!DOCTYPE html PUBLIC "-//W3C//DTD XHTML 1.0 Transitional//EN"
    "http://www.w3.org/TR/xhtml1/DTD/xhtml1-transitional.dtd">
<html xmlns="http://www.w3.org/1999/xhtml" xml:lang="en" lang="en">
 <head>
  <title>
</title>
<meta http-equiv="Content-Type" content="text/html;charset=utf-8" />
  <meta name='ocr-system' content='tesseract 3.04.00' />
  <meta name='ocr-capabilities' content='ocr_page ocr_carea ocr_par ocr_line ocrx_word'/>
</head>
<body>
  <div class='ocr_page' id='page_1' title='image "./vitaepaparumaven02balu_0544.png"; bbox 0 0 2083 3458; ppageno 0'>
   <div class='ocr_carea' id='block_1_1' title="bbox 287 241 1988 299">
    <p class='ocr_par' dir='ltr' id='par_1_1' title="bbox 287 241 1988 299">
     <span class='ocr_line' id='line_1_1' title="bbox 287 241 1988 299; baseline 0 -15"><span class='ocrx_word' id='word_1_1' title='bbox 287 246 365 287; x_wconf 71' lang='lat'><em>534</em></span> <span class='ocrx_word' id='word_1_2' title='bbox 926 255 1078 282; x_wconf 81' lang='lat' dir='ltr'><strong>NOTAE</strong></span> <span class='ocrx_word' id='word_1_3' title='bbox 1111 255 1171 282; x_wconf 79' lang='lat' dir='ltr'><em>An</em></span> <span class='ocrx_word' id='word_1_4' title='bbox 1207 256 1334 281; x_wconf 76' lang='lat' dir='ltr'><em>V1TAs</em></span> <span class='ocrx_word' id='word_1_5' title='bbox 1834 241 1988 299; x_wconf 83' lang='lat'>[1017]</span> 
     </span>
    </p>
   </div>
   <div class='ocr_carea' id='block_1_2' title="bbox 275 339 1988 2881">
    <p class='ocr_par' dir='ltr' id='par_1_2' title="bbox 285 339 1960 392">
     <span class='ocr_line' id='line_1_2' title="bbox 285 339 1960 392; baseline -0.001 -11"><span class='ocrx_word' id='word_1_6' title='bbox 285 344 387 381; x_wconf 85' lang='lat' dir='ltr'><em>tione</em></span> <span class='ocrx_word' id='word_1_7' title='bbox 402 342 547 392; x_wconf 81' lang='lat' dir='ltr'><em>prima,</em></span> <span class='ocrx_word' id='word_1_8' title='bbox 560 355 666 378; x_wconf 82' lang='lat' dir='ltr'><em>anno</em></span> <span class='ocrx_word' id='word_1_9' title='bbox 682 339 902 378; x_wconf 65' lang='lat' dir='ltr'><em>nativitatis</em></span> <span class='ocrx_word' id='word_1_10' title='bbox 915 339 1082 377; x_wconf 90' lang='lat' dir='ltr'><em>Domini</em></span> <span class='ocrx_word' id='word_1_11' title='bbox 1098 339 1307 377; x_wconf 83' lang='lat' dir='ltr'><em>millesimo</em></span> <span class='ocrx_word' id='word_1_12' title='bbox 1323 339 1586 377; x_wconf 86' lang='lat' dir='ltr'><em>CCCLXIII</em></span> <span class='ocrx_word' id='word_1_13' title='bbox 1599 340 1861 390; x_wconf 76' lang='lat' dir='ltr'><em>presentibus,</em></span> <span class='ocrx_word' id='word_1_14' title='bbox 1884 349 1960 380; x_wconf 90' lang='lat' dir='ltr'><em>etc.</em></span> 
     </span>
    </p>

    <p class='ocr_par' dir='ltr' id='par_1_3' title="bbox 282 399 1988 805">
     <span class='ocr_line' id='line_1_3' title="bbox 339 399 1984 449; baseline -0.001 -10"><span class='ocrx_word' id='word_1_15' title='bbox 339 403 450 439; x_wconf 54' lang='lat' dir='ltr'><em>,thus</em></span> <span class='ocrx_word' id='word_1_16' title='bbox 472 400 600 439; x_wconf 82' lang='lat' dir='ltr'><em>codex</em></span> <span class='ocrx_word' id='word_1_17' title='bbox 619 400 674 437; x_wconf 86' lang='lat' dir='ltr'><em>sic</em></span> <span class='ocrx_word' id='word_1_18' title='bbox 694 399 839 449; x_wconf 81' lang='lat' dir='ltr'>incipit</span> <span class='ocrx_word' id='word_1_19' title='bbox 877 415 884 436; x_wconf 89' lang='lat'>:</span> <span class='ocrx_word' id='word_1_20' title='bbox 910 399 959 436; x_wconf 91' lang='lat' dir='ltr'><em>In</em></span> <span class='ocrx_word' id='word_1_21' title='bbox 979 399 1138 436; x_wconf 87' lang='lat' dir='ltr'><em>nomine</em></span> <span class='ocrx_word' id='word_1_22' title='bbox 1154 399 1335 438; x_wconf 81' lang='lat' dir='ltr'><em>Domini.</em></span> <span class='ocrx_word' id='word_1_23' title='bbox 1357 399 1499 438; x_wconf 86' lang='lat' dir='ltr'><em>Amen.</em></span> <span class='ocrx_word' id='word_1_24' title='bbox 1522 399 1641 437; x_wconf 83' lang='lat' dir='ltr'><em>Liber</em></span> <span class='ocrx_word' id='word_1_25' title='bbox 1670 400 1984 449; x_wconf 72' lang='lat' dir='ltr'><em>recognitionum</em></span> 
     </span>
     <span class='ocr_line' id='line_1_4' title="bbox 282 458 1984 509; baseline -0.001 -11"><span class='ocrx_word' id='word_1_26' title='bbox 282 462 486 509; x_wconf 74' lang='lat' dir='ltr'><em>feudorum</em></span> <span class='ocrx_word' id='word_1_27' title='bbox 517 459 597 497; x_wconf 60' lang='lat' dir='ltr'><em>sive</em></span> <span class='ocrx_word' id='word_1_28' title='bbox 627 459 824 496; x_wconf 77' lang='lat' dir='ltr'><em>obliarzim</em></span> <span class='ocrx_word' id='word_1_29' title='bbox 853 458 1171 496; x_wconf 62' lang='lat' dir='ltr'><em>reverendissimi</em></span> <span class='ocrx_word' id='word_1_30' title='bbox 1202 458 1244 495; x_wconf 85' lang='lat' dir='ltr'><em>in</em></span> <span class='ocrx_word' id='word_1_31' title='bbox 1274 458 1430 496; x_wconf 73' lang='lat' dir='ltr'><em>Christo</em></span> <span class='ocrx_word' id='word_1_32' title='bbox 1459 459 1587 508; x_wconf 80' lang='lat' dir='ltr'><em>patris</em></span> <span class='ocrx_word' id='word_1_33' title='bbox 1615 468 1650 497; x_wconf 83' lang='lat' dir='ltr'><em>et</em></span> <span class='ocrx_word' id='word_1_34' title='bbox 1677 460 1831 497; x_wconf 82' lang='lat' dir='ltr'><em>domini</em></span> <span class='ocrx_word' id='word_1_35' title='bbox 1861 459 1984 498; x_wconf 87' lang='lat' dir='ltr'><em>nostri</em></span> 
     </span>
     <span class='ocr_line' id='line_1_5' title="bbox 284 517 1986 569; baseline -0.001 -12"><span class='ocrx_word' id='word_1_36' title='bbox 284 520 435 557; x_wconf 77' lang='lat' dir='ltr'><em>domini</em></span> <span class='ocrx_word' id='word_1_37' title='bbox 451 519 636 565; x_wconf 53' lang='lat' dir='ltr'><em>,ar-nami,</em></span> <span class='ocrx_word' id='word_1_38' title='bbox 651 518 727 554; x_wconf 76' lang='lat' dir='ltr'><em>Dei</em></span> <span class='ocrx_word' id='word_1_39' title='bbox 743 518 872 566; x_wconf 77' lang='lat' dir='ltr'><em>gratia</em></span> <span class='ocrx_word' id='word_1_40' title='bbox 886 517 1109 567; x_wconf 78' lang='lat' dir='ltr'><em>patriarche</em></span> <span class='ocrx_word' id='word_1_41' title='bbox 1123 517 1392 555; x_wconf 69' lang='lat' dir='ltr'><em>Alexandrini</em></span> <span class='ocrx_word' id='word_1_42' title='bbox 1406 527 1441 556; x_wconf 83' lang='lat' dir='ltr'><em>et</em></span> <span class='ocrx_word' id='word_1_43' title='bbox 1454 518 1791 557; x_wconf 81' lang='lat' dir='ltr'><em>administratoris</em></span> <span class='ocrx_word' id='word_1_44' title='bbox 1805 518 1986 569; x_wconf 81' lang='lat' dir='ltr'><em>perpetui</em></span> 
     </span>
     <span class='ocr_line' id='line_1_6' title="bbox 285 576 1987 628; baseline -0.001 -11"><span class='ocrx_word' id='word_1_45' title='bbox 285 579 453 617; x_wconf 76' lang='lat' dir='ltr'><em>Ecclesie</em></span> <span class='ocrx_word' id='word_1_46' title='bbox 488 577 797 625; x_wconf 76' lang='lat' dir='ltr'><em>Montisalhani‚</em></span> <span class='ocrx_word' id='word_1_47' title='bbox 835 591 905 626; x_wconf 81' lang='lat' dir='ltr'><em>qae</em></span> <span class='ocrx_word' id='word_1_48' title='bbox 951 576 1001 614; x_wconf 80' lang='lat' dir='ltr'><em>ab</em></span> <span class='ocrx_word' id='word_1_49' title='bbox 1035 577 1213 614; x_wconf 79' lang='lat' dir='ltr'><em>Ecclesia</em></span> <span class='ocrx_word' id='word_1_50' title='bbox 1248 577 1545 615; x_wconf 81' lang='lat' dir='ltr'><em>Montisalbani</em></span> <span class='ocrx_word' id='word_1_51' title='bbox 1579 587 1770 625; x_wconf 77' lang='lat' dir='ltr'><em>tenentur,</em></span> <span class='ocrx_word' id='word_1_52' title='bbox 1808 578 1987 628; x_wconf 78' lang='lat' dir='ltr'><em>inceptas</em></span> 
     </span>
     <span class='ocr_line' id='line_1_7' title="bbox 282 636 1988 688; baseline -0.001 -12"><span class='ocrx_word' id='word_1_53' title='bbox 282 654 350 688; x_wconf 84' lang='lat' dir='ltr'><em>per</em></span> <span class='ocrx_word' id='word_1_54' title='bbox 384 637 643 675; x_wconf 63' lang='lat' dir='ltr'><em>ofenerabzlem</em></span> <span class='ocrx_word' id='word_1_55' title='bbox 678 637 807 674; x_wconf 54' lang='lat' dir='ltr'><em>§inim</em></span> <span class='ocrx_word' id='word_1_56' title='bbox 842 636 1049 673; x_wconf 77' lang='lat' dir='ltr'><em>dominum</em></span> <span class='ocrx_word' id='word_1_57' title='bbox 1083 636 1246 674; x_wconf 80' lang='lat' dir='ltr'><em>Petram</em></span> <span class='ocrx_word' id='word_1_58' title='bbox 1286 637 1330 674; x_wconf 84' lang='lat' dir='ltr'><em>de</em></span> <span class='ocrx_word' id='word_1_59' title='bbox 1365 637 1486 685; x_wconf 81' lang='lat' dir='ltr'><em>Reno,</em></span> <span class='ocrx_word' id='word_1_60' title='bbox 1522 647 1702 676; x_wconf 85' lang='lat' dir='ltr'><em>rectorem</em></span> <span class='ocrx_word' id='word_1_61' title='bbox 1738 637 1909 676; x_wconf 85' lang='lat' dir='ltr'><em>Ecclesie</em></span> <span class='ocrx_word' id='word_1_62' title='bbox 1943 638 1988 676; x_wconf 80' lang='lat' dir='ltr'><em>de</em></span> 
     </span>
     <span class='ocr_line' id='line_1_8' title="bbox 282 695 1988 761; baseline -0.001 -26"><span class='ocrx_word' id='word_1_63' title='bbox 282 697 445 744; x_wconf 77' lang='lat' dir='ltr'><em>Causio,</em></span> <span class='ocrx_word' id='word_1_64' title='bbox 464 696 685 734; x_wconf 68' lang='lat' dir='ltr'><em>thesaura}</em></span> <span class='ocrx_word' id='word_1_65' title='bbox 673 710 756 733; x_wconf 78' lang='lat' dir='ltr'><em>iiim</em></span> <span class='ocrx_word' id='word_1_66' title='bbox 774 704 808 733; x_wconf 85' lang='lat' dir='ltr'><em>et</em></span> <span class='ocrx_word' id='word_1_67' title='bbox 824 704 1152 745; x_wconf 48' lang='lat' dir='ltr'><em>procuratorem„</em></span> <span class='ocrx_word' id='word_1_68' title='bbox 1138 697 1352 734; x_wconf 66' lang='lat' dir='ltr'><em>veneralem</em></span> <span class='ocrx_word' id='word_1_69' title='bbox 1368 695 1556 746; x_wconf 70' lang='lat' dir='ltr'><em>ejusdem</em></span> <span class='ocrx_word' id='word_1_70' title='bbox 1575 697 1650 734; x_wconf 78' lang='lat' dir='ltr'><em>sab</em></span> <span class='ocrx_word' id='word_1_71' title='bbox 1668 711 1775 761; x_wconf 83' lang='lat' dir='ltr'><em>anno</em></span> <span class='ocrx_word' id='word_1_72' title='bbox 1793 697 1988 735; x_wconf 83' lang='lat' dir='ltr'><em>dominice</em></span> 
     </span>
     <span class='ocr_line' id='line_1_9' title="bbox 282 755 1584 805; baseline -0.001 -11"><span class='ocrx_word' id='word_1_73' title='bbox 282 756 572 794; x_wconf 81' lang='lat' dir='ltr'><em>incarnationis</em></span> <span class='ocrx_word' id='word_1_74' title='bbox 603 755 811 793; x_wconf 76' lang='lat' dir='ltr'><em>millesimo</em></span> <span class='ocrx_word' id='word_1_75' title='bbox 841 755 1105 793; x_wconf 81' lang='lat' dir='ltr'><em>trecentesimo</em></span> <span class='ocrx_word' id='word_1_76' title='bbox 1134 755 1377 804; x_wconf 72' lang='lat' dir='ltr'><em>sexagesimo</em></span> <span class='ocrx_word' id='word_1_77' title='bbox 1406 756 1584 805; x_wconf 80' lang='lat' dir='ltr'><em>septimo</em></span> 
     </span>
    </p>

    <p class='ocr_par' dir='ltr' id='par_1_4' title="bbox 281 814 1985 1102">
     <span class='ocr_line' id='line_1_10' title="bbox 337 814 1985 865; baseline 0.001 -12"><span class='ocrx_word' id='word_1_78' title='bbox 337 817 382 854; x_wconf 92' lang='lat' dir='ltr'><em>In</em></span> <span class='ocrx_word' id='word_1_79' title='bbox 419 815 560 853; x_wconf 80' lang='lat' dir='ltr'><em>Codice</em></span> <span class='ocrx_word' id='word_1_80' title='bbox 596 815 853 853; x_wconf 74' lang='lat' dir='ltr'><em>conciliorum</em></span> <span class='ocrx_word' id='word_1_81' title='bbox 896 814 1050 853; x_wconf 82' lang='lat' dir='ltr'><em>Galliae</em></span> <span class='ocrx_word' id='word_1_82' title='bbox 1093 814 1383 863; x_wconf 81' lang='lat' dir='ltr'><em>Narbonensis,</em></span> <span class='ocrx_word' id='word_1_83' title='bbox 1431 830 1469 865; x_wconf 89' lang='lat' dir='ltr'>p</span> <span class='ocrx_word' id='word_1_84' title='bbox 1511 815 1598 864; x_wconf 72' lang='grc'>126,</span> <span class='ocrx_word' id='word_1_85' title='bbox 1636 816 1886 855; x_wconf 88' lang='lat' dir='ltr'><em>adnotatum</em></span> <span class='ocrx_word' id='word_1_86' title='bbox 1923 824 1985 855; x_wconf 89' lang='lat' dir='ltr'><em>est</em></span> 
     </span>
     <span class='ocr_line' id='line_1_11' title="bbox 283 848 1984 925; baseline 0.001 -14"><span class='ocrx_word' id='word_1_87' title='bbox 283 875 481 914; x_wconf 73' lang='lat' dir='ltr'><em>vicarium</em></span> <span class='ocrx_word' id='word_1_88' title='bbox 510 875 740 925; x_wconf 77' lang='lat' dir='ltr'><em>generalem</em></span> <span class='ocrx_word' id='word_1_89' title='bbox 769 882 809 912; x_wconf 89' lang='lat' dir='ltr'><em>et</em></span> <span class='ocrx_word' id='word_1_90' title='bbox 836 882 1147 924; x_wconf 82' lang='lat' dir='ltr'><em>procuratorem</em></span> <span class='ocrx_word' id='word_1_91' title='bbox 1170 874 1325 915; x_wconf 89' lang='lat' dir='ltr'><em>domini</em></span> <span class='ocrx_word' id='word_1_92' title='bbox 1346 874 1409 922; x_wconf 80' lang='grc' dir='ltr'><em>Α.,</em></span> <span class='ocrx_word' id='word_1_93' title='bbox 1434 848 1694 924; x_wconf 79' lang='lat' dir='ltr'><em>patriarchae</em></span> <span class='ocrx_word' id='word_1_94' title='bbox 1722 884 1763 914; x_wconf 84' lang='lat' dir='ltr'><em>et</em></span> <span class='ocrx_word' id='word_1_95' title='bbox 1790 875 1984 913; x_wconf 89' lang='lat' dir='ltr'><em>adminis-</em></span> 
     </span>
     <span class='ocr_line' id='line_1_12' title="bbox 281 933 1985 984; baseline -0.001 -11"><span class='ocrx_word' id='word_1_96' title='bbox 281 935 449 973; x_wconf 86' lang='lat' dir='ltr'><em>tratoris</em></span> <span class='ocrx_word' id='word_1_97' title='bbox 479 935 683 972; x_wconf 74' lang='lat' dir='ltr'><em>Ecclesiae</em></span> <span class='ocrx_word' id='word_1_98' title='bbox 712 933 1115 981; x_wconf 81' lang='lat' dir='ltr'><em>Montisalbanensis‚</em></span> <span class='ocrx_word' id='word_1_99' title='bbox 1140 934 1374 972; x_wconf 85' lang='lat' dir='ltr'><em>interfuisse</em></span> <span class='ocrx_word' id='word_1_100' title='bbox 1400 935 1569 972; x_wconf 88' lang='lat' dir='ltr'><em>concilio</em></span> <span class='ocrx_word' id='word_1_101' title='bbox 1595 935 1705 984; x_wconf 81' lang='lat' dir='ltr'><em>quod</em></span> <span class='ocrx_word' id='word_1_102' title='bbox 1733 935 1985 973; x_wconf 89' lang='lat' dir='ltr'><em>celebratum</em></span> 
     </span>
     <span class='ocr_line' id='line_1_13' title="bbox 282 993 1985 1044; baseline -0.001 -11"><span class='ocrx_word' id='word_1_103' title='bbox 282 1003 342 1033; x_wconf 90' lang='lat' dir='ltr'><em>est</em></span> <span class='ocrx_word' id='word_1_104' title='bbox 402 994 444 1032; x_wconf 89' lang='lat' dir='ltr'><em>in</em></span> <span class='ocrx_word' id='word_1_105' title='bbox 498 994 665 1033; x_wconf 81' lang='lat' dir='ltr'><em>ecclesia</em></span> <span class='ocrx_word' id='word_1_106' title='bbox 710 993 912 1031; x_wconf 84' lang='lat' dir='ltr'><em>Vaurensi</em></span> <span class='ocrx_word' id='word_1_107' title='bbox 967 993 1018 1030; x_wconf 86' lang='lat' dir='ltr'><em>ab</em></span> <span class='ocrx_word' id='word_1_108' title='bbox 1075 993 1276 1043; x_wconf 86' lang='lat' dir='ltr'><em>episcopis</em></span> <span class='ocrx_word' id='word_1_109' title='bbox 1324 994 1450 1031; x_wconf 86' lang='lat' dir='ltr'><em>trium</em></span> <span class='ocrx_word' id='word_1_110' title='bbox 1507 995 1815 1044; x_wconf 88' lang='lat' dir='ltr'><em>provinciarum</em></span> <span class='ocrx_word' id='word_1_111' title='bbox 1877 1008 1985 1032; x_wconf 90' lang='lat' dir='ltr'><em>anno</em></span> 
     </span>
     <span class='ocr_line' id='line_1_14' title="bbox 282 1053 1041 1102; baseline 0.001 -12"><span class='ocrx_word' id='word_1_112' title='bbox 282 1053 620 1100; x_wconf 77' lang='lat' dir='ltr'><strong>MCCCLXVIII,</strong></span> <span class='ocrx_word' id='word_1_113' title='bbox 647 1053 710 1091; x_wconf 88' lang='lat' dir='ltr'><em>die</em></span> <span class='ocrx_word' id='word_1_114' title='bbox 735 1061 851 1091; x_wconf 83' lang='lat' dir='ltr'><em>sexta</em></span> <span class='ocrx_word' id='word_1_115' title='bbox 875 1053 993 1102; x_wconf 85' lang='lat' dir='ltr'><em>junii.</em></span> <span class='ocrx_word' id='word_1_116' title='bbox 1038 1073 1041 1074; x_wconf 41' lang='lat'><em>⁷</em></span> 
     </span>
    </p>

    <p class='ocr_par' dir='ltr' id='par_1_5' title="bbox 275 1109 1987 1758">
     <span class='ocr_line' id='line_1_15' title="bbox 334 1109 1986 1160; baseline 0 -10"><span class='ocrx_word' id='word_1_117' title='bbox 334 1113 436 1151; x_wconf 85' lang='lat' dir='ltr'><em>Erat</em></span> <span class='ocrx_word' id='word_1_118' title='bbox 464 1121 605 1151; x_wconf 89' lang='lat' dir='ltr'><em>autem</em></span> <span class='ocrx_word' id='word_1_119' title='bbox 634 1113 769 1150; x_wconf 88' lang='lat' dir='ltr'><em>adhuc</em></span> <span class='ocrx_word' id='word_1_120' title='bbox 797 1113 839 1150; x_wconf 92' lang='lat' dir='ltr'><em>in</em></span> <span class='ocrx_word' id='word_1_121' title='bbox 868 1113 974 1150; x_wconf 84' lang='lat' dir='ltr'><em>vivis</em></span> <span class='ocrx_word' id='word_1_122' title='bbox 1004 1126 1112 1149; x_wconf 91' lang='lat' dir='ltr'><em>anno</em></span> <span class='ocrx_word' id='word_1_123' title='bbox 1141 1109 1357 1151; x_wconf 79' lang='lat' dir='ltr'><em>millesimo</em></span> <span class='ocrx_word' id='word_1_124' title='bbox 1387 1113 1683 1160; x_wconf 77' lang='lat' dir='ltr'><strong>CCCLXVIH,</strong></span> <span class='ocrx_word' id='word_1_125' title='bbox 1714 1113 1778 1151; x_wconf 89' lang='lat' dir='ltr'><em>die</em></span> <span class='ocrx_word' id='word_1_126' title='bbox 1807 1112 1986 1152; x_wconf 82' lang='lat' dir='ltr'><em>secunda</em></span> 
     </span>
     <span class='ocr_line' id='line_1_16' title="bbox 280 1171 1987 1222; baseline 0.001 -13"><span class='ocrx_word' id='word_1_127' title='bbox 280 1173 430 1211; x_wconf 88' lang='lat' dir='ltr'><em>mensis</em></span> <span class='ocrx_word' id='word_1_128' title='bbox 448 1172 708 1222; x_wconf 72' lang='lat' dir='ltr'><em>septembris,</em></span> <span class='ocrx_word' id='word_1_129' title='bbox 727 1181 772 1209; x_wconf 88' lang='lat' dir='ltr'><em>ut</em></span> <span class='ocrx_word' id='word_1_130' title='bbox 786 1180 903 1222; x_wconf 80' lang='lat' dir='ltr'><em>patet</em></span> <span class='ocrx_word' id='word_1_131' title='bbox 921 1186 971 1210; x_wconf 80' lang='lat' dir='ltr'><em>ex</em></span> <span class='ocrx_word' id='word_1_132' title='bbox 984 1171 1081 1210; x_wconf 84' lang='lat' dir='ltr'><em>solio</em></span> <span class='ocrx_word' id='word_1_133' title='bbox 1093 1172 1226 1222; x_wconf 85' lang='lat' dir='ltr'><em>primo</em></span> <span class='ocrx_word' id='word_1_134' title='bbox 1240 1171 1399 1209; x_wconf 79' lang='lat' dir='ltr'><em>Codicis</em></span> <span class='ocrx_word' id='word_1_135' title='bbox 1414 1172 1766 1210; x_wconf 79' lang='lat' dir='ltr'><em>Montalbanensis</em></span> <span class='ocrx_word' id='word_1_136' title='bbox 1778 1180 1987 1222; x_wconf 89' lang='lat' dir='ltr'><em>postremo</em></span> 
     </span>
     <span class='ocr_line' id='line_1_17' title="bbox 280 1231 1986 1281; baseline 0.001 -12"><span class='ocrx_word' id='word_1_137' title='bbox 280 1232 454 1279; x_wconf 79' lang='lat' dir='ltr'><em>laudati,</em></span> <span class='ocrx_word' id='word_1_138' title='bbox 489 1232 559 1269; x_wconf 90' lang='lat' dir='ltr'><em>ubi</em></span> <span class='ocrx_word' id='word_1_139' title='bbox 592 1232 742 1281; x_wconf 79' lang='lat' dir='ltr'><em>legitur</em></span> <span class='ocrx_word' id='word_1_140' title='bbox 777 1231 1003 1270; x_wconf 83' lang='lat' dir='ltr'><em>Martinum</em></span> <span class='ocrx_word' id='word_1_141' title='bbox 1038 1231 1086 1270; x_wconf 88' lang='lat' dir='ltr'><em>de</em></span> <span class='ocrx_word' id='word_1_142' title='bbox 1121 1231 1388 1279; x_wconf 82' lang='lat' dir='ltr'><em>Texenderia,</em></span> <span class='ocrx_word' id='word_1_143' title='bbox 1421 1233 1552 1270; x_wconf 80' lang='lat' dir='ltr'><em>civem</em></span> <span class='ocrx_word' id='word_1_144' title='bbox 1587 1232 1986 1279; x_wconf 78' lang='lat' dir='ltr'><em>Montalbanensem,</em></span> 
     </span>
     <span class='ocr_line' id='line_1_18' title="bbox 280 1291 1986 1341; baseline -0.001 -12"><span class='ocrx_word' id='word_1_145' title='bbox 280 1292 563 1341; x_wconf 80' lang='lat' dir='ltr'><em>recognovisse</em></span> <span class='ocrx_word' id='word_1_146' title='bbox 585 1291 649 1329; x_wconf 89' lang='lat' dir='ltr'><em>die</em></span> <span class='ocrx_word' id='word_1_147' title='bbox 670 1291 849 1329; x_wconf 87' lang='lat' dir='ltr'><em>secunda</em></span> <span class='ocrx_word' id='word_1_148' title='bbox 871 1291 1020 1330; x_wconf 84' lang='lat' dir='ltr'><em>mensis</em></span> <span class='ocrx_word' id='word_1_149' title='bbox 1043 1291 1301 1340; x_wconf 71' lang='lat' dir='ltr'><em>septembris,</em></span> <span class='ocrx_word' id='word_1_150' title='bbox 1324 1305 1432 1328; x_wconf 86' lang='lat' dir='ltr'><em>anno</em></span> <span class='ocrx_word' id='word_1_151' title='bbox 1453 1292 1668 1330; x_wconf 79' lang='lat' dir='ltr'><em>mille-simo</em></span> <span class='ocrx_word' id='word_1_152' title='bbox 1691 1291 1986 1339; x_wconf 76' lang='lat' dir='ltr'>CCCLXVIII,</span> 
     </span>
     <span class='ocr_line' id='line_1_19' title="bbox 280 1350 1986 1400; baseline -0.001 -11"><span class='ocrx_word' id='word_1_153' title='bbox 280 1366 320 1389; x_wconf 88' lang='lat' dir='ltr'><em>se</em></span> <span class='ocrx_word' id='word_1_154' title='bbox 349 1359 487 1389; x_wconf 88' lang='lat' dir='ltr'><em>tenere</em></span> <span class='ocrx_word' id='word_1_155' title='bbox 514 1351 557 1388; x_wconf 89' lang='lat' dir='ltr'><em>in</em></span> <span class='ocrx_word' id='word_1_156' title='bbox 585 1350 755 1389; x_wconf 88' lang='lat' dir='ltr'><em>feudum</em></span> <span class='ocrx_word' id='word_1_157' title='bbox 783 1365 805 1388; x_wconf 92' lang='lat' dir='ltr'><em>a</em></span> <span class='ocrx_word' id='word_1_158' title='bbox 834 1351 1060 1389; x_wconf 87' lang='lat' dir='ltr'><em>reverendo</em></span> <span class='ocrx_word' id='word_1_159' title='bbox 1088 1358 1206 1400; x_wconf 86' lang='lat' dir='ltr'><em>patre</em></span> <span class='ocrx_word' id='word_1_160' title='bbox 1233 1350 1275 1388; x_wconf 90' lang='lat' dir='ltr'><em>in</em></span> <span class='ocrx_word' id='word_1_161' title='bbox 1304 1350 1466 1388; x_wconf 87' lang='lat' dir='ltr'><em>Christo</em></span> <span class='ocrx_word' id='word_1_162' title='bbox 1495 1351 1662 1389; x_wconf 75' lang='lat' dir='ltr'><em>domino</em></span> <span class='ocrx_word' id='word_1_163' title='bbox 1691 1351 1887 1398; x_wconf 74' lang='lat' dir='ltr'><em>Arnald0,</em></span> <span class='ocrx_word' id='word_1_164' title='bbox 1917 1364 1986 1400; x_wconf 90' lang='lat' dir='ltr'><em>pa·</em></span> 
     </span>
     <span class='ocr_line' id='line_1_20' title="bbox 280 1409 1985 1460; baseline 0 -12"><span class='ocrx_word' id='word_1_165' title='bbox 280 1410 458 1448; x_wconf 86' lang='lat' dir='ltr'><em>triarcha</em></span> <span class='ocrx_word' id='word_1_166' title='bbox 474 1410 756 1452; x_wconf 81' lang='lat' dir='ltr'><em>Alexandrino</em></span> <span class='ocrx_word' id='word_1_167' title='bbox 775 1418 815 1449; x_wconf 90' lang='lat' dir='ltr'><em>et</em></span> <span class='ocrx_word' id='word_1_168' title='bbox 828 1409 1167 1448; x_wconf 73' lang='lat' dir='ltr'><em>administratore</em></span> <span class='ocrx_word' id='word_1_169' title='bbox 1184 1418 1386 1460; x_wconf 85' lang='lat' dir='ltr'><em>perpetuo</em></span> <span class='ocrx_word' id='word_1_170' title='bbox 1400 1410 1603 1449; x_wconf 85' lang='lat' dir='ltr'><em>Ecclesiae</em></span> <span class='ocrx_word' id='word_1_171' title='bbox 1618 1410 1985 1458; x_wconf 85' lang='lat' dir='ltr'><em>Montalbancnsis‚</em></span> 
     </span>
     <span class='ocr_line' id='line_1_21' title="bbox 281 1469 1987 1519; baseline 0 -12"><span class='ocrx_word' id='word_1_172' title='bbox 281 1470 506 1519; x_wconf 87' lang='lat' dir='ltr'><em>quamdam</em></span> <span class='ocrx_word' id='word_1_173' title='bbox 541 1470 711 1507; x_wconf 88' lang='lat' dir='ltr'><em>domum</em></span> <span class='ocrx_word' id='word_1_174' title='bbox 747 1470 870 1508; x_wconf 86' lang='lat' dir='ltr'><em>sitam</em></span> <span class='ocrx_word' id='word_1_175' title='bbox 904 1469 943 1507; x_wconf 90' lang='lat' dir='ltr'><em>in</em></span> <span class='ocrx_word' id='word_1_176' title='bbox 983 1469 1134 1519; x_wconf 88' lang='lat' dir='ltr'><em>oppido</em></span> <span class='ocrx_word' id='word_1_177' title='bbox 1171 1469 1486 1516; x_wconf 81' lang='lat' dir='ltr'><em>Montisalbani3</em></span> <span class='ocrx_word' id='word_1_178' title='bbox 1520 1470 1645 1519; x_wconf 85' lang='lat' dir='ltr'><em>idque</em></span> <span class='ocrx_word' id='word_1_179' title='bbox 1681 1470 1889 1508; x_wconf 83' lang='lat' dir='ltr'><em>confessus</em></span> <span class='ocrx_word' id='word_1_180' title='bbox 1925 1477 1987 1508; x_wconf 90' lang='lat' dir='ltr'><em>est</em></span> 
     </span>
     <span class='ocr_line' id='line_1_22' title="bbox 276 1529 1987 1579; baseline -0.001 -12"><span class='ocrx_word' id='word_1_181' title='bbox 276 1543 418 1567; x_wconf 37' lang='lat' dir='ltr'><em>*coram</em></span> <span class='ocrx_word' id='word_1_182' title='bbox 443 1529 633 1579; x_wconf 87' lang='lat' dir='ltr'><em>Philippo</em></span> <span class='ocrx_word' id='word_1_183' title='bbox 658 1529 706 1568; x_wconf 91' lang='lat' dir='ltr'><em>de</em></span> <span class='ocrx_word' id='word_1_184' title='bbox 730 1529 927 1577; x_wconf 78' lang='lat' dir='ltr'><em>Aussaco,</em></span> <span class='ocrx_word' id='word_1_185' title='bbox 951 1529 1105 1567; x_wconf 83' lang='lat' dir='ltr'><em>vicario</em></span> <span class='ocrx_word' id='word_1_186' title='bbox 1130 1529 1425 1567; x_wconf 85' lang='lat' dir='ltr'><em>Montisalbani</em></span> <span class='ocrx_word' id='word_1_187' title='bbox 1448 1544 1518 1578; x_wconf 84' lang='lat' dir='ltr'><em>per</em></span> <span class='ocrx_word' id='word_1_188' title='bbox 1539 1530 1575 1567; x_wconf 86' lang='lat' dir='ltr'><em>lo</em></span> <span class='ocrx_word' id='word_1_189' title='bbox 1597 1529 1780 1566; x_wconf 73' lang='lat' dir='ltr'><em>reverend</em></span> <span class='ocrx_word' id='word_1_190' title='bbox 1800 1543 1922 1578; x_wconf 72' lang='lat' dir='ltr'><em>payre</em></span> <span class='ocrx_word' id='word_1_191' title='bbox 1939 1543 1987 1566; x_wconf 88' lang='lat' dir='ltr'><em>en</em></span> 
     </span>
     <span class='ocr_line' id='line_1_23' title="bbox 277 1587 1987 1638; baseline -0.001 -12"><span class='ocrx_word' id='word_1_192' title='bbox 277 1588 377 1626; x_wconf 84' lang='lat' dir='ltr'><em>Dico</em></span> <span class='ocrx_word' id='word_1_193' title='bbox 398 1597 432 1627; x_wconf 86' lang='lat' dir='ltr'><em>et</em></span> <span class='ocrx_word' id='word_1_194' title='bbox 451 1588 591 1626; x_wconf 76' lang='lat' dir='ltr'><em>senhor</em></span> <span class='ocrx_word' id='word_1_195' title='bbox 613 1603 767 1626; x_wconf 84' lang='lat' dir='ltr'><em>mossen</em></span> <span class='ocrx_word' id='word_1_196' title='bbox 787 1588 961 1626; x_wconf 78' lang='lat' dir='ltr'><em>Arnaad</em></span> <span class='ocrx_word' id='word_1_197' title='bbox 980 1603 1050 1638; x_wconf 82' lang='lat' dir='ltr'><em>per</em></span> <span class='ocrx_word' id='word_1_198' title='bbox 1070 1589 1109 1626; x_wconf 86' lang='lat' dir='ltr'><em>la</em></span> <span class='ocrx_word' id='word_1_199' title='bbox 1131 1588 1261 1637; x_wconf 80' lang='lat' dir='ltr'><em>gratia</em></span> <span class='ocrx_word' id='word_1_200' title='bbox 1282 1589 1326 1626; x_wconf 83' lang='lat' dir='ltr'><em>de</em></span> <span class='ocrx_word' id='word_1_201' title='bbox 1344 1588 1424 1625; x_wconf 84' lang='lat' dir='ltr'><em>Dio</em></span> <span class='ocrx_word' id='word_1_202' title='bbox 1444 1588 1675 1638; x_wconf 76' lang='lat' dir='ltr'><em>patriarcha</em></span> <span class='ocrx_word' id='word_1_203' title='bbox 1696 1587 1987 1626; x_wconf 70' lang='lat' dir='ltr'><em>d&#39;Alexandria</em></span> 
     </span>
     <span class='ocr_line' id='line_1_24' title="bbox 280 1647 1984 1697; baseline -0.001 -11"><span class='ocrx_word' id='word_1_204' title='bbox 280 1657 313 1686; x_wconf 91' lang='lat' dir='ltr'><em>et</em></span> <span class='ocrx_word' id='word_1_205' title='bbox 326 1648 638 1686; x_wconf 74' lang='lat' dir='ltr'><em>administracior</em></span> <span class='ocrx_word' id='word_1_206' title='bbox 652 1648 860 1697; x_wconf 80' lang='lat' dir='ltr'><em>perpetual</em></span> <span class='ocrx_word' id='word_1_207' title='bbox 872 1649 916 1685; x_wconf 76' lang='lat' dir='ltr'><em>(ie</em></span> <span class='ocrx_word' id='word_1_208' title='bbox 931 1649 970 1685; x_wconf 89' lang='lat' dir='ltr'><em>la</em></span> <span class='ocrx_word' id='word_1_209' title='bbox 986 1649 1098 1697; x_wconf 70' lang='lat' dir='ltr'><em>gleya</em></span> <span class='ocrx_word' id='word_1_210' title='bbox 1114 1648 1157 1684; x_wconf 76' lang='lat' dir='ltr'><em>de</em></span> <span class='ocrx_word' id='word_1_211' title='bbox 1173 1648 1427 1687; x_wconf 81' lang='lat' dir='ltr'><em>Montalban.</em></span> <span class='ocrx_word' id='word_1_212' title='bbox 1447 1648 1548 1686; x_wconf 84' lang='lat' dir='ltr'><em>Erat</em></span> <span class='ocrx_word' id='word_1_213' title='bbox 1564 1662 1657 1697; x_wconf 83' lang='lat' dir='ltr'><em>ergo</em></span> <span class='ocrx_word' id='word_1_214' title='bbox 1672 1656 1764 1686; x_wconf 89' lang='lat' dir='ltr'><em>tum</em></span> <span class='ocrx_word' id='word_1_215' title='bbox 1781 1647 1984 1686; x_wconf 84' lang='lat' dir='ltr'><em>Arnaldus</em></span> 
     </span>
     <span class='ocr_line' id='line_1_25' title="bbox 275 1707 1355 1758; baseline 0.002 -13"><span class='ocrx_word' id='word_1_216' title='bbox 275 1707 426 1746; x_wconf 84' lang='lat' dir='ltr'><em>absens</em></span> <span class='ocrx_word' id='word_1_217' title='bbox 450 1721 472 1745; x_wconf 88' lang='lat' dir='ltr'><em>a</em></span> <span class='ocrx_word' id='word_1_218' title='bbox 495 1707 778 1747; x_wconf 86' lang='lat' dir='ltr'><em>Montalbano.</em></span> <span class='ocrx_word' id='word_1_219' title='bbox 1352 1756 1355 1758; x_wconf 87' lang='lat'>.</span> 
     </span>
    </p>

    <p class='ocr_par' dir='ltr' id='par_1_6' title="bbox 276 1766 1987 2881">
     <span class='ocr_line' id='line_1_26' title="bbox 334 1766 1984 1816; baseline -0.001 -12"><span class='ocrx_word' id='word_1_220' title='bbox 334 1767 481 1805; x_wconf 88' lang='lat' dir='ltr'><em>Postea</em></span> <span class='ocrx_word' id='word_1_221' title='bbox 502 1782 599 1805; x_wconf 85' lang='lat' dir='ltr'><em>vero</em></span> <span class='ocrx_word' id='word_1_222' title='bbox 620 1767 812 1805; x_wconf 89' lang='lat' dir='ltr'><em>Urbanus</em></span> <span class='ocrx_word' id='word_1_223' title='bbox 833 1767 867 1803; x_wconf 88' lang='lat' dir='ltr'>V</span> <span class='ocrx_word' id='word_1_224' title='bbox 888 1781 981 1805; x_wconf 90' lang='lat' dir='ltr'><em>eum</em></span> <span class='ocrx_word' id='word_1_225' title='bbox 1000 1767 1229 1815; x_wconf 78' lang='lat' dir='ltr'><em>absentem,</em></span> <span class='ocrx_word' id='word_1_226' title='bbox 1251 1775 1297 1804; x_wconf 90' lang='lat' dir='ltr'><em>ut</em></span> <span class='ocrx_word' id='word_1_227' title='bbox 1316 1766 1466 1816; x_wconf 83' lang='lat' dir='ltr'><em>legitur</em></span> <span class='ocrx_word' id='word_1_228' title='bbox 1484 1767 1526 1804; x_wconf 91' lang='lat' dir='ltr'><em>in</em></span> <span class='ocrx_word' id='word_1_229' title='bbox 1544 1766 1650 1805; x_wconf 90' lang='lat' dir='ltr'><em>libro</em></span> <span class='ocrx_word' id='word_1_230' title='bbox 1669 1766 1984 1815; x_wconf 77' lang='lat' dir='ltr'><em>Obligationum,</em></span> 
     </span>
     <span class='ocr_line' id='line_1_27' title="bbox 276 1826 1985 1876; baseline 0 -12"><span class='ocrx_word' id='word_1_231' title='bbox 276 1826 434 1875; x_wconf 49' lang='lat' dir='ltr'><em>&gt;adlegit</em></span> <span class='ocrx_word' id='word_1_232' title='bbox 454 1827 494 1864; x_wconf 91' lang='lat' dir='ltr'><em>in</em></span> <span class='ocrx_word' id='word_1_233' title='bbox 515 1841 677 1864; x_wconf 90' lang='lat' dir='ltr'><em>sacrum</em></span> <span class='ocrx_word' id='word_1_234' title='bbox 700 1826 971 1864; x_wconf 82' lang='lat' dir='ltr'><em>cardinalium</em></span> <span class='ocrx_word' id='word_1_235' title='bbox 992 1826 1207 1876; x_wconf 84' lang='lat' dir='ltr'><em>collegium</em></span> <span class='ocrx_word' id='word_1_236' title='bbox 1229 1826 1292 1864; x_wconf 90' lang='lat' dir='ltr'><em>die</em></span> <span class='ocrx_word' id='word_1_237' title='bbox 1314 1841 1404 1863; x_wconf 82' lang='lat' dir='ltr'><em>xxn</em></span> <span class='ocrx_word' id='word_1_238' title='bbox 1425 1826 1611 1876; x_wconf 88' lang='lat' dir='ltr'><em>ejusdem</em></span> <span class='ocrx_word' id='word_1_239' title='bbox 1631 1826 1780 1864; x_wconf 88' lang='lat' dir='ltr'><em>mensis</em></span> <span class='ocrx_word' id='word_1_240' title='bbox 1809 1834 1985 1875; x_wconf 85' lang='lat' dir='ltr'><em>septem-</em></span> 
     </span>
     <span class='ocr_line' id='line_1_28' title="bbox 281 1884 1985 1938; baseline -0.001 -15"><span class='ocrx_word' id='word_1_241' title='bbox 281 1885 375 1925; x_wconf 87' lang='lat' dir='ltr'><em>bris.</em></span> <span class='ocrx_word' id='word_1_242' title='bbox 412 1886 465 1923; x_wconf 85' lang='lat' dir='ltr'><em>Et</em></span> <span class='ocrx_word' id='word_1_243' title='bbox 497 1894 638 1938; x_wconf 87' lang='lat' dir='ltr'><em>tamen</em></span> <span class='ocrx_word' id='word_1_244' title='bbox 672 1886 782 1923; x_wconf 89' lang='lat' dir='ltr'><em>nulla</em></span> <span class='ocrx_word' id='word_1_245' title='bbox 814 1886 932 1923; x_wconf 89' lang='lat' dir='ltr'><em>istius</em></span> <span class='ocrx_word' id='word_1_246' title='bbox 966 1899 1098 1924; x_wconf 89' lang='lat' dir='ltr'><em>novae</em></span> <span class='ocrx_word' id='word_1_247' title='bbox 1131 1885 1346 1935; x_wconf 76' lang='lat' dir='ltr'><em>dignitatis</em></span> <span class='ocrx_word' id='word_1_248' title='bbox 1379 1886 1536 1923; x_wconf 87' lang='lat' dir='ltr'><em>mentio</em></span> <span class='ocrx_word' id='word_1_249' title='bbox 1567 1885 1609 1923; x_wconf 89' lang='lat' dir='ltr'><em>in</em></span> <span class='ocrx_word' id='word_1_250' title='bbox 1641 1885 1754 1923; x_wconf 81' lang='lat' dir='ltr'><em>Actis</em></span> <span class='ocrx_word' id='word_1_251' title='bbox 1787 1884 1985 1923; x_wconf 85' lang='lat' dir='ltr'><em>confectis</em></span> 
     </span>
     <span class='ocr_line' id='line_1_29' title="bbox 281 1943 1985 1995; baseline -0.001 -13"><span class='ocrx_word' id='word_1_252' title='bbox 281 1958 389 1983; x_wconf 91' lang='lat' dir='ltr'><em>anno</em></span> <span class='ocrx_word' id='word_1_253' title='bbox 424 1945 754 1983; x_wconf 76' lang='lat' dir='ltr'>MCCCLXXIII</span> <span class='ocrx_word' id='word_1_254' title='bbox 787 1945 826 1982; x_wconf 89' lang='lat' dir='ltr'><em>in</em></span> <span class='ocrx_word' id='word_1_255' title='bbox 864 1945 1012 1994; x_wconf 82' lang='lat' dir='ltr'><em>quibus</em></span> <span class='ocrx_word' id='word_1_256' title='bbox 1045 1945 1104 1983; x_wconf 90' lang='lat' dir='ltr'><em>ita</em></span> <span class='ocrx_word' id='word_1_257' title='bbox 1138 1945 1340 1995; x_wconf 86' lang='lat' dir='ltr'><em>scriptum</em></span> <span class='ocrx_word' id='word_1_258' title='bbox 1373 1953 1435 1983; x_wconf 87' lang='lat' dir='ltr'><em>est</em></span> <span class='ocrx_word' id='word_1_259' title='bbox 1470 1961 1478 1982; x_wconf 89' lang='lat'>:</span> <span class='ocrx_word' id='word_1_260' title='bbox 1515 1945 1623 1982; x_wconf 82' lang='lat' dir='ltr'><em>Inter</em></span> <span class='ocrx_word' id='word_1_261' title='bbox 1655 1944 1909 1982; x_wconf 66' lang='lat' dir='ltr'><em>reverendam</em></span> <span class='ocrx_word' id='word_1_262' title='bbox 1943 1943 1985 1981; x_wconf 91' lang='lat' dir='ltr'><em>in</em></span> 
     </span>
     <span class='ocr_line' id='line_1_30' title="bbox 277 2003 1986 2056; baseline 0 -16"><span class='ocrx_word' id='word_1_263' title='bbox 277 2003 437 2042; x_wconf 76' lang='lat' dir='ltr'><em>Christo</em></span> <span class='ocrx_word' id='word_1_264' title='bbox 463 2013 615 2055; x_wconf 78' lang='lat' dir='ltr'><em>patrem</em></span> <span class='ocrx_word' id='word_1_265' title='bbox 636 2005 691 2043; x_wconf 82' lang='lat' dir='ltr'><em>bo.</em></span> <span class='ocrx_word' id='word_1_266' title='bbox 716 2019 787 2042; x_wconf 88' lang='lat' dir='ltr'><em>me.</em></span> <span class='ocrx_word' id='word_1_267' title='bbox 811 2004 1017 2056; x_wconf 79' lang='lat' dir='ltr'><em>dominam</em></span> <span class='ocrx_word' id='word_1_268' title='bbox 1035 2004 1262 2042; x_wconf 81' lang='lat' dir='ltr'><em>Arnaldam</em></span> <span class='ocrx_word' id='word_1_269' title='bbox 1284 2004 1423 2041; x_wconf 72' lang='lat' dir='ltr'><em>divina</em></span> <span class='ocrx_word' id='word_1_270' title='bbox 1442 2004 1694 2042; x_wconf 84' lang='lat' dir='ltr'><em>miseratione</em></span> <span class='ocrx_word' id='word_1_271' title='bbox 1715 2003 1986 2053; x_wconf 75' lang='lat' dir='ltr'><em>patriarcham</em></span> 
     </span>
     <span class='ocr_line' id='line_1_31' title="bbox 281 2062 1985 2113; baseline 0 -13"><span class='ocrx_word' id='word_1_272' title='bbox 281 2063 601 2101; x_wconf 59' lang='lat' dir='ltr'><em>Alexandrinam</em></span> <span class='ocrx_word' id='word_1_273' title='bbox 627 2073 661 2102; x_wconf 87' lang='lat' dir='ltr'><em>et</em></span> <span class='ocrx_word' id='word_1_274' title='bbox 682 2064 1044 2101; x_wconf 78' lang='lat' dir='ltr'><em>administratorem</em></span> <span class='ocrx_word' id='word_1_275' title='bbox 1070 2072 1304 2113; x_wconf 74' lang='lat' dir='ltr'><em>perpetuam</em></span> <span class='ocrx_word' id='word_1_276' title='bbox 1325 2063 1497 2101; x_wconf 81' lang='lat' dir='ltr'><em>Ecclesie</em></span> <span class='ocrx_word' id='word_1_277' title='bbox 1522 2063 1756 2101; x_wconf 79' lang='lat' dir='ltr'><em>cathedralis</em></span> <span class='ocrx_word' id='word_1_278' title='bbox 1780 2071 1815 2100; x_wconf 85' lang='lat' dir='ltr'><em>et</em></span> <span class='ocrx_word' id='word_1_279' title='bbox 1837 2062 1985 2112; x_wconf 81' lang='lat' dir='ltr'><em>episco-</em></span> 
     </span>
     <span class='ocr_line' id='line_1_32' title="bbox 280 2122 1986 2173; baseline -0.001 -13"><span class='ocrx_word' id='word_1_280' title='bbox 280 2132 398 2172; x_wconf 76' lang='lat' dir='ltr'><em>patus</em></span> <span class='ocrx_word' id='word_1_281' title='bbox 422 2123 731 2161; x_wconf 54' lang='lat' dir='ltr'><em>[Montisalbani.</em></span> <span class='ocrx_word' id='word_1_282' title='bbox 760 2123 866 2161; x_wconf 89' lang='lat' dir='ltr'><em>Hinc</em></span> <span class='ocrx_word' id='word_1_283' title='bbox 891 2123 985 2161; x_wconf 89' lang='lat' dir='ltr'><em>oriri</em></span> <span class='ocrx_word' id='word_1_284' title='bbox 1007 2131 1147 2173; x_wconf 87' lang='lat' dir='ltr'><em>posset</em></span> <span class='ocrx_word' id='word_1_285' title='bbox 1170 2123 1308 2173; x_wconf 86' lang='lat' dir='ltr'><em>aliqua</em></span> <span class='ocrx_word' id='word_1_286' title='bbox 1334 2122 1543 2161; x_wconf 85' lang='lat' dir='ltr'><em>dubitatio</em></span> <span class='ocrx_word' id='word_1_287' title='bbox 1566 2136 1666 2161; x_wconf 90' lang='lat' dir='ltr'><em>num</em></span> <span class='ocrx_word' id='word_1_288' title='bbox 1688 2123 1721 2160; x_wconf 91' lang='lat' dir='ltr'><em>is</em></span> <span class='ocrx_word' id='word_1_289' title='bbox 1744 2136 1839 2160; x_wconf 85' lang='lat' dir='ltr'><em>Vere</em></span> <span class='ocrx_word' id='word_1_290' title='bbox 1863 2122 1986 2160; x_wconf 86' lang='lat' dir='ltr'><em>fuerit</em></span> 
     </span>
     <span class='ocr_line' id='line_1_33' title="bbox 284 2181 1986 2221; baseline 0 -2"><span class='ocrx_word' id='word_1_291' title='bbox 284 2182 415 2220; x_wconf 81' lang='lat' dir='ltr'><em>factus</em></span> <span class='ocrx_word' id='word_1_292' title='bbox 447 2182 677 2221; x_wconf 87' lang='lat' dir='ltr'><em>cardinalis.</em></span> <span class='ocrx_word' id='word_1_293' title='bbox 711 2183 860 2221; x_wconf 84' lang='lat' dir='ltr'><em>Verum</em></span> <span class='ocrx_word' id='word_1_294' title='bbox 893 2183 987 2221; x_wconf 86' lang='lat' dir='ltr'><em>huic</em></span> <span class='ocrx_word' id='word_1_295' title='bbox 1018 2182 1255 2220; x_wconf 83' lang='lat' dir='ltr'><em>difficultati</em></span> <span class='ocrx_word' id='word_1_296' title='bbox 1286 2182 1403 2220; x_wconf 85' lang='lat' dir='ltr'><em>facile</em></span> <span class='ocrx_word' id='word_1_297' title='bbox 1435 2182 1662 2220; x_wconf 87' lang='lat' dir='ltr'><em>occurritur</em></span> <span class='ocrx_word' id='word_1_298' title='bbox 1691 2181 1864 2220; x_wconf 89' lang='lat' dir='ltr'><em>dicendo</em></span> <span class='ocrx_word' id='word_1_299' title='bbox 1893 2195 1986 2219; x_wconf 91' lang='lat' dir='ltr'><em>eum</em></span> 
     </span>
     <span class='ocr_line' id='line_1_34' title="bbox 282 2240 1986 2291; baseline -0.001 -13"><span class='ocrx_word' id='word_1_300' title='bbox 282 2241 427 2280; x_wconf 88' lang='lat' dir='ltr'><em>obiisse</em></span> <span class='ocrx_word' id='word_1_301' title='bbox 448 2250 564 2280; x_wconf 80' lang='lat' dir='ltr'><em>extra</em></span> <span class='ocrx_word' id='word_1_302' title='bbox 585 2242 739 2280; x_wconf 84' lang='lat' dir='ltr'><em>curiam</em></span> <span class='ocrx_word' id='word_1_303' title='bbox 761 2242 995 2280; x_wconf 84' lang='lat' dir='ltr'><em>Romanam</em></span> <span class='ocrx_word' id='word_1_304' title='bbox 1013 2242 1148 2280; x_wconf 88' lang='lat' dir='ltr'><em>medio</em></span> <span class='ocrx_word' id='word_1_305' title='bbox 1167 2250 1353 2291; x_wconf 80' lang='lat' dir='ltr'><em>tempore</em></span> <span class='ocrx_word' id='word_1_306' title='bbox 1374 2241 1483 2291; x_wconf 86' lang='lat' dir='ltr'><em>quod</em></span> <span class='ocrx_word' id='word_1_307' title='bbox 1502 2241 1735 2279; x_wconf 85' lang='lat' dir='ltr'><em>intercessit</em></span> <span class='ocrx_word' id='word_1_308' title='bbox 1751 2241 1860 2279; x_wconf 86' lang='lat' dir='ltr'><em>inter</em></span> <span class='ocrx_word' id='word_1_309' title='bbox 1878 2240 1986 2279; x_wconf 81' lang='lat' dir='ltr'><em>diem</em></span> 
     </span>
     <span class='ocr_line' id='line_1_35' title="bbox 281 2300 1986 2350; baseline -0.001 -12"><span class='ocrx_word' id='word_1_310' title='bbox 281 2301 504 2339; x_wconf 86' lang='lat' dir='ltr'><em>secundam</em></span> <span class='ocrx_word' id='word_1_311' title='bbox 533 2309 573 2339; x_wconf 86' lang='lat' dir='ltr'><em>et</em></span> <span class='ocrx_word' id='word_1_312' title='bbox 600 2302 842 2350; x_wconf 72' lang='lat' dir='ltr'><em>vigesimam</em></span> <span class='ocrx_word' id='word_1_313' title='bbox 870 2301 1095 2339; x_wconf 81' lang='lat' dir='ltr'><em>secundam</em></span> <span class='ocrx_word' id='word_1_314' title='bbox 1121 2301 1271 2340; x_wconf 86' lang='lat' dir='ltr'><em>mensis</em></span> <span class='ocrx_word' id='word_1_315' title='bbox 1300 2300 1558 2350; x_wconf 78' lang='lat' dir='ltr'><em>septembris,</em></span> <span class='ocrx_word' id='word_1_316' title='bbox 1587 2314 1634 2338; x_wconf 89' lang='lat' dir='ltr'><em>ac</em></span> <span class='ocrx_word' id='word_1_317' title='bbox 1661 2308 1877 2350; x_wconf 87' lang='lat' dir='ltr'><em>propterea</em></span> <span class='ocrx_word' id='word_1_318' title='bbox 1903 2314 1986 2337; x_wconf 90' lang='lat' dir='ltr'><em>non</em></span> 
     </span>
     <span class='ocr_line' id='line_1_36' title="bbox 282 2359 1986 2409; baseline -0.001 -12"><span class='ocrx_word' id='word_1_319' title='bbox 282 2360 404 2398; x_wconf 85' lang='lat' dir='ltr'><em>fuisse</em></span> <span class='ocrx_word' id='word_1_320' title='bbox 430 2369 774 2399; x_wconf 83' lang='lat' dir='ltr'><em>connumeratum</em></span> <span class='ocrx_word' id='word_1_321' title='bbox 797 2361 906 2398; x_wconf 84' lang='lat' dir='ltr'><em>inter</em></span> <span class='ocrx_word' id='word_1_322' title='bbox 931 2360 1156 2398; x_wconf 86' lang='lat' dir='ltr'><em>cardinales</em></span> <span class='ocrx_word' id='word_1_323' title='bbox 1182 2360 1234 2397; x_wconf 86' lang='lat' dir='ltr'><em>ab</em></span> <span class='ocrx_word' id='word_1_324' title='bbox 1258 2360 1305 2397; x_wconf 83' lang='lat' dir='ltr'><em>iis</em></span> <span class='ocrx_word' id='word_1_325' title='bbox 1332 2360 1401 2409; x_wconf 88' lang='lat' dir='ltr'><em>qui</em></span> <span class='ocrx_word' id='word_1_326' title='bbox 1426 2359 1611 2398; x_wconf 84' lang='lat' dir='ltr'><em>sciebant</em></span> <span class='ocrx_word' id='word_1_327' title='bbox 1635 2360 1750 2397; x_wconf 86' lang='lat' dir='ltr'><em>illum</em></span> <span class='ocrx_word' id='word_1_328' title='bbox 1774 2367 1986 2397; x_wconf 86' lang='lat' dir='ltr'><em>mortuum</em></span> 
     </span>
     <span class='ocr_line' id='line_1_37' title="bbox 283 2417 1987 2469; baseline 0 -14"><span class='ocrx_word' id='word_1_329' title='bbox 283 2419 404 2458; x_wconf 85' lang='lat' dir='ltr'><em>fuisse</em></span> <span class='ocrx_word' id='word_1_330' title='bbox 434 2428 530 2457; x_wconf 88' lang='lat' dir='ltr'><em>ante</em></span> <span class='ocrx_word' id='word_1_331' title='bbox 560 2420 666 2458; x_wconf 85' lang='lat' dir='ltr'><em>diem</em></span> <span class='ocrx_word' id='word_1_332' title='bbox 698 2434 786 2456; x_wconf 75' lang='lat' dir='ltr'><em>xxn</em></span> <span class='ocrx_word' id='word_1_333' title='bbox 817 2419 1074 2469; x_wconf 83' lang='lat' dir='ltr'><em>septembris.</em></span> <span class='ocrx_word' id='word_1_334' title='bbox 1109 2419 1241 2466; x_wconf 84' lang='lat' dir='ltr'><em>Quam</em></span> <span class='ocrx_word' id='word_1_335' title='bbox 1271 2419 1321 2457; x_wconf 86' lang='lat' dir='ltr'><em>ob</em></span> <span class='ocrx_word' id='word_1_336' title='bbox 1352 2433 1519 2457; x_wconf 88' lang='lat' dir='ltr'><em>causam</em></span> <span class='ocrx_word' id='word_1_337' title='bbox 1547 2426 1693 2456; x_wconf 83' lang='lat' dir='ltr'><em>auctor</em></span> <span class='ocrx_word' id='word_1_338' title='bbox 1720 2418 1839 2456; x_wconf 90' lang='lat' dir='ltr'><em>istius</em></span> <span class='ocrx_word' id='word_1_339' title='bbox 1874 2417 1987 2455; x_wconf 83' lang='lat' dir='ltr'><em>Vitae</em></span> 
     </span>
     <span class='ocr_line' id='line_1_38' title="bbox 282 2478 1986 2527; baseline -0.001 -12"><span class='ocrx_word' id='word_1_340' title='bbox 282 2479 438 2516; x_wconf 87' lang='lat' dir='ltr'><em>nullam</em></span> <span class='ocrx_word' id='word_1_341' title='bbox 457 2479 562 2516; x_wconf 89' lang='lat' dir='ltr'><em>illius</em></span> <span class='ocrx_word' id='word_1_342' title='bbox 584 2479 837 2517; x_wconf 87' lang='lat' dir='ltr'><em>mentionem</em></span> <span class='ocrx_word' id='word_1_343' title='bbox 858 2479 970 2527; x_wconf 77' lang='lat' dir='ltr'><em>facit,</em></span> <span class='ocrx_word' id='word_1_344' title='bbox 992 2479 1179 2517; x_wconf 85' lang='lat' dir='ltr'><em>eamdem</em></span> <span class='ocrx_word' id='word_1_345' title='bbox 1200 2479 1394 2517; x_wconf 89' lang='lat' dir='ltr'><em>nimirum</em></span> <span class='ocrx_word' id='word_1_346' title='bbox 1414 2478 1464 2516; x_wconf 91' lang='lat' dir='ltr'><em>ob</em></span> <span class='ocrx_word' id='word_1_347' title='bbox 1485 2491 1649 2516; x_wconf 86' lang='lat' dir='ltr'><em>causam</em></span> <span class='ocrx_word' id='word_1_348' title='bbox 1671 2485 1841 2527; x_wconf 86' lang='lat' dir='ltr'><em>propter</em></span> <span class='ocrx_word' id='word_1_349' title='bbox 1861 2490 1986 2526; x_wconf 87' lang='lat' dir='ltr'><em>quam</em></span> 
     </span>
     <span class='ocr_line' id='line_1_39' title="bbox 283 2537 1984 2587; baseline 0 -14"><span class='ocrx_word' id='word_1_350' title='bbox 283 2546 426 2575; x_wconf 80' lang='lat' dir='ltr'><em>auctor</em></span> <span class='ocrx_word' id='word_1_351' title='bbox 447 2538 609 2574; x_wconf 81' lang='lat' dir='ltr'><em>Primae</em></span> <span class='ocrx_word' id='word_1_352' title='bbox 631 2538 730 2575; x_wconf 67' lang='lat' dir='ltr'><em>witae</em></span> <span class='ocrx_word' id='word_1_353' title='bbox 752 2538 965 2575; x_wconf 80' lang='lat' dir='ltr'><em>Clementis</em></span> <span class='ocrx_word' id='word_1_354' title='bbox 992 2538 1090 2586; x_wconf 72' lang='lat' dir='ltr'><strong><em>I&#39;JJ,</em></strong></span> <span class='ocrx_word' id='word_1_355' title='bbox 1114 2552 1152 2587; x_wconf 89' lang='lat' dir='ltr'><em>p.</em></span> <span class='ocrx_word' id='word_1_356' title='bbox 1177 2537 1266 2585; x_wconf 69' lang='lat'><em>490,</em></span> <span class='ocrx_word' id='word_1_357' title='bbox 1290 2537 1428 2575; x_wconf 79' lang='lat' dir='ltr'><em>omisit</em></span> <span class='ocrx_word' id='word_1_358' title='bbox 1449 2538 1556 2576; x_wconf 88' lang='lat' dir='ltr'><em>inter</em></span> <span class='ocrx_word' id='word_1_359' title='bbox 1578 2537 1804 2575; x_wconf 87' lang='lat' dir='ltr'><em>cardinales</em></span> <span class='ocrx_word' id='word_1_360' title='bbox 1827 2545 1984 2574; x_wconf 87' lang='lat' dir='ltr'><em>creatos</em></span> 
     </span>
     <span class='ocr_line' id='line_1_40' title="bbox 283 2594 1985 2645; baseline 0.001 -14"><span class='ocrx_word' id='word_1_361' title='bbox 283 2610 390 2633; x_wconf 73' lang='lat' dir='ltr'><em>anno</em></span> <span class='ocrx_word' id='word_1_362' title='bbox 429 2597 643 2635; x_wconf 87' lang='lat' dir='ltr'><em>millesimo</em></span> <span class='ocrx_word' id='word_1_363' title='bbox 678 2596 1007 2635; x_wconf 77' lang='lat' dir='ltr'>CCCLXXXIII</span> <span class='ocrx_word' id='word_1_364' title='bbox 1040 2597 1250 2635; x_wconf 82' lang='lat' dir='ltr'><em>desinente</em></span> <span class='ocrx_word' id='word_1_365' title='bbox 1294 2596 1519 2635; x_wconf 84' lang='lat' dir='ltr'><em>Martinum</em></span> <span class='ocrx_word' id='word_1_366' title='bbox 1551 2596 1790 2645; x_wconf 86' lang='lat' dir='ltr'><em>episcopum</em></span> <span class='ocrx_word' id='word_1_367' title='bbox 1817 2594 1985 2633; x_wconf 84' lang='lat' dir='ltr'><em>Ulixbo-</em></span> 
     </span>
     <span class='ocr_line' id='line_1_41' title="bbox 284 2654 1984 2705; baseline 0 -14"><span class='ocrx_word' id='word_1_368' title='bbox 284 2670 462 2697; x_wconf 77' lang='lat' dir='ltr'><em>neuscm,</em></span> <span class='ocrx_word' id='word_1_369' title='bbox 486 2656 553 2704; x_wconf 84' lang='lat' dir='ltr'><em>qui</em></span> <span class='ocrx_word' id='word_1_370' title='bbox 576 2656 707 2693; x_wconf 60' lang='lat' dir='ltr'><em>vitam</em></span> <span class='ocrx_word' id='word_1_371' title='bbox 729 2670 822 2694; x_wconf 86' lang='lat' dir='ltr'><em>cum</em></span> <span class='ocrx_word' id='word_1_372' title='bbox 843 2665 974 2694; x_wconf 82' lang='lat' dir='ltr'><em>morte</em></span> <span class='ocrx_word' id='word_1_373' title='bbox 997 2656 1274 2694; x_wconf 82' lang='lat' dir='ltr'><em>commutavit</em></span> <span class='ocrx_word' id='word_1_374' title='bbox 1295 2655 1509 2705; x_wconf 83' lang='lat' dir='ltr'><em>aliquanto</em></span> <span class='ocrx_word' id='word_1_375' title='bbox 1531 2665 1627 2693; x_wconf 86' lang='lat' dir='ltr'><em>ante</em></span> <span class='ocrx_word' id='word_1_376' title='bbox 1655 2668 1780 2704; x_wconf 87' lang='lat' dir='ltr'><em>quam</em></span> <span class='ocrx_word' id='word_1_377' title='bbox 1802 2654 1984 2692; x_wconf 85' lang='lat' dir='ltr'><em>Clemens</em></span> 
     </span>
     <span class='ocr_line' id='line_1_42' title="bbox 286 2713 1985 2764; baseline 0 -15"><span class='ocrx_word' id='word_1_378' title='bbox 286 2728 374 2750; x_wconf 61' lang='lat' dir='ltr'><em>vum</em></span> <span class='ocrx_word' id='word_1_379' title='bbox 391 2715 679 2763; x_wconf 73' lang='lat' dir='ltr'><em>pronuntiaret</em></span> <span class='ocrx_word' id='word_1_380' title='bbox 699 2715 960 2754; x_wconf 83' lang='lat' dir='ltr'><em>cardinalem.</em></span> <span class='ocrx_word' id='word_1_381' title='bbox 987 2715 1196 2753; x_wconf 88' lang='lat' dir='ltr'><em>Mortuum</em></span> <span class='ocrx_word' id='word_1_382' title='bbox 1210 2729 1331 2764; x_wconf 85' lang='lat' dir='ltr'><em>porro</em></span> <span class='ocrx_word' id='word_1_383' title='bbox 1358 2729 1441 2752; x_wconf 89' lang='lat' dir='ltr'><em>esse</em></span> <span class='ocrx_word' id='word_1_384' title='bbox 1461 2714 1686 2752; x_wconf 84' lang='lat' dir='ltr'><em>Arnaldum</em></span> <span class='ocrx_word' id='word_1_385' title='bbox 1708 2713 1985 2764; x_wconf 88' lang='lat' dir='ltr'><em>patriarcham</em></span> 
     </span>
     <span class='ocr_line' id='line_1_43' title="bbox 287 2772 1984 2823; baseline 0 -14"><span class='ocrx_word' id='word_1_386' title='bbox 287 2774 351 2809; x_wconf 72' lang='lat' dir='ltr'><em>illo</em></span> <span class='ocrx_word' id='word_1_387' title='bbox 371 2782 554 2821; x_wconf 65' lang='lat' dir='ltr'><em>tempore</em></span> <span class='ocrx_word' id='word_1_388' title='bbox 576 2774 667 2811; x_wconf 82' lang='lat' dir='ltr'><em>hinc</em></span> <span class='ocrx_word' id='word_1_389' title='bbox 687 2775 817 2823; x_wconf 71' lang='lat' dir='ltr'><em>liquet</em></span> <span class='ocrx_word' id='word_1_390' title='bbox 839 2774 948 2823; x_wconf 86' lang='lat' dir='ltr'><em>quod</em></span> <span class='ocrx_word' id='word_1_391' title='bbox 969 2775 1003 2813; x_wconf 91' lang='lat' dir='ltr'><em>ei</em></span> <span class='ocrx_word' id='word_1_392' title='bbox 1023 2774 1275 2812; x_wconf 84' lang='lat' dir='ltr'><em>substitutus</em></span> <span class='ocrx_word' id='word_1_393' title='bbox 1297 2782 1358 2811; x_wconf 83' lang='lat' dir='ltr'><em>est</em></span> <span class='ocrx_word' id='word_1_394' title='bbox 1375 2773 1629 2811; x_wconf 77' lang='lat' dir='ltr'><em>Bertiandus</em></span> <span class='ocrx_word' id='word_1_395' title='bbox 1650 2773 1698 2811; x_wconf 84' lang='lat' dir='ltr'><em>de</em></span> <span class='ocrx_word' id='word_1_396' title='bbox 1719 2772 1984 2820; x_wconf 76' lang='lat' dir='ltr'><em>Cardalhaco,</em></span> 
     </span>
     <span class='ocr_line' id='line_1_44' title="bbox 287 2830 1982 2881; baseline 0.002 -14"><span class='ocrx_word' id='word_1_397' title='bbox 287 2846 403 2878; x_wconf 61' lang='lat' dir='ltr'><em>quem</em></span> <span class='ocrx_word' id='word_1_398' title='bbox 428 2833 779 2881; x_wconf 59' lang='lat' dir='ltr'><em>1»racdvccssmcm</em></span> <span class='ocrx_word' id='word_1_399' title='bbox 801 2848 921 2870; x_wconf 86' lang='lat' dir='ltr'><em>suum</em></span> <span class='ocrx_word' id='word_1_400' title='bbox 943 2841 1065 2871; x_wconf 83' lang='lat' dir='ltr'><em>voc-at</em></span> <span class='ocrx_word' id='word_1_401' title='bbox 1088 2833 1231 2871; x_wconf 85' lang='lat' dir='ltr'><em>Petrus</em></span> <span class='ocrx_word' id='word_1_402' title='bbox 1255 2833 1302 2870; x_wconf 86' lang='lat' dir='ltr'><em>de</em></span> <span class='ocrx_word' id='word_1_403' title='bbox 1325 2832 1508 2870; x_wconf 84' lang='lat' dir='ltr'><em>Chalesio</em></span> <span class='ocrx_word' id='word_1_404' title='bbox 1529 2833 1569 2870; x_wconf 90' lang='lat' dir='ltr'><em>in</em></span> <span class='ocrx_word' id='word_1_405' title='bbox 1592 2847 1663 2870; x_wconf 87' lang='lat' dir='ltr'><em>suo</em></span> <span class='ocrx_word' id='word_1_406' title='bbox 1684 2839 1937 2870; x_wconf 85' lang='lat' dir='ltr'><em>testamento</em></span> <span class='ocrx_word' id='word_1_407' title='bbox 1957 2830 1982 2870; x_wconf 85' lang='lat'><em>¹.</em></span> 
     </span>
    </p>
   </div>
   <div class='ocr_carea' id='block_1_3' title="bbox 289 2973 1987 3177">
    <p class='ocr_par' dir='ltr' id='par_1_7' title="bbox 289 2973 1987 3177">
     <span class='ocr_line' id='line_1_45' title="bbox 337 2973 1986 3008; baseline 0.001 -4"><span class='ocrx_word' id='word_1_408' title='bbox 337 2974 363 3004; x_wconf 84' lang='lat' dir='ltr'><em>l.</em></span> <span class='ocrx_word' id='word_1_409' title='bbox 397 2973 515 3005; x_wconf 61' lang='lat' dir='ltr'><em>Pio-pre</em></span> <span class='ocrx_word' id='word_1_410' title='bbox 548 2974 589 3005; x_wconf 73' lang='lat' dir='ltr'><em>ds·</em></span> <span class='ocrx_word' id='word_1_411' title='bbox 623 2974 768 3007; x_wconf 77' lang='lat' dir='ltr'><em>Chalais</em></span> <span class='ocrx_word' id='word_1_412' title='bbox 799 2976 959 3008; x_wconf 75' lang='lat' dir='ltr'><em>succede</em></span> <span class='ocrx_word' id='word_1_413' title='bbox 990 2975 1010 3007; x_wconf 74' lang='lat' dir='ltr'><em>a</em></span> <span class='ocrx_word' id='word_1_414' title='bbox 1040 2974 1384 3007; x_wconf 83' lang='lat' dir='ltr'><em>Arnaud-Bernard</em></span> <span class='ocrx_word' id='word_1_415' title='bbox 1415 2974 1458 3007; x_wconf 91' lang='lat' dir='ltr'><em>de</em></span> <span class='ocrx_word' id='word_1_416' title='bbox 1496 2974 1531 3007; x_wconf 85' lang='lat' dir='ltr'><em>la</em></span> <span class='ocrx_word' id='word_1_417' title='bbox 1564 2974 1743 3008; x_wconf 79' lang='lat' dir='ltr'><em>Perarede</em></span> <span class='ocrx_word' id='word_1_418' title='bbox 1781 2974 1813 3006; x_wconf 90' lang='grc'>16</span> <span class='ocrx_word' id='word_1_419' title='bbox 1852 2973 1897 3006; x_wconf 80' lang='lat'><em>18</em></span> <span class='ocrx_word' id='word_1_420' title='bbox 1929 2984 1986 3005; x_wconf 89' lang='lat' dir='ltr'><em>oc-</em></span> 
     </span>
     <span class='ocr_line' id='line_1_46' title="bbox 289 3026 1987 3071; baseline 0.001 -14"><span class='ocrx_word' id='word_1_421' title='bbox 289 3026 390 3057; x_wconf 53' lang='lat' dir='ltr'><em>tobi-v</em></span> <span class='ocrx_word' id='word_1_422' title='bbox 419 3027 518 3065; x_wconf 66' lang='lat'>1368,</span> <span class='ocrx_word' id='word_1_423' title='bbox 544 3040 609 3069; x_wconf 77' lang='lat' dir='ltr'><em>par</em></span> <span class='ocrx_word' id='word_1_424' title='bbox 630 3028 725 3061; x_wconf 76' lang='lat' dir='ltr'><em>suite</em></span> <span class='ocrx_word' id='word_1_425' title='bbox 750 3029 791 3061; x_wconf 85' lang='lat' dir='ltr'><em>de</em></span> <span class='ocrx_word' id='word_1_426' title='bbox 814 3029 848 3061; x_wconf 85' lang='lat' dir='ltr'><em>la</em></span> <span class='ocrx_word' id='word_1_427' title='bbox 870 3028 1101 3068; x_wconf 77' lang='lat' dir='ltr'><em>revocation,</em></span> <span class='ocrx_word' id='word_1_428' title='bbox 1124 3027 1215 3060; x_wconf 83' lang='lat' dir='ltr'><em>faite</em></span> <span class='ocrx_word' id='word_1_429' title='bbox 1237 3039 1305 3071; x_wconf 87' lang='lat' dir='ltr'><em>par</em></span> <span class='ocrx_word' id='word_1_430' title='bbox 1328 3027 1471 3060; x_wconf 83' lang='lat' dir='ltr'><em>Urbain</em></span> <span class='ocrx_word' id='word_1_431' title='bbox 1492 3028 1535 3067; x_wconf 83' lang='lat' dir='ltr'><em>V,</em></span> <span class='ocrx_word' id='word_1_432' title='bbox 1560 3028 1603 3060; x_wconf 88' lang='lat' dir='ltr'><em>de</em></span> <span class='ocrx_word' id='word_1_433' title='bbox 1624 3027 1660 3060; x_wconf 88' lang='lat' dir='ltr'><em>la</em></span> <span class='ocrx_word' id='word_1_434' title='bbox 1681 3027 1901 3059; x_wconf 88' lang='lat' dir='ltr'><em>commende</em></span> <span class='ocrx_word' id='word_1_435' title='bbox 1923 3026 1987 3069; x_wconf 88' lang='lat' dir='ltr'><em>qui</em></span> 
     </span>
     <span class='ocr_line' id='line_1_47' title="bbox 289 3079 1986 3123; baseline 0.002 -15"><span class='ocrx_word' id='word_1_436' title='bbox 289 3079 392 3110; x_wconf 71' lang='lat' dir='ltr'><em>avait</em></span> <span class='ocrx_word' id='word_1_437' title='bbox 414 3081 470 3111; x_wconf 57' lang='lat'><em>‹314›</em></span> <span class='ocrx_word' id='word_1_438' title='bbox 495 3081 675 3113; x_wconf 58' lang='lat' dir='ltr'><em>‹3011ccdec</em></span> <span class='ocrx_word' id='word_1_439' title='bbox 700 3082 807 3113; x_wconf 84' lang='lat' dir='ltr'><em>audit</em></span> <span class='ocrx_word' id='word_1_440' title='bbox 828 3082 995 3114; x_wconf 84' lang='lat' dir='ltr'><em>Arnaud.</em></span> <span class='ocrx_word' id='word_1_441' title='bbox 1023 3081 1151 3123; x_wconf 84' lang='lat' dir='ltr'><em>Quant</em></span> <span class='ocrx_word' id='word_1_442' title='bbox 1174 3081 1194 3113; x_wconf 73' lang='lat' dir='ltr'><em>a</em></span> <span class='ocrx_word' id='word_1_443' title='bbox 1216 3081 1402 3113; x_wconf 86' lang='lat' dir='ltr'><em>Bertrand</em></span> <span class='ocrx_word' id='word_1_444' title='bbox 1425 3081 1468 3113; x_wconf 85' lang='lat' dir='ltr'><em>de</em></span> <span class='ocrx_word' id='word_1_445' title='bbox 1493 3080 1699 3113; x_wconf 84' lang='lat' dir='ltr'><em>Cardaillac</em></span> <span class='ocrx_word' id='word_1_446' title='bbox 1719 3080 1744 3112; x_wconf 89' lang='lat' dir='ltr'><em>il</em></span> <span class='ocrx_word' id='word_1_447' title='bbox 1766 3085 1918 3113; x_wconf 87' lang='lat' dir='ltr'><em>mourut</em></span> <span class='ocrx_word' id='word_1_448' title='bbox 1942 3090 1986 3112; x_wconf 83' lang='lat' dir='ltr'><em>en</em></span> 
     </span>
     <span class='ocr_line' id='line_1_48' title="bbox 292 3132 1755 3177; baseline 0.003 -15"><span class='ocrx_word' id='word_1_449' title='bbox 292 3132 372 3162; x_wconf 70' lang='lat'><em>1361</em></span> <span class='ocrx_word' id='word_1_450' title='bbox 405 3132 547 3170; x_wconf 66' lang='lat' dir='ltr'><em>(1‚2‘ul›‹·1‚</em></span> <span class='ocrx_word' id='word_1_451' title='bbox 574 3134 798 3173; x_wconf 75' lang='lat' dir='ltr'><em>llicrarclu&#39;a‚</em></span> <span class='ocrx_word' id='word_1_452' title='bbox 822 3142 847 3167; x_wconf 82' lang='lat' dir='ltr'><em>t.</em></span> <span class='ocrx_word' id='word_1_453' title='bbox 869 3147 891 3174; x_wconf 79' lang='lat'><em>1,</em></span> <span class='ocrx_word' id='word_1_454' title='bbox 915 3147 949 3177; x_wconf 91' lang='lat' dir='ltr'><em>p.</em></span> <span class='ocrx_word' id='word_1_455' title='bbox 971 3135 1039 3168; x_wconf 74' lang='lat'><em>347</em></span> <span class='ocrx_word' id='word_1_456' title='bbox 1061 3141 1099 3167; x_wconf 88' lang='lat' dir='ltr'><em>et</em></span> <span class='ocrx_word' id='word_1_457' title='bbox 1118 3134 1224 3173; x_wconf 87' lang='lat' dir='ltr'><em>Albe,</em></span> <span class='ocrx_word' id='word_1_458' title='bbox 1246 3145 1302 3177; x_wconf 82' lang='lat' dir='ltr'><em>op.</em></span> <span class='ocrx_word' id='word_1_459' title='bbox 1325 3135 1396 3173; x_wconf 63' lang='lat' dir='ltr'><em>cit„</em></span> <span class='ocrx_word' id='word_1_460' title='bbox 1419 3140 1445 3167; x_wconf 86' lang='lat' dir='ltr'><em>t.</em></span> <span class='ocrx_word' id='word_1_461' title='bbox 1466 3146 1489 3174; x_wconf 83' lang='lat'><em>1,</em></span> <span class='ocrx_word' id='word_1_462' title='bbox 1512 3145 1546 3177; x_wconf 93' lang='lat' dir='ltr'><em>p.</em></span> <span class='ocrx_word' id='word_1_463' title='bbox 1571 3132 1755 3176; x_wconf 83' lang='lat'>219-220).</span> 
     </span>
    </p>
   </div>
  </div>
 </body>
</html>
