2083 3458
305 270 387 312 874
956 282 1108 307 NOTAE
1142 282 1204 307 AD
1239 282 1366 308 VITAs
1862 266 2015 322 [1360]

356 368 508 406 Factus
539 382 633 417 ergo
664 367 883 414 cardinalis
914 368 966 405 ab
997 367 1168 406 Urbano
1197 382 1306 406 anno
1336 368 1552 408 millesimo
1583 368 1925 416 CCCLXXVIII,
1955 367 2020 406 die

301 442 403 465 XVIII
417 426 679 477 septembris,
695 428 747 465 ab
762 443 808 466 eo
824 428 972 466 missus
987 426 1000 449 1
1016 436 1079 466 est
1092 427 1252 477 legatus
1267 427 1308 465 in
1324 427 1590 468 Germaniam
1607 428 1685 466 fine
1701 427 1888 478 ejusdem
1905 427 2017 467 anni.

304 487 340 525 Is
368 501 479 534 vero,
508 486 578 536 qui
604 487 646 524 in
673 487 1006 526 familiaritatem
1034 486 1178 525 Karoli
1203 487 1306 537 regis
1335 487 1533 526 Franciae
1559 495 1601 526 et
1628 487 1829 526 Ludovici
1855 486 2018 527 comitis

303 546 520 584 Flandriae
547 546 751 585 admissus
768 547 893 598 paulo
916 555 1014 585 ante
1032 547 1183 595 fuerat,
1200 547 1253 585 ad
1279 561 1346 585 eos
1364 561 1415 585 ex
1439 547 1585 585 itinere
1603 546 1767 597 scripsit
1783 546 1825 584 in
1842 546 2020 597 gratiam

304 605 478 653 Urbani,
498 615 547 644 ut
568 606 805 645 ostenderet
826 620 995 646 causam
1016 605 1123 644 illius
1143 621 1229 645 esse
1250 606 1475 647 meliorem.
1499 607 1661 645 Extant
1681 606 1879 658 epistolae
1900 606 1952 644 ab
1973 621 2020 644 eo

302 674 393 705 tum
411 665 590 715 scriptae
613 665 628 688 2
646 666 759 717 apud
780 666 1004 705 Odoricum
1025 666 1307 716 Raynaldum,
1327 680 1393 705 an.
1415 666 1531 714 1379,
1557 667 1573 716 ἓ
1593 666 1657 714 51,
1676 674 1718 705 et
1736 675 1850 706 tomo
1870 674 2020 716 quarto

303 725 514 775 spicilegii
542 725 803 780 Dacheriani,
827 741 868 776 p.
894 726 984 765 301.

356 785 504 823 Postea
523 785 769 824 continuato
786 785 932 824 itinere
949 785 1141 836 pervenit
1157 785 1198 823 in
1218 785 1496 833 Germaniam,
1515 785 1586 830 ubi
1604 785 1777 836 benigne
1795 793 2017 836 exceptum

301 859 396 884 eum
417 859 501 883 esse
524 845 645 883 docet
666 845 893 884 Menendus
915 844 1131 896 episcopus
1155 845 1428 884 Cordubensis
1451 845 1563 896 apud
1587 845 1810 886 Odoricum
1834 844 2016 895 Raynal—

302 904 414 951 dum,
443 918 508 943 an.
539 904 654 952 1379,
688 905 704 954 ἓ
732 905 795 944 46.
827 905 885 943 De
912 905 1032 943 rebus
1060 905 1112 942 ab
1139 905 1284 945 eodem
1315 905 1437 955 gestis
1465 920 1586 955 egens
1613 905 1840 944 monachus
1869 903 2014 943 Sancti

304 963 491 1013 Dionysii
506 963 521 986 3
540 963 610 1014 qui
635 965 769 1002 Vitam
788 965 931 1003 Karoli
956 965 1017 1003 VI
1034 964 1136 1015 regis
1159 965 1412 1004 Francorum
1430 964 1594 1015 scripsit
1613 964 1672 1003 ait
1703 964 1819 1005 illum
1837 964 1890 1002 ab
1909 963 2016 1002 anti-

301 1037 409 1074 papa
430 1024 597 1062 Urbano
615 1024 668 1062 ad
687 1024 991 1065 cardinalatum
1008 1033 1285 1075 assumptum,
1304 1024 1356 1062 ab
1374 1024 1519 1065 eodem
1536 1024 1717 1074 legatum
1737 1023 2016 1063 constitutum

302 1082 343 1120 in
366 1083 555 1133 partibus
581 1084 868 1131 Alamanniae,
893 1083 1137 1123 electionem
1162 1083 1262 1123 dicti
1288 1083 1447 1122 Urbani
1468 1084 1641 1134 justam,
1666 1093 1869 1131 sanctam,
1894 1097 2015 1122 cano-

302 1142 519 1193 nicamque
538 1144 786 1183 censendam
803 1143 965 1195 publice
982 1143 1254 1194 praedicasse.
1273 1144 1408 1182 Verba
1425 1144 1548 1194 hujus
1566 1143 1775 1195 scriptoris
1792 1143 2014 1182 referemus

301 1203 425 1252 paulo
458 1212 553 1253 post
585 1203 757 1254 integra.

356 1263 475 1301 Anno
494 1262 800 1301 MCCCLXXX
818 1263 1090 1301 Wenceslaus
1102 1263 1387 1303 Romanorum
1403 1271 1444 1301 et
1460 1262 1683 1302 Bohemiae
1700 1278 1773 1301 rex
1789 1277 1884 1303 cum
1902 1262 2014 1301 Pileo

303 1322 507 1360 cardinale
547 1323 791 1361 Ravennate
829 1322 1243 1373 splendidissimoque
1279 1323 1514 1373 principum
1550 1323 1774 1361 electorum
1811 1322 2015 1362 comitatu

303 1381 416 1419 venit
445 1382 717 1432 Maguntiam,
747 1383 893 1421 deinde
922 1382 1149 1431 Coloniam,
1176 1390 1386 1433 postremo
1414 1382 1734 1433 Aquisgranum.
1766 1383 1830 1420 Ita
1860 1382 2014 1420 Radul-

269 1460 272 1463 «
302 1442 407 1491 phus
438 1442 486 1480 de
519 1442 756 1493 Rivo,⁷cap.
788 1458 860 1480 XVI
895 1442 949 1493 [p.
980 1442 1046 1492 46]
1075 1443 1135 1480 De
1177 1442 1294 1492 gestis
1332 1443 1608 1493 episcoporum
1648 1442 1943 1491 Leodiensium,
1972 1449 2014 1480 et

302 1500 550 1540 Trithemius
574 1502 616 1540 in
639 1502 834 1540 Chronico
855 1502 1146 1552 Hir-saiigiensi
1174 1502 1220 1552 [t.
1243 1517 1284 1549 II,
1318 1517 1358 1552 p.
1383 1502 1493 1552 277).
1519 1503 1595 1541 Ρο1·
1616 1516 1662 1540 03
1693 1511 1896 1553 tempora,
1919 1515 2014 1541 cum

301 1561 413 1611 apud
442 1562 635 1601 eumdem
666 1562 953 1601 VVenceslaum
982 1570 1197 1612 urgeretur
1227 1561 1489 1612 congregatio
1522 1561 1682 1600 concilii
1712 1561 1908 1612 generalis
1939 1575 2013 1612 pro

302 1620 499 1670 sopiendo
520 1621 757 1668 schismate,
779 1621 820 1659 in
841 1636 1015 1671 eamque
1036 1636 1122 1660 rem
1143 1622 1324 1661 multum
1344 1621 1549 1660 instarent
1571 1621 1781 1672 Lupoldus
1804 1621 1890 1659 dux
1910 1621 2012 1659 Aus-

303 1680 403 1718 triae
424 1689 465 1725 et
487 1681 748 1719 VVenceslaus
771 1681 856 1719 dux
874 1681 1142 1728 Brabantiae,
1163 1681 1248 1731 ipse
1269 1695 1488 1732 persuasus
1510 1695 1532 1719 a
1564 1681 1770 1719 cardinale
1794 1680 2012 1720 Ravenna-

302 1739 408 1777 tensi
432 1740 640 1778 recusavit
663 1741 769 1779 hanc
794 1740 1089 1788 conditionem,
1116 1740 1267 1788 dicens,
1292 1749 1339 1778 ut
1363 1740 1504 1779 scribit
1529 1742 1674 1779 Petrus
1700 1741 1748 1779 de
1774 1741 2011 1787 Sortenaco,

302 1799 518 1837 cardinalis
541 1800 805 1848 Vivariensis,
828 1801 929 1850 quod
949 1801 1034 1851 ipse
1055 1801 1210 1838 nolebat
1230 1815 1297 1838 nec
1317 1801 1531 1838 concilium
1553 1801 1730 1850 generale
1751 1815 1818 1838 nec
1836 1800 2011 1851 particu-

302 1858 381 1896 lare
396 1858 423 1897 4.

353 1919 471 1956 Anno
502 1918 831 1957 MCCCLXXXI
861 1920 1071 1969 profectus
1100 1928 1163 1957 est
1192 1919 1234 1957 in
1263 1919 1455 1969 Angliam
1485 1934 1580 1959 cum
1609 1919 1711 1958 duce
1741 1918 1938 1958 Tarsiliae
1968 1927 2009 1957 et

301 1978 439 2016 multis
462 1978 667 2017 nobilibus
689 1994 739 2017 ex
758 1987 877 2029 parte
898 1979 1174 2030 imperatoris,
1195 1979 1407 2017 locuturus
1425 1979 1473 2017 de
1495 1978 1731 2017 conditione
1752 1977 2010 2019 matrimonii

301 2038 572 2076 contrahendi
612 2038 719 2077 inter
759 2053 940 2077 sororem
981 2039 1166 2089 ejusdem
1207 2038 1468 2089 imperatoris
1509 2047 1551 2077 et
1591 2053 1727 2089 regem
1762 2038 2008 2089 Anglorum3

302 2096 614 2147 VValsingham„
640 2098 685 2148 [t.
706 2113 732 2145 1,
751 2113 791 2148 p.
813 2098 922 2148 452]

353 2157 471 2194 Anno
494 2157 852 2205 MCCCLXXXV,
875 2172 966 2196 cum
992 2158 1184 2196 Urbanus
1208 2158 1264 2195 VI
1286 2157 1328 2195 in
1349 2172 1507 2196 carcere
1525 2157 1792 2196 detinebatur
1813 2171 1835 2195 a
1853 2156 2010 2195 Karolo

300 2215 348 2253 de
378 2216 497 2262 Pace,
527 2216 661 2255 Pileus
691 2216 795 2255 adiit
825 2217 1027 2256 Karolum
1055 2217 1167 2267 apud
1197 2217 1415 2267 Neapolim
1441 2225 1489 2255 ut
1517 2217 1781 2256 concordiam
1807 2216 1915 2255 inter
1941 2231 2008 2255 eos

298 2284 524 2314 revocaret.
547 2276 634 2324 Qua
653 2276 811 2315 ratione
830 2276 978 2327 agendi
995 2277 1036 2314 in
1054 2292 1094 2315 se
1114 2276 1341 2315 concitavit
1358 2276 1613 2327 suspicacem
1632 2276 1791 2315 Urbani
1808 2276 2007 2315 animum.

302 2334 363 2371 Ita
384 2335 605 2373 Gobelinus
625 2337 819 2384 Persona,
837 2345 975 2374 aetate
994 2338 1031 2383 6,
1049 2350 1138 2386 cap.
1159 2344 1394 2384 LXXV111,et
1412 2350 1462 2374 ex
1474 2351 1519 2374 eo
1536 2335 1733 2375 Odoricus
1751 2335 2008 2385 Raynaldus,

299 2407 364 2431 an.
388 2394 503 2437 1385
530 2395 546 2444 ἓ
567 2395 602 2433 5.

352 2453 496 2491 Merito
516 2463 658 2494 autem
677 2463 869 2505 suspecta
889 2470 974 2493 esse
995 2454 1139 2493 debuit
1160 2455 1329 2493 Urbano
1348 2469 1394 2493 ea
1416 2442 1647 2505 diligentia.
1667 2454 1827 2505 Quippe
1848 2462 2007 2492 certum

348 2584 376 2616 1.
402 2583 472 2616 Sur
495 2591 593 2617 cette
618 2585 857 2625 ambassade,
881 2585 963 2618 voir
985 2585 1025 2619 L.
1052 2586 1220 2618 Zanutto
1247 2585 1297 2628 (Il
1317 2585 1505 2618 cardinale
1525 2585 1630 2618 Pileo
1653 2586 1699 2618 da
1719 2585 1836 2618 Prata
1856 2585 1925 2617 ela
1937 2595 2008 2617 sua

297 2636 480 2678 legazione
494 2639 533 2670 in
561 2638 771 2678 Germania,
789 2639 921 2673 13784
930 2640 1012 2679 382,
1027 2639 1162 2679 Udine,
1176 2639 1299 2683 1901),
1319 2639 1365 2672 K.
1386 2638 1637 2682 Guggenberg
1656 2638 1737 2681 (Die
1751 2638 1932 2681 Legation
1947 2638 2008 2671 des

296 2688 501 2723 Kczrdinals
514 2691 643 2724 Pilezis
660 2692 699 2725 in
711 2692 973 2733 Deutschland,
998 2692 1218 2732 1378-1382,
1233 2691 1401 2732 Munich,
1419 2691 1543 2736 1907),
1563 2691 1607 2735 N.
1622 2691 1749 2725 Valois
1770 2691 1809 2735 (t.
1823 2703 1847 2731 1,
1865 2702 1899 2734 p.
1923 2691 2005 2731 260,

297 2742 375 2781 272,
405 2744 485 2783 285,
514 2745 701 2788 294-295),
730 2745 771 2778 O.
802 2745 1060 2789 Grillnberger'
1085 2745 1254 2789 (Studien
1280 2746 1357 2779 und
1380 2745 1670 2788 Mittheilungen
1694 2756 1763 2778 aas
1789 2745 1867 2778 dem
1890 2744 2007 2777 Bene·

297 2795 453 2828 (ΗΛ-ωηεν
474 2798 550 2830 und
569 2798 883 2838 Cistercienorcler,
906 2806 932 2832 t.
956 2811 1022 2831 XVI
1049 2798 1182 2843 (1895),
1205 2810 1239 2842 p.
1263 2799 1450 2843 277-278),
1475 2798 1615 2831 Krofta
1639 2798 1745 2842 (Acta
1768 2798 1913 2831 Urbani
1936 2797 2004 2837 VI,

298 2847 354 2879 1¹1
348 2861 452 2891 igue,
484 2850 585 2890 1903
613 2863 647 2884 n.
675 2852 748 2894 40).
778 2852 859 2884 Une
884 2852 985 2885 bulle
1012 2853 1061 2884 du
1087 2853 1131 2885 29
1156 2852 1372 2896 septembre
1397 2852 1491 2885 1378
1517 2852 1645 2884 donna
1674 2851 1774 2884 aussi
1798 2850 1960 2895 pouvoir
1984 2850 2006 2882 ὲ

297 2899 370 2932 111
363 2913 396 2933 o
417 2877 460 2934 (10
479 2914 515 2935 se
535 2878 668 2937 rciidrc
688 2917 733 2937 cn
746 2905 978 2945 Danemark,
999 2917 1045 2938 en
1063 2905 1185 2939 Suede
1204 2911 1242 2938 et
1258 2917 1304 2938 en
1324 2905 1496 2948 Norvege
1518 2905 1570 2948 (L.
1586 2904 1783 2944 Moltesen,
1797 2905 1893 2937 Acta
1906 2904 2007 2937 Pon-

295 2953 436 2995 tisinum
457 2955 616 2996 Dacha
644 2957 909 3002 Copenhague,
936 2959 1043 2999 1904,
1070 2971 1105 2992 n.
1132 2958 1231 3003 761).

345 3007 452 3039 ῌ,113
475 3009 584 3042 lettre
609 3010 652 3043 de
677 3010 778 3043 Pileo
803 3012 890 3044 date
914 3012 958 3045 de
981 3013 1075 3046 1378
1099 3018 1137 3045 et
1159 3023 1235 3045 non
1259 3012 1303 3045 de
1325 3012 1432 3051 1379,
1457 3023 1603 3044 comme
1626 3011 1674 3043 l'a
1706 3010 1827 3044 admis
1852 3009 2005 3043 Rinaldi

298 3058 355 3100 (N.
379 3060 517 3097 Valois
540 3073 596 3105 op.
620 3064 690 3103 cil„
715 3070 740 3097 t.
762 3076 786 3104 I,
810 3076 844 3108 p.
867 3065 965 3109 123).

342 3114 373 3145 3
404 3113 531 3146 1301130
511 3121 609 3157 0,11οῐ
640 3121 666 3149 t
694 3128 717 3156 1,
748 3129 782 3161 p.
813 3118 894 3151 502.

342 3166 373 3198 4.
404 3166 552 3206 Baluze,
583 3174 609 3201 t.
638 3181 689 3208 xv,
720 3181 754 3213 p.
786 3170 866 3204 211.
