<?xml version="1.0" encoding="UTF-8"?>
<!DOCTYPE html PUBLIC "-//W3C//DTD XHTML 1.0 Transitional//EN"
    "http://www.w3.org/TR/xhtml1/DTD/xhtml1-transitional.dtd">
<html xmlns="http://www.w3.org/1999/xhtml" xml:lang="en" lang="en">
 <head>
  <title>
</title>
<meta http-equiv="Content-Type" content="text/html;charset=utf-8" />
  <meta name='ocr-system' content='tesseract 3.04.00' />
  <meta name='ocr-capabilities' content='ocr_page ocr_carea ocr_par ocr_line ocrx_word'/>
</head>
<body>
  <div class='ocr_page' id='page_1' title='image "./vitaepaparumaven02balu_0717.png"; bbox 0 0 2083 3458; ppageno 0'>
   <div class='ocr_carea' id='block_1_1' title="bbox 114 216 1799 272">
    <p class='ocr_par' dir='ltr' id='par_1_1' title="bbox 114 216 1799 272">
     <span class='ocr_line' id='line_1_1' title="bbox 114 216 1799 272; baseline 0.006 -15"><span class='ocrx_word' id='word_1_1' title='bbox 114 216 254 272; x_wconf 73' lang='grc'>[1188]</span> <span class='ocrx_word' id='word_1_2' title='bbox 644 236 857 261; x_wconf 77' lang='lat' dir='ltr'><strong>PAPARUM</strong></span> <span class='ocrx_word' id='word_1_3' title='bbox 894 237 1275 263; x_wconf 79' lang='lat' dir='ltr'><strong>AVENIONENSIUM</strong></span> <span class='ocrx_word' id='word_1_4' title='bbox 1722 227 1799 267; x_wconf 79' lang='grc'>707</span> 
     </span>
    </p>
   </div>
   <div class='ocr_carea' id='block_1_2' title="bbox 74 310 1800 3027">
    <p class='ocr_par' dir='ltr' id='par_1_2' title="bbox 74 310 1800 3027">
     <span class='ocr_line' id='line_1_2' title="bbox 103 310 1800 370; baseline 0.006 -19"><span class='ocrx_word' id='word_1_5' title='bbox 103 314 393 362; x_wconf 86' lang='lat' dir='ltr'>Tirasonensis,</span> <span class='ocrx_word' id='word_1_6' title='bbox 415 315 456 352; x_wconf 78' lang='lat' dir='ltr'>iu</span> <span class='ocrx_word' id='word_1_7' title='bbox 477 317 736 366; x_wconf 80' lang='lat' dir='ltr'>responsione</span> <span class='ocrx_word' id='word_1_8' title='bbox 758 318 809 354; x_wconf 91' lang='lat' dir='ltr'>ad</span> <span class='ocrx_word' id='word_1_9' title='bbox 831 310 1050 357; x_wconf 87' lang='lat' dir='ltr'>articulum</span> <span class='ocrx_word' id='word_1_10' title='bbox 1071 318 1119 356; x_wconf 83' lang='lat'>65</span> <span class='ocrx_word' id='word_1_11' title='bbox 1140 333 1255 357; x_wconf 85' lang='lat' dir='ltr'>casus</span> <span class='ocrx_word' id='word_1_12' title='bbox 1285 320 1405 370; x_wconf 88' lang='lat' dir='ltr'>primi</span> <span class='ocrx_word' id='word_1_13' title='bbox 1434 321 1550 359; x_wconf 89' lang='lat' dir='ltr'>electi</span> <span class='ocrx_word' id='word_1_14' title='bbox 1570 323 1584 351; x_wconf 25' lang='lat'>1,</span> <span class='ocrx_word' id='word_1_15' title='bbox 1606 338 1612 359; x_wconf 91' lang='lat'>:</span> <span class='ocrx_word' id='word_1_16' title='bbox 1636 339 1649 357; x_wconf 85' lang='lat'>«</span> <span class='ocrx_word' id='word_1_17' title='bbox 1676 324 1800 361; x_wconf 88' lang='lat' dir='ltr'>Inter-</span> 
     </span>
     <span class='ocr_line' id='line_1_3' title="bbox 101 375 1798 431; baseline 0.005 -20"><span class='ocrx_word' id='word_1_18' title='bbox 101 382 267 423; x_wconf 79' lang='lat' dir='ltr'>rogatus</span> <span class='ocrx_word' id='word_1_19' title='bbox 287 388 408 424; x_wconf 88' lang='lat' dir='ltr'>super</span> <span class='ocrx_word' id='word_1_20' title='bbox 427 389 509 411; x_wconf 83' lang='lat' dir='ltr'>va</span> <span class='ocrx_word' id='word_1_21' title='bbox 530 375 634 413; x_wconf 83' lang='lat' dir='ltr'>dixit</span> <span class='ocrx_word' id='word_1_22' title='bbox 654 377 760 425; x_wconf 92' lang='lat' dir='ltr'>quod</span> <span class='ocrx_word' id='word_1_23' title='bbox 782 377 857 414; x_wconf 89' lang='lat' dir='ltr'>hoc</span> <span class='ocrx_word' id='word_1_24' title='bbox 877 377 952 415; x_wconf 87' lang='lat' dir='ltr'>scit</span> <span class='ocrx_word' id='word_1_25' title='bbox 972 378 1019 415; x_wconf 92' lang='lat' dir='ltr'>de</span> <span class='ocrx_word' id='word_1_26' title='bbox 1036 378 1238 416; x_wconf 89' lang='lat' dir='ltr'>contentis</span> <span class='ocrx_word' id='word_1_27' title='bbox 1257 378 1299 416; x_wconf 91' lang='lat' dir='ltr'>in</span> <span class='ocrx_word' id='word_1_28' title='bbox 1317 379 1503 427; x_wconf 85' lang='lat' dir='ltr'>articulo,</span> <span class='ocrx_word' id='word_1_29' title='bbox 1523 381 1674 419; x_wconf 83' lang='lat' dir='ltr'>scilicet</span> <span class='ocrx_word' id='word_1_30' title='bbox 1691 383 1798 431; x_wconf 76' lang='lat' dir='ltr'>quod</span> 
     </span>
     <span class='ocr_line' id='line_1_4' title="bbox 102 432 1797 487; baseline 0.005 -18"><span class='ocrx_word' id='word_1_31' title='bbox 102 432 211 471; x_wconf 89' lang='lat' dir='ltr'>dicta</span> <span class='ocrx_word' id='word_1_32' title='bbox 245 433 307 471; x_wconf 89' lang='lat' dir='ltr'>die</span> <span class='ocrx_word' id='word_1_33' title='bbox 340 433 496 471; x_wconf 84' lang='lat' dir='ltr'>veneris</span> <span class='ocrx_word' id='word_1_34' title='bbox 530 435 627 472; x_wconf 90' lang='lat' dir='ltr'>hora</span> <span class='ocrx_word' id='word_1_35' title='bbox 660 435 790 485; x_wconf 89' lang='lat' dir='ltr'>prima</span> <span class='ocrx_word' id='word_1_36' title='bbox 824 436 887 473; x_wconf 88' lang='lat' dir='ltr'>vel</span> <span class='ocrx_word' id='word_1_37' title='bbox 919 436 1122 474; x_wconf 90' lang='lat' dir='ltr'>modicum</span> <span class='ocrx_word' id='word_1_38' title='bbox 1157 437 1261 487; x_wconf 85' lang='lat' dir='ltr'>plus,</span> <span class='ocrx_word' id='word_1_39' title='bbox 1295 453 1384 475; x_wconf 91' lang='lat' dir='ltr'>cum</span> <span class='ocrx_word' id='word_1_40' title='bbox 1419 439 1550 477; x_wconf 87' lang='lat' dir='ltr'>dictus</span> <span class='ocrx_word' id='word_1_41' title='bbox 1585 441 1797 479; x_wconf 85' lang='lat' dir='ltr'>cardinalis</span> 
     </span>
     <span class='ocr_line' id='line_1_5' title="bbox 104 492 1797 545; baseline 0.005 -16"><span class='ocrx_word' id='word_1_42' title='bbox 104 492 167 536; x_wconf 86' lang='lat' dir='ltr'>(de</span> <span class='ocrx_word' id='word_1_43' title='bbox 192 493 322 541; x_wconf 86' lang='lat' dir='ltr'>Luna)</span> <span class='ocrx_word' id='word_1_44' title='bbox 347 492 534 531; x_wconf 89' lang='lat' dir='ltr'>dominus</span> <span class='ocrx_word' id='word_1_45' title='bbox 558 508 652 531; x_wconf 91' lang='lat' dir='ltr'>suus</span> <span class='ocrx_word' id='word_1_46' title='bbox 676 503 781 532; x_wconf 91' lang='lat' dir='ltr'>esset</span> <span class='ocrx_word' id='word_1_47' title='bbox 802 494 843 532; x_wconf 88' lang='lat' dir='ltr'>in</span> <span class='ocrx_word' id='word_1_48' title='bbox 865 495 969 533; x_wconf 91' lang='lat' dir='ltr'>lecto</span> <span class='ocrx_word' id='word_1_49' title='bbox 991 504 1032 533; x_wconf 91' lang='lat' dir='ltr'>et</span> <span class='ocrx_word' id='word_1_50' title='bbox 1054 496 1237 534; x_wconf 92' lang='lat' dir='ltr'>nondum</span> <span class='ocrx_word' id='word_1_51' title='bbox 1258 506 1502 545; x_wconf 81' lang='lat' dir='ltr'>surrexerat,</span> <span class='ocrx_word' id='word_1_52' title='bbox 1525 509 1725 537; x_wconf 83' lang='lat' dir='ltr'>venerunt</span> <span class='ocrx_word' id='word_1_53' title='bbox 1747 500 1797 537; x_wconf 88' lang='lat' dir='ltr'>ad</span> 
     </span>
     <span class='ocr_line' id='line_1_6' title="bbox 101 551 1797 607; baseline 0.004 -18"><span class='ocrx_word' id='word_1_54' title='bbox 101 565 195 589; x_wconf 88' lang='lat' dir='ltr'>eum</span> <span class='ocrx_word' id='word_1_55' title='bbox 226 551 306 589; x_wconf 91' lang='lat' dir='ltr'>duo</span> <span class='ocrx_word' id='word_1_56' title='bbox 338 551 501 598; x_wconf 81' lang='lat' dir='ltr'>milites,</span> <span class='ocrx_word' id='word_1_57' title='bbox 534 567 637 590; x_wconf 89' lang='lat' dir='ltr'>unus</span> <span class='ocrx_word' id='word_1_58' title='bbox 673 553 981 603; x_wconf 89' lang='lat' dir='ltr'>Neapolitanus,</span> <span class='ocrx_word' id='word_1_59' title='bbox 1015 555 1062 592; x_wconf 92' lang='lat' dir='ltr'>de</span> <span class='ocrx_word' id='word_1_60' title='bbox 1096 555 1209 604; x_wconf 86' lang='lat' dir='ltr'>cujus</span> <span class='ocrx_word' id='word_1_61' title='bbox 1242 556 1403 594; x_wconf 89' lang='lat' dir='ltr'>nomine</span> <span class='ocrx_word' id='word_1_62' title='bbox 1436 571 1517 594; x_wconf 91' lang='lat' dir='ltr'>non</span> <span class='ocrx_word' id='word_1_63' title='bbox 1547 559 1797 607; x_wconf 78' lang='lat' dir='ltr'>recordatur,</span> 
     </span>
     <span class='ocr_line' id='line_1_7' title="bbox 100 610 1797 666; baseline 0.005 -19"><span class='ocrx_word' id='word_1_64' title='bbox 100 618 140 648; x_wconf 89' lang='lat' dir='ltr'>et</span> <span class='ocrx_word' id='word_1_65' title='bbox 169 610 270 648; x_wconf 87' lang='lat' dir='ltr'>alius</span> <span class='ocrx_word' id='word_1_66' title='bbox 303 610 512 648; x_wconf 80' lang='lat' dir='ltr'>Romanus</span> <span class='ocrx_word' id='word_1_67' title='bbox 544 621 713 650; x_wconf 74' lang='lat' dir='ltr'>vocatus</span> <span class='ocrx_word' id='word_1_68' title='bbox 744 613 932 651; x_wconf 88' lang='lat' dir='ltr'>dominus</span> <span class='ocrx_word' id='word_1_69' title='bbox 965 614 1206 652; x_wconf 78' lang='lat' dir='ltr'>Laurentius</span> <span class='ocrx_word' id='word_1_70' title='bbox 1237 615 1285 652; x_wconf 90' lang='lat' dir='ltr'>de</span> <span class='ocrx_word' id='word_1_71' title='bbox 1316 615 1535 665; x_wconf 78' lang='lat' dir='ltr'>Sangrinis,</span> <span class='ocrx_word' id='word_1_72' title='bbox 1567 617 1635 666; x_wconf 89' lang='lat' dir='ltr'>qui</span> <span class='ocrx_word' id='word_1_73' title='bbox 1666 618 1797 656; x_wconf 86' lang='lat' dir='ltr'>fuerat</span> 
     </span>
     <span class='ocr_line' id='line_1_8' title="bbox 97 669 1797 727; baseline 0.005 -21"><span class='ocrx_word' id='word_1_74' title='bbox 97 669 150 706; x_wconf 91' lang='lat' dir='ltr'>ad</span> <span class='ocrx_word' id='word_1_75' title='bbox 171 669 399 708; x_wconf 84' lang='lat' dir='ltr'>custodiam</span> <span class='ocrx_word' id='word_1_76' title='bbox 423 671 646 717; x_wconf 66' lang='lat' dir='ltr'>conclavis3</span> <span class='ocrx_word' id='word_1_77' title='bbox 668 680 722 718; x_wconf 87' lang='lat' dir='ltr'>et,</span> <span class='ocrx_word' id='word_1_78' title='bbox 744 680 790 709; x_wconf 93' lang='lat' dir='ltr'>ut</span> <span class='ocrx_word' id='word_1_79' title='bbox 810 672 886 722; x_wconf 86' lang='lat' dir='ltr'>ipsi</span> <span class='ocrx_word' id='word_1_80' title='bbox 908 672 1113 719; x_wconf 84' lang='lat' dir='ltr'>dicebant,</span> <span class='ocrx_word' id='word_1_81' title='bbox 1135 673 1356 712; x_wconf 86' lang='lat' dir='ltr'>veniebant</span> <span class='ocrx_word' id='word_1_82' title='bbox 1376 689 1426 712; x_wconf 85' lang='lat' dir='ltr'>ex</span> <span class='ocrx_word' id='word_1_83' title='bbox 1446 683 1561 724; x_wconf 92' lang='lat' dir='ltr'>parte</span> <span class='ocrx_word' id='word_1_84' title='bbox 1582 676 1797 727; x_wconf 89' lang='lat' dir='ltr'>archiepis-</span> 
     </span>
     <span class='ocr_line' id='line_1_9' title="bbox 98 728 1797 783; baseline 0.004 -17"><span class='ocrx_word' id='word_1_85' title='bbox 98 728 187 778; x_wconf 84' lang='lat' dir='ltr'>copi</span> <span class='ocrx_word' id='word_1_86' title='bbox 210 729 398 767; x_wconf 86' lang='lat' dir='ltr'>Barensis</span> <span class='ocrx_word' id='word_1_87' title='bbox 423 729 476 766; x_wconf 92' lang='lat' dir='ltr'>ad</span> <span class='ocrx_word' id='word_1_88' title='bbox 499 730 749 779; x_wconf 85' lang='lat' dir='ltr'>loquendum</span> <span class='ocrx_word' id='word_1_89' title='bbox 775 745 865 769; x_wconf 86' lang='lat' dir='ltr'>cum</span> <span class='ocrx_word' id='word_1_90' title='bbox 892 732 1002 769; x_wconf 89' lang='lat' dir='ltr'>dicto</span> <span class='ocrx_word' id='word_1_91' title='bbox 1027 732 1234 770; x_wconf 85' lang='lat' dir='ltr'>cardinali.</span> <span class='ocrx_word' id='word_1_92' title='bbox 1263 733 1315 770; x_wconf 87' lang='lat' dir='ltr'>Et</span> <span class='ocrx_word' id='word_1_93' title='bbox 1339 733 1422 783; x_wconf 90' lang='lat' dir='ltr'>ipse</span> <span class='ocrx_word' id='word_1_94' title='bbox 1448 734 1661 773; x_wconf 87' lang='lat' dir='ltr'>cardinalis</span> <span class='ocrx_word' id='word_1_95' title='bbox 1688 735 1797 773; x_wconf 84' lang='lat' dir='ltr'>misit</span> 
     </span>
     <span class='ocr_line' id='line_1_10' title="bbox 97 787 1796 841; baseline 0.004 -16"><span class='ocrx_word' id='word_1_96' title='bbox 97 802 170 837; x_wconf 91' lang='lat' dir='ltr'>pro</span> <span class='ocrx_word' id='word_1_97' title='bbox 190 787 270 826; x_wconf 88' lang='lat' dir='ltr'>isto</span> <span class='ocrx_word' id='word_1_98' title='bbox 291 796 410 835; x_wconf 88' lang='lat' dir='ltr'>teste,</span> <span class='ocrx_word' id='word_1_99' title='bbox 433 797 474 826; x_wconf 90' lang='lat' dir='ltr'>et</span> <span class='ocrx_word' id='word_1_100' title='bbox 496 789 599 826; x_wconf 85' lang='lat' dir='ltr'>dixit</span> <span class='ocrx_word' id='word_1_101' title='bbox 621 789 697 827; x_wconf 88' lang='lat' dir='ltr'>sibi</span> <span class='ocrx_word' id='word_1_102' title='bbox 720 790 828 839; x_wconf 87' lang='lat' dir='ltr'>quod</span> <span class='ocrx_word' id='word_1_103' title='bbox 850 790 978 828; x_wconf 87' lang='lat' dir='ltr'>exiret</span> <span class='ocrx_word' id='word_1_104' title='bbox 999 791 1051 828; x_wconf 92' lang='lat' dir='ltr'>ad</span> <span class='ocrx_word' id='word_1_105' title='bbox 1073 806 1138 829; x_wconf 93' lang='lat' dir='ltr'>eos</span> <span class='ocrx_word' id='word_1_106' title='bbox 1160 792 1212 828; x_wconf 91' lang='lat' dir='ltr'>ad</span> <span class='ocrx_word' id='word_1_107' title='bbox 1232 792 1511 830; x_wconf 87' lang='lat' dir='ltr'>excusandum</span> <span class='ocrx_word' id='word_1_108' title='bbox 1533 808 1639 841; x_wconf 91' lang='lat' dir='ltr'>eum,</span> <span class='ocrx_word' id='word_1_109' title='bbox 1661 794 1796 832; x_wconf 88' lang='lat' dir='ltr'>dicens</span> 
     </span>
     <span class='ocr_line' id='line_1_11' title="bbox 97 847 1796 901; baseline 0.004 -17"><span class='ocrx_word' id='word_1_110' title='bbox 97 847 206 896; x_wconf 89' lang='lat' dir='ltr'>quod</span> <span class='ocrx_word' id='word_1_111' title='bbox 227 847 432 885; x_wconf 86' lang='lat' dir='ltr'>sentiebat</span> <span class='ocrx_word' id='word_1_112' title='bbox 451 863 490 885; x_wconf 87' lang='lat' dir='ltr'>se</span> <span class='ocrx_word' id='word_1_113' title='bbox 511 848 614 886; x_wconf 90' lang='lat' dir='ltr'>male</span> <span class='ocrx_word' id='word_1_114' title='bbox 634 857 674 886; x_wconf 86' lang='lat' dir='ltr'>et</span> <span class='ocrx_word' id='word_1_115' title='bbox 694 857 781 887; x_wconf 88' lang='lat' dir='ltr'>erat</span> <span class='ocrx_word' id='word_1_116' title='bbox 800 849 840 886; x_wconf 92' lang='lat' dir='ltr'>in</span> <span class='ocrx_word' id='word_1_117' title='bbox 859 850 978 896; x_wconf 86' lang='lat' dir='ltr'>lecto,</span> <span class='ocrx_word' id='word_1_118' title='bbox 998 858 1038 887; x_wconf 87' lang='lat' dir='ltr'>et</span> <span class='ocrx_word' id='word_1_119' title='bbox 1058 850 1167 899; x_wconf 90' lang='lat' dir='ltr'>quod</span> <span class='ocrx_word' id='word_1_120' title='bbox 1187 865 1267 887; x_wconf 92' lang='lat' dir='ltr'>non</span> <span class='ocrx_word' id='word_1_121' title='bbox 1286 859 1478 901; x_wconf 85' lang='lat' dir='ltr'>poterant</span> <span class='ocrx_word' id='word_1_122' title='bbox 1497 852 1606 901; x_wconf 86' lang='lat' dir='ltr'>loqui</span> <span class='ocrx_word' id='word_1_123' title='bbox 1627 867 1716 890; x_wconf 87' lang='lat' dir='ltr'>cum</span> <span class='ocrx_word' id='word_1_124' title='bbox 1737 867 1796 891; x_wconf 69' lang='lat' dir='ltr'>eo.</span> 
     </span>
     <span class='ocr_line' id='line_1_12' title="bbox 97 905 1796 960; baseline 0.004 -17"><span class='ocrx_word' id='word_1_125' title='bbox 97 905 251 944; x_wconf 86' lang='lat' dir='ltr'>Tamen</span> <span class='ocrx_word' id='word_1_126' title='bbox 269 915 388 944; x_wconf 89' lang='lat' dir='ltr'>tanta</span> <span class='ocrx_word' id='word_1_127' title='bbox 408 907 487 944; x_wconf 85' lang='lat' dir='ltr'>fuit</span> <span class='ocrx_word' id='word_1_128' title='bbox 505 906 796 957; x_wconf 84' lang='lat' dir='ltr'>importunitas</span> <span class='ocrx_word' id='word_1_129' title='bbox 816 922 956 948; x_wconf 87' lang='lat' dir='ltr'>eorum</span> <span class='ocrx_word' id='word_1_130' title='bbox 976 909 1085 958; x_wconf 85' lang='lat' dir='ltr'>quod</span> <span class='ocrx_word' id='word_1_131' title='bbox 1106 910 1289 959; x_wconf 84' lang='lat' dir='ltr'>oportuit</span> <span class='ocrx_word' id='word_1_132' title='bbox 1308 924 1398 948; x_wconf 92' lang='lat' dir='ltr'>eum</span> <span class='ocrx_word' id='word_1_133' title='bbox 1419 925 1578 960; x_wconf 81' lang='lat' dir='ltr'>surgere</span> <span class='ocrx_word' id='word_1_134' title='bbox 1598 920 1638 949; x_wconf 89' lang='lat' dir='ltr'>et</span> <span class='ocrx_word' id='word_1_135' title='bbox 1657 912 1796 949; x_wconf 89' lang='lat' dir='ltr'>audire</span> 
     </span>
     <span class='ocr_line' id='line_1_13' title="bbox 96 965 1796 1016; baseline 0.002 -13"><span class='ocrx_word' id='word_1_136' title='bbox 96 979 176 1003; x_wconf 87' lang='lat' dir='ltr'>eos.</span> <span class='ocrx_word' id='word_1_137' title='bbox 207 965 261 1003; x_wconf 85' lang='lat' dir='ltr'>Et</span> <span class='ocrx_word' id='word_1_138' title='bbox 287 974 381 1016; x_wconf 89' lang='lat' dir='ltr'>post</span> <span class='ocrx_word' id='word_1_139' title='bbox 408 966 615 1005; x_wconf 88' lang='lat' dir='ltr'>modicum</span> <span class='ocrx_word' id='word_1_140' title='bbox 643 967 837 1016; x_wconf 86' lang='lat' dir='ltr'>spatium,</span> <span class='ocrx_word' id='word_1_141' title='bbox 867 982 959 1006; x_wconf 87' lang='lat' dir='ltr'>cum</span> <span class='ocrx_word' id='word_1_142' title='bbox 986 968 1225 1007; x_wconf 81' lang='lat' dir='ltr'>surrexisset</span> <span class='ocrx_word' id='word_1_143' title='bbox 1253 968 1385 1007; x_wconf 88' lang='lat' dir='ltr'>dictus</span> <span class='ocrx_word' id='word_1_144' title='bbox 1414 970 1643 1016; x_wconf 87' lang='lat' dir='ltr'>cardinalis,</span> <span class='ocrx_word' id='word_1_145' title='bbox 1672 971 1796 1009; x_wconf 88' lang='lat' dir='ltr'>locuti</span> 
     </span>
     <span class='ocr_line' id='line_1_14' title="bbox 96 1026 1797 1077; baseline 0.004 -16"><span class='ocrx_word' id='word_1_146' title='bbox 96 1033 192 1062; x_wconf 88' lang='lat' dir='ltr'>sunt</span> <span class='ocrx_word' id='word_1_147' title='bbox 213 1039 306 1064; x_wconf 88' lang='lat' dir='ltr'>cum</span> <span class='ocrx_word' id='word_1_148' title='bbox 327 1040 386 1072; x_wconf 89' lang='lat' dir='ltr'>eo,</span> <span class='ocrx_word' id='word_1_149' title='bbox 409 1034 449 1063; x_wconf 87' lang='lat' dir='ltr'>et</span> <span class='ocrx_word' id='word_1_150' title='bbox 470 1026 663 1063; x_wconf 84' lang='lat' dir='ltr'>dixerunt</span> <span class='ocrx_word' id='word_1_151' title='bbox 683 1026 772 1072; x_wconf 90' lang='lat' dir='ltr'>sibi,</span> <span class='ocrx_word' id='word_1_152' title='bbox 795 1035 841 1064; x_wconf 89' lang='lat' dir='ltr'>ut</span> <span class='ocrx_word' id='word_1_153' title='bbox 863 1027 966 1064; x_wconf 83' lang='lat' dir='ltr'>dixit</span> <span class='ocrx_word' id='word_1_154' title='bbox 987 1027 1062 1065; x_wconf 91' lang='lat' dir='ltr'>iste</span> <span class='ocrx_word' id='word_1_155' title='bbox 1084 1028 1214 1074; x_wconf 88' lang='lat' dir='ltr'>testis,</span> <span class='ocrx_word' id='word_1_156' title='bbox 1237 1028 1346 1077; x_wconf 89' lang='lat' dir='ltr'>quod</span> <span class='ocrx_word' id='word_1_157' title='bbox 1367 1029 1580 1066; x_wconf 87' lang='lat' dir='ltr'>cardinalis</span> <span class='ocrx_word' id='word_1_158' title='bbox 1602 1030 1797 1067; x_wconf 86' lang='lat' dir='ltr'>retulerat</span> 
     </span>
     <span class='ocr_line' id='line_1_15' title="bbox 94 1083 1795 1135; baseline 0.004 -15"><span class='ocrx_word' id='word_1_159' title='bbox 94 1083 171 1121; x_wconf 84' lang='lat' dir='ltr'>sibi</span> <span class='ocrx_word' id='word_1_160' title='bbox 200 1084 343 1121; x_wconf 88' lang='lat' dir='ltr'>statim</span> <span class='ocrx_word' id='word_1_161' title='bbox 372 1093 418 1122; x_wconf 90' lang='lat' dir='ltr'>ut</span> <span class='ocrx_word' id='word_1_162' title='bbox 447 1094 699 1123; x_wconf 87' lang='lat' dir='ltr'>recesserunt</span> <span class='ocrx_word' id='word_1_163' title='bbox 728 1085 827 1123; x_wconf 89' lang='lat' dir='ltr'>dicti</span> <span class='ocrx_word' id='word_1_164' title='bbox 857 1086 1006 1132; x_wconf 89' lang='lat' dir='ltr'>nuncii,</span> <span class='ocrx_word' id='word_1_165' title='bbox 1036 1086 1115 1124; x_wconf 91' lang='lat' dir='ltr'>ista</span> <span class='ocrx_word' id='word_1_166' title='bbox 1144 1087 1208 1124; x_wconf 90' lang='lat' dir='ltr'>vel</span> <span class='ocrx_word' id='word_1_167' title='bbox 1237 1086 1381 1124; x_wconf 88' lang='lat' dir='ltr'>similia</span> <span class='ocrx_word' id='word_1_168' title='bbox 1412 1088 1535 1125; x_wconf 86' lang='lat' dir='ltr'>verba</span> <span class='ocrx_word' id='word_1_169' title='bbox 1564 1088 1605 1125; x_wconf 89' lang='grc'>111</span> <span class='ocrx_word' id='word_1_170' title='bbox 1633 1089 1795 1135; x_wconf 79' lang='lat' dir='ltr'>effectu,</span> 
     </span>
     <span class='ocr_line' id='line_1_16' title="bbox 96 1143 1796 1197; baseline 0.002 -17"><span class='ocrx_word' id='word_1_171' title='bbox 96 1143 206 1191; x_wconf 89' lang='lat' dir='ltr'>quod</span> <span class='ocrx_word' id='word_1_172' title='bbox 226 1144 399 1193; x_wconf 81' lang='lat' dir='ltr'>rogabat</span> <span class='ocrx_word' id='word_1_173' title='bbox 420 1158 510 1181; x_wconf 91' lang='lat' dir='ltr'>eum</span> <span class='ocrx_word' id='word_1_174' title='bbox 534 1144 666 1182; x_wconf 88' lang='lat' dir='ltr'>dictus</span> <span class='ocrx_word' id='word_1_175' title='bbox 688 1144 1014 1194; x_wconf 86' lang='lat' dir='ltr'>archiepiscopus</span> <span class='ocrx_word' id='word_1_176' title='bbox 1038 1145 1144 1194; x_wconf 87' lang='lat' dir='ltr'>quod</span> <span class='ocrx_word' id='word_1_177' title='bbox 1168 1146 1290 1183; x_wconf 84' lang='lat' dir='ltr'>vellet</span> <span class='ocrx_word' id='word_1_178' title='bbox 1310 1146 1364 1183; x_wconf 90' lang='lat' dir='ltr'>ire</span> <span class='ocrx_word' id='word_1_179' title='bbox 1391 1146 1442 1183; x_wconf 91' lang='lat' dir='ltr'>ad</span> <span class='ocrx_word' id='word_1_180' title='bbox 1466 1147 1667 1196; x_wconf 86' lang='lat' dir='ltr'>palatium</span> <span class='ocrx_word' id='word_1_181' title='bbox 1692 1161 1796 1197; x_wconf 85' lang='lat' dir='ltr'>pape</span> 
     </span>
     <span class='ocr_line' id='line_1_17' title="bbox 96 1202 1795 1254; baseline 0.002 -15"><span class='ocrx_word' id='word_1_182' title='bbox 96 1202 206 1251; x_wconf 89' lang='lat' dir='ltr'>quod</span> <span class='ocrx_word' id='word_1_183' title='bbox 228 1211 289 1240; x_wconf 91' lang='lat' dir='ltr'>est</span> <span class='ocrx_word' id='word_1_184' title='bbox 311 1203 362 1240; x_wconf 90' lang='lat' dir='ltr'>ad</span> <span class='ocrx_word' id='word_1_185' title='bbox 387 1203 584 1243; x_wconf 81' lang='lat' dir='ltr'>Sanctum</span> <span class='ocrx_word' id='word_1_186' title='bbox 608 1204 788 1250; x_wconf 85' lang='lat' dir='ltr'>Petrum,</span> <span class='ocrx_word' id='word_1_187' title='bbox 811 1204 880 1241; x_wconf 91' lang='lat' dir='ltr'>ubi</span> <span class='ocrx_word' id='word_1_188' title='bbox 897 1204 1029 1242; x_wconf 88' lang='lat' dir='ltr'>dictus</span> <span class='ocrx_word' id='word_1_189' title='bbox 1053 1204 1378 1254; x_wconf 85' lang='lat' dir='ltr'>archiepiscopus</span> <span class='ocrx_word' id='word_1_190' title='bbox 1401 1214 1501 1251; x_wconf 87' lang='lat' dir='ltr'>erat,</span> <span class='ocrx_word' id='word_1_191' title='bbox 1524 1206 1573 1243; x_wconf 89' lang='lat' dir='ltr'>ad</span> <span class='ocrx_word' id='word_1_192' title='bbox 1598 1206 1795 1243; x_wconf 89' lang='lat' dir='ltr'>inthroni-</span> 
     </span>
     <span class='ocr_line' id='line_1_18' title="bbox 93 1261 1794 1313; baseline 0.003 -15"><span class='ocrx_word' id='word_1_193' title='bbox 93 1261 272 1299; x_wconf 89' lang='lat' dir='ltr'>zandum</span> <span class='ocrx_word' id='word_1_194' title='bbox 297 1277 388 1300; x_wconf 90' lang='lat' dir='ltr'>eum</span> <span class='ocrx_word' id='word_1_195' title='bbox 416 1271 456 1300; x_wconf 90' lang='lat' dir='ltr'>et</span> <span class='ocrx_word' id='word_1_196' title='bbox 482 1263 809 1312; x_wconf 84' lang='lat' dir='ltr'>prosequendum</span> <span class='ocrx_word' id='word_1_197' title='bbox 838 1277 883 1301; x_wconf 89' lang='lat' dir='ltr'>ea</span> <span class='ocrx_word' id='word_1_198' title='bbox 911 1278 987 1313; x_wconf 88' lang='lat' dir='ltr'>que</span> <span class='ocrx_word' id='word_1_199' title='bbox 1014 1263 1146 1301; x_wconf 88' lang='lat' dir='ltr'>dictus</span> <span class='ocrx_word' id='word_1_200' title='bbox 1173 1264 1387 1301; x_wconf 88' lang='lat' dir='ltr'>cardinalis</span> <span class='ocrx_word' id='word_1_201' title='bbox 1414 1273 1454 1302; x_wconf 89' lang='lat' dir='ltr'>et</span> <span class='ocrx_word' id='word_1_202' title='bbox 1479 1264 1546 1302; x_wconf 89' lang='lat' dir='ltr'>alii</span> <span class='ocrx_word' id='word_1_203' title='bbox 1572 1265 1794 1303; x_wconf 83' lang='lat' dir='ltr'>cardinales</span> 
     </span>
     <span class='ocr_line' id='line_1_19' title="bbox 94 1320 1793 1372; baseline 0.002 -14"><span class='ocrx_word' id='word_1_204' title='bbox 94 1320 332 1371; x_wconf 88' lang='lat' dir='ltr'>inceperant</span> <span class='ocrx_word' id='word_1_205' title='bbox 358 1322 487 1359; x_wconf 88' lang='lat' dir='ltr'>facere</span> <span class='ocrx_word' id='word_1_206' title='bbox 514 1322 561 1359; x_wconf 90' lang='lat' dir='ltr'>de</span> <span class='ocrx_word' id='word_1_207' title='bbox 588 1322 698 1360; x_wconf 89' lang='lat' dir='ltr'>dicto</span> <span class='ocrx_word' id='word_1_208' title='bbox 723 1322 1040 1372; x_wconf 81' lang='lat' dir='ltr'>archiepiscopo,</span> <span class='ocrx_word' id='word_1_209' title='bbox 1068 1322 1238 1360; x_wconf 90' lang='lat' dir='ltr'>dicendo</span> <span class='ocrx_word' id='word_1_210' title='bbox 1264 1323 1367 1361; x_wconf 88' lang='lat' dir='ltr'>circa</span> <span class='ocrx_word' id='word_1_211' title='bbox 1401 1323 1476 1361; x_wconf 90' lang='lat' dir='ltr'>hoc</span> <span class='ocrx_word' id='word_1_212' title='bbox 1501 1324 1629 1361; x_wconf 87' lang='lat' dir='ltr'>multa</span> <span class='ocrx_word' id='word_1_213' title='bbox 1656 1324 1793 1370; x_wconf 86' lang='lat' dir='ltr'>verba,</span> 
     </span>
     <span class='ocr_line' id='line_1_20' title="bbox 95 1381 1792 1432; baseline 0.002 -16"><span class='ocrx_word' id='word_1_214' title='bbox 95 1381 302 1429; x_wconf 89' lang='lat' dir='ltr'>quomodo</span> <span class='ocrx_word' id='word_1_215' title='bbox 323 1381 406 1431; x_wconf 90' lang='lat' dir='ltr'>ipse</span> <span class='ocrx_word' id='word_1_216' title='bbox 430 1381 665 1419; x_wconf 88' lang='lat' dir='ltr'>confidebat</span> <span class='ocrx_word' id='word_1_217' title='bbox 687 1382 735 1419; x_wconf 94' lang='lat' dir='ltr'>de</span> <span class='ocrx_word' id='word_1_218' title='bbox 757 1397 802 1419; x_wconf 91' lang='lat' dir='ltr'>eo</span> <span class='ocrx_word' id='word_1_219' title='bbox 824 1390 864 1419; x_wconf 90' lang='lat' dir='ltr'>et</span> <span class='ocrx_word' id='word_1_220' title='bbox 886 1382 1107 1432; x_wconf 87' lang='lat' dir='ltr'>reputabat</span> <span class='ocrx_word' id='word_1_221' title='bbox 1127 1396 1218 1419; x_wconf 88' lang='lat' dir='ltr'>eum</span> <span class='ocrx_word' id='word_1_222' title='bbox 1241 1396 1359 1419; x_wconf 92' lang='lat' dir='ltr'>suum</span> <span class='ocrx_word' id='word_1_223' title='bbox 1382 1382 1597 1431; x_wconf 82' lang='lat' dir='ltr'>specialem</span> <span class='ocrx_word' id='word_1_224' title='bbox 1618 1383 1792 1421; x_wconf 87' lang='lat' dir='ltr'>amicum</span> 
     </span>
     <span class='ocr_line' id='line_1_21' title="bbox 93 1438 1794 1491; baseline 0.002 -15"><span class='ocrx_word' id='word_1_225' title='bbox 93 1438 200 1477; x_wconf 89' lang='lat' dir='ltr'>inter</span> <span class='ocrx_word' id='word_1_226' title='bbox 222 1448 375 1477; x_wconf 87' lang='lat' dir='ltr'>ceteros</span> <span class='ocrx_word' id='word_1_227' title='bbox 400 1441 637 1478; x_wconf 83' lang='lat' dir='ltr'>cardinales.</span> <span class='ocrx_word' id='word_1_228' title='bbox 665 1441 717 1477; x_wconf 79' lang='lat' dir='ltr'>Et</span> <span class='ocrx_word' id='word_1_229' title='bbox 741 1441 872 1478; x_wconf 91' lang='lat' dir='ltr'>dictus</span> <span class='ocrx_word' id='word_1_230' title='bbox 898 1440 1112 1478; x_wconf 88' lang='lat' dir='ltr'>cardinalis</span> <span class='ocrx_word' id='word_1_231' title='bbox 1136 1441 1345 1491; x_wconf 89' lang='lat' dir='ltr'>respondit</span> <span class='ocrx_word' id='word_1_232' title='bbox 1369 1441 1600 1479; x_wconf 85' lang='lat' dir='ltr'>excusando</span> <span class='ocrx_word' id='word_1_233' title='bbox 1623 1456 1662 1479; x_wconf 87' lang='lat' dir='ltr'>se</span> <span class='ocrx_word' id='word_1_234' title='bbox 1687 1442 1794 1491; x_wconf 87' lang='lat' dir='ltr'>quod</span> 
     </span>
     <span class='ocr_line' id='line_1_22' title="bbox 95 1500 1794 1550; baseline 0.001 -14"><span class='ocrx_word' id='word_1_235' title='bbox 95 1512 176 1535; x_wconf 87' lang='lat' dir='ltr'>non</span> <span class='ocrx_word' id='word_1_236' title='bbox 195 1507 358 1549; x_wconf 88' lang='lat' dir='ltr'>poterat</span> <span class='ocrx_word' id='word_1_237' title='bbox 378 1500 446 1546; x_wconf 84' lang='lat' dir='ltr'>ire,</span> <span class='ocrx_word' id='word_1_238' title='bbox 468 1500 561 1549; x_wconf 88' lang='lat' dir='ltr'>quia</span> <span class='ocrx_word' id='word_1_239' title='bbox 584 1515 664 1537; x_wconf 92' lang='lat' dir='ltr'>non</span> <span class='ocrx_word' id='word_1_240' title='bbox 683 1508 770 1537; x_wconf 83' lang='lat' dir='ltr'>erat</span> <span class='ocrx_word' id='word_1_241' title='bbox 790 1500 889 1538; x_wconf 89' lang='lat' dir='ltr'>bene</span> <span class='ocrx_word' id='word_1_242' title='bbox 910 1500 1145 1550; x_wconf 87' lang='lat' dir='ltr'>dispositus,</span> <span class='ocrx_word' id='word_1_243' title='bbox 1165 1500 1354 1550; x_wconf 92' lang='lat' dir='ltr'>ponendo</span> <span class='ocrx_word' id='word_1_244' title='bbox 1381 1500 1479 1538; x_wconf 90' lang='lat' dir='ltr'>alias</span> <span class='ocrx_word' id='word_1_245' title='bbox 1499 1500 1794 1546; x_wconf 88' lang='lat' dir='ltr'>excusationes,</span> 
     </span>
     <span class='ocr_line' id='line_1_23' title="bbox 94 1557 1795 1609; baseline 0.001 -15"><span class='ocrx_word' id='word_1_246' title='bbox 94 1557 142 1595; x_wconf 89' lang='lat' dir='ltr'>de</span> <span class='ocrx_word' id='word_1_247' title='bbox 163 1558 309 1607; x_wconf 85' lang='lat' dir='ltr'>quibus</span> <span class='ocrx_word' id='word_1_248' title='bbox 328 1559 404 1596; x_wconf 88' lang='lat' dir='ltr'>iste</span> <span class='ocrx_word' id='word_1_249' title='bbox 425 1559 540 1597; x_wconf 86' lang='lat' dir='ltr'>testis</span> <span class='ocrx_word' id='word_1_250' title='bbox 560 1574 639 1596; x_wconf 91' lang='lat' dir='ltr'>non</span> <span class='ocrx_word' id='word_1_251' title='bbox 660 1559 897 1597; x_wconf 89' lang='lat' dir='ltr'>recordatur</span> <span class='ocrx_word' id='word_1_252' title='bbox 916 1559 963 1597; x_wconf 92' lang='lat' dir='ltr'>de</span> <span class='ocrx_word' id='word_1_253' title='bbox 983 1559 1173 1609; x_wconf 89' lang='lat' dir='ltr'>presenti.</span> <span class='ocrx_word' id='word_1_254' title='bbox 1196 1559 1249 1596; x_wconf 86' lang='lat' dir='ltr'>Et</span> <span class='ocrx_word' id='word_1_255' title='bbox 1268 1559 1431 1597; x_wconf 87' lang='lat' dir='ltr'>videtur</span> <span class='ocrx_word' id='word_1_256' title='bbox 1449 1559 1573 1597; x_wconf 90' lang='lat' dir='ltr'>etiam</span> <span class='ocrx_word' id='word_1_257' title='bbox 1592 1559 1667 1597; x_wconf 88' lang='lat' dir='ltr'>sibi</span> <span class='ocrx_word' id='word_1_258' title='bbox 1687 1559 1795 1609; x_wconf 87' lang='lat' dir='ltr'>quod</span> 
     </span>
     <span class='ocr_line' id='line_1_24' title="bbox 95 1616 1795 1668; baseline 0.001 -15"><span class='ocrx_word' id='word_1_259' title='bbox 95 1616 282 1656; x_wconf 89' lang='lat' dir='ltr'>dominus</span> <span class='ocrx_word' id='word_1_260' title='bbox 302 1618 508 1666; x_wconf 77' lang='lat' dir='ltr'>Alfonsus,</span> <span class='ocrx_word' id='word_1_261' title='bbox 528 1618 624 1657; x_wconf 88' lang='lat' dir='ltr'>olim</span> <span class='ocrx_word' id='word_1_262' title='bbox 640 1618 853 1668; x_wconf 88' lang='lat' dir='ltr'>episcopus</span> <span class='ocrx_word' id='word_1_263' title='bbox 874 1618 1125 1664; x_wconf 87' lang='lat' dir='ltr'>Giennensis,</span> <span class='ocrx_word' id='word_1_264' title='bbox 1145 1618 1302 1656; x_wconf 88' lang='lat' dir='ltr'>venerit</span> <span class='ocrx_word' id='word_1_265' title='bbox 1330 1618 1397 1655; x_wconf 90' lang='lat' dir='ltr'>illo</span> <span class='ocrx_word' id='word_1_266' title='bbox 1415 1632 1532 1657; x_wconf 88' lang='lat' dir='ltr'>mane</span> <span class='ocrx_word' id='word_1_267' title='bbox 1561 1618 1612 1655; x_wconf 90' lang='lat' dir='ltr'>ad</span> <span class='ocrx_word' id='word_1_268' title='bbox 1640 1618 1795 1656; x_wconf 86' lang='lat' dir='ltr'>dictum</span> 
     </span>
     <span class='ocr_line' id='line_1_25' title="bbox 94 1675 1794 1727; baseline 0.001 -15"><span class='ocrx_word' id='word_1_269' title='bbox 94 1675 306 1716; x_wconf 60' lang='lat' dir='ltr'>dominum</span> <span class='ocrx_word' id='word_1_270' title='bbox 340 1692 458 1715; x_wconf 88' lang='lat' dir='ltr'>suum</span> <span class='ocrx_word' id='word_1_271' title='bbox 493 1692 543 1715; x_wconf 85' lang='lat' dir='ltr'>ex</span> <span class='ocrx_word' id='word_1_272' title='bbox 575 1686 691 1727; x_wconf 89' lang='lat' dir='ltr'>parte</span> <span class='ocrx_word' id='word_1_273' title='bbox 729 1677 826 1715; x_wconf 79' lang='lat' dir='ltr'>dicti</span> <span class='ocrx_word' id='word_1_274' title='bbox 861 1677 1153 1727; x_wconf 87' lang='lat' dir='ltr'>archiepiscopi</span> <span class='ocrx_word' id='word_1_275' title='bbox 1187 1677 1238 1715; x_wconf 91' lang='lat' dir='ltr'>ad</span> <span class='ocrx_word' id='word_1_276' title='bbox 1273 1677 1503 1715; x_wconf 87' lang='lat' dir='ltr'>faciendum</span> <span class='ocrx_word' id='word_1_277' title='bbox 1539 1677 1614 1714; x_wconf 88' lang='lat' dir='ltr'>sibi</span> <span class='ocrx_word' id='word_1_278' title='bbox 1647 1677 1794 1715; x_wconf 88' lang='lat' dir='ltr'>similes</span> 
     </span>
     <span class='ocr_line' id='line_1_26' title="bbox 94 1736 1795 1786; baseline 0 -13"><span class='ocrx_word' id='word_1_279' title='bbox 94 1750 229 1785; x_wconf 87' lang='lat' dir='ltr'>preces</span> <span class='ocrx_word' id='word_1_280' title='bbox 249 1751 369 1786; x_wconf 91' lang='lat' dir='ltr'>super</span> <span class='ocrx_word' id='word_1_281' title='bbox 387 1752 459 1774; x_wconf 90' lang='lat' dir='ltr'>suo</span> <span class='ocrx_word' id='word_1_282' title='bbox 478 1751 641 1775; x_wconf 88' lang='lat' dir='ltr'>accessu</span> <span class='ocrx_word' id='word_1_283' title='bbox 659 1737 711 1774; x_wconf 91' lang='lat' dir='ltr'>ad</span> <span class='ocrx_word' id='word_1_284' title='bbox 730 1737 886 1774; x_wconf 86' lang='lat' dir='ltr'>dictum</span> <span class='ocrx_word' id='word_1_285' title='bbox 906 1736 1120 1786; x_wconf 88' lang='lat' dir='ltr'>palatium,</span> <span class='ocrx_word' id='word_1_286' title='bbox 1140 1745 1180 1774; x_wconf 92' lang='lat' dir='ltr'>et</span> <span class='ocrx_word' id='word_1_287' title='bbox 1197 1736 1330 1774; x_wconf 90' lang='lat' dir='ltr'>dictus</span> <span class='ocrx_word' id='word_1_288' title='bbox 1351 1736 1564 1774; x_wconf 87' lang='lat' dir='ltr'>cardinalis</span> <span class='ocrx_word' id='word_1_289' title='bbox 1584 1736 1795 1774; x_wconf 75' lang='lat' dir='ltr'>excusavit</span> 
     </span>
     <span class='ocr_line' id='line_1_27' title="bbox 93 1795 1793 1846; baseline -0.001 -14"><span class='ocrx_word' id='word_1_290' title='bbox 93 1809 301 1835; x_wconf 89' lang='lat' dir='ltr'>accessum</span> <span class='ocrx_word' id='word_1_291' title='bbox 321 1810 453 1834; x_wconf 85' lang='lat' dir='ltr'>suum.</span> <span class='ocrx_word' id='word_1_292' title='bbox 476 1797 530 1834; x_wconf 86' lang='lat' dir='ltr'>Et</span> <span class='ocrx_word' id='word_1_293' title='bbox 550 1805 643 1846; x_wconf 86' lang='lat' dir='ltr'>post</span> <span class='ocrx_word' id='word_1_294' title='bbox 664 1796 738 1833; x_wconf 89' lang='lat' dir='ltr'>hoc</span> <span class='ocrx_word' id='word_1_295' title='bbox 759 1796 811 1833; x_wconf 90' lang='lat' dir='ltr'>ad</span> <span class='ocrx_word' id='word_1_296' title='bbox 835 1797 953 1834; x_wconf 78' lang='lat' dir='ltr'>linem</span> <span class='ocrx_word' id='word_1_297' title='bbox 976 1796 1106 1834; x_wconf 88' lang='lat' dir='ltr'>medie</span> <span class='ocrx_word' id='word_1_298' title='bbox 1127 1796 1222 1833; x_wconf 91' lang='lat' dir='ltr'>hore</span> <span class='ocrx_word' id='word_1_299' title='bbox 1243 1795 1448 1833; x_wconf 89' lang='lat' dir='ltr'>modicum</span> <span class='ocrx_word' id='word_1_300' title='bbox 1469 1795 1557 1845; x_wconf 90' lang='lat' dir='ltr'>plus</span> <span class='ocrx_word' id='word_1_301' title='bbox 1579 1795 1642 1832; x_wconf 90' lang='lat' dir='ltr'>vel</span> <span class='ocrx_word' id='word_1_302' title='bbox 1664 1795 1793 1832; x_wconf 90' lang='lat' dir='ltr'>minus</span> 
     </span>
     <span class='ocr_line' id='line_1_28' title="bbox 94 1854 1795 1905; baseline -0.001 -14"><span class='ocrx_word' id='word_1_303' title='bbox 94 1854 199 1892; x_wconf 85' lang='lat' dir='ltr'>vidit</span> <span class='ocrx_word' id='word_1_304' title='bbox 223 1855 298 1893; x_wconf 90' lang='lat' dir='ltr'>iste</span> <span class='ocrx_word' id='word_1_305' title='bbox 326 1855 441 1894; x_wconf 85' lang='lat' dir='ltr'>testis</span> <span class='ocrx_word' id='word_1_306' title='bbox 468 1856 578 1905; x_wconf 85' lang='lat' dir='ltr'>quod</span> <span class='ocrx_word' id='word_1_307' title='bbox 604 1863 806 1893; x_wconf 84' lang='lat' dir='ltr'>venerunt</span> <span class='ocrx_word' id='word_1_308' title='bbox 832 1855 883 1892; x_wconf 84' lang='lat' dir='ltr'>ad</span> <span class='ocrx_word' id='word_1_309' title='bbox 910 1855 1066 1893; x_wconf 90' lang='lat' dir='ltr'>dictum</span> <span class='ocrx_word' id='word_1_310' title='bbox 1093 1854 1340 1893; x_wconf 88' lang='lat' dir='ltr'>cardinalem</span> <span class='ocrx_word' id='word_1_311' title='bbox 1366 1854 1575 1891; x_wconf 90' lang='lat' dir='ltr'>dominum</span> <span class='ocrx_word' id='word_1_312' title='bbox 1602 1868 1718 1891; x_wconf 88' lang='lat' dir='ltr'>suum</span> <span class='ocrx_word' id='word_1_313' title='bbox 1746 1868 1795 1891; x_wconf 87' lang='lat' dir='ltr'>ex</span> 
     </span>
     <span class='ocr_line' id='line_1_29' title="bbox 93 1912 1794 1964; baseline -0.001 -13"><span class='ocrx_word' id='word_1_314' title='bbox 93 1922 209 1964; x_wconf 90' lang='lat' dir='ltr'>parte</span> <span class='ocrx_word' id='word_1_315' title='bbox 238 1914 469 1952; x_wconf 83' lang='lat' dir='ltr'>officialium</span> <span class='ocrx_word' id='word_1_316' title='bbox 501 1914 619 1953; x_wconf 89' lang='lat' dir='ltr'>Urbis</span> <span class='ocrx_word' id='word_1_317' title='bbox 649 1914 730 1952; x_wconf 92' lang='lat' dir='ltr'>duo</span> <span class='ocrx_word' id='word_1_318' title='bbox 761 1914 949 1960; x_wconf 82' lang='lat' dir='ltr'>Romani,</span> <span class='ocrx_word' id='word_1_319' title='bbox 979 1914 1106 1952; x_wconf 87' lang='lat' dir='ltr'>nescit</span> <span class='ocrx_word' id='word_1_320' title='bbox 1134 1914 1165 1951; x_wconf 89' lang='lat' dir='ltr'>si</span> <span class='ocrx_word' id='word_1_321' title='bbox 1193 1922 1309 1951; x_wconf 90' lang='lat' dir='ltr'>erant</span> <span class='ocrx_word' id='word_1_322' title='bbox 1337 1913 1609 1951; x_wconf 86' lang='lat' dir='ltr'>bandarenses</span> <span class='ocrx_word' id='word_1_323' title='bbox 1638 1913 1701 1950; x_wconf 71' lang='lat' dir='ltr'>vel</span> <span class='ocrx_word' id='word_1_324' title='bbox 1728 1912 1794 1949; x_wconf 83' lang='lat' dir='ltr'>alii</span> 
     </span>
     <span class='ocr_line' id='line_1_30' title="bbox 94 1971 1794 2023; baseline -0.002 -13"><span class='ocrx_word' id='word_1_325' title='bbox 94 1972 297 2021; x_wconf 85' lang='lat' dir='ltr'>officiales,</span> <span class='ocrx_word' id='word_1_326' title='bbox 314 1982 355 2011; x_wconf 88' lang='lat' dir='ltr'>et</span> <span class='ocrx_word' id='word_1_327' title='bbox 371 1982 568 2023; x_wconf 76' lang='lat' dir='ltr'>rogarunt</span> <span class='ocrx_word' id='word_1_328' title='bbox 584 1982 624 2012; x_wconf 87' lang='lat' dir='ltr'>et</span> <span class='ocrx_word' id='word_1_329' title='bbox 640 1973 942 2023; x_wconf 85' lang='lat' dir='ltr'>requisiverunt</span> <span class='ocrx_word' id='word_1_330' title='bbox 959 1973 1113 2011; x_wconf 88' lang='lat' dir='ltr'>dictum</span> <span class='ocrx_word' id='word_1_331' title='bbox 1133 1973 1378 2011; x_wconf 86' lang='lat' dir='ltr'>cardinalem</span> <span class='ocrx_word' id='word_1_332' title='bbox 1395 1987 1445 2010; x_wconf 85' lang='lat' dir='ltr'>ex</span> <span class='ocrx_word' id='word_1_333' title='bbox 1461 1980 1575 2022; x_wconf 89' lang='lat' dir='ltr'>parte</span> <span class='ocrx_word' id='word_1_334' title='bbox 1593 1971 1794 2009; x_wconf 89' lang='lat' dir='ltr'>dictorum</span> 
     </span>
     <span class='ocr_line' id='line_1_31' title="bbox 94 2030 1794 2083; baseline -0.001 -14"><span class='ocrx_word' id='word_1_335' title='bbox 94 2032 326 2070; x_wconf 82' lang='lat' dir='ltr'>officialium</span> <span class='ocrx_word' id='word_1_336' title='bbox 347 2042 387 2070; x_wconf 89' lang='lat' dir='ltr'>et</span> <span class='ocrx_word' id='word_1_337' title='bbox 408 2033 548 2083; x_wconf 88' lang='lat' dir='ltr'>populi</span> <span class='ocrx_word' id='word_1_338' title='bbox 572 2033 747 2070; x_wconf 84' lang='lat' dir='ltr'>Romani</span> <span class='ocrx_word' id='word_1_339' title='bbox 768 2033 876 2082; x_wconf 81' lang='lat' dir='ltr'>quod</span> <span class='ocrx_word' id='word_1_340' title='bbox 898 2032 981 2082; x_wconf 85' lang='lat' dir='ltr'>ipse</span> <span class='ocrx_word' id='word_1_341' title='bbox 1003 2032 1078 2070; x_wconf 85' lang='lat' dir='ltr'>iret</span> <span class='ocrx_word' id='word_1_342' title='bbox 1099 2032 1150 2069; x_wconf 91' lang='lat' dir='ltr'>ad</span> <span class='ocrx_word' id='word_1_343' title='bbox 1170 2032 1326 2070; x_wconf 88' lang='lat' dir='ltr'>dictum</span> <span class='ocrx_word' id='word_1_344' title='bbox 1348 2031 1546 2081; x_wconf 86' lang='lat' dir='ltr'>palatium</span> <span class='ocrx_word' id='word_1_345' title='bbox 1569 2030 1619 2068; x_wconf 91' lang='lat' dir='ltr'>ad</span> <span class='ocrx_word' id='word_1_346' title='bbox 1641 2030 1794 2067; x_wconf 89' lang='lat' dir='ltr'>inthro-</span> 
     </span>
     <span class='ocr_line' id='line_1_32' title="bbox 94 2089 1794 2142; baseline -0.002 -14"><span class='ocrx_word' id='word_1_347' title='bbox 94 2091 313 2129; x_wconf 89' lang='lat' dir='ltr'>nizandum</span> <span class='ocrx_word' id='word_1_348' title='bbox 340 2092 495 2130; x_wconf 86' lang='lat' dir='ltr'>dictum</span> <span class='ocrx_word' id='word_1_349' title='bbox 521 2092 873 2142; x_wconf 86' lang='lat' dir='ltr'>archiepiscopum</span> <span class='ocrx_word' id='word_1_350' title='bbox 898 2091 1017 2129; x_wconf 88' lang='lat' dir='ltr'>simul</span> <span class='ocrx_word' id='word_1_351' title='bbox 1042 2105 1133 2129; x_wconf 91' lang='lat' dir='ltr'>cum</span> <span class='ocrx_word' id='word_1_352' title='bbox 1158 2090 1244 2128; x_wconf 88' lang='lat' dir='ltr'>aliis</span> <span class='ocrx_word' id='word_1_353' title='bbox 1270 2090 1557 2136; x_wconf 85' lang='lat' dir='ltr'>cardinalibus,</span> <span class='ocrx_word' id='word_1_354' title='bbox 1584 2089 1651 2138; x_wconf 86' lang='lat' dir='ltr'>qui</span> <span class='ocrx_word' id='word_1_355' title='bbox 1677 2089 1794 2126; x_wconf 88' lang='lat' dir='ltr'>debe-</span> 
     </span>
     <span class='ocr_line' id='line_1_33' title="bbox 93 2148 1792 2200; baseline -0.002 -12"><span class='ocrx_word' id='word_1_356' title='bbox 93 2151 195 2188; x_wconf 90' lang='lat' dir='ltr'>bant</span> <span class='ocrx_word' id='word_1_357' title='bbox 221 2151 370 2189; x_wconf 84' lang='lat' dir='ltr'>venire.</span> <span class='ocrx_word' id='word_1_358' title='bbox 401 2152 454 2189; x_wconf 88' lang='lat' dir='ltr'>Et</span> <span class='ocrx_word' id='word_1_359' title='bbox 481 2151 613 2189; x_wconf 89' lang='lat' dir='ltr'>dictus</span> <span class='ocrx_word' id='word_1_360' title='bbox 642 2150 830 2190; x_wconf 91' lang='lat' dir='ltr'>dominus</span> <span class='ocrx_word' id='word_1_361' title='bbox 857 2165 952 2188; x_wconf 91' lang='lat' dir='ltr'>suus</span> <span class='ocrx_word' id='word_1_362' title='bbox 980 2150 1191 2200; x_wconf 83' lang='lat' dir='ltr'>respondit</span> <span class='ocrx_word' id='word_1_363' title='bbox 1218 2149 1327 2199; x_wconf 88' lang='lat' dir='ltr'>quod</span> <span class='ocrx_word' id='word_1_364' title='bbox 1353 2164 1434 2186; x_wconf 88' lang='lat' dir='ltr'>non</span> <span class='ocrx_word' id='word_1_365' title='bbox 1460 2156 1623 2198; x_wconf 84' lang='lat' dir='ltr'>poterat</span> <span class='ocrx_word' id='word_1_366' title='bbox 1650 2148 1792 2194; x_wconf 88' lang='lat' dir='ltr'>facere,</span> 
     </span>
     <span class='ocr_line' id='line_1_34' title="bbox 74 2206 1794 2260; baseline -0.003 -12"><span class='ocrx_word' id='word_1_367' title='bbox 74 2210 326 2260; x_wconf 79' lang='lat' dir='ltr'>replicando</span> <span class='ocrx_word' id='word_1_368' title='bbox 359 2211 537 2248; x_wconf 88' lang='lat' dir='ltr'>rationes</span> <span class='ocrx_word' id='word_1_369' title='bbox 572 2210 842 2260; x_wconf 84' lang='lat' dir='ltr'>supradictas.</span> <span class='ocrx_word' id='word_1_370' title='bbox 879 2210 932 2247; x_wconf 87' lang='lat' dir='ltr'>Et</span> <span class='ocrx_word' id='word_1_371' title='bbox 965 2209 1016 2246; x_wconf 90' lang='lat' dir='ltr'>ad</span> <span class='ocrx_word' id='word_1_372' title='bbox 1050 2210 1125 2246; x_wconf 90' lang='lat' dir='ltr'>hoc</span> <span class='ocrx_word' id='word_1_373' title='bbox 1159 2209 1237 2246; x_wconf 88' lang='lat' dir='ltr'>fuit</span> <span class='ocrx_word' id='word_1_374' title='bbox 1269 2222 1432 2258; x_wconf 87' lang='lat' dir='ltr'>presens</span> <span class='ocrx_word' id='word_1_375' title='bbox 1465 2207 1541 2245; x_wconf 92' lang='lat' dir='ltr'>iste</span> <span class='ocrx_word' id='word_1_376' title='bbox 1575 2206 1704 2244; x_wconf 86' lang='lat' dir='ltr'>testis.</span> <span class='ocrx_word' id='word_1_377' title='bbox 1741 2206 1794 2243; x_wconf 83' lang='lat' dir='ltr'>Et</span> 
     </span>
     <span class='ocr_line' id='line_1_35' title="bbox 93 2264 1793 2319; baseline -0.004 -12"><span class='ocrx_word' id='word_1_378' title='bbox 93 2277 316 2319; x_wconf 87' lang='lat' dir='ltr'>postquam</span> <span class='ocrx_word' id='word_1_379' title='bbox 343 2278 595 2308; x_wconf 87' lang='lat' dir='ltr'>recesserunt</span> <span class='ocrx_word' id='word_1_380' title='bbox 623 2269 704 2316; x_wconf 82' lang='lat' dir='ltr'>isti,</span> <span class='ocrx_word' id='word_1_381' title='bbox 733 2277 826 2319; x_wconf 91' lang='lat' dir='ltr'>post</span> <span class='ocrx_word' id='word_1_382' title='bbox 854 2268 1061 2306; x_wconf 89' lang='lat' dir='ltr'>modicum</span> <span class='ocrx_word' id='word_1_383' title='bbox 1089 2267 1268 2317; x_wconf 89' lang='lat' dir='ltr'>spatium</span> <span class='ocrx_word' id='word_1_384' title='bbox 1298 2274 1498 2305; x_wconf 89' lang='lat' dir='ltr'>venerunt</span> <span class='ocrx_word' id='word_1_385' title='bbox 1526 2265 1593 2303; x_wconf 90' lang='lat' dir='ltr'>alii</span> <span class='ocrx_word' id='word_1_386' title='bbox 1621 2265 1701 2302; x_wconf 89' lang='lat' dir='ltr'>duo</span> <span class='ocrx_word' id='word_1_387' title='bbox 1730 2264 1793 2302; x_wconf 89' lang='lat' dir='ltr'>vel</span> 
     </span>
     <span class='ocr_line' id='line_1_36' title="bbox 93 2323 1792 2378; baseline -0.004 -12"><span class='ocrx_word' id='word_1_388' title='bbox 93 2337 173 2366; x_wconf 89' lang='lat' dir='ltr'>tres</span> <span class='ocrx_word' id='word_1_389' title='bbox 204 2328 392 2376; x_wconf 85' lang='lat' dir='ltr'>Romani,</span> <span class='ocrx_word' id='word_1_390' title='bbox 421 2329 469 2366; x_wconf 91' lang='lat' dir='ltr'>de</span> <span class='ocrx_word' id='word_1_391' title='bbox 498 2329 644 2378; x_wconf 87' lang='lat' dir='ltr'>quibus</span> <span class='ocrx_word' id='word_1_392' title='bbox 673 2328 801 2366; x_wconf 90' lang='lat' dir='ltr'>credit</span> <span class='ocrx_word' id='word_1_393' title='bbox 828 2327 903 2365; x_wconf 88' lang='lat' dir='ltr'>iste</span> <span class='ocrx_word' id='word_1_394' title='bbox 931 2327 1046 2365; x_wconf 89' lang='lat' dir='ltr'>testis</span> <span class='ocrx_word' id='word_1_395' title='bbox 1076 2326 1181 2376; x_wconf 87' lang='lat' dir='ltr'>quod</span> <span class='ocrx_word' id='word_1_396' title='bbox 1212 2340 1315 2363; x_wconf 93' lang='lat' dir='ltr'>unus</span> <span class='ocrx_word' id='word_1_397' title='bbox 1343 2339 1479 2364; x_wconf 91' lang='lat' dir='ltr'>eorum</span> <span class='ocrx_word' id='word_1_398' title='bbox 1508 2332 1612 2361; x_wconf 90' lang='lat' dir='ltr'>esset</span> <span class='ocrx_word' id='word_1_399' title='bbox 1640 2323 1792 2360; x_wconf 89' lang='lat' dir='ltr'>banda-</span> 
     </span>
     <span class='ocr_line' id='line_1_37' title="bbox 92 2382 1793 2438; baseline -0.004 -13"><span class='ocrx_word' id='word_1_400' title='bbox 92 2387 232 2435; x_wconf 89' lang='lat' dir='ltr'>rensis,</span> <span class='ocrx_word' id='word_1_401' title='bbox 259 2402 308 2425; x_wconf 91' lang='lat' dir='ltr'>ex</span> <span class='ocrx_word' id='word_1_402' title='bbox 333 2396 449 2438; x_wconf 88' lang='lat' dir='ltr'>parte</span> <span class='ocrx_word' id='word_1_403' title='bbox 485 2387 687 2425; x_wconf 91' lang='lat' dir='ltr'>dictorum</span> <span class='ocrx_word' id='word_1_404' title='bbox 717 2386 947 2424; x_wconf 83' lang='lat' dir='ltr'>officialium</span> <span class='ocrx_word' id='word_1_405' title='bbox 974 2394 1015 2424; x_wconf 92' lang='lat' dir='ltr'>et</span> <span class='ocrx_word' id='word_1_406' title='bbox 1052 2385 1192 2435; x_wconf 91' lang='lat' dir='ltr'>populi</span> <span class='ocrx_word' id='word_1_407' title='bbox 1217 2384 1387 2422; x_wconf 88' lang='lat' dir='ltr'>romani.</span> <span class='ocrx_word' id='word_1_408' title='bbox 1416 2384 1469 2421; x_wconf 85' lang='lat' dir='ltr'>Et</span> <span class='ocrx_word' id='word_1_409' title='bbox 1493 2382 1561 2420; x_wconf 88' lang='lat' dir='ltr'>isti</span> <span class='ocrx_word' id='word_1_410' title='bbox 1587 2382 1793 2420; x_wconf 86' lang='lat' dir='ltr'>ducebant</span> 
     </span>
     <span class='ocr_line' id='line_1_38' title="bbox 92 2441 1791 2495; baseline -0.004 -11"><span class='ocrx_word' id='word_1_411' title='bbox 92 2461 227 2485; x_wconf 90' lang='lat' dir='ltr'>secum</span> <span class='ocrx_word' id='word_1_412' title='bbox 258 2447 472 2485; x_wconf 88' lang='lat' dir='ltr'>duodecim</span> <span class='ocrx_word' id='word_1_413' title='bbox 501 2446 566 2484; x_wconf 83' lang='lat' dir='ltr'>vel</span> <span class='ocrx_word' id='word_1_414' title='bbox 594 2446 827 2495; x_wconf 87' lang='lat' dir='ltr'>quindecim</span> <span class='ocrx_word' id='word_1_415' title='bbox 854 2445 1036 2482; x_wconf 88' lang='lat' dir='ltr'>homines</span> <span class='ocrx_word' id='word_1_416' title='bbox 1064 2458 1215 2494; x_wconf 91' lang='lat' dir='ltr'>paucos</span> <span class='ocrx_word' id='word_1_417' title='bbox 1243 2443 1376 2494; x_wconf 89' lang='lat' dir='ltr'>plures</span> <span class='ocrx_word' id='word_1_418' title='bbox 1404 2442 1468 2480; x_wconf 89' lang='lat' dir='ltr'>vel</span> <span class='ocrx_word' id='word_1_419' title='bbox 1494 2441 1717 2492; x_wconf 87' lang='lat' dir='ltr'>pauciores,</span> <span class='ocrx_word' id='word_1_420' title='bbox 1746 2448 1791 2477; x_wconf 90' lang='lat' dir='ltr'>ut</span> 
     </span>
     <span class='ocr_line' id='line_1_39' title="bbox 92 2499 1791 2555; baseline -0.005 -11"><span class='ocrx_word' id='word_1_421' title='bbox 92 2505 168 2544; x_wconf 90' lang='lat' dir='ltr'>sibi</span> <span class='ocrx_word' id='word_1_422' title='bbox 209 2506 393 2549; x_wconf 61' lang='lat' dir='ltr'>videtum</span> <span class='ocrx_word' id='word_1_423' title='bbox 437 2514 477 2543; x_wconf 89' lang='lat' dir='ltr'>et</span> <span class='ocrx_word' id='word_1_424' title='bbox 519 2505 753 2555; x_wconf 90' lang='lat' dir='ltr'>replicando</span> <span class='ocrx_word' id='word_1_425' title='bbox 796 2519 932 2554; x_wconf 86' lang='lat' dir='ltr'>preces</span> <span class='ocrx_word' id='word_1_426' title='bbox 975 2503 1230 2553; x_wconf 89' lang='lat' dir='ltr'>supradictas</span> <span class='ocrx_word' id='word_1_427' title='bbox 1285 2500 1586 2551; x_wconf 86' lang='lat' dir='ltr'>requisiverunt</span> <span class='ocrx_word' id='word_1_428' title='bbox 1636 2499 1791 2537; x_wconf 90' lang='lat' dir='ltr'>dictum</span> 
     </span>
     <span class='ocr_line' id='line_1_40' title="bbox 92 2557 1790 2613; baseline -0.005 -10"><span class='ocrx_word' id='word_1_429' title='bbox 92 2565 338 2603; x_wconf 86' lang='lat' dir='ltr'>cardinalem</span> <span class='ocrx_word' id='word_1_430' title='bbox 365 2564 577 2603; x_wconf 89' lang='lat' dir='ltr'>dominum</span> <span class='ocrx_word' id='word_1_431' title='bbox 599 2578 716 2602; x_wconf 88' lang='lat' dir='ltr'>suum</span> <span class='ocrx_word' id='word_1_432' title='bbox 742 2563 851 2613; x_wconf 80' lang='lat' dir='ltr'>quod</span> <span class='ocrx_word' id='word_1_433' title='bbox 875 2563 998 2600; x_wconf 86' lang='lat' dir='ltr'>vellet</span> <span class='ocrx_word' id='word_1_434' title='bbox 1020 2561 1162 2600; x_wconf 89' lang='lat' dir='ltr'>statim</span> <span class='ocrx_word' id='word_1_435' title='bbox 1184 2561 1239 2599; x_wconf 90' lang='lat' dir='ltr'>ire</span> <span class='ocrx_word' id='word_1_436' title='bbox 1262 2561 1313 2598; x_wconf 91' lang='lat' dir='ltr'>ad</span> <span class='ocrx_word' id='word_1_437' title='bbox 1338 2560 1491 2598; x_wconf 88' lang='lat' dir='ltr'>dictum</span> <span class='ocrx_word' id='word_1_438' title='bbox 1516 2558 1715 2609; x_wconf 86' lang='lat' dir='ltr'>palatium</span> <span class='ocrx_word' id='word_1_439' title='bbox 1739 2557 1790 2595; x_wconf 89' lang='lat' dir='ltr'>ad</span> 
     </span>
     <span class='ocr_line' id='line_1_41' title="bbox 92 2617 1791 2673; baseline -0.005 -12"><span class='ocrx_word' id='word_1_440' title='bbox 92 2623 323 2661; x_wconf 85' lang='lat' dir='ltr'>faciendum</span> <span class='ocrx_word' id='word_1_441' title='bbox 348 2623 457 2673; x_wconf 89' lang='lat' dir='ltr'>quod</span> <span class='ocrx_word' id='word_1_442' title='bbox 480 2637 601 2673; x_wconf 88' lang='lat' dir='ltr'>supra</span> <span class='ocrx_word' id='word_1_443' title='bbox 624 2623 779 2661; x_wconf 87' lang='lat' dir='ltr'>dictum</span> <span class='ocrx_word' id='word_1_444' title='bbox 803 2630 878 2660; x_wconf 91' lang='lat' dir='ltr'>est.</span> <span class='ocrx_word' id='word_1_445' title='bbox 903 2622 956 2658; x_wconf 86' lang='lat' dir='ltr'>Et</span> <span class='ocrx_word' id='word_1_446' title='bbox 979 2621 1111 2658; x_wconf 88' lang='lat' dir='ltr'>dictus</span> <span class='ocrx_word' id='word_1_447' title='bbox 1135 2619 1348 2658; x_wconf 89' lang='lat' dir='ltr'>cardinalis</span> <span class='ocrx_word' id='word_1_448' title='bbox 1371 2617 1604 2668; x_wconf 87' lang='lat' dir='ltr'>replicando</span> <span class='ocrx_word' id='word_1_449' title='bbox 1625 2630 1791 2654; x_wconf 89' lang='lat' dir='ltr'>excusa-</span> 
     </span>
     <span class='ocr_line' id='line_1_42' title="bbox 90 2674 1791 2731; baseline -0.005 -11"><span class='ocrx_word' id='word_1_450' title='bbox 90 2682 221 2721; x_wconf 87' lang='lat' dir='ltr'>tiones</span> <span class='ocrx_word' id='word_1_451' title='bbox 244 2697 336 2720; x_wconf 88' lang='lat' dir='ltr'>suas</span> <span class='ocrx_word' id='word_1_452' title='bbox 359 2682 464 2720; x_wconf 85' lang='lat' dir='ltr'>dixit</span> <span class='ocrx_word' id='word_1_453' title='bbox 485 2682 595 2731; x_wconf 90' lang='lat' dir='ltr'>quod</span> <span class='ocrx_word' id='word_1_454' title='bbox 616 2696 698 2719; x_wconf 91' lang='lat' dir='ltr'>non</span> <span class='ocrx_word' id='word_1_455' title='bbox 718 2689 882 2731; x_wconf 90' lang='lat' dir='ltr'>poterat</span> <span class='ocrx_word' id='word_1_456' title='bbox 902 2680 970 2718; x_wconf 89' lang='lat' dir='ltr'>ire.</span> <span class='ocrx_word' id='word_1_457' title='bbox 996 2680 1049 2717; x_wconf 88' lang='lat' dir='ltr'>Et</span> <span class='ocrx_word' id='word_1_458' title='bbox 1069 2688 1168 2717; x_wconf 90' lang='lat' dir='ltr'>tunc</span> <span class='ocrx_word' id='word_1_459' title='bbox 1190 2678 1289 2716; x_wconf 89' lang='lat' dir='ltr'>dicti</span> <span class='ocrx_word' id='word_1_460' title='bbox 1311 2676 1486 2715; x_wconf 87' lang='lat' dir='ltr'>Romani</span> <span class='ocrx_word' id='word_1_461' title='bbox 1503 2676 1695 2714; x_wconf 87' lang='lat' dir='ltr'>dixerunt</span> <span class='ocrx_word' id='word_1_462' title='bbox 1715 2674 1791 2713; x_wconf 90' lang='lat' dir='ltr'>sibi</span> 
     </span>
     <span class='ocr_line' id='line_1_43' title="bbox 90 2733 1792 2789; baseline -0.005 -10"><span class='ocrx_word' id='word_1_463' title='bbox 90 2741 169 2779; x_wconf 87' lang='lat' dir='ltr'>ista</span> <span class='ocrx_word' id='word_1_464' title='bbox 193 2742 257 2780; x_wconf 89' lang='lat' dir='ltr'>vel</span> <span class='ocrx_word' id='word_1_465' title='bbox 281 2741 426 2779; x_wconf 90' lang='lat' dir='ltr'>similia</span> <span class='ocrx_word' id='word_1_466' title='bbox 451 2741 575 2778; x_wconf 87' lang='lat' dir='ltr'>verba</span> <span class='ocrx_word' id='word_1_467' title='bbox 602 2756 608 2778; x_wconf 93' lang='lat'><strong>:</strong></span> <span class='ocrx_word' id='word_1_468' title='bbox 637 2740 823 2786; x_wconf 88' lang='lat' dir='ltr'>Domine,</span> <span class='ocrx_word' id='word_1_469' title='bbox 847 2738 1014 2789; x_wconf 88' lang='lat' dir='ltr'>expedit</span> <span class='ocrx_word' id='word_1_470' title='bbox 1038 2738 1148 2787; x_wconf 87' lang='lat' dir='ltr'>quod</span> <span class='ocrx_word' id='word_1_471' title='bbox 1171 2736 1347 2783; x_wconf 89' lang='lat' dir='ltr'>vadatis,</span> <span class='ocrx_word' id='word_1_472' title='bbox 1371 2744 1412 2774; x_wconf 88' lang='lat' dir='ltr'>et</span> <span class='ocrx_word' id='word_1_473' title='bbox 1436 2750 1506 2773; x_wconf 90' lang='lat' dir='ltr'>nos</span> <span class='ocrx_word' id='word_1_474' title='bbox 1530 2734 1726 2772; x_wconf 88' lang='lat' dir='ltr'>habemus</span> <span class='ocrx_word' id='word_1_475' title='bbox 1751 2733 1792 2771; x_wconf 88' lang='lat' dir='ltr'>in</span> 
     </span>
     <span class='ocr_line' id='line_1_44' title="bbox 90 2792 1791 2846; baseline -0.005 -8"><span class='ocrx_word' id='word_1_476' title='bbox 90 2800 296 2839; x_wconf 87' lang='lat' dir='ltr'>mandatis</span> <span class='ocrx_word' id='word_1_477' title='bbox 323 2800 374 2837; x_wconf 93' lang='lat' dir='ltr'>ab</span> <span class='ocrx_word' id='word_1_478' title='bbox 401 2799 637 2837; x_wconf 80' lang='lat' dir='ltr'>officialibus</span> <span class='ocrx_word' id='word_1_479' title='bbox 666 2799 945 2838; x_wconf 81' lang='lat' dir='ltr'>Romanorum</span> <span class='ocrx_word' id='word_1_480' title='bbox 972 2797 1080 2846; x_wconf 90' lang='lat' dir='ltr'>quod</span> <span class='ocrx_word' id='word_1_481' title='bbox 1106 2811 1187 2834; x_wconf 92' lang='lat' dir='ltr'>non</span> <span class='ocrx_word' id='word_1_482' title='bbox 1210 2795 1445 2833; x_wconf 88' lang='lat' dir='ltr'>recedamus</span> <span class='ocrx_word' id='word_1_483' title='bbox 1471 2808 1493 2831; x_wconf 91' lang='lat' dir='ltr'>a</span> <span class='ocrx_word' id='word_1_484' title='bbox 1518 2793 1633 2831; x_wconf 86' lang='lat' dir='ltr'>vobis</span> <span class='ocrx_word' id='word_1_485' title='bbox 1665 2792 1791 2830; x_wconf 87' lang='lat' dir='ltr'>donec</span> 
     </span>
     <span class='ocr_line' id='line_1_45' title="bbox 90 2851 1791 2908; baseline -0.005 -11"><span class='ocrx_word' id='word_1_486' title='bbox 90 2874 162 2897; x_wconf 92' lang='lat' dir='ltr'>vos</span> <span class='ocrx_word' id='word_1_487' title='bbox 185 2859 271 2897; x_wconf 87' lang='lat' dir='ltr'>sitis</span> <span class='ocrx_word' id='word_1_488' title='bbox 294 2859 335 2896; x_wconf 90' lang='lat' dir='ltr'>in</span> <span class='ocrx_word' id='word_1_489' title='bbox 357 2859 467 2896; x_wconf 88' lang='lat' dir='ltr'>dicto</span> <span class='ocrx_word' id='word_1_490' title='bbox 489 2858 657 2908; x_wconf 86' lang='lat' dir='ltr'>palatio.</span> <span class='ocrx_word' id='word_1_491' title='bbox 682 2858 736 2894; x_wconf 88' lang='lat' dir='ltr'>Et</span> <span class='ocrx_word' id='word_1_492' title='bbox 757 2865 804 2894; x_wconf 91' lang='lat' dir='ltr'>ut</span> <span class='ocrx_word' id='word_1_493' title='bbox 826 2855 1040 2894; x_wconf 87' lang='lat' dir='ltr'>cardinalis</span> <span class='ocrx_word' id='word_1_494' title='bbox 1063 2854 1224 2892; x_wconf 89' lang='lat' dir='ltr'>audivit</span> <span class='ocrx_word' id='word_1_495' title='bbox 1243 2854 1322 2892; x_wconf 90' lang='lat' dir='ltr'>ista</span> <span class='ocrx_word' id='word_1_496' title='bbox 1344 2853 1468 2891; x_wconf 89' lang='lat' dir='ltr'>verba</span> <span class='ocrx_word' id='word_1_497' title='bbox 1492 2852 1599 2902; x_wconf 90' lang='lat' dir='ltr'>cepit</span> <span class='ocrx_word' id='word_1_498' title='bbox 1620 2851 1791 2898; x_wconf 78' lang='lat' dir='ltr'>turbari,</span> 
     </span>
     <span class='ocr_line' id='line_1_46' title="bbox 89 2909 1789 2965; baseline -0.006 -8"><span class='ocrx_word' id='word_1_499' title='bbox 89 2927 131 2957; x_wconf 88' lang='lat' dir='ltr'>et</span> <span class='ocrx_word' id='word_1_500' title='bbox 153 2918 258 2956; x_wconf 86' lang='lat' dir='ltr'>dixit</span> <span class='ocrx_word' id='word_1_501' title='bbox 279 2918 387 2955; x_wconf 89' lang='lat' dir='ltr'>inter</span> <span class='ocrx_word' id='word_1_502' title='bbox 401 2925 534 2956; x_wconf 87' lang='lat' dir='ltr'>cetera</span> <span class='ocrx_word' id='word_1_503' title='bbox 550 2916 689 2962; x_wconf 85' lang='lat' dir='ltr'>verba,</span> <span class='ocrx_word' id='word_1_504' title='bbox 708 2915 805 2965; x_wconf 89' lang='lat' dir='ltr'>quid</span> <span class='ocrx_word' id='word_1_505' title='bbox 822 2923 909 2953; x_wconf 91' lang='lat' dir='ltr'>erat</span> <span class='ocrx_word' id='word_1_506' title='bbox 931 2914 1044 2961; x_wconf 91' lang='lat' dir='ltr'>illud,</span> <span class='ocrx_word' id='word_1_507' title='bbox 1067 2914 1098 2951; x_wconf 90' lang='lat' dir='ltr'>si</span> <span class='ocrx_word' id='word_1_508' title='bbox 1115 2913 1321 2952; x_wconf 89' lang='lat' dir='ltr'>debebant</span> <span class='ocrx_word' id='word_1_509' title='bbox 1336 2926 1429 2950; x_wconf 91' lang='lat' dir='ltr'>eum</span> <span class='ocrx_word' id='word_1_510' title='bbox 1446 2911 1590 2949; x_wconf 89' lang='lat' dir='ltr'>ducere</span> <span class='ocrx_word' id='word_1_511' title='bbox 1606 2924 1677 2960; x_wconf 90' lang='lat' dir='ltr'>per</span> <span class='ocrx_word' id='word_1_512' title='bbox 1692 2909 1789 2957; x_wconf 90' lang='lat' dir='ltr'>vim,</span> 
     </span>
     <span class='ocr_line' id='line_1_47' title="bbox 91 2967 1789 3027; baseline -0.005 -12"><span class='ocrx_word' id='word_1_513' title='bbox 91 2977 201 3027; x_wconf 90' lang='lat' dir='ltr'>quod</span> <span class='ocrx_word' id='word_1_514' title='bbox 232 2977 284 3014; x_wconf 90' lang='lat' dir='ltr'>ad</span> <span class='ocrx_word' id='word_1_515' title='bbox 315 2977 390 3014; x_wconf 90' lang='lat' dir='ltr'>hoc</span> <span class='ocrx_word' id='word_1_516' title='bbox 422 2990 504 3013; x_wconf 89' lang='lat' dir='ltr'>non</span> <span class='ocrx_word' id='word_1_517' title='bbox 534 2975 745 3013; x_wconf 88' lang='lat' dir='ltr'>habebant</span> <span class='ocrx_word' id='word_1_518' title='bbox 775 2973 851 3024; x_wconf 89' lang='lat' dir='ltr'>ipsi</span> <span class='ocrx_word' id='word_1_519' title='bbox 882 2980 1131 3024; x_wconf 87' lang='lat' dir='ltr'>potestatem</span> <span class='ocrx_word' id='word_1_520' title='bbox 1164 2986 1237 3010; x_wconf 88' lang='lat' dir='ltr'>nec</span> <span class='ocrx_word' id='word_1_521' title='bbox 1267 2971 1393 3009; x_wconf 88' lang='lat' dir='ltr'>etiam</span> <span class='ocrx_word' id='word_1_522' title='bbox 1425 2984 1561 3021; x_wconf 83' lang='lat' dir='ltr'>omnes</span> <span class='ocrx_word' id='word_1_523' title='bbox 1602 2967 1789 3007; x_wconf 84' lang='lat' dir='ltr'>Romani.</span> 
     </span>
    </p>
   </div>
   <div class='ocr_carea' id='block_1_3' title="bbox 137 3097 628 3137">
    <p class='ocr_par' dir='ltr' id='par_1_3' title="bbox 137 3097 628 3137">
     <span class='ocr_line' id='line_1_48' title="bbox 137 3097 628 3137; baseline -0.006 -6"><span class='ocrx_word' id='word_1_524' title='bbox 137 3097 154 3130; x_wconf 82' lang='lat'><strong>1</strong></span> <span class='ocrx_word' id='word_1_525' title='bbox 201 3098 268 3131; x_wconf 87' lang='lat' dir='ltr'>Ms.</span> <span class='ocrx_word' id='word_1_526' title='bbox 295 3097 379 3137; x_wconf 73' lang='lat' dir='ltr'>cite,</span> <span class='ocrx_word' id='word_1_527' title='bbox 404 3097 466 3130; x_wconf 81' lang='lat' dir='ltr'>fol.</span> <span class='ocrx_word' id='word_1_528' title='bbox 493 3097 561 3130; x_wconf 84' lang='lat'>175</span> <span class='ocrx_word' id='word_1_529' title='bbox 585 3101 628 3128; x_wconf 85' lang='lat' dir='ltr'>r0.</span> 
     </span>
    </p>
   </div>
  </div>
 </body>
</html>
