2083 3458
245 216 317 257 198
882 226 1033 252 NOTAE
1070 226 1129 250 AD
1167 224 1292 250 VITAs
1815 208 1939 265 [703]

242 322 396 364 papatu
424 313 541 350 (locet
566 326 615 349 ex
640 311 814 349 Odorico
837 324 906 347 seu
931 307 1058 346 veteri
1083 307 1279 357 scriptore
1303 306 1465 344 illorum
1490 314 1724 357 temporum
1748 307 1945 345 Waddin-

243 388 328 422 gns,
353 387 414 409 an.
444 371 553 409 1328.
586 370 642 418 §6
665 369 710 419 [t.
737 384 803 416 vn,
827 384 864 419 p.
892 368 952 418 79]
979 367 1095 417 cujus
1118 365 1265 404 veteris
1289 365 1496 416 scriptoris
1519 366 1618 404 haec
1640 374 1737 404 sunt
1758 366 1884 404 verba
1905 366 1952 404 in>

243 432 378 469 codice
403 430 671 468 bibliothecae
694 427 949 466 Colbertinae
968 426 982 449 1
1004 439 1126 475 supra
1147 424 1317 463 laudato
1342 440 1349 462 :
1373 424 1565 462 AWinister
1585 439 1670 462 vero
1691 433 1725 463 et
1743 425 1883 474 fratres
1903 426 1948 462 de

243 490 447 541 provincia
483 489 663 526 Romana
699 495 927 535 congregato
970 485 1143 535 capitulo
1189 483 1428 534 provinciali
1465 484 1507 521 in
1551 484 1745 533 Anagnia
1780 484 1946 532 civitate,

243 549 406 587 consilio
423 548 566 595 habito,
584 547 713 597 primo
732 547 864 596 ipsum
879 545 1040 594 fratrem
1056 544 1218 581 Petrum
1233 557 1303 593 per
1318 543 1465 581 litteras
1480 543 1561 581 sibi
1578 543 1721 581 missas
1736 544 1948 581 admonue-

245 617 335 646 runt
361 616 394 645 et
419 614 650 656 rogaverunt
675 614 708 643 et
733 612 986 655 preceperunt
1013 611 1054 640 ut
1079 603 1122 640 de
1148 602 1276 640 Roma
1301 603 1485 640 recederet
1509 611 1544 640 et
1569 603 1714 640 veniret
1738 603 1790 640 ad
1807 617 1882 641 eos.
1898 603 1950 641 Et

245 682 329 705 cam
360 668 422 704 ille
450 680 527 703 uon.
552 673 679 715 posset
705 665 871 702 recedere
897 662 1124 709 custoditus,
1151 662 1210 699 vel
1235 676 1314 698 non
1340 663 1447 700 vellet
1472 662 1688 701 ambitione
1714 662 1890 700 nominis
1915 670 1950 700 et

244 725 502 764 sublimitatis
527 724 688 774 papalis
715 731 863 761 cecatus
890 730 924 760 et
937 722 1108 767 delusus,
1128 735 1206 758 non
1233 721 1397 758 recessit.
1417 721 1468 759 Et
1493 729 1649 771 propter
1675 721 1743 758 hoc
1769 721 1950 759 minister

246 800 330 823 cum
359 793 430 822 toto
456 784 627 833 capitulo
667 783 799 832 ipsum
833 780 1185 819 excommunicavit
1209 789 1243 818 et
1268 789 1453 830 perpetuo
1479 780 1623 818 carceri
1649 780 1950 830 condempnavit

246 845 398 894 quando
420 842 509 892 capi
529 850 656 892 posset
675 855 696 877 a
718 841 922 891 fratribus,
944 848 978 878 et
997 840 1141 877 carceri
1162 840 1435 890 mancipatum
1455 854 1544 877 cum
1565 839 1818 890 compedibus
1837 840 1947 890 poni.

251 904 344 941 Erat
372 910 510 940 autem
536 909 626 939 tum
652 901 795 939 Petrus
822 900 870 938 de
897 899 1089 937 Corbaria
1115 899 1455 949 paenitentiarius
1481 899 1731 950 apostolicus
1756 899 1799 937 in
1824 899 1948 947 Urbe,

246 970 289 999 ut
316 976 363 999 ex
388 961 531 999 eodem
556 960 729 998 Odorico
754 959 878 998 refert
901 959 1170 1008 WVaddingus.
1199 959 1286 1006 Qua
1311 966 1573 1009 tempestate,
1599 973 1692 997 cum
1717 958 1949 997 Ludovicus

245 1022 427 1058 Bavarus
448 1020 506 1057 ira
526 1019 811 1057 inflammatus
832 1018 1028 1057 adversus
1060 1018 1265 1056 Joannem
1287 1017 1415 1055 XXII
1438 1026 1651 1068 quaereret
1678 1018 1849 1056 modum
1869 1032 1951 1068 quo

245 1088 380 1130 posset
408 1079 442 1117 ei
470 1074 635 1128 gravem
664 1078 844 1127 aliquam
870 1077 1103 1116 molestiam
1129 1077 1333 1124 exhibere,
1361 1077 1595 1127 persuaderi
1622 1077 1698 1115 sibi
1723 1091 1867 1127 passus
1890 1085 1952 1116 est

245 1139 360 1177 licere
394 1138 632 1188 imperatori
669 1151 841 1175 romano
884 1137 1086 1187 deponere
1118 1136 1336 1187 pontifices
1378 1150 1583 1184 romanos,
1618 1144 1659 1175 et
1693 1151 1790 1174 mox
1821 1136 1949 1186 legem

246 1198 374 1235 edidit
402 1211 481 1247 qua
510 1197 726 1235 constituit
753 1205 800 1234 ut
837 1196 905 1245 qui
934 1200 985 1233 ab
1021 1196 1268 1246 imperatore
1296 1203 1338 1234 et
1364 1210 1387 1233 a
1414 1196 1567 1246 populo
1600 1201 1772 1234 romano
1800 1196 1951 1234 electus

245 1265 349 1295 esset
370 1256 557 1306 pontifex
577 1258 872 1293 romanus'non
893 1255 990 1293 alibi
1010 1255 1205 1293 resideret
1226 1268 1351 1305 quam
1374 1255 1530 1293 Romae
1552 1269 1683 1305 neque
1705 1255 1758 1293 ab
1779 1269 1825 1293 ea
1845 1269 1952 1293 rece-

246 1317 337 1354 dere
364 1316 471 1353 ultra
498 1323 578 1353 tres
606 1315 735 1353 dietas
763 1329 893 1364 neque
920 1315 1060 1353 abesse
1087 1322 1226 1364 posset
1251 1315 1359 1352 ultra
1386 1322 1467 1352 tres
1494 1329 1652 1353 menses
1679 1329 1750 1365 per
1776 1328 1951 1361 annum3

246 1375 276 1413 si
301 1389 396 1413 vero
420 1375 577 1421 absens,
603 1375 726 1412 tertio
749 1382 920 1412 vocatus
944 1388 1028 1411 non
1049 1374 1221 1421 veniret,
1244 1382 1403 1424 papatu
1427 1374 1632 1412 excideret
1649 1373 1677 1412 ².
1702 1374 1804 1412 Vide
1829 1374 1953 1412 Joan-

246 1449 339 1472 nem
355 1434 590 1481 Villanium,
606 1434 675 1472 lib.
697 1433 748 1481 X,
767 1447 853 1483 cap.
874 1447 959 1471 Lxx
988 1433 1215 1483 [Muratori,
1233 1441 1262 1472 t.
1281 1447 1367 1481 xm,
1396 1434 1469 1471 col.
1489 1433 1603 1483 644],
1621 1433 1953 1471 continuatorem

248 1493 395 1543 Nangii
426 1493 469 1543 [t.
504 1508 544 1540 11,
572 1507 611 1543 p.
632 1492 704 1542 86]
727 1501 767 1531 et
796 1492 1018 1531 Odoricum
1050 1492 1328 1541 Raynaldum,
1349 1507 1412 1530 an.
1445 1492 1558 1540 1328,
1586 1492 1601 1522 Q
1626 1492 1687 1530 21.
1711 1493 1823 1531 Haec
1841 1492 1954 1530 fuere

247 1552 456 1602 praeludia
480 1552 709 1590 sententiae
733 1566 857 1601 quam
879 1560 1024 1602 postea
1048 1551 1174 1590 visuri
1198 1566 1338 1589 sumus
1362 1552 1505 1590 datam
1528 1552 1724 1590 adversus
1749 1552 1953 1590 Joannem

248 1620 469 1661 postquam
499 1612 642 1649 Petrus
671 1611 718 1649 de
747 1611 938 1649 Corbario
966 1611 1104 1650 sedem
1134 1611 1221 1661 ejus
1256 1611 1474 1661 usurpavit
1501 1611 1750 1649 auctoritate
1785 1611 1950 1649 Bavari.

249 1671 494 1720 Quanquam
521 1670 770 1708 adnotatum
796 1678 858 1708 est.
884 1684 906 1708 a
934 1670 1222 1708 continuatore
1250 1670 1400 1720 Nangii
1437 1670 1481 1720 [t.
1509 1685 1549 1718 11,
1577 1685 1616 1720 p.
1644 1670 1717 1721 88]
1745 1670 1954 1708 Bavarum

248 1730 351 1767 hanc
375 1730 596 1779 antipapae
620 1730 859 1768 electionem
883 1730 1010 1779 magis
1035 1730 1228 1768 tolerasse
1252 1743 1377 1779 quam
1399 1744 1651 1780 procurasse,
1676 1730 1786 1779 quod
1808 1743 1954 1780 appro-

249 1789 335 1826 bari
365 1803 481 1838 posse
512 1789 678 1827 videtur
708 1804 758 1827 ex
786 1789 834 1827 iis
867 1803 970 1838 quae
1000 1789 1112 1839 apud
1143 1788 1405 1827 Albertinum
1436 1789 1667 1827 Mussatum
1696 1789 1889 1838 leguntur
1913 1789 1956 1826 in

250 1848 420 1898 epistola
448 1848 499 1885 ad
544 1848 674 1886 filium
714 1848 940 1898 [Muratori,
970 1856 999 1886 t.
1030 1863 1070 1896 X,
1101 1849 1174 1887 col.
1205 1848 1318 1898 773]
1357 1856 1397 1886 et
1425 1863 1475 1886 ex
1511 1849 1672 1887 Joanne
1700 1848 1887 1886 Andreae
1913 1848 1956 1886 in

251 1921 336 1956 cap.
357 1907 646 1953 Fundamenta,
660 1907 719 1944 De
734 1908 850 1955 elect,
866 1908 909 1945 in
926 1906 960 1954 6,
978 1907 1048 1945 ubi
1065 1907 1123 1945 ait
1139 1907 1353 1945 civitatem
1369 1921 1583 1945 romanam
1599 1908 1770 1946 fratrem
1787 1907 1956 1946 Petrum

252 1966 272 2001 d
281 1981 298 2001 c
317 1966 521 2013 Corbaria,
541 1966 690 2004 ordinis
709 1967 884 2004 fratrum
902 1967 1121 2014 Minorum,
1138 1967 1180 2004 in
1196 1981 1349 2017 papam
1367 1967 1518 2005 assumi
1536 1967 1784 2005 consensisse
1801 1980 1955 2004 assum-

252 2033 404 2074 ptoque
431 2025 623 2075 paruisse.
653 2026 767 2064 Certe
793 2026 835 2063 in
883 2026 1115 2063 Annalibus
1144 2026 1308 2064 Henrici
1337 2025 1561 2064 Rebdorffii
1598 2026 1651 2076 [p.
1680 2025 1778 2076 517]
1809 2026 1957 2064 diserte

252 2085 448 2133 scriptum
468 2093 528 2122 est
548 2084 803 2123 Ludovicum
823 2085 995 2123 erexisse
1013 2085 1121 2123 hunc
1140 2086 1384 2135 antipapam
1402 2086 1454 2123 ad
1470 2085 1792 2135 complacendum
1809 2085 1957 2135 populo

253 2143 429 2180 Romano
454 2152 487 2180 et
510 2144 561 2180 ad
583 2144 872 2192 suggestionem
897 2145 1156 2194 quorumdam
1190 2145 1416 2182 clericorum
1440 2153 1473 2182 et
1505 2144 1707 2183 laicorum.
1737 2144 1791 2181 Et
1815 2152 1956 2182 tamen

253 2202 362 2239 istud
394 2202 512 2240 valde
544 2202 793 2252 displicuisse
824 2203 970 2253 majori
1001 2204 1110 2253 parti
1148 2204 1289 2254 populi
1315 2204 1488 2251 romani,
1530 2204 1599 2254 qui
1629 2218 1710 2241 non
1749 2203 1957 2254 putabant

254 2261 402 2298 rationi
432 2269 753 2300 consentaneum
780 2277 864 2300 esse
892 2271 939 2299 ut
966 2263 1030 2300 hic
1059 2277 1190 2301 novus
1217 2277 1326 2313 papa
1354 2271 1571 2310 crearetur,
1601 2263 1801 2313 scriptum
1829 2270 1891 2300 est
1917 2262 1959 2300 in

255 2320 400 2369 pagina
422 2320 494 2357 108
513 2319 740 2369 [Muratorn
763 2329 792 2359 t.
813 2336 868 2368 XI,
888 2322 960 2359 col.
980 2322 1069 2372 445]
1096 2322 1244 2360 Veteris
1260 2322 1446 2360 historiae
1462 2322 1732 2360 Pistoriensis.
1752 2321 1815 2360 Ob
1833 2335 1958 2371 quam

257 2379 437 2416 fortassis
457 2393 622 2417 causam
641 2388 784 2418 auctor
801 2380 1018 2418 Chronicae
1034 2381 1149 2418 (culae
1165 2381 1296 2430 regiae
1324 2382 1376 2431 [p.
1396 2381 1495 2431 454]
1516 2381 1574 2419 ait
1591 2381 1699 2419 hunc
1716 2380 1959 2431 antipapam

256 2452 276 2474 a
315 2438 519 2475 Lusita-im]
553 2439 827 2476 constitutum
860 2440 982 2478 fuisse
1024 2454 1112 2477 cum
1144 2454 1335 2478 consensu
1375 2455 1531 2478 erroneo
1563 2440 1772 2490 cujusdam
1803 2439 1960 2477 romani

257 2497 409 2545 populi.
431 2505 631 2546 tanquam
651 2498 682 2535 si
702 2499 905 2548 sapientes
920 2507 959 2536 et
974 2499 1195 2549 optimates
1214 2499 1336 2549 hujus
1356 2500 1538 2538 insaniae
1558 2507 1744 2549 expertes
1765 2499 1959 2545 crederet,

257 2556 382 2591 scelus
407 2570 523 2593 omne
547 2557 713 2595 referret
734 2557 775 2594 in
790 2557 913 2595 vilem
936 2558 1204 2608 plebeculam.
1239 2559 1406 2606 Quaerit
1435 2558 1645 2596 Albericus
1667 2572 1690 2596 a
1714 2558 1866 2596 Rosate
1883 2557 1899 2579 3
1919 2557 1961 2595 in

260 2614 380 2650 wsb«,
406 2614 662 2663 l'riwilegium
686 2624 723 2653 et
747 2617 786 2653 in
807 2617 830 2654 l.
852 2616 910 2653 Ea
932 2617 1084 2666 quidem
1108 2617 1204 2655 Cod.
1220 2618 1278 2654 De
1298 2617 1580 2656 accusationib.
1597 2631 1649 2655 an
1667 2624 1835 2668 propter
1855 2616 1960 2654 anti-

311 2733 333 2761 1.
369 2732 402 2763 12.
433 2731 486 2766 N..
511 2744 576 2764 ms.
601 2733 694 2765 latin
718 2734 822 2773 5006,
847 2734 869 2766 f.
896 2735 962 2767 179
986 2738 1036 2767 ΥΟ.

305 2786 333 2814 ’.Ἃ
366 2784 470 2815 honis
497 2785 538 2816 dc
564 2786 717 2818 ‚navicu-o
743 2787 881 2829 deposa
905 2788 1001 2820 Jeau
1027 2788 1146 2820 XXII
1171 2788 1202 2820 lc
1231 2789 1271 2821 18
1296 2788 1389 2821 avril
1414 2789 1506 2822 ‘1328
1535 2788 1745 2831 (Schwalm,
1772 2787 1958 2821 Constitu-

258 2836 378 2867 zsnmuv.
409 2844 429 2868 ι.
458 2836 518 2872 vil,
543 2850 576 2870 n.
602 2839 670 2871 436
692 2846 729 2871 ct
752 2840 832 2883 437)
859 2847 894 2872 ct
918 2841 1047 2884 publia
1068 2853 1140 2873 unc
1163 2841 1415 2874 constitution
1436 2853 1499 2874 sur
1520 2842 1553 2874 la
1575 2841 1763 2875 residence
1790 2841 1958 2884 (Ibidem,

262 2901 290 2918 ιι.
330 2889 418 2920 '1:31⁸ss
452 2890 655 2927 Τωυιι-Υωίς,
687 2892 866 2935 1ἠι]ειί)·3(>
897 2905 967 2936 quc
999 2894 1135 2927 Baluze
1167 2895 1288 2926 donnc
1321 2895 1363 2927 de
1394 2894 1533 2927 celle-ci
1564 2895 1659 2927 n’est
1689 2906 1755 2938 pas
1787 2900 1918 2927 exacte
1951 2907 1957 2926 :

262 2941 528 2974 lblwiunvnnwnt
560 2944 601 2974 ιΙι·
632 2944 748 2977 Hom(-
776 2958 819 2977 nc
847 2946 923 2978 doit
952 2959 1017 2990 pas
1045 2948 1221 2990 depasscr
1246 2948 1344 2980 deux
1369 2948 1540 2991 journecs
1568 2949 1610 2981 dc
1638 2948 1799 2987 marche,
1826 2958 1959 2980 encore

262 2994 379 3024 tnui-i!
404 3007 472 3035 qm·
497 2997 524 3025 Ιν
548 2997 663 3035 ‹·1‹·17‹„»·‹i=
685 3004 721 3029 ct
742 2998 772 3029 lc
794 3000 926 3041 pcuplc
949 3000 1094 3032 romain
1116 3001 1146 3032 lc
1167 3001 1451 3034 sanctionncnt:
1474 3007 1594 3044 quant
1616 3013 1662 3033 au
1685 3000 1780 3034 delai
1803 3001 1846 3033 dc
1868 3000 1958 3033 trois

261 3045 360 3077 mot„
382 3047 399 3076 il
422 3047 501 3078 ιιί-ιι
521 3055 573 3079 cst
594 3061 656 3091 pas
677 3050 744 3082 fait
762 3052 939 3085 mention.

307 3103 335 3129 ::.
365 3099 526 3134 farriam,
553 3102 573 3133 l'.
601 3114 647 3133 nn
672 3104 702 3138 Γ),
728 3116 742 3135 r
755 3107 780 3136 0.
