2083 3458
82 249 230 306 [1476]
599 267 815 292 PAPARUM
852 267 1235 292 AVENIONENSIUM
1682 247 1766 288 889

66 347 172 385 hanc
207 347 492 397 gravissimam
526 357 568 386 et
594 348 898 387 celeberrimam
925 348 1273 387 concertationem
1301 348 1453 386 festum
1485 344 1762 397 conceptionis

67 405 213 444 beatae
242 406 392 445 Mariae
420 407 587 458 virginis
616 422 697 446 non
724 407 803 445 fuit
829 416 1172 446 connumeratum
1198 407 1306 445 inter
1332 415 1485 445 ceteras
1514 405 1763 444 festivitates

67 464 252 514 ejusdem
294 465 472 516 virginis.
516 467 674 517 Quippe
713 467 959 505 Benedictus
1003 467 1111 516 XIII
1150 466 1193 504 in
1232 466 1342 503 bulla
1381 464 1731 515 indulgentiarum
1749 461 1762 484 ¹

68 538 168 573 quas
198 539 306 563 anno
337 525 575 564 MCCCCIII
605 526 805 564 concessit
833 526 1011 576 capellae
1040 526 1085 564 B.
1118 525 1268 563 Mariae
1298 525 1496 563 fundatae
1524 524 1565 561 in
1597 521 1762 562 ecclesia

65 583 312 633 parrochiali
358 584 498 623 Sancti
544 584 835 635 Symphoriani
875 585 999 623 castri
1033 583 1314 634 Lugdunensis
1342 583 1548 630 dioecesis,
1578 581 1766 621 nominat

67 642 235 691 quidem
255 651 434 693 quatuor
454 644 703 682 festivitates
720 659 821 695 quas
838 659 909 682 nos
934 658 1056 695 supra
1080 643 1294 682 retulimus
1319 657 1369 681 ex
1385 644 1544 681 Joanne
1564 641 1764 686 Andreae,

67 701 222 739 nullam
252 702 529 753 conceptionis
560 703 811 741 mentionem
840 702 950 742 fecit.
984 703 1088 741 Item
1118 702 1322 752 Eugenius
1356 702 1410 739 IV
1439 713 1764 740 commemorans

67 773 175 798 anno
200 762 571 800 MCCCCXXXIII
596 762 844 801 festivitates
868 762 1014 801 beatae
1034 761 1199 809 Mariae,
1220 776 1312 800 cum
1328 769 1482 799 ceteras
1498 767 1699 805 numeret,
1715 758 1763 795 de

67 820 334 870 conceptione
363 821 466 859 silet.
499 822 597 871 Ejus
627 822 737 859 bulla
765 829 904 860 exstat
930 821 1042 872 apud
1071 820 1363 870 Waddingum‚
1391 827 1421 858 t.
1453 835 1491 867 ν,
1518 819 1560 856 in
1589 819 1764 867 RegestO,

66 892 105 928 p.
129 878 204 916 210
237 880 283 930 [t.
307 895 349 927 X,
370 895 409 930 p.
433 881 542 930 525]
566 881 696 918 Extat
710 881 751 918 in
773 880 910 919 codice
930 880 1032 918 3611
1052 879 1325 917 bibliothecae
1347 878 1605 917 Colbertinae
1624 877 1638 900 ²
1658 884 1763 915 trae-

65 945 180 976 tatus
206 939 254 977 de
277 948 449 989 peccato
472 940 657 989 originali
681 940 827 978 beatae
844 939 995 977 Mariae
1019 938 1186 989 virginis
1207 938 1360 976 divisus
1376 938 1418 975 in
1442 951 1590 975 novem
1612 935 1763 986 capita.

71 996 220 1047 Incipit
247 1006 387 1036 autem
415 999 470 1037 sic
500 1015 507 1037 ε
537 999 772 1037 Beatissime
798 1014 844 1036 ac
871 998 1153 1048 gloriosissime
1180 997 1351 1046 virginis
1378 996 1512 1049 llsIarie
1538 994 1705 1033 Domini
1731 1001 1766 1031 et

68 1056 287 1094 Salvatoris
316 1058 439 1095 nostri
469 1058 675 1106 genetricis
703 1058 905 1108 cupientes
933 1057 1131 1103 nonnulli,
1161 1057 1257 1094 bono
1284 1056 1439 1106 quidem
1467 1056 1557 1102 zelo,
1586 1054 1657 1092 etsi
1687 1067 1763 1090 non

66 1116 283 1153 secundum
318 1117 539 1164 scientiam,
577 1118 713 1155 laudes
749 1117 1010 1163 accumulare,
1048 1124 1229 1153 asserunt
1266 1115 1397 1166 ipsam
1432 1115 1576 1164 absque
1613 1119 1765 1163 peccato

67 1174 273 1224 originali,
302 1176 482 1225 quamvis
507 1177 551 1214 de
575 1176 724 1214 semine
750 1176 873 1223 virili,
899 1175 1025 1225 fuisse
1050 1183 1286 1225 conceptam.
1315 1174 1397 1224 Que
1423 1173 1579 1223 quidem
1603 1170 1766 1210 assertio

67 1233 278 1282 scripturis
297 1235 459 1281 sanctis,
481 1244 706 1273 sanctorum
727 1235 855 1283 dictis,
878 1248 1027 1272 necnon
1048 1243 1082 1272 et
1103 1233 1195 1284 fidei
1217 1233 1440 1271 rationibus
1461 1230 1765 1282 quampluribus

68 1293 225 1330 obviare
257 1293 419 1332 videtur.
454 1295 605 1332 Contra
638 1294 679 1331 in
712 1294 849 1332 codice
880 1292 981 1332 3971
1014 1294 1198 1343 ejusdem
1231 1290 1535 1330 bibliothecae³
1565 1289 1766 1341 reperitur

67 1366 200 1390 sermo
229 1352 365 1390 fratris
397 1353 596 1391 Johannis
628 1353 788 1401 Vitalis,
817 1353 865 1391 de
896 1352 1034 1391 ordine
1065 1352 1283 1399 Minorum‚
1312 1351 1359 1390 de
1389 1350 1654 1400 conceptione
1685 1348 1765 1397 glo-

68 1410 196 1450 riosae
215 1411 382 1462 virginis
401 1412 606 1462 genitricis
629 1412 714 1459 Dei,
733 1412 867 1450 editus
886 1426 994 1449 anno
1015 1411 1179 1449 Domini
1197 1410 1410 1448 millesimo
1423 1407 1765 1453 CCCLXXXIX,

68 1469 109 1507 in
135 1485 215 1520 quo
240 1471 385 1509 asserit
410 1471 520 1508 illam
548 1472 669 1509 fuisse
695 1480 937 1522 conceptam
963 1471 1118 1520 absque
1142 1478 1326 1521 peccato.

123 1529 206 1567 Sub
229 1530 481 1580 pontificatu
506 1531 676 1568 joannis
704 1531 832 1568 XXII
857 1538 970 1568 mota
996 1529 1074 1567 fuit
1098 1528 1285 1580 quaestio
1310 1529 1358 1567 de
1381 1527 1647 1565 immaculata
1672 1540 1764 1564 con-

70 1589 256 1638 ceptione
281 1590 326 1627 Β.
354 1590 405 1628 Μ.
435 1590 495 1636 V.,
521 1599 567 1628 ut
592 1598 710 1640 patet
735 1590 783 1628 de
808 1589 937 1628 veteri
962 1588 1099 1627 codice
1125 1603 1198 1626 ms.
1233 1587 1506 1625 bibliothecae
1531 1585 1662 1635 regiae
1697 1583 1767 1633 qui

70 1647 149 1685 fuit
170 1648 266 1686 olim
288 1648 421 1687 Caroli
442 1649 489 1687 de
511 1649 727 1687 Montchat
743 1648 1039 1699 archiepiscopi
1054 1646 1260 1694 Tolosani,
1275 1646 1317 1684 in
1333 1646 1448 1696 cujus
1469 1645 1603 1695 capite
1619 1643 1765 1681 ultimo

69 1706 127 1744 ita
150 1707 349 1757 scriptum
372 1716 433 1745 est
458 1725 464 1745 :
490 1709 554 1745 Ad
575 1708 781 1746 (lominum
802 1722 887 1745 vero
908 1722 1060 1758 papam
1083 1708 1280 1744 Joannem
1295 1706 1434 1743 XXII
1456 1705 1556 1742 illud
1576 1703 1767 1752 transfero

71 1767 172 1816 quod
192 1767 287 1804 [licit
309 1767 581 1817 Hieronymus
603 1769 655 1805 acl
673 1768 909 1815 Damasum,
933 1775 1010 1805 etc.
1036 1767 1257 1816 Propterea
1280 1765 1480 1815 scriptum
1503 1771 1564 1801 est
1587 1762 1626 1800 in
1649 1760 1765 1799 initio

72 1825 201 1875 operis
233 1842 239 1864 :
274 1826 424 1876 Incipit
452 1835 639 1864 tractatus
667 1828 709 1864 (le
737 1826 985 1876 conceptione
1016 1825 1236 1863 beatissime
1266 1824 1399 1861 Marie
1432 1822 1615 1872 Virginis
1641 1821 1768 1859 editus

71 1893 239 1934 tempore
263 1885 415 1923 domini
443 1886 624 1928 Joannis
640 1886 792 1933 XXII,
818 1894 864 1923 ut
887 1892 1006 1936 patet
1030 1884 1071 1922 in
1095 1884 1242 1922 ultimo
1267 1882 1448 1934 capitulo
1473 1881 1595 1931 huj-us
1621 1879 1765 1930 operiS.

125 1944 280 1983 Auctor
304 1953 540 1994 propugnat
568 1944 802 1995 opinionem
827 1959 969 1982 eorum
995 1943 1065 1993 qui
1090 1951 1243 1994 putant
1269 1942 1435 1980 beatam
1460 1940 1660 1990 virginem
1686 1952 1767 1975 non

73 2002 194 2041 fuisse
219 2012 463 2053 conceptam
488 2004 528 2041 in
552 2013 724 2054 peccato
750 2003 948 2054 originali.

126 2062 168 2100 P.
191 2062 281 2110 503,
302 2062 369 2112 lig.
392 2063 427 2101 9.
454 2064 547 2101 NON
573 2078 647 2101 Es‘r
670 2078 724 2100 DE
747 2061 883 2101 AnTic.
902 2064 1052 2100 Contra
1076 2062 1256 2099 Joannes
1281 2061 1329 2098 de
1347 2060 1589 2097 Montesono
1605 2057 1769 2095 dicebat

71 2135 259 2171 expresse
280 2136 365 2160 esse
387 2126 529 2160 c'ontra
555 2123 678 2160 fidem
699 2122 731 2160 si
753 2122 842 2172 quis
863 2129 1061 2159 assereret
1082 2121 1249 2158 beatam
1270 2119 1469 2168 virginem
1492 2116 1663 2155 Mariam
1688 2129 1769 2152 non

72 2180 324 2219 contraxisse
352 2190 576 2231 peccatum¹
598 2180 805 2231 originale.
837 2181 890 2218 Et
916 2188 1061 2218 auctor
1086 2186 1292 2217 tractatus
1320 2177 1442 2228 paulo
1470 2183 1565 2213 ante
1594 2189 1768 2213 comme-

72 2239 223 2278 morati
233 2239 292 2277 ait
305 2241 409 2278 hanc
422 2240 689 2278 assertionem
704 2240 884 2287 obviare,
897 2239 937 2277 id
949 2247 1010 2277 est
1023 2237 1272 2276 contrariam
1283 2251 1367 2275 esse
1379 2250 1516 2274 sacrae
1528 2234 1767 2284 scripturae.

127 2299 170 2337 P.
194 2299 284 2346 503,
307 2298 373 2348 lig.
399 2299 459 2337 17.
487 2299 694 2337 KAROLUS
719 2314 847 2336 VENIT
870 2299 1134 2336 AVINIONEM.
1160 2296 1260 2334 Vide
1287 2295 1553 2345 Radulphum
1576 2293 1624 2331 de
1650 2292 1769 2338 Rivo,

74 2371 163 2408 cap.
182 2372 286 2395 xxlv
308 2358 349 2408 [p
368 2358 448 2408 ,66]
471 2359 529 2395 De
547 2358 664 2407 gestis
689 2358 965 2408 episcoporum
990 2355 1283 2401 Leodiensium,
1307 2362 1347 2393 et
1374 2353 1661 2398 Froissartum,
1690 2351 1768 2401 [ed.

77 2416 261 2466 Kervyn,
280 2427 308 2454 t.
328 2432 412 2464 xw,
428 2431 468 2466 p.
486 2417 625 2467 34-40]
642 2425 683 2455 et
699 2418 904 2455 Joannem
917 2415 1161 2454 Juvenalem
1178 2414 1226 2452 de
1242 2412 1396 2451 Ursinis
1413 2412 1454 2450 in
1469 2411 1651 2448 Historia
1665 2410 1769 2459 ejus·
1822 2431 1824 2434 -

74 2476 166 2514 dem
191 2476 333 2513 Karoli
360 2475 413 2525 [p.
432 2476 510 2526 75].
526 2476 779 2514 Bertrandus
797 2476 1036 2524 Boyssetus,
1052 2473 1150 2512 civis
1167 2471 1429 2519 Arelatensis,
1452 2479 1539 2508 tum
1554 2469 1731 2507 scribens
1742 2468 1770 2516 4,

73 2534 133 2572 ait
155 2535 269 2572 illurn
293 2535 519 2584 ingressum
542 2549 626 2573 esse
652 2534 905 2572 Avenionem
929 2533 992 2571 die
1016 2547 1105 2570 xxv
1130 2531 1308 2570 octobris
1330 2539 1372 2568 et
1394 2529 1551 2567 venisse
1574 2529 1626 2565 ad
1657 2541 1770 2577 pera-

75 2594 250 2643 gendam
281 2593 589 2631 coronationem
618 2592 815 2631 Ludovici
843 2592 945 2642 regis
977 2591 1150 2638 Siciliae,
1172 2590 1339 2628 missam
1370 2588 1619 2627 celebratam
1649 2586 1770 2624 fuisse

74 2667 97 2690 a
126 2667 234 2703 papa
265 2653 487 2699 Clemente,
517 2652 776 2702 evangelium
806 2659 1023 2690 cantatum
1052 2664 1074 2687 a
1103 2664 1194 2699 rege
1227 2648 1393 2695 Karolo,
1423 2646 1601 2684 adfuisse
1631 2653 1771 2683 autem

74 2711 168 2750 huic
198 2711 450 2750 ceremoniae
479 2725 614 2760 regem
645 2710 876 2758 Armeniae,
908 2709 1143 2760 Philippum
1171 2708 1318 2746 ducem
1354 2705 1701 2750 Aurelianensem,
1730 2711 1772 2742 et

75 2771 227 2808 multos
253 2770 351 2808 alios
378 2778 605 2820 magnates.

123 2917 156 2950 1.
184 2917 334 2956 Baluze,
362 2922 388 2949 t.
413 2928 464 2955 ιν,
492 2928 526 2959 p.
553 2916 635 2949 411.

126 2971 156 3003 2.
183 2970 223 3003 Β.
253 2969 310 3009 Ν.,
337 2980 404 3002 ms.
431 2969 527 3001 latin
551 2968 655 3008 3207,
682 2968 745 3002 fol.
772 2968 841 3001 129
857 2968 978 3001 r0-142
995 2972 1038 3000 r0.

125 3024 157 3056 3.
182 3023 223 3056 Β.
250 3022 308 3062 N.‚
332 3034 399 3055 ms,
419 3021 515 3055 latin
538 3021 642 3061 1200,
667 3021 730 3054 fol.
755 3022 823 3054 127
841 3021 970 3054 v0-134
987 3025 1037 3053 v0.

126 3077 158 3109 4.
178 3075 326 3115 Archiv,
347 3081 373 3108 t.
395 3087 457 3114 vn,
477 3086 512 3118 p.
532 3075 614 3108 341.
634 3073 725 3107 Voir
743 3073 787 3107 N.
807 3073 934 3106 Valois
958 3073 996 3115 (t.
1009 3085 1046 3113 11,
1062 3085 1096 3116 p.
1117 3071 1306 3116 152-154),
1322 3071 1487 3105 Histoire
1504 3071 1545 3103 de
1556 3069 1775 3112 Languedoc

81 3128 121 3172 (t.
145 3141 183 3169 x,
207 3129 330 3168 Notes,
354 3139 388 3171 p.
413 3127 586 3171 127-128)
612 3133 650 3159 et
674 3127 714 3160 E.
740 3126 843 3159 Petit
867 3127 919 3170 (ut
941 3126 1051 3169 infra,
1075 3137 1109 3169 p.
1133 3125 1231 3169 445).
