2083 3458
87 278 239 333 [1037]
606 294 822 320 PAPARUM
857 295 1242 321 AVENIONENSIUM
1460 287 1462 289 ’
1690 279 1770 319 553

74 392 178 425 rum,
213 377 406 416 nimirum
440 392 567 427 usque
600 379 641 415 in
676 379 940 427 Sabaudiam,
976 380 1044 417 ubi
1082 380 1305 418 honorifice
1339 389 1534 429 exceptus
1568 388 1630 417 est
1663 378 1773 429 apud

75 437 416 476 Chamberiacum
440 451 462 474 a
489 437 638 475 comite
664 437 908 485 sabaudiae,
935 448 981 476 ut
1005 447 1148 477 narrat
1174 439 1423 477 Froissartus
1458 439 1502 488 [t.
1532 453 1600 481 vn,
1626 453 1663 488 p.
1691 436 1771 486 64].

75 495 406 546 Walsinghamus
438 496 489 533 ad
520 509 677 547 annum
709 495 1033 535 MCCCLXVIII
1075 498 1121 547 st.
1153 512 1178 545 1,
1210 512 1248 547 p.
1282 497 1382 546 306]
1417 514 1424 535 :
1459 498 1599 534 Alense
1628 498 1774 546 aprilis

74 546 294 602 Leonellus,
316 555 397 592 dux
415 554 651 602 Clarentiae,
673 556 777 603 regis
795 555 984 593 Edwardi
1008 556 1112 594 tertii
1132 556 1255 605 filius,
1277 571 1364 593 cum
1381 557 1495 594 electa
1521 556 1775 593 multitudine

75 614 272 651 nobilium
309 614 571 663 Anglicorum
609 614 794 651 transivit
832 629 965 651 versus
1002 615 1281 653 Mediolanum
1328 616 1380 654 ad
1416 615 1693 664 accipiendum
1733 614 1776 651 in

76 687 234 710 uxorem
259 672 387 721 filiam
410 673 563 710 domini
593 672 731 710 Galias
755 674 907 710 domini
932 674 1170 717 illecliolani,
1196 688 1284 711 cum
1308 688 1382 723 qua
1407 674 1649 711 medietatem
1672 673 1775 722 ejus-

75 733 160 769 dem
182 731 353 769 dominii
374 731 505 780 fuerat
526 731 748 770 habiturus.
776 732 853 769 Sed
874 742 1002 770 tamen
1027 733 1176 770 modico
1200 741 1368 782 tempore
1389 748 1509 782 super
1531 732 1697 782 conjuge
1720 732 1779 769 vel

75 790 251 828 dominio
273 791 441 840 gaudere
461 792 681 840 permissus
701 799 767 837 est,
792 800 921 838 morte,
945 806 1042 840 quae
1063 800 1201 829 cuncta
1223 791 1422 840 disjungit
1441 801 1475 829 et
1494 800 1663 841 separat,
1688 805 1777 828 mox

76 858 321 899 praeventus,
361 849 561 887 Celebrato
599 864 737 899 nempe
774 849 874 887 inter
908 864 970 886 eos
1007 864 1094 887 cum
1131 851 1306 887 maarima
1343 851 1469 899 gloria
1507 850 1774 893 matrimonio,

75 909 282 947 Leonellus
315 909 419 947 circa
451 909 595 957 festum
630 908 866 947 Nativitatis
904 909 1032 947 beatae
1068 909 1228 946 [Mariae
1262 910 1442 958 proximo
1475 923 1638 958 sequens
1673 909 1774 946 diem

75 968 218 1006 clausit
251 976 476 1006 extremum.
518 968 717 1006 Hem-icus
754 968 802 1005 de
842 967 1084 1016 Knyghton,
1120 982 1158 1017 p.
1199 967 1286 1015 123,
1322 968 1380 1005 ait
1415 969 1529 1006 illum
1573 968 1773 1006 interiisse

75 1027 353 1065 intoxicatum
375 1041 545 1065 veneno.
570 1027 750 1064 Annales
770 1026 992 1064 Hiberniae
1013 1027 1112 1064 editi
1133 1041 1154 1064 a
1178 1027 1384 1065 Camdeno
1407 1042 1414 1063 :
1441 1027 1535 1064 Item
1559 1028 1601 1064 in
1634 1026 1773 1075 vigilia

73 1086 202 1124 sancti
230 1085 361 1124 Lucae
400 1086 662 1135 evangelistae
699 1086 885 1123 dominus
914 1085 1134 1133 Leonellus,
1164 1085 1245 1123 dua*
1273 1078 1509 1132 Clarentiae,
1541 1085 1640 1123 obiit
1666 1086 1777 1134 apud

76 1145 280 1194 Pyemont,
313 1145 444 1194 primo
474 1145 654 1194 sepultus
687 1145 729 1182 in
771 1145 926 1182 civitate
958 1144 1115 1194 Papiae
1144 1144 1258 1193 jusitta
1285 1153 1465 1182 sanctum
1498 1143 1771 1193 Augustinum

75 1204 264 1242 doctorem
286 1203 425 1241 deinde
436 1204 625 1253 sepelitur
645 1204 757 1253 apud
775 1203 890 1240 Clare
906 1203 949 1241 in
963 1212 1152 1241 conventu
1168 1203 1530 1252 Augustinensium
1550 1203 1592 1240 in
1607 1203 1771 1250 Anglia.

129 1263 172 1301 P.
205 1262 295 1310 369,
326 1264 392 1312 lig.
426 1262 486 1301 10.
518 1262 726 1301 KAROLUS
759 1277 888 1300 VENIT
919 1261 1206 1300 VITERBIUMI.
1231 1262 1331 1300 Vide
1365 1263 1587 1300 Garoscum
1618 1262 1659 1299 in
1679 1262 1775 1298 Des-

76 1321 268 1371 criptione
297 1321 453 1360 itineris
487 1322 643 1360 Urbani
677 1322 721 1368 V,
751 1330 792 1360 et
819 1321 1155 1371 Boninsegnium,
1184 1336 1222 1371 p.
1254 1321 1341 1360 531.

129 1381 172 1420 Ρ.
192 1380 282 1428 369,
307 1381 374 1430 lig.
405 1380 465 1419 18.
494 1381 593 1419 EUM
630 1394 869 1419 PRECESSIT.
902 1381 959 1418 De
992 1380 1165 1418 introitu
1199 1380 1338 1418 Karoh'
1362 1380 1414 1417 IV
1446 1379 1704 1429 imperatoris
1733 1380 1773 1417 in

76 1439 219 1479 urbem
248 1440 423 1478 Romam
450 1441 509 1478 ita
536 1440 588 1477 ad
617 1441 821 1478 ,Ioannem
848 1440 1092 1477 Boccacium
1121 1439 1327 1477 scribebat
1363 1439 1431 1488 qui
1458 1453 1648 1488 praesens
1686 1447 1771 1476 erat

78 1499 200 1537 Linus
220 1499 404 1537 Colutius
425 1500 637 1537 Salutatus
652 1499 667 1522 ²
685 1515 692 1537 :
713 1499 802 1549 Qua
821 1499 942 1548 fuerit
961 1498 1103 1548 populi
1120 1499 1246 1547 fronte
1264 1507 1450 1547 receptus,
1470 1512 1546 1547 quo
1561 1505 1774 1546 apparatu,

76 1567 218 1606 tamen,
235 1558 324 1596 licet
342 1558 478 1596 omnia
492 1558 726 1608 principum
743 1566 849 1607 gesta
865 1558 1053 1595 memoria
1070 1558 1193 1606 digna
1210 1557 1302 1604 sint,
1321 1557 1446 1594 nichil
1458 1557 1537 1605 suit
1551 1565 1642 1593 tunc
1657 1556 1776 1593 miclii

77 1617 295 1655 notabilius
315 1632 432 1667 quam
455 1617 640 1655 miranda
658 1617 759 1655 tanti
777 1618 889 1654 ducis
910 1616 1136 1663 humz'l1sstas;
1159 1617 1226 1665 qui
1244 1616 1391 1654 scilicet
1408 1616 1576 1652 sericum
1598 1624 1777 1664 tegumen

76 1677 142 1714 vix
165 1676 330 1714 voluerit
351 1677 498 1724 subire,
521 1685 555 1714 et
580 1691 658 1713 uno
682 1691 780 1726 pene
803 1676 979 1713 miliario
999 1676 1049 1713 ab
1080 1676 1183 1713 Urbe
1201 1684 1370 1713 remotus
1389 1689 1434 1712 eat
1452 1689 1546 1725 equo
1567 1674 1775 1719 descendit,

76 1744 110 1772 et
141 1735 459 1773 sacratissimum
488 1736 589 1773 illud
615 1736 743 1772 solum
767 1736 863 1772 olim
894 1743 1120 1772 sanctorum
1153 1734 1352 1782 sanguine
1386 1734 1537 1783 pingue
1564 1733 1775 1782 peditando

77 1801 287 1832 reverenter
306 1795 460 1844 pressit.
486 1795 599 1832 Tunc
618 1795 784 1832 vidisses
804 1795 1087 1843 circurnfusam
1106 1808 1269 1830 suorum
1290 1793 1486 1830 nobilium
1507 1806 1670 1829 manum
1689 1806 1774 1828 cum

78 1853 224 1902 gaudio
244 1862 279 1891 et
296 1854 542 1891 exultantum
564 1854 724 1891 vocibus
748 1854 859 1890 illum
883 1853 1045 1891 ambire.
1072 1853 1204 1902 Supra
1227 1867 1315 1889 eum
1336 1866 1456 1901 parvo
1481 1851 1620 1888 werith>
1641 1850 1774 1899 aquila

77 1927 175 1961 pene
191 1914 388 1950 naturalis
414 1913 608 1963 pendebat
635 1912 677 1950 in
704 1927 813 1950 auro.
842 1913 948 1950 Inter
975 1912 1151 1960 geminos
1178 1911 1412 1957 cardinales,
1442 1911 1508 1960 qui
1530 1924 1618 1946 euin
1646 1910 1775 1946 flastra

78 1972 236 2021 levaque
259 1972 490 2022 fulciebant,
527 1986 647 2021 usque
670 1973 722 2009 ad
754 1971 863 2009 Petri
894 1970 1100 2009 basilicam
1134 1970 1304 2008 incessit.
1343 1970 1477 2007 Urium.
1508 1968 1587 2017 suit
1619 1976 1777 2017 aspectu

79 2031 215 2068 minus
234 2031 462 2081 pacificum,
484 2032 586 2081 quod
608 2031 756 2069 scilicet
776 2030 922 2079 ensifer
943 2045 1042 2067 suus
1066 2030 1170 2067 nudo
1195 2029 1326 2078 gladio
1349 2030 1452 2066 latus
1475 2028 1561 2077 ejus
1583 2027 1776 2064 armabat.

80 2090 142 2128 Ex
166 2091 304 2129 codice
323 2088 424 2128 5121
453 2090 727 2128 bibliothecae
756 2090 1016 2128 Colbertinae
1033 2088 1063 2129 ³.

134 2149 174 2188 P.
197 2149 286 2196 369,
306 2150 372 2200 lig.
396 2149 456 2187 20.
481 2149 715 2187 STRAToms
737 2163 879 2187 VICEM.
904 2148 1086 2186 Colutius
1108 2156 1201 2197 post
1222 2147 1347 2187 verba
1368 2161 1463 2184 mox
1486 2147 1614 2184 relata
1634 2145 1778 2183 statim

77 2207 294 2259 subjungit
309 2207 326 2231 4
342 2224 349 2246 ε
366 2208 520 2246 Deinde
537 2208 641 2245 venit
657 2208 851 2245 letissima
868 2208 950 2244 dies
967 2222 1044 2257 qua
1061 2206 1211 2244 Christi
1229 2206 1402 2243 vicarius
1418 2213 1578 2242 stratore
1596 2204 1778 2252 Augusto

77 2258 245 2305 Romam
271 2267 444 2305 intravit.
471 2267 594 2305 Jhesu
616 2266 731 2304 bone!
753 2267 854 2316 quod
877 2267 978 2303 illud
999 2267 1265 2315 spectaculum
1289 2265 1369 2313 suit
1390 2264 1544 2313 quando
1567 2263 1642 2300 duo
1661 2261 1779 2299 totius

77 2326 184 2364 orbis
202 2326 369 2364 maximi
387 2326 592 2376 principes
611 2327 689 2363 imo
706 2326 933 2374 singulares
952 2325 1158 2362 monarche
1175 2332 1283 2361 tanta
1303 2338 1409 2372 pace,
1430 2331 1539 2360 tanta
1557 2321 1775 2363 concordia,

76 2394 187 2423 tanta
208 2386 422 2432 alacritate,
447 2393 557 2423 tanta
582 2385 855 2431 benivolentia,
880 2385 942 2422 liic
972 2384 1214 2427 animarum,
1241 2383 1304 2419 ille
1335 2395 1538 2430 corporum
1564 2381 1778 2417 moderator

78 2444 248 2482 insimul
282 2458 502 2492 convenere,
541 2445 697 2494 quando
741 2443 929 2481 Urbanus
966 2442 1190 2491 pontificali
1227 2449 1440 2490 apparatu,
1480 2439 1646 2477 candido
1683 2452 1777 2487 equo

78 2503 302 2553 impositus,
326 2503 484 2552 frenum
507 2502 649 2540 Cesare
676 2502 889 2552 bajulante,
917 2502 1049 2539 urbem
1086 2501 1258 2538 invectus
1289 2508 1354 2537 est.
1382 2498 1670 2547 Obequitabant
1693 2511 1777 2545 pre-

76 2563 193 2610 sules,
223 2576 431 2613 eorumque
458 2562 638 2611 principi
666 2570 820 2600 tantum
848 2561 957 2598 reddi
986 2560 1160 2597 debitum
1189 2558 1472 2607 gratulabundi
1501 2555 1774 2605 respiciebant.

81 2621 193 2659 Tunc
224 2621 371 2658 videres
402 2621 602 2658 Romanos
634 2635 763 2657 rerum
795 2621 974 2657 dominos
1007 2626 1230 2668 gentemque
1261 2626 1443 2665 togatam,
1479 2624 1519 2653 ut
1551 2615 1669 2651 lllaro
1707 2614 1776 2661 ait,

79 2680 122 2717 in
144 2681 254 2730 equis
275 2688 388 2730 atque
410 2680 563 2717 veoeillis
586 2680 689 2717 diem
708 2679 852 2728 festum
874 2679 1069 2727 agitantes
1091 2678 1199 2714 vario
1221 2676 1489 2723 circumfleatu.
1515 2674 1632 2711 Plebs
1659 2673 1776 2710 etiam

78 2747 112 2777 et
133 2739 336 2789 utriusque
354 2753 470 2776 sexus
490 2739 664 2788 populus
684 2747 791 2776 tanto
812 2737 958 2787 gaudio
978 2745 1057 2774 tam
1074 2736 1255 2773 celebrem
1275 2733 1589 2782 conjunctionem
1611 2733 1774 2769 duorum

80 2798 186 2835 orbi-5·
209 2798 386 2849 capitum
408 2798 754 2847 prosequebantur„
780 2805 814 2834 et
836 2797 1001 2846 denique
1025 2795 1135 2840 pacis
1158 2802 1349 2831 amatores
1374 2801 1481 2830 tanta
1505 2792 1549 2828 (le
1571 2790 1777 2829 concordia

128 2945 160 2976 1.
190 2944 238 2976 Lo
261 2944 304 2976 17
328 2943 479 2975 octobre
501 2942 594 2975 1368
619 2942 780 2984 (Baluze,
804 2948 829 2974 t.
851 2952 901 2981 lv,
925 2952 959 2983 p.
983 2940 1079 2981 133).

129 2998 160 3030 2.
193 2997 260 3029 Ed.
292 2995 443 3034 Novati,
474 3001 528 3034 t.1‚
558 3006 592 3037 p.
623 2996 678 3028 86.

127 3051 159 3083 3.
190 3051 229 3082 B.
262 3049 318 3087 N..
342 3045 408 3082 ms'.
431 3048 526 3080 latin
547 3047 651 3081 8572.

128 3104 160 3135 4.
190 3103 255 3134 Ed.
285 3101 437 3141 Novati,
464 3108 489 3134 t.
514 3113 537 3140 1,
564 3112 598 3144 p.
626 3102 681 3134 86.
698 3119 746 3123 -
770 3099 913 3133 Urbain
932 3098 963 3131 V
987 3104 1094 3130 entra
1119 3097 1139 3129 ἐι
1165 3096 1282 3128 Rome
1307 3095 1338 3127 le
1366 3094 1408 3126 22
1434 3092 1584 3125 octobre
1614 3091 1773 3134 (Balnzc,

83 3163 107 3188 t.
139 3167 190 3192 u.
226 3167 259 3198 p.
294 3155 390 3197 434).
