2083 3458
284 263 367 305 470
525 277 527 280 ·
933 280 1085 306 NOTAE
1119 280 1180 305 AD
1214 280 1342 306 vrrAs
1866 267 1991 324 [954]

288 373 420 403 tatem
438 374 624 403 mutatus
644 374 705 404 est
721 366 763 404 in
783 366 981 404 Sanctum
1003 365 1173 403 Iterium
1190 378 1213 402 a
1232 365 1354 403 Petro
1374 365 1560 404 Frizonio
1579 366 1836 406 describente
1858 368 1992 406 vitam

279 424 400 463 istius
426 425 655 464 cardinalis.

252 480 255 483 ⁵
336 485 378 525 Ρ
408 485 497 533 327,
527 486 592 534 lig.
624 485 682 524 18.
713 485 931 529 AQUENSIS
957 485 999 522 in
1026 484 1243 531 Vasconia,
1271 484 1333 521 uti
1359 493 1467 522 recte
1494 486 1695 537 scriptum
1722 495 1783 525 est
1817 487 1859 524 in
1885 487 1989 526 libro

282 542 372 582 Oblz
377 554 593 594 gatzonum.

336 606 377 643 P
402 604 491 652 327,
513 606 580 655 lig
606 604 664 643 19.
691 605 923 642 JOHANNES
948 618 1003 641 DE
1024 603 1292 642 BLANDIACO.
1319 603 1446 642 Recte
1468 604 1617 643 abhoc
1648 614 1816 644 auctore
1838 606 1989 645 dicitur

282 672 394 702 ortus
423 680 442 702 e
471 636 642 703 dioecesi
672 664 915 703 Uceticensi.
946 664 1137 701 Castrum
1165 663 1273 701 enim
1301 663 1349 702 de
1375 663 1600 702 Blandiaco
1628 665 1751 704 fuisse
1786 666 1828 703 in
1855 681 1987 705 senes—

282 724 427 762 challia
452 724 668 763 Bellicadri
694 724 873 774 probant
899 738 944 762 ea
972 737 1076 773 quae
1102 736 1225 773 supra
1252 722 1445 772 diximus,
1471 738 1509 774 p.
1537 723 1628 772 812,
1665 738 1792 774 quum
1819 725 1867 764 de
1891 725 1987 765 Ber-

279 784 428 821 trando
455 785 502 822 de
531 784 944 834 Deucioagebamus,
973 782 1092 821 Unde
1116 790 1235 832 patet
1259 782 1346 820 falli
1371 797 1436 821 eos
1472 783 1540 832 qui
1576 783 1837 823 Lemovicem
1862 785 1985 824 fuisse

280 844 542 893 scripserunt.
568 844 668 881 Erat
689 852 830 881 autem
850 857 975 893 nepos
998 842 1183 892 ejusdem
1202 842 1435 881 Bertrandi.

333 903 452 941 Anno
470 903 762 951 MCCCLXIV,
781 903 844 941 die
862 917 933 940 XVI
950 902 1100 943 mensis
1115 901 1309 952 januarii,
1326 901 1516 940 interfuit
1530 903 1639 940 inter
1654 903 1863 942 auditores
1881 905 1985 943 sacri

278 963 424 1012 palatii
454 963 669 1013 apostolici
700 962 960 1001 submissiom'
992 963 1127 1000 factae
1159 962 1359 999 Clementi
1392 961 1448 999 VI
1485 976 1556 1012 per
1589 962 1869 1001 Humbertum
1900 964 1983 1003 dal-

278 1022 451 1072 phinum
471 1023 743 1061 Viennensem
762 1031 802 1061 et
820 1022 919 1060 alios
940 1021 1139 1075 Ludovici
1161 1021 1216 1058 IV
1234 1021 1495 1071 imperatoris
1521 1022 1852 1062 ambassiatores.
1880 1023 1983 1062 Vide

277 1082 346 1120 lib.
378 1083 417 1123 II
444 1083 735 1122 [Miscellaneor.
764 1091 1014 1130 nostrorum,
1040 1097 1078 1132 p.
1107 1081 1195 1120 284.

332 1142 427 1180 Fuit
456 1142 602 1181 deinde
631 1142 849 1180 canonicus
879 1141 1080 1192 Aquensis
1111 1150 1162 1179 et>
1180 1141 1414 1191 capellanus
1443 1154 1588 1191 papae.
1621 1142 1674 1179 Et
1713 1156 1809 1180 mox
1846 1157 1868 1180 a
1899 1144 1982 1182 Cle-

278 1209 415 1239 mente
440 1202 496 1239 VI
521 1202 654 1240 sactus
680 1210 740 1240 est
764 1202 977 1252 episcopus
1003 1200 1293 1239 Nemausensis
1317 1209 1412 1250 post
1433 1195 1713 1238 Bertrandum
1738 1202 1786 1240 de
1812 1203 1980 1250 Deucio,

279 1260 347 1309 qui
371 1275 500 1311 nuper
524 1270 640 1299 extra
667 1261 899 1299 Romanam
924 1261 1080 1299 curiam
1105 1260 1277 1307 obierat,
1301 1260 1428 1298 literis
1454 1259 1561 1298 datis
1586 1261 1789 1299 Avenioni
1816 1277 1873 1299 xv
1897 1262 1978 1301 kal.

278 1320 455 1359 octobris
510 1320 573 1370 [17
617 1320 874 1371 septembre]
918 1334 1025 1359 anno
1070 1319 1409 1367 MCCCXLVIII,
1454 1333 1554 1369 quas
1599 1320 1887 1371 descripsimus
1931 1336 1981 1360 ex

275 1380 446 1418 Arclziwo
473 1380 766 1431 archiepiscopi
796 1380 1085 1419 Narbonensis,
1118 1380 1246 1417 Unde-
1264 1387 1382 1429 patet
1409 1393 1541 1417 errare
1569 1394 1634 1418 eos
1677 1381 1744 1430 qui
1775 1381 1980 1420 Joannem

274 1439 326 1476 ad
365 1454 454 1478 eam
493 1441 733 1478 cathedram
769 1440 1002 1491 pervenisse
1040 1441 1188 1477 volunt
1225 1453 1332 1477 anno
1371 1446 1539 1477 tantum
1583 1440 1797 1478 millesimo
1836 1440 1978 1489 CCCL,

273 1499 510 1550 mediosque
538 1501 645 1538 inter
670 1500 786 1537 illum
814 1508 854 1538 et
880 1499 1158 1537 Bertrandum
1186 1499 1389 1537 collocant
1416 1498 1592 1537 Paulum
1620 1507 1660 1537 et
1697 1499 1902 1538 Jacobum
1930 1501 1978 1539 de

276 1558 441 1607 Deucio,
468 1560 535 1609 qui
560 1561 653 1598 hinc
676 1560 915 1598 removendi
939 1568 1049 1607 sunt,
1073 1568 1120 1597 ut
1145 1559 1241 1596 olim
1264 1558 1498 1596 monuimus
1521 1559 1563 1596 in
1595 1558 1714 1597 Notis
1736 1560 1788 1597 ad
1809 1560 1978 1598 concilia

277 1617 429 1656 Galliae
459 1619 748 1669 Narbonensis,
778 1634 816 1669 p.
849 1618 909 1659 55.

329 1678 521 1717 Interfuit
554 1680 722 1717 concilio
755 1678 997 1730 provinciali
1030 1679 1140 1729 quod
1174 1679 1318 1717 Petrus
1352 1678 1400 1715 de
1434 1678 1611 1726 Judicia,
1645 1679 1974 1730 archiepiscopus

273 1736 564 1786 Narbonensis,
605 1739 753 1777 habuit
792 1739 903 1789 apud
943 1738 1123 1776 Biterras
1165 1752 1273 1775 anno
1315 1737 1524 1785 MCCCLI,
1566 1752 1704 1777 mense
1744 1739 1973 1787 novembri,

265 1797 380 1845 vquod
411 1812 482 1836 nos
512 1798 713 1836 edidimus
743 1799 785 1836 in
814 1798 951 1836 codice
981 1797 1253 1835 Concilioram
1288 1796 1441 1834 Galliae
1470 1797 1759 1837 Narbonensis,

323 1856 442 1895 Anno
465 1858 705 1896 MCCCLIII
728 1873 864 1896 mense
884 1858 1088 1907 januario,
1111 1857 1221 1907 apud
1238 1857 1506 1903 Avenionem,
1524 1857 1640 1907 jussu
1665 1857 1895 1896 Innocentii
1916 1859 1973 1897 VI

271 1918 525 1956 consecravit
544 1917 557 1939 1
581 1919 785 1956 Joannem
806 1917 1042 1967 episcopum
1066 1916 1306 1955 Adriensem
1326 1916 1367 1953 in
1390 1916 1638 1954 Lombardia
1661 1917 1971 1968 Transpadana,

270 1983 316 2012 ut
334 1976 453 2014 docet
471 1977 655 2026 ejusdem
672 1976 900 2015 Innocentii
913 1976 1023 2014 bulla
1042 1977 1152 2015 edita
1171 1991 1192 2014 a
1211 1976 1443 2026 Waddingo
1460 1976 1501 2013 in
1519 1976 1681 2025 Regesto
1698 1977 1801 2015 tomi
1819 1978 1970 2025 octavi,

268 2049 304 2084 p.
333 2035 420 2074 434.

323 2095 480 2133 Eadem
496 2104 746 2146 tempestate
764 2096 873 2134 idem
895 2096 1172 2143 Innocentius,
1191 2103 1239 2133 ut
1257 2110 1306 2133 ex
1324 2095 1505 2145 epistolis
1524 2096 1610 2145 ejus
1634 2110 1738 2145 quae
1755 2111 1878 2146 penes
1897 2111 1969 2134 nos

267 2163 364 2192 sunt
388 2155 531 2204 liquet,
558 2156 667 2193 hunc
695 2156 899 2194 „Ioannem
925 2155 1164 2205 episcopum
1190 2155 1513 2193 Nemausensem
1539 2155 1651 2193 misit
1675 2155 1717 2193 in
1744 2155 1896 2193 Gallias
1922 2164 1969 2193 ut

266 2228 409 2263 pacem
430 2216 701 2253 constitueret
720 2216 827 2253 inter
848 2215 1016 2253 comites
1039 2214 1143 2252 Fuxi
1164 2222 1205 2252 et
1225 2214 1472 2253 Armaniaci.

318 2274 437 2312 Anno
468 2274 707 2313 MCCCLXI
738 2275 801 2313 die
832 2289 917 2311 xvn
947 2274 1191 2324 septembris
1221 2274 1355 2312 factus
1386 2282 1447 2311 est
1484 2273 1701 2323 presbyter
1734 2274 1964 2313 cardinalis.

266 2333 367 2370 Erat
381 2342 522 2371 autem
536 2342 626 2371 tum
641 2334 786 2372 absens
802 2348 823 2371 a
840 2333 962 2372 curia.
981 2334 1143 2381 Postea,
1160 2347 1253 2371 cum
1266 2333 1453 2371 rediisset
1468 2332 1723 2371 Avenionem
1738 2334 1801 2371 die
1817 2342 1965 2383 quarta

264 2392 514 2441 novembris,
547 2394 582 2432 ei
615 2393 737 2431 datus
771 2402 833 2431 est
864 2393 1010 2430 titulus
1046 2392 1185 2430 Sancti
1214 2392 1352 2430 Marci.
1378 2392 1522 2429 Dictus
1556 2406 1715 2442 semper
1747 2393 1964 2431 cardinalis

224 2500 232 2506 -
266 2452 568 2500 Nemausensis,
603 2453 664 2490 uti
698 2461 872 2491 vocatur
905 2453 1031 2491 etiam
1065 2466 1087 2489 a
1118 2451 1332 2490 Bonifacio
1368 2451 1415 2489 de
1450 2451 1666 2490 Amanatis
1700 2452 1741 2489 in
1776 2451 1980 2495 Clement„

261 2512 444 2558 A'yndztm
471 2512 530 2549 De
559 2513 771 2561 ›NJ'ssescmptzs

314 2543 444 2609 21⁷Xnno
461 2572 736 2609 MCCCLXVI
766 2572 976 2621 delegatus
1005 2572 1084 2610 fuit
1110 2586 1191 2609 una
1220 2584 1311 2609 cum
1340 2571 1509 2619 Aegidio
1537 2570 1728 2609 Aiscelini
1756 2537 1962 2609 cardinale

262 2641 307 2669 ut
338 2632 580 2669 iwesoimnet
612 2631 868 2669 academiam
902 2632 1192 2678 Parisiensem3
1219 2638 1447 2679 extantque
1481 2630 1797 2668 constitutiones
1830 2630 1882 2667 ab
1914 2630 1961 2668 iis

264 2692 396 2729 θςᾶῆθ(
433 2691 682 2729 amtmitate
719 2692 945 2740 apostolica
982 2692 1045 2729 die
1082 2691 1226 2739 quinta
1263 2690 1411 2727 mensis
1446 2689 1550 2739 junii
1585 2690 1625 2727 in
1661 2697 1775 2727 tomo
1812 2697 1961 2739 quarto

263 2750 463 2788 lltstmaae
493 2751 772 2788 Um‘‹›ersz''tatzs
796 2751 928 2788 Pccrls
937 2766 1007 2800 ,.p
1035 2749 1122 2789 388.

316 2811 430 2847 &nno
465 2811 535 2847 M(
542 2809 765 2847 CCLXVII
800 2783 1011 2859 cogitabat
1045 2810 1093 2847 de
1125 2809 1381 2846 instituendo
1415 2808 1585 2846 Tolosae
1620 2808 1786 2857 collevio
1820 2808 1959 2846 decem

259 2872 381 2907 ,ῆι-111111
381 2870 505 2906 nium
536 2870 603 2918 qui
632 2878 831 2919 perpetuo
859 2870 899 2907 in
927 2869 1017 2918 jure
1046 2868 1241 2906 canonico
1271 2876 1310 2905 et
1340 2867 1448 2905 civili
1476 2867 1728 2905 studerent
1718 2882 1759 2904 in
1789 2867 1958 2905 civitate

260 2930 473 2971 'fralusanan
501 2930 637 2978 cisque
665 2937 794 2966 certos
822 2943 979 2966 annuos
1006 2937 1046 2967 et
1071 2935 1291 2977 perpetuos
1317 2926 1502 2964 redditus
1529 2927 1734 2976 assignare
1759 2927 1800 2964 in
1826 2941 1957 2964 senes·

260 2989 402 3025 challia
430 2989 629 3025 'l'olosana
656 3002 783 3037 usque
809 2988 859 3025 ad
885 3001 1091 3026 summam
1115 3001 1184 3025 seu
1210 2987 1391 3023 valorem
1417 2986 1736 3035 quingentarum
1760 2978 1957 3023 librarum

305 3156 335 3188 1.
372 3154 495 3193 Etlbcl,
518 3154 560 3187 Β.
587 3154 639 3193 F.,
665 3161 689 3187 t.
722 3166 767 3195 VI,
791 3166 825 3188 n.
850 3156 927 3188 632.
