2083 3458
280 270 365 312 374
935 283 960 307 Ν
969 283 1086 308 OTAE
1121 282 1181 308 AD
1216 283 1344 309 vlTAs
1547 294 1549 296 -
1866 266 1982 323 [865]

280 380 342 410 est
366 372 494 409 lector
519 370 561 408 in
587 377 795 407 conventu
820 367 1110 410 Avenionensi.
1139 367 1288 405 Postea
1313 382 1410 406 vero
1436 382 1544 406 anno
1570 368 1746 407 MCCCV
1771 368 1906 406 factus
1932 377 1995 407 est

279 430 481 469 secundus
499 429 609 479 prior
626 427 888 478 provincialis
906 426 947 464 in
963 426 1178 476 provincia
1196 426 1436 465 Provinciae
1449 443 1456 475 3
1471 427 1710 477 mansitque
1741 427 1784 465 in
1801 442 1847 466 eo
1865 427 1994 478 gradu

279 504 408 539 usque
435 489 487 526 ad
514 502 669 525 annum
696 486 939 533 MCCCXII,
967 500 1047 535 quo
1074 485 1155 523 fuit
1179 485 1394 524 absolutus
1420 485 1462 524 in
1488 487 1671 537 capitulo
1697 486 1875 536 generali
1901 487 1994 525 Car-

279 562 487 594 cassonae,
513 556 546 584 et
569 547 621 584 acl
643 546 851 595 legendum
874 544 1088 582 sententias
1112 559 1183 594 pro
1207 558 1314 582 anno
1336 546 1512 595 sequenti
1535 545 1725 583 Paris-ius
1749 545 1994 595 assignatus,

278 617 326 646 ut
352 608 409 645 ait
434 606 667 645 Bernardus
695 604 893 643 Guidonis
919 604 961 642 in
987 603 1176 653 Catalogo
1200 604 1382 654 priorum
1406 605 1718 654 provincialium
1742 605 1992 644 Provinciae.

279 668 398 704 Anno
435 666 528 704 dein
562 664 777 703 millesimo
821 663 1034 710 CCCXIV,
1078 663 1140 701 die
1180 662 1283 713 jovis
1325 672 1412 713 post
1451 664 1595 713 festum
1636 664 1765 702 sancti
1806 664 1994 703 Barnabe

280 726 346 776 [13
368 725 498 775 juin],
523 733 570 762 ut
593 724 703 762 idem
726 723 786 761 ait
809 723 907 761 alibi
923 722 952 770 1,
978 722 1058 760 fuit
1079 722 1317 761 licentiatus
1340 723 1382 760 in
1406 723 1637 773 theologica
1655 723 1856 762 facultate
1882 723 1993 762 Pari-

278 785 412 824 siensi.
441 784 681 833 Eodemque
708 797 816 820 anno
841 796 1005 820 rursum
1030 781 1111 819 fuit
1136 782 1289 820 electus
1314 782 1426 832 prior
1444 782 1708 833 provincialis
1736 782 1992 830 Provinciae,

278 845 347 883 sed
380 858 488 882 anno
519 851 688 880 tantum
721 841 910 892 sequenti
942 841 1226 880 confirmatus.
1264 841 1434 881 Interim
1465 857 1562 880 vero
1596 842 1775 881 officium
1806 842 1993 892 magistri

275 904 318 941 in
344 903 550 952 theologia
575 902 747 951 legendo
774 900 938 939 Parisiis
964 901 1196 939 exercebat.
1225 901 1403 939 Demum
1428 916 1536 939 anno
1563 901 1830 939 MCCCXVII
1856 901 1991 940 factus

277 971 339 1002 est
357 964 485 1001 lector
502 961 606 1000 sacri
624 960 770 1012 palatii
787 959 814 999 2.
836 961 1028 999 Praestat
1047 968 1188 998 autem
1206 960 1354 998 referre
1374 960 1416 998 in
1440 961 1516 998 hoc
1539 961 1628 998 loco
1647 961 1774 998 verba
1791 960 1991 999 Bernardi

278 1022 476 1061 Guidonis
502 1036 553 1060 ex
576 1020 765 1069 Catalogo
788 1020 919 1076 paulo¹
938 1027 1034 1057 ante
1058 1019 1230 1057 laudato
1242 1018 1271 1057 3:
1294 1019 1433 1057 Frater
1463 1019 1705 1057 Guillermus
1730 1020 1773 1057 cle
1793 1020 1991 1057 Lauduno

276 1082 454 1132 prefatus
482 1080 655 1118 secunda
685 1080 765 1117 vice
793 1079 980 1117 successit
1011 1078 1191 1117 Jolianni
1227 1078 1327 1116 Goba·
1356 1079 1541 1129 predicto,
1572 1079 1712 1116 electus
1744 1079 1787 1116 in
1816 1079 1991 1129 capitulo

275 1140 515 1191 provinciali
533 1139 723 1177 Massili'e
740 1139 926 1176 celebrato
945 1138 989 1176 in
1004 1138 1100 1188 festo
1117 1138 1407 1188 assumptionis
1428 1138 1531 1176 beate
1549 1138 1684 1175 Μανίθ
1701 1153 1808 1175 anno
1822 1138 1991 1176 Domini

276 1199 557 1246 MCCCXIV,
578 1199 732 1248 fuitque
752 1198 838 1248 ejus
860 1197 1108 1247 confirmatio
1130 1197 1255 1235 dilata
1277 1212 1397 1247 usque
1417 1198 1469 1235 acl
1490 1198 1836 1247 quadragesimam
1856 1197 1990 1235 subse-

275 1268 465 1310 quentem.
495 1258 662 1296 Interim
686 1272 772 1295 vero
797 1257 968 1307 officium
994 1256 1176 1306 magistri
1202 1256 1246 1294 in
1270 1257 1464 1306 theologia
1487 1257 1647 1305 legendo
1672 1257 1862 1294 Peli-isius
1886 1271 1989 1294 exer-

274 1319 395 1366 cebat,
427 1318 580 1368 fuitque
610 1317 868 1367 confirmatus
899 1331 923 1354 a
955 1316 1143 1365 magistro
1174 1316 1329 1353 ordinis
1358 1316 1479 1365 fratre
1509 1316 1752 1365 Berengario
1786 1316 1828 1353 in
1860 1330 1990 1354 mense

273 1378 465 1428 febroarii
491 1378 534 1414 in
559 1376 864 1427 quadragesima
887 1390 993 1413 anno
1014 1375 1182 1413 Domini
1206 1383 1409 1425 pretaxato
1433 1375 1713 1414 MCCCXIV.
1741 1375 1839 1413 Fuit
1859 1383 1990 1413 autem

276 1437 386 1487 prior
410 1436 672 1487 provincialis
697 1435 768 1473 hac
793 1435 873 1473 vice
897 1435 1019 1473 annis
1044 1434 1197 1472 duobus
1223 1449 1311 1472 cum
1336 1434 1518 1482 dimidio,
1552 1443 1586 1472 et
1619 1435 1663 1472 de
1695 1434 1990 1484 provincialatu

275 1497 403 1546 factus
427 1504 482 1533 est
506 1496 619 1533 lector
642 1495 746 1532 sacri
770 1494 915 1544 palatii
939 1509 1009 1544 per
1033 1494 1239 1531 dominum
1267 1494 1491 1531 Johannem
1514 1509 1665 1544 papam
1688 1493 1840 1532 XXII.
1867 1493 1919 1531 Et
1941 1493 1992 1546 Ob.

275 1556 377 1593 lianc
403 1569 565 1593 causam
590 1554 670 1604 fuit
695 1569 719 1591 a
745 1553 1059 1604 provincialatus
1084 1553 1209 1603 officio
1236 1553 1440 1590 absolutus
1469 1553 1511 1590 in
1537 1553 1778 1603 provinciali
1814 1553 1988 1603 capitulo

279 1614 594 1653 Taraschonensi
619 1627 725 1651 anno
746 1612 915 1650 Domini
940 1612 1247 1650 MCCCXVII.
1276 1613 1395 1650 Unde
1421 1612 1624 1662 colligitur
1649 1612 1876 1651 necessario
1902 1612 1988 1650 falli

276 1674 542 1712 Vincentium
561 1672 734 1711 Mariam
755 1672 989 1711 Fontanam
1009 1680 1050 1710 et
1068 1671 1333 1711 Ambrosium
1353 1672 1616 1710 Altamuram
1635 1671 1858 1710 scribentes
1877 1672 1987 1710 hunc

276 1734 554 1779 Guillelmum,
583 1746 704 1782 quem
730 1732 832 1769 falso
858 1739 1012 1769 vocant
1038 1731 1292 1778 Gavantum,
1319 1731 1478 1769 factum
1503 1746 1588 1769 esse
1614 1731 1859 1781 magistrum
1884 1730 1988 1769 sacri

275 1792 420 1843 palatii
456 1806 478 1830 a
514 1792 722 1830 Clemente
758 1791 793 1828 V
829 1805 936 1828 anno
973 1790 1215 1837 MCCCXII,
1252 1798 1476 1840 potsquam
1513 1790 1753 1829 Guillelmus
1790 1790 1901 1828 Petri
1937 1790 1986 1828 de

276 1852 436 1890 Godino
466 1858 703 1900 assumptus
732 1850 868 1888 fuerat
896 1850 948 1887 ad
976 1864 1216 1899 purpuram.

331 1911 389 1948 Ea
416 1918 667 1960 tempestate
696 1910 876 1947 ,loannes
906 1909 1035 1946 XXII
1064 1908 1269 1947 Guillelmi
1295 1909 1412 1946 istius
1441 1917 1482 1946 et
1509 1908 1683 1947 aliorum
1710 1908 1986 1958 quorumdam

275 1970 561 2019 theologorum
583 1968 834 2007 sententiam
855 1968 1080 2018 exquisivit
1103 1967 1202 2017 quid
1225 1968 1474 2006 censendum
1496 1975 1603 2006 esset
1625 1968 1673 2006 de
1697 1967 1985 2006 controversiis

275 2043 380 2079 quae
406 2029 513 2067 inter
538 2028 786 2079 professores
815 2027 967 2065 ordinis
994 2027 1127 2065 sancti
1155 2026 1360 2065 Francisci
1386 2041 1536 2077 magna
1564 2026 1829 2065 contentione
1855 2027 1985 2076 agita-

276 2088 428 2126 bantur
457 2095 625 2138 propter
654 2095 788 2125 vestes
819 2095 956 2124 curtas
982 2095 1023 2124 et
1054 2086 1219 2124 strictas
1254 2086 1429 2125 fratrum
1463 2085 1532 2136 qui
1561 2101 1601 2125 se
1631 2086 1841 2124 vocabant
1869 2085 1984 2136 spiri-

276 2148 407 2185 tuales
447 2155 488 2185 et
524 2154 693 2197 propter
729 2161 790 2184 res
828 2161 904 2184 usu
942 2145 1295 2196 consumptibiles,
1333 2145 1459 2184 vide4
1501 2145 1570 2183 lib.
1619 2144 1658 2182 II
1689 2145 1982 2184 llsliscellaneor.

277 2215 526 2253 nostrorum,
548 2221 587 2256 p.
610 2205 698 2243 270.
1382 2198 1385 2201 ἢ

329 2266 448 2303 Anno
472 2265 721 2303 MCCCXIX
745 2264 824 2302 fuit
847 2279 952 2302 unus
977 2279 1027 2302 ex
1051 2272 1143 2302 octo
1167 2264 1367 2313 theologis
1390 2264 1557 2302 delectis
1579 2263 1630 2301 ab
1655 2263 1800 2303 eodem
1823 2263 1983 2301 Joanne

275 2326 327 2362 ad
346 2324 642 2363 examinandos
662 2323 856 2362 articulos
876 2331 1084 2361 extractos
1104 2323 1151 2361 de
1170 2323 1340 2360 Postilla
1363 2323 1500 2361 fratris
1521 2322 1822 2361 Petri..Joannis
1842 2321 1951 2360 Olivi
1968 2321 1983 2344 5

276 2384 487 2433 quondam
523 2383 674 2421 ordinis
712 2383 916 2420 Minorum
953 2382 1063 2420 facta
1100 2397 1220 2432 super
1256 2382 1525 2432 Apocalypsi3
1558 2382 1650 2420 vide
1685 2382 1773 2420 eod.
1823 2381 1893 2420 lib.
1942 2380 1982 2419 ΙΙ

277 2443 584 2489 Μίεεείἰαηεον.,
604 2457 643 2492 p.
666 2442 754 2480 258.

329 2503 447 2540 Anno
475 2502 723 2540 MCCCXXI
752 2501 885 2538 factus
914 2509 976 2539 est
993 2500 1007 2523 ⁶
1034 2500 1364 2550 archiepiscopus
1389 2500 1649 2547 Viennensis3
1679 2508 1720 2538 et
1746 2499 1788 2537 in
1814 2499 1982 2538 remotis

275 2575 411 2610 agens,
441 2570 488 2598 ut
515 2561 663 2610 legitur
691 2560 732 2598 in
759 2560 863 2598 libro
891 2559 1221 2609 ΟῘᾱίίςζιιῖἰοηῑιῑη7
1249 2560 1405 2598 archivi
1433 2559 1638 2606 Vaticani,
1663 2573 1704 2596 xl
1730 2558 1881 2608 aprilis,
1910 2573 1982 2609 per

326 2731 354 2763 1.
403 2730 550 2769 Archiv,
580 2736 605 2762 t.
634 2741 671 2769 11,
702 2741 736 2772 p.
767 2729 846 2762 215.

349 2810 355 2815 .
384 2783 530 2823 Archiv,
561 2789 587 2815 t.
614 2794 651 2822 11,
682 2794 716 2825 p.
748 2783 827 2815 215.

324 2839 355 2869 3.
384 2836 422 2868 Β.
453 2835 510 2875 Ν.,
537 2848 604 2868 ms.
631 2836 726 2868 latin
752 2835 856 2875 5486,
884 2847 918 2879 p.
946 2835 1026 2868 410.

325 2890 355 2921 4.
386 2888 530 2921 Dcnisse
556 2895 593 2921 et
619 2888 826 2928 Chatelain,
853 2888 1140 2928 Chartularium‚
1166 2893 1192 2920 t.
1217 2899 1255 2926 11,
1281 2898 1315 2919 n.
1343 2887 1423 2920 760.

326 2784 343 2814 [3

326 2943 355 2974 5.
381 2942 535 2980 Ibidem,
558 2954 592 2974 n.
616 2942 696 2975 790.

325 2996 355 3027 6.
388 2994 435 3027 Le
466 2996 508 3028 26
536 2995 671 3027 levricr
703 2994 857 3037 (Mollat‚
887 3006 922 3027 n.
953 2993 1098 3038 13038).

326 3048 356 3079 7.
379 3048 510 3079 (jfsllnr.
532 3047 682 3080 Johann.
700 3047 837 3087 XXII,
858 3059 893 3091 p.
914 3047 994 3081 659.
1013 3065 1062 3070 —
1079 3046 1290 3080 Guillaume
1309 3057 1346 3079 se
1364 3045 1490 3078 rendit
1507 3045 1528 3077 a
1545 3045 1580 3078 la
1596 3057 1685 3079 cour
1703 3045 1746 3077 de
1760 3043 1976 3088 PhilippeV

276 3100 353 3132 alin
374 3100 618 3133 (Γίιίιυι-νριίἰν
636 3103 718 3143 prcs
739 3101 787 3133 du
807 3100 861 3133 roi
880 3112 927 3133 au
947 3100 1047 3143 sujct
1066 3099 1253 3133 d'afl'aires
1272 3099 1446 3132 relatives
1467 3099 1488 3131 a
1505 3099 1541 3131 la
1559 3104 1742 3131 comtesse
1762 3098 1806 3130 de
1827 3097 1920 3130 Foix
1937 3102 1975 3130 et

277 3153 296 3183 ἐι
313 3153 451 3185 lie-,mut
468 3154 510 3185 (lc
528 3152 710 3186 Mei-cucur
729 3153 895 3196 (Coulou,
912 3165 947 3186 n.
965 3154 1134 3193 744-753,
1152 3154 1232 3192 758,
1251 3152 1331 3192 759,
1349 3151 1446 3195 777),
1463 3163 1509 3184 en
1524 3152 1628 3185 1318.
1644 3170 1693 3174 ——-
1707 3150 1765 3184 On
1779 3150 1811 3183 le
1827 3156 1973 3190 trouve,
