2083 3458
116 201 240 256 [709]
640 218 854 243 PAPARUM
891 219 1273 245 AVENIONENSIUM
1722 205 1803 247 205

158 299 415 337 Constitutus
434 307 573 337 autem
600 300 797 350 antipapa
822 302 931 351 apud
952 302 1075 348 Pisas,
1095 311 1154 349 ut,
1173 302 1241 341 lib.
1264 303 1314 348 X,
1335 318 1421 353 cap.
1444 318 1542 342 cxxi
1572 304 1799 354 [Muratori,

108 366 136 396 t.
157 373 242 405 xm,
263 359 335 397 col.
357 358 446 408 677]
462 358 590 396 tradit
610 359 821 405 villamus,
842 361 1089 398 sententiam
1109 362 1542 401 excommunicationis
1562 364 1801 413 pronuntia-

107 417 167 455 vit
192 425 333 455 contra
355 431 508 467 papam
531 417 746 457 Joannem.
775 418 1063 469 imaginemque
1086 420 1171 469 ejus
1195 420 1381 469 ligneam,
1403 429 1450 458 ut
1474 421 1701 459 Aventinus
1728 423 1800 467 ait,

106 476 307 514 comburit.
334 476 477 513 Tradit
501 484 640 514 autem
666 477 928 515 continuator
955 478 1102 527 Nangii
1138 479 1182 528 [t.
1208 494 1248 525 11,
1273 494 1311 529 p.
1339 480 1411 529 96]
1439 494 1529 518 eam
1554 481 1802 518 sententiam

105 535 205 572 clam
229 543 263 572 et
286 535 330 571 de
355 543 459 572 nocte
483 534 649 572 affixam
675 535 796 573 fuisse
823 536 865 573 in
890 537 1012 574 valvis
1037 537 1083 575 Β.
1112 537 1271 575 Martae
1296 538 1483 576 Parisius
1507 547 1541 576 et
1565 539 1608 576 in
1631 540 1802 577 eeclesiis

107 593 317 630 Min'orum
343 601 377 630 et
404 593 725 631 Praedicator-um
745 594 768 632 ¹.
801 595 854 631 At
882 603 997 645 parte
1026 610 1076 633 ex
1104 596 1181 634 alia
1212 597 1389 635 Joannes
1419 611 1525 647 papa
1554 598 1686 636 varios
1716 612 1801 647 gra-

108 667 258 702 vesque
292 666 500 702 processus
536 652 631 690 fecit
665 653 860 691 adversus
894 654 1148 704 antipapam,
1185 669 1285 704 quos
1320 656 1531 706 episcopus
1569 657 1802 695 parisiensis

105 711 413 761 pontificalibus
436 711 606 748 indutus
630 713 908 761 promulgavit
930 713 971 750 in
995 714 1172 763 parvisio
1191 714 1381 752 ecclesiae
1402 715 1446 752 B.
1474 715 1642 760 Mariae3
1669 715 1802 753 Conti-

108 778 249 807 nuator
266 770 421 818 Nangii
450 770 494 819 [t.
514 784 554 817 11,
572 785 611 819 p.
634 770 738 818 109).

163 829 204 867 P.
236 828 322 875 144,
351 829 415 878 lig.
447 828 507 867 21.
546 829 784 866 TARLATUM
807 829 833 875 ⁶2,
872 845 922 867 ex
958 838 1076 879 gente
1114 831 1345 869 Petramala
1382 832 1491 881 apud
1522 832 1720 879 Aretium,
1757 839 1803 870 ut

106 887 150 925 in
170 887 273 925 libro
300 887 350 933 X,
376 901 463 937 cap.
491 902 637 925 cxxxv
671 888 897 937 [Muratori,
924 897 951 926 t.
979 904 1062 936 xm,
1089 891 1160 928 col.
1187 890 1300 940 684]‚
1327 891 1454 928 tradit
1480 892 1656 929 Joannes
1682 892 1803 929 Villa-

108 947 209 984 nius.
232 946 331 984 Vide
349 946 475 984 etiam
493 946 783 996 Waddingum,
803 961 866 985 an.
889 947 1001 993 1327,
1026 948 1096 995 §2
1127 949 1170 998 [t.
1192 963 1315 998 V11‚p.
1337 949 1423 999 66].
1446 949 1507 987 Ex
1525 950 1668 988 eadem
1686 958 1803 1000 gente

108 1005 187 1043 fuit
209 1005 402 1043 Galeotus
425 1005 615 1043 Tarlatus
637 1005 686 1043 de
711 1006 953 1052 petramala,
978 1021 1099 1056 quem
1122 1007 1303 1045 Clemens
1327 1008 1406 1045 VII
1432 1008 1527 1046 fecit
1558 1009 1804 1047 cardinalem

107 1078 216 1102 anno
247 1064 647 1103 MCCCLXXXVII.

162 1123 204 1161 P.
230 1123 316 1169 144,
339 1123 404 1172 lig.
429 1123 489 1161 27.
517 1123 794 1162 RECEDERET.
830 1124 882 1162 Le
913 1124 935 1161 5
966 1124 1046 1162 mai
1079 1124 1192 1171 1329,
1225 1125 1325 1163 Jean
1361 1125 1488 1162 XXII
1512 1125 1680 1163 ecrivait
1714 1128 1735 1163 a
1767 1127 1804 1163 la

107 1182 215 1220 reine
236 1182 284 1220 de
307 1182 458 1220 Franco
481 1198 488 1219 :
511 1182 695 1232 Preeepto
715 1183 869 1231 quidem
890 1182 987 1220 (licto
1008 1183 1121 1220 Petro
1141 1191 1173 1220 et
1191 1184 1277 1221 suis
1296 1184 1527 1233 sequacibus
1547 1199 1615 1234 per
1635 1185 1806 1222 Pisanos

72 1262 74 1265 v
109 1241 209 1291 quod
227 1241 400 1278 eamdem
420 1241 613 1278 civitatem
633 1241 792 1288 exirent,
813 1241 954 1290 furtive
972 1242 1211 1290 festinarunt
1230 1243 1397 1280 recedere
1417 1243 1529 1292 quasi
1550 1244 1656 1280 nullo
1669 1257 1808 1281 ,eorum

109 1300 188 1337 alio
205 1308 417 1349 eaepectato;
438 1300 625 1349 quomodo
643 1309 772 1338 autem
790 1301 914 1338 (lictus
944 1301 1126 1350 [Petrus]
1147 1315 1186 1337 se
1205 1301 1312 1350 gerit,
1333 1301 1587 1339 communiter
1605 1302 1809 1350 ignoratur

110 1359 269 1409 (Eubel‚
294 1359 340 1397 Β.
367 1359 427 1405 F.,
452 1367 481 1397 t.
508 1374 544 1406 v,
570 1374 607 1409 p.
632 1359 737 1407 386).

166 1418 206 1456 P.
237 1418 323 1463 144,
350 1417 415 1467 lig.
443 1418 503 1456 30.
542 1418 789 1456 SEcmzrlus.
834 1418 944 1456 Idem
983 1418 1244 1456 continuator
1280 1418 1427 1468 Nangii
1464 1419 1509 1469 [t.
1544 1433 1584 1466 11,
1621 1434 1658 1469 p.
1688 1418 1805 1468 113]:

111 1477 264 1514 Bavaro
285 1485 409 1514 stante
432 1477 475 1514 in
498 1477 739 1514 Alemannia
761 1477 957 1526 antipapa
979 1492 1056 1514 non
1079 1478 1244 1514 multum
1265 1478 1434 1515 audebat
1453 1492 1492 1515 se
1513 1478 1721 1525 ostendere,
1743 1479 1809 1515 secl

110 1537 209 1581 clam
236 1535 297 1573 hic
322 1544 355 1573 et
381 1535 438 1573 ibi
466 1536 534 1573 ubi
561 1544 707 1585 poterat
732 1551 820 1573 cum
845 1537 930 1573 suis
958 1536 1074 1584 falsis
1107 1536 1379 1574 cardinalibus
1404 1545 1438 1574 et
1469 1542 1588 1585 fratre
1614 1537 1808 1574 Miclzaele

111 1595 306 1644 quondam
330 1594 482 1632 ordinis
505 1595 674 1643 fratrum
697 1595 906 1632 Minorum
928 1595 1098 1643 generali
1122 1603 1155 1632 et
1178 1595 1413 1644 quibusdam
1434 1596 1527 1633 aliis
1546 1596 1806 1633 eoecommuni-

111 1654 208 1691 catis
237 1661 270 1691 et
300 1654 566 1691 condemnatis
597 1654 640 1691 de
670 1654 819 1691 haeresi
847 1654 962 1702 salsis
999 1654 1190 1702 fratribus
1221 1654 1454 1691 Minoribus
1484 1654 1673 1693 latitabat.
1707 1654 1807 1692 Vide

112 1720 291 1750 veterem
311 1713 534 1750 Historiam
556 1713 860 1750 pistoriensium
891 1713 1116 1762 [Muratori,
1138 1720 1166 1750 t.
1190 1727 1244 1760 xl,
1267 1713 1338 1751 col.
1361 1712 1474 1762 453}

165 1772 205 1810 P.
237 1771 323 1818 144,
352 1771 417 1821 lig.
457 1771 517 1810 30.
559 1772 696 1809 DEDIT
734 1786 779 1809 su
816 1786 957 1809 IPSUM.
996 1772 1145 1809 Contra
1183 1771 1362 1809 Joannes
1399 1771 1609 1818 Villanius,
1646 1771 1714 1810 lib.
1755 1771 1806 1817 X,

105 1844 193 1880 cap.
217 1844 340 1868 chlv
371 1831 597 1880 [Muratori,
620 1839 647 1869 t.
670 1845 755 1877 xm,
777 1831 849 1868 col.
871 1830 968 1879 690]
991 1830 1131 1867 scribit
1150 1844 1243 1867 eum
1269 1830 1480 1868 Bonisacio
1509 1838 1663 1868 secreto
1682 1830 1806 1867 tradi-

106 1897 196 1926 tum
222 1889 344 1927 fuisse
372 1889 686 1927 custodiendum
712 1904 734 1927 a
761 1890 935 1936 Bavaro,
964 1889 1128 1938 quando
1154 1889 1186 1926 is
1213 1889 1385 1927 excessit
1413 1889 1525 1927 Pisis.
1555 1889 1631 1926 Sed
1660 1889 1806 1926 falsum

104 1962 188 1986 esse
209 1948 430 1986 Villanium
448 1948 578 1998 liquet
597 1963 646 1986 ex
664 1948 796 1986 verbis
817 1948 986 1985 Joannis
1008 1947 1135 1984 XXII
1154 1948 1291 1985 relatis
1310 1948 1361 1985 ab
1381 1948 1553 1986 Odorico
1575 1947 1804 1996 Raynaldo,

104 2021 168 2045 an.
196 2007 309 2054 1330,
340 2007 355 2055 ξ
380 2007 414 2046 2.
441 2008 620 2045 Joannes
644 2022 739 2045 vero
773 2007 1024 2053 Hocsemius,
1061 2006 1104 2056 [t.
1130 2006 1178 2056 11]
1205 2021 1242 2056 p.
1269 2006 1357 2053 386,
1383 2007 1510 2044 tradit
1532 2020 1626 2044 eum
1658 2020 1804 2055 magna

105 2066 300 2115 pecuniae
320 2066 360 2104 vi
378 2074 565 2116 emptum
584 2081 606 2104 a
625 2080 733 2116 papa
754 2067 924 2104 Joanne.
949 2066 1135 2106 Tandem,
1152 2065 1300 2114 inquit,
1320 2079 1408 2102 cum
1426 2079 1494 2114 per
1516 2079 1642 2102 annos
1659 2065 1806 2114 aliquot

104 2125 231 2162 taliter
251 2139 290 2162 se
313 2126 532 2173 gessissent,
556 2140 580 2162 a
602 2126 769 2175 quodam
790 2125 984 2174 principe,
1011 2138 1155 2172 magna
1178 2124 1397 2173 redemptus
1418 2138 1486 2173 per
1507 2137 1657 2173 papam
1682 2123 1803 2160 ιΙοαη-

65 2194 68 2196 ’
105 2198 192 2221 nem
222 2184 392 2233 pecunia
422 2184 617 2234 antipapa
648 2184 728 2221 sibi
758 2184 926 2221 traditur
957 2183 1148 2219 Nicolaus
1181 2198 1188 2219 ι
1222 2183 1288 2232 qui
1316 2182 1412 2231 fune
1442 2182 1588 2231 ligatus
1621 2182 1664 2219 in
1694 2181 1802 2227 collo,

102 2242 270 2291 forsitan
303 2243 413 2280 illius
442 2243 642 2293 principis
672 2257 717 2280 eas
746 2243 931 2288 condicto,
963 2242 1076 2279 aliud
1105 2242 1254 2278 malum
1284 2255 1361 2278 non
1391 2241 1552 2290 patitur,
1591 2241 1672 2277 nisi
1704 2241 1805 2290 quod

105 2301 260 2350 publice
276 2316 423 2338 errasse
438 2316 478 2339 se
493 2302 741 2351 praedicans,
761 2301 951 2339 detinetur
967 2300 1118 2337 honeste
1123 2314 1137 2347 ,·
1157 2300 1223 2349 qui
1238 2300 1296 2337 sic
1313 2300 1497 2347 detentus,
1519 2299 1620 2336 brevi
1639 2307 1805 2348 tempore

106 2360 208 2397 diem
224 2360 365 2398 clausit
381 2369 603 2399 eaetremum.

161 2419 202 2457 P.
229 2418 315 2465 145,
337 2419 402 2469 lig.
429 2419 461 2458 1.
484 2420 703 2457 Bommcn
728 2432 892 2457 comus
928 2418 1115 2455 NovizLu
1152 2431 1206 2453 on
1239 2417 1545 2454 DoxAmsrico.
1581 2416 1686 2452 Eum
1725 2415 1802 2466 pri-

108 2477 282 2515 marium
313 2491 359 2515 ac
390 2478 656 2528 principalem
690 2478 858 2515 Pisanae
890 2477 999 2514 urbis
1032 2476 1174 2522 civem,
1207 2476 1285 2513 loro
1318 2489 1415 2524 gran
1445 2475 1645 2521 cittadino,
1678 2482 1800 2515 vocat

107 2536 288 2574 Joannes
314 2537 524 2584 Villanius,
550 2537 618 2575 lib.
649 2537 699 2581 X,
727 2551 813 2586 cap.
843 2550 966 2574 chiv
1003 2534 1228 2585 muratori,
1255 2542 1284 2572 t.
1313 2548 1396 2581 xm,
1425 2534 1496 2571 col.
1524 2533 1637 2583 ss90].
1665 2533 1801 2569 Avum

154 2701 186 2734 1.
210 2700 263 2733 La
284 2701 517 2744 publication
538 2701 737 2734 solennelle
760 2701 822 2733 des
845 2702 972 2743 proces
995 2705 1122 2732 contre
1146 2697 1256 2731 Louis
1280 2698 1323 2730 de
1346 2697 1512 2736 Bavitem,
1536 2696 1742 2739 l'antipape
1764 2702 1801 2729 et

104 2754 200 2787 leurs
223 2753 409 2797 partisans
431 2754 667 2798 reciproques
688 2753 883 2787 s'effectua
918 2753 948 2785 le
971 2753 1015 2785 18
1036 2751 1117 2794 juin
1138 2751 1242 2784 1329.
1269 2751 1383 2783 Finke
1409 2750 1513 2793 (Acta
1533 2749 1801 2792 Aragonensia‚

106 2813 132 2839 t.
153 2805 181 2846 '1,
206 2818 239 2839 n.
270 2807 351 2850 298)
375 2819 396 2839 a
415 2807 513 2840 edite
532 2808 563 2840 le
591 2813 694 2840 texte
717 2807 761 2839 de
782 2807 816 2838 la
835 2805 993 2838 relation
1020 2804 1189 2837 detaillee
1217 2804 1260 2836 de
1287 2804 1322 2835 la
1341 2802 1558 2836 ceremonie.
1584 2802 1651 2834 Les
1674 2804 1801 2845 proces

103 2861 273 2893 cutames
291 2865 418 2893 contre
435 2860 533 2894 Jean
550 2860 670 2893 XXII
688 2871 755 2903 par
773 2859 920 2892 Nicolas
938 2857 970 2890 V
986 2864 1023 2890 et
1040 2857 1103 2900 qui
1121 2856 1273 2889 avaient
1289 2857 1347 2889 ete
1365 2855 1513 2888 affiches
1531 2867 1593 2888 sur
1609 2855 1658 2887 les
1676 2861 1801 2898 portes

105 2913 150 2945 de
174 2912 429 2945 Notre-Dame
451 2913 578 2945 furent
599 2913 721 2946 brules
744 2912 1041 2955 publiquement.
1067 2910 1138 2942 Des
1161 2908 1431 2942 commissaires
1453 2914 1623 2949 recurent
1645 2907 1802 2940 mandat

107 2965 328 3008 d'enqueter
346 2971 473 2998 contre
493 2966 544 2998 les
565 2965 772 2998 affieheurs.

159 3018 190 3051 2.
213 3018 271 3051 On
292 3018 322 3051 le
344 3025 477 3051 trouve
500 3019 716 3052 mentionne
737 3029 827 3051 avec
848 3017 880 3049 le
902 3016 988 3049 titre
1010 3016 1053 3048 de
1076 3015 1211 3047 vicaire
1233 3014 1391 3057 general,
1415 3014 1507 3046 dans
1528 3025 1579 3046 un
1600 3013 1806 3046 document

110 3071 161 3103 du
181 3071 226 3104 16
246 3071 327 3114 juin
348 3071 440 3104 1329
465 3071 675 3114 (Schwalm,
698 3070 990 3107 constitutiones,
1013 3074 1038 3101 t.
1062 3066 1126 3118 vil,
1148 3065 1182 3100 n.
1206 3067 1301 3110 591).
