2083 3458
306 212 384 252 762
953 224 1105 249 NOTAE
1140 224 1200 248 AD
1235 224 1362 249 VITAs
1857 209 2010 265 [1238]

304 310 407 348 siam
426 324 540 359 egere
561 309 649 346 viro
670 308 769 346 forti
788 316 829 347 et
849 322 1022 357 magnae
1043 307 1307 347 auctoritatis
1329 308 1381 346 ad
1401 322 1495 346 eum
1515 308 1826 347 deturbandum
1848 309 1897 348 de
1920 309 2016 348 sede

306 383 429 419 quan]
454 368 485 407 is
510 368 678 418 injuste,
703 375 750 405 ut
773 367 851 418 ipsi
875 367 1100 418 putabant,
1125 367 1372 418 occupabat,
1397 368 1439 405 in
1462 368 1572 406 hunc
1596 368 1849 407 Clementem
1880 368 2016 419 conje-

306 436 449 467 cerunt
467 429 623 470 oeulos;
642 427 725 477 qui,
743 435 907 477 praeter
923 427 1109 478 proprias
1127 441 1277 477 easque
1294 427 1472 477 insignes
1492 427 1681 476 virtutes,
1699 428 1828 477 gradu
1846 442 2017 467 consan-

305 488 519 537 guinitatis
552 487 617 525 vel
648 486 863 525 affinitatis
896 486 1122 536 attingeret
1153 486 1235 526 fere
1267 501 1407 525 omnes
1440 487 1617 538 majores
1648 487 1853 538 principes
1894 487 2017 526 chris-

304 547 453 595 tianos,
480 556 528 585 ut
555 547 614 584 ait
641 555 787 585 auctor
812 546 936 597 hujus
970 546 1096 594 Vitae,
1116 560 1201 594 seu,
1229 555 1276 585 ut
1304 546 1363 584 ait
1390 547 1605 598 episcopus
1636 547 1837 586 Reatinus
1865 547 1908 585 in
1943 561 2016 586 sua

303 606 575 657 depositione,
608 605 704 656 quia
736 606 964 646 multorum
997 605 1172 646 aliorum
1202 606 1437 657 principum
1469 614 1510 645 et
1540 607 1778 657 potentium
1809 606 1850 645 in
1881 607 2018 646 seculo

302 666 629 716 consanguineus
659 674 749 704 erat
776 665 843 704 vel
871 664 1021 705 affinis.
1054 664 1225 704 Diversa
1254 674 1398 706 tamen
1426 665 1507 704 fuit
1538 665 1695 705 Callisti
1723 674 1764 705 et
1794 666 2014 706 Clementis

302 726 482 764 fortuna.
510 725 701 764 Callistus
727 725 837 765 enim
863 725 1105 776 Gregorium
1130 725 1284 764 devicit
1309 740 1355 764 ac
1382 725 1672 777 triumphavit.
1701 725 1893 765 Urbanus
1920 740 2014 765 cum

300 785 454 823 auxilio
476 799 617 824 eorum
639 785 709 835 qui
730 793 869 835 partes
891 784 979 835 ejus
1001 784 1203 823 fovebant
1224 785 1379 824 restitit
1401 785 1617 825 Clementi.

354 845 398 884 P.
420 845 510 893 471,
531 844 598 894 lig.
622 845 683 884 10.
708 845 856 883 ULTRA
878 859 1039 883 MERITA
1062 859 1157 884 SUA.
1182 844 1321 883 Etiam
1343 845 1676 895 Walsinghamus
1713 844 1761 895 st.
1781 859 1810 893 1,
1830 860 1869 896 p.
1892 844 2012 896 394],

298 904 488 956 capitalis
507 903 696 943 inimicus
718 903 954 952 Clementis,
974 904 1161 954 agnoscit
1180 904 1296 945 illum
1316 904 1439 944 fuisse
1459 904 1595 945 virum
1615 904 1834 943 nobilitate
1855 904 2010 955 generis

299 964 554 1014 praeclarum
589 972 631 1003 et
664 963 836 1003 scientia
869 963 1082 1003 literarum
1118 978 1201 1002 non
1234 964 1368 1005 minus
1404 964 1692 1015 spectabilem3
1728 979 1860 1015 neque
1893 964 2010 1004 illum

299 1023 472 1074 alicujus
491 1023 604 1062 saevi
621 1023 801 1062 criminis
819 1023 970 1073 arguit,
988 1023 1066 1064 nisi
1083 1024 1195 1074 quod
1212 1024 1271 1062 ait
1288 1038 1382 1065 eum
1400 1039 1525 1075 genus
1544 1033 1585 1063 et
1602 1024 1818 1063 scientiam
1834 1023 2007 1075 perfidia

299 1083 525 1122 maculasse
551 1098 644 1123 cum
667 1083 835 1122 recessit
859 1084 910 1121 ab
938 1084 1120 1122 Urbano.
1148 1084 1267 1132 Quod
1291 1084 1441 1122 mirum
1466 1099 1548 1122 non
1572 1093 1634 1123 est
1658 1083 1860 1135 scriptum
1884 1083 2008 1122 fuisse

297 1143 350 1181 ab
386 1143 551 1183 homine
587 1143 733 1193 Anglo,
769 1143 821 1181 ob
856 1143 980 1193 idque
1018 1143 1177 1182 Urbani
1210 1143 1399 1195 partibus
1435 1143 1735 1192 addictissimo,
1770 1143 1866 1194 quia
1903 1142 2011 1182 Galli

296 1202 583 1241 adhaerebant
607 1202 821 1241 Clementi.
848 1203 907 1241 Ea
931 1203 1015 1241 sola
1038 1203 1145 1241 ratio
1167 1211 1260 1242 tum
1283 1203 1391 1242 bona
1415 1212 1504 1242 erat
1526 1203 1637 1254 apud
1661 1203 1828 1254 Anglos.

352 1262 397 1301 P.
421 1262 513 1311 471,
537 1262 604 1312 lig.
631 1262 693 1301 11.
722 1262 973 1301 DISPOSITUS
998 1277 1055 1300 AD
1082 1278 1400 1311 LABORANDUM,
1427 1264 1468 1301 id
1489 1271 1556 1311 est,
1581 1264 1633 1301 ad
1670 1263 1912 1301 miscendam
1931 1262 2009 1300 Dei

298 1322 533 1370 Ecclesiam,
545 1330 592 1360 ut
604 1322 726 1361 isthic
741 1322 800 1360 ait
813 1322 996 1373 optimus
1012 1324 1305 1373 paraphrastes
1324 1323 1522 1362 Odoricus
1539 1323 1796 1373 Raynaldus,
1809 1336 1875 1361 an.
1891 1322 2007 1370 1378,

305 1381 321 1430 ἓ
354 1380 418 1430 56,
451 1381 521 1432 qui
553 1395 652 1419 mox
683 1381 881 1421 adversus
915 1382 1169 1421 Clementem
1201 1383 1353 1433 repetit
1386 1382 1694 1423 accusationem
1726 1383 1775 1421 de
1810 1381 2008 1432 sanguine

298 1441 403 1489 fuso,
429 1441 494 1480 cui
519 1456 658 1492 supra,
683 1456 723 1492 p.
751 1441 866 1489 1084,
887 1456 1130 1493 responsum
1150 1442 1315 1481 abunde
1340 1451 1414 1481 est.
1443 1443 1593 1482 Omnes
1622 1441 1870 1480 Urbanistae
1896 1441 2009 1492 apud

294 1501 407 1539 huno
440 1509 653 1540 auctorem
687 1509 785 1540 sunt
818 1501 896 1539 viri
929 1501 1063 1540 sancti
1087 1510 1128 1541 et
1161 1501 1433 1550 immaculati,
1469 1516 1608 1541 omnes
1631 1501 1877 1542 Clementini
1909 1500 2009 1540 mali

296 1560 482 1599 homines
513 1569 554 1599 et
583 1560 769 1601 omnium
799 1561 997 1601 scelerum
1027 1570 1068 1600 et
1099 1561 1350 1612 flagitiorum
1381 1562 1554 1600 colluvie
1585 1560 1890 1602 commaculati.
1922 1561 2007 1599 Cle-

298 1633 426 1668 mens,
458 1619 529 1670 qui
559 1620 610 1658 ab
643 1620 833 1660 omnibus
864 1621 1074 1669 laudatur,
1106 1621 1169 1659 vir
1199 1621 1324 1669 mitis,
1357 1621 1548 1665 affabilis,
1580 1621 1795 1671 benignus,
1826 1620 2006 1671 proscin-

296 1679 410 1717 ditur
434 1679 588 1730 ubique
614 1694 637 1717 a
667 1680 900 1729 Raynaldo‚
930 1681 1137 1729 Urbanus,
1164 1681 1287 1719 homo
1314 1681 1508 1720 ebrietati
1534 1681 1712 1729 deditus,
1740 1680 1934 1728 furiosus,
1959 1694 2005 1718 ac

298 1754 368 1789 per
402 1739 621 1777 intervalla
656 1739 838 1788 insanus,
872 1740 1061 1787 crudelis,
1096 1740 1360 1779 immanitate
1396 1741 1610 1789 barbarus,
1644 1740 1836 1778 laudibus
1872 1740 1923 1778 ab
1958 1754 2005 1778 eo

296 1798 466 1837 effertur
487 1799 527 1836 in
552 1799 724 1838 caelum.
753 1799 930 1840 Homine
954 1799 1146 1851 imperito
1170 1814 1385 1850 nunquam
1409 1800 1634 1851 quicquam
1656 1800 1865 1850 injustius.
1893 1799 2005 1837 Haec

297 1858 405 1897 enim
434 1858 615 1897 Terentii
643 1859 770 1897 verba
799 1859 1008 1898 interdum
1038 1860 1262 1910 repetenda
1292 1868 1389 1898 sunt
1418 1860 1615 1899 adversus
1645 1860 1893 1910 scriptorem
1915 1867 2004 1897 tam

298 1918 402 1956 male
430 1932 592 1957 sanum.
625 1919 811 1967 Quantas
841 1919 905 1957 ille
933 1919 1168 1969 tragoedias
1197 1919 1434 1968 excitasset,
1464 1920 1497 1958 si
1525 1919 1711 1958 scivisset
1740 1933 1868 1969 nugas
1898 1932 2003 1969 quae

297 1977 494 2016 adversus
516 1978 770 2018 Clementem
791 1979 993 2017 confictae
1014 1987 1115 2018 tunc
1136 1987 1233 2017 sunt
1254 1979 1305 2017 ab
1327 1978 1571 2018 adversariis
1593 1980 1696 2029 ejus,
1719 1993 1820 2030 quas
1843 1977 2006 2017 dicendi

297 2037 404 2076 faces
425 2052 507 2075 non
528 2037 810 2076 adhibuisset?
832 2038 1013 2078 Afferam
1033 2053 1104 2088 ego
1125 2039 1197 2076 has
1218 2039 1410 2089 ineptias,
1431 2047 1479 2077 ut
1497 2038 1544 2077 iis
1576 2047 1718 2089 postea
1740 2046 1914 2077 utantur
1935 2038 2005 2088 qui

301 2097 517 2145 Raynaldo
538 2097 687 2136 similes
708 2112 793 2136 esse
814 2098 1035 2138 maluerint
1056 2112 1181 2148 quam
1201 2098 1436 2137 hominibus
1465 2099 1597 2137 bonae
1628 2098 1792 2138 mentis.
1818 2097 1882 2136 Sic
1910 2111 2003 2147 ergo

296 2156 446 2206 legitur
463 2156 503 2193 in
523 2156 706 2195 oratione
726 2171 851 2207 quam
871 2157 1004 2196 Guido
1027 2157 1244 2196 cardinalis
1263 2158 1311 2197 de
1331 2157 1544 2197 Malesicco
1563 2157 1710 2196 habuit
1728 2158 1780 2195 ad
1798 2157 2004 2207 synodum

300 2216 635 2255 Cameracensem
653 2216 667 2239 ¹
686 2233 693 2255 :
712 2216 856 2254 Nonne
871 2217 990 2255 etiam
1008 2217 1067 2255 illi
1082 2217 1303 2255 adversarii
1315 2218 1392 2255 Dei
1407 2226 1442 2255 et
1456 2217 1629 2255 Ecclesie
1642 2217 1867 2267 falsissima
1883 2216 2003 2254 mira-

299 2276 387 2313 cula
403 2276 680 2325 confinxerunt
694 2277 746 2314 ad
760 2276 982 2326 simplicem
997 2277 1194 2327 populum
1210 2277 1339 2326 magis
1355 2278 1647 2315 seducendum?
1661 2276 1806 2314 Nonne
1821 2276 2007 2315 dixerunt

297 2334 455 2384 publice
471 2336 572 2384 quod
588 2335 775 2373 dominus
792 2344 919 2373 noster
934 2351 1045 2386 papa
1062 2336 1243 2374 Clemens
1258 2337 1406 2384 statim,
1425 2338 1582 2386 quando
1597 2336 1648 2374 ab
1667 2336 1818 2374 intruso
1836 2335 2005 2383 recessit,

298 2394 438 2432 habuit
451 2395 616 2444 signum
632 2395 726 2433 thau
744 2395 982 2445 impressum
1000 2396 1043 2433 in
1057 2396 1189 2445 faciest
1203 2396 1255 2434 Et
1269 2396 1338 2434 hoc
1355 2396 1491 2434 multis
1504 2396 1665 2445 regibus
1690 2389 1726 2434 et
1746 2395 2004 2446 principibus

297 2467 366 2503 per
388 2468 484 2491 suas
509 2454 642 2492 literas
667 2455 1003 2505 conscripserant3
1031 2456 1075 2493 cle
1100 2455 1215 2505 cujus
1241 2456 1437 2493 contrario
1461 2470 1531 2506 per
1555 2463 1758 2505 aspectum
1782 2455 1848 2492 sui
1874 2455 2004 2492 vultus

297 2512 489 2550 evidenter
510 2515 705 2563 apparet?
727 2512 870 2552 Nonne
892 2514 1195 2564 publicaverunt
1216 2515 1374 2565 publice
1396 2516 1498 2565 quod
1520 2515 1562 2552 in
1584 2515 1718 2564 prima
1741 2514 1864 2552 missa
1886 2528 2004 2563 quam

298 2572 515 2620 celebravit,
536 2587 677 2622 corpus
697 2573 848 2611 Christi
866 2574 1016 2623 affugit
1033 2574 1084 2612 ab
1103 2574 1251 2612 altari?
1268 2574 1397 2624 Cujus
1416 2574 1660 2613 contrarium
1684 2589 1753 2625 per
1777 2575 1854 2612 duo
1874 2573 2004 2611 millia

298 2631 454 2669 testium
474 2632 617 2670 extimo
638 2632 705 2682 qui
729 2632 771 2670 in
793 2633 974 2671 electione
995 2641 1028 2671 et
1049 2633 1298 2672 coronatione
1321 2633 1452 2683 ipsius
1474 2642 1670 2684 presentes
1689 2634 1853 2683 fuerunt
1874 2631 2001 2670 mani-

295 2690 506 2737 festissime
524 2691 784 2741 probaretur?
2004 2736 2005 2739 Ἴ

353 2750 395 2787 Ρ.
423 2750 514 2797 472,
540 2750 606 2800 lig.
635 2751 671 2790 2.
709 2751 1104 2790 ANTICARDINALES.
1152 2752 1357 2790 Robertus
1395 2752 1593 2800 Gervasii,
1628 2751 1842 2802 episcopus
1880 2752 1999 2790 Sene-

298 2807 441 2855 censis,
461 2809 501 2846 in
522 2818 705 2848 tractatu
724 2811 783 2848 De
801 2810 1009 2849 schismate
1023 2811 1050 2858 2,
1066 2811 1133 2849 fol.
1156 2812 1176 2849 7
1197 2819 1255 2849 v0:
1278 2812 1369 2862 Ipse
1389 2826 1473 2849 vero
1493 2811 1792 2849 Bartholomeus
1810 2819 1999 2860 tanquam

294 2866 433 2914 fatuus
454 2876 487 2905 et
507 2869 749 2918 apostaticus
770 2878 804 2908 et
823 2871 1176 2920 pseudoapostolus
1195 2870 1288 2919 fecit
1306 2870 1386 2908 sibi
1408 2870 1509 2909 alios
1530 2870 1764 2909 cardinales.
1802 2869 1856 2907 Hi
1885 2869 1996 2908 fuere

297 2940 465 2965 numero
486 2942 591 2966 xxm<
609 2936 656 2966 ut
674 2944 812 2968 omnes
832 2929 912 2968 fere
931 2929 1209 2968 consentiunt.
1229 2930 1501 2969 Theodericus
1519 2938 1662 2968 tamen
1678 2944 1700 2967 a
1721 2929 1856 2976 Niem,
1872 2928 1942 2967 lib.
1966 2929 1998 2976 I,

351 3057 378 3088 1.
414 3056 751 3102 Hescle—Lcclercq,
771 3060 936 3093 Histoire
953 3061 1012 3093 des
1028 3061 1193 3100 conciles,
1213 3067 1239 3093 t..
1260 3073 1307 3100 Vl,
1348 3061 1384 3092 <ge
1396 3060 1485 3098 edit,
1499 3072 1533 3104 p.
1554 3060 1658 3094 1497.

350 3110 378 3141 2.
411 3109 476 3142 Ms.
507 3111 601 3143 latin
632 3112 735 3146 1467.
