2083 3458
313 247 327 287 J
341 246 393 287 20
958 256 1109 281 NOTAE
1144 255 1203 280 AD
1238 255 1366 280 VITAS
1888 237 2012 293 [638]

367 346 408 384 P.
441 344 503 392 61,
533 344 598 393 lig.
630 343 691 380 22.
725 343 875 380 STEPH.
908 355 1080 378 Ancum.
1103 340 1238 376 Bnuc.
1272 346 1543 387 cognomento
1566 338 1613 376 de
1648 337 1812 376 Susiaco
1839 336 1937 385 sive,
1968 345 2016 375 ut

309 404 378 442 alii
401 404 574 449 malunt,
598 402 645 440 de.
676 401 868 439 Suisiaco.
901 400 1024 437 Ortus
1055 398 1162 436 enirn
1191 405 1280 436 erat
1309 412 1328 435 e
1357 397 1453 435 villa
1482 397 1567 447 agri
1597 395 1880 434 Laudunensis
1911 410 2014 446 quae

315 471 485 501 vocatur
514 461 754 506 Suisiacum,
784 460 905 508 vulgo
935 457 1067 506 Suisy‚
1098 470 1202 506 quae
1229 456 1410 506 pertinet
1438 456 1489 494 ad
1527 456 1823 496 monasterium
1853 456 2015 493 Laudu-

313 537 447 560 1101150.
466 521 561 558 Fuit
577 520 707 570 primo
723 517 1033 556 archidiaconus
1047 515 1266 565 Brugensis
1282 515 1324 553 in
1340 515 1505 553 ecclesia
1522 514 1782 561 Tornacensi,
1796 522 2015 565 propterea

310 582 445 618 ‹lictus
480 579 789 617 archidiaconus
825 575 1039 614 Flandriae
1073 575 1115 612 in
1150 574 1398 624 quibusdam
1432 574 1558 612 literis
1594 573 1772 624 Philippi
1811 573 1878 620 IV,
1913 574 2016 624 regis

315 641 574 677 Francorum.

366 700 407 736 P.
431 698 493 744 61,
515 698 579 745 lig.
604 697 664 734 22.
689 696 1026 733 CANCELLAmrs.
1055 693 1117 730 Ita
1138 692 1264 730 etiam
1286 692 1544 730 Ptolemaeus
1568 692 1759 730 Lucensis
1782 700 1823 730 et
1844 691 2016 729 Amalri-

311 773 381 795 cus
408 756 570 806 Augerii
607 756 652 805 [t.
678 770 704 802 1,
731 769 768 804 p.
797 753 885 803 92],
912 761 1001 789 tum
1028 752 1152 790 etiarn
1178 751 1484 789 vetustissimus
1511 752 1720 801 catalogus
1747 751 2017 789 cardinalium

312 816 540 854 viventium
562 815 599 852 in
623 808 1035 862 initiispontificatus
1058 810 1275 849 Clementis
1297 810 1345 857 V,
1368 810 1501 848 editus
1522 810 1560 847 in
1584 818 1696 848 tomo
1727 809 1850 848 tertio
1882 810 2016 847 Liber-

308 884 430 914 tatum
456 874 651 912 Ecclesiae
673 872 935 920 Anglicanae,
959 885 998 920 p.
1026 869 1126 907 1155
1144 870 1165 908 ‘.
1190 869 1302 908 Idem
1325 869 1366 907 in
1391 869 1600 920 epitaphio
1624 877 1798 907 vocatur
1821 869 2016 908 cancella-

309 935 390 972 rius
416 934 530 971 aulae
556 932 710 982 regalis.
739 931 793 968 Et
817 939 958 968 tamen
983 944 1054 979 ego
1078 937 1181 979 puto
1207 943 1300 967 011111
1329 943 1411 967 11011
1437 928 1558 966 fuisse
1588 928 1874 967 cancellarium
1893 928 1920 976 ‘·’,
1948 929 2017 966 sed

310 1002 475 1031 ‘lantum
501 991 763 1041 sigilliferum,
785 990 851 1039 qni
876 997 981 1039 porte
999 989 1031 1025 le
1054 989 1141 1035 seel,
1168 996 1215 1025 ut
1239 987 1386 1037 legitur
1410 988 1451 1026 in
1476 987 1602 1026 literis
1627 987 1746 1037 regiis
1770 988 1894 1038 paulo
1920 996 2017 1026 ante

309 1052 501 1098 laudatis,
522 1052 562 1088 id
583 1058 656 1097 est,
677 1048 1068 1094 vicecancellarium,
1089 1047 1151 1085 uti
1171 1055 1344 1085 vocatur
1363 1047 1404 1085 in
1427 1061 1617 1097 processu
1649 1046 1786 1085 fratris
1817 1047 2016 1086 Bernardi

313 1110 497 1149 Delitiosi
512 1109 735 1150 .Minoritae
761 1124 767 1146 :
789 1107 904 1145 Dz'oeit
925 1107 1043 1144 etiam
1067 1107 1151 1156 ipse
1168 1106 1288 1156 frater
1310 1107 1539 1143 Bernardas
1562 1107 1662 1156 qaocl
1684 1121 1772 1143 cam
1794 1106 1905 1156 apud
1926 1106 2015 1144 Pic-

309 1170 430 1208 tawim
451 1169 560 1207 caria
583 1169 769 1206 residente
790 1168 1005 1216 loqueretar
1023 1165 1278 1215 familiariter
1298 1180 1385 1203 cam
1406 1165 1564 1203 domino
1586 1165 1797 1215 Stephano,
1821 1165 2017 1215 quondam

311 1229 505 1267 cardinali
539 1227 751 1276 Bragensi,
785 1226 852 1276 qai
873 1226 1002 1275 suerat
1024 1225 1365 1263 vicecancellarius
1387 1224 1539 1262 domini
1562 1224 1664 1273 regis
1686 1224 1870 1271 Francie,
1894 1232 1928 1262 et
1950 1225 2017 1274 qai

309 1297 390 1325 erat
420 1288 484 1325 sai
517 1287 645 1336 gratia
678 1286 808 1336 ipsias
837 1284 974 1334 fratris
1006 1283 1202 1321 Bernardi
1234 1284 1399 1330 arnicas,
1433 1291 1466 1321 et
1495 1283 1779 1332 familiaris-et
1811 1283 2017 1321 hominurn

309 1347 551 1385 Carcassone
573 1346 667 1396 pias
689 1345 858 1394 adjutor,
882 1352 958 1382 etc.
976 1343 1003 1381 3.
1029 1344 1244 1381 Praeterea
1270 1357 1361 1381 cum
1383 1343 1416 1380 is
1440 1343 1563 1381 fuerit
1586 1342 1768 1392 sigillifer
1798 1343 1867 1380 diu
1890 1343 2017 1381 ante4

310 1420 465 1447 annum
492 1404 756 1451 MCCXCIIL
785 1417 865 1453 quo
906 1402 1188 1441 cancellariam
1216 1402 1338 1440 fuisse
1365 1409 1585 1440 vacantem
1612 1402 1861 1440 adnotatum
1888 1410 1950 1440 est
1975 1401 2014 1439 in

312 1465 436 1503 literis
456 1464 573 1514 regiis
594 1464 642 1502 de
664 1462 975 1501 confirmatione
995 1461 1301 1512 privilegorium
1320 1461 1430 1499 urbis
1450 1461 1728 1508 Bituricensis,
1749 1461 2016 1499 manifestum

310 1533 373 1562 est
402 1538 494 1562 eum
523 1538 605 1561 non
634 1523 756 1560 fuisse
787 1521 1087 1567 cancellarium,
1119 1521 1187 1558 sed
1217 1520 1609 1564 vicecancellarium,
1640 1520 1701 1558 uti
1731 1521 1842 1558 fuere
1872 1528 2015 1570 postea

313 1584 456 1621 Petrus
478 1583 595 1620 Flota
617 1590 658 1620 et
680 1581 917 1620 Guillelmus
940 1581 988 1618 de
1011 1580 1229 1630 Nogareto.
1254 1579 1317 1618 Sic
1337 1579 1445 1618 enim
1466 1594 1532 1618 eos
1553 1579 1675 1618 fuisse
1696 1587 1865 1618 vocatos
1886 1579 2017 1629 liquet

308 1658 361 1680 ex
381 1642 587 1680 veteribus
609 1640 885 1679 monumentis
906 1640 1068 1678 illorum
1089 1648 1323 1690 temporum
1343 1638 1522 1677 laudatis
1544 1653 1566 1677 a
1598 1639 1812 1677 Francisco
1836 1639 2015 1677 Duches-

310 1702 377 1739 nio
401 1701 443 1739 in
467 1700 650 1738 Historia
675 1699 1013 1738 Cancellarioram
1037 1698 1247 1745 Franciae,
1274 1713 1312 1749 p.
1341 1698 1429 1745 250,
1456 1697 1545 1746 259,
1572 1697 1660 1736 260.
1692 1698 1821 1736 Immo
1846 1698 2014 1746 ibidem,

310 1776 348 1811 p.
375 1760 462 1807 261,
486 1760 595 1798 idem
619 1759 857 1798 Guillelmus
880 1758 939 1796 ita
964 1758 1012 1796 de
1037 1773 1077 1796 se
1099 1758 1261 1796 locutus
1285 1757 1476 1795 scribitur
1502 1773 1509 1795 ε
1535 1757 1617 1794 Nec
1639 1757 1691 1795 acl
1713 1772 1830 1795 novos
1853 1757 2015 1795 honores

307 1828 440 1870 postea
458 1834 522 1857 rer
540 1833 598 1856 me
615 1818 763 1856 vocavit
779 1832 867 1855 cam
879 1825 983 1855 vacet
1000 1817 1234 1855 cancellaria
1252 1817 1288 1853 F
1290 1817 1422 1854 rancie
1432 1831 1447 1864 ,·
1467 1831 1534 1854 nec
1550 1831 1618 1865 ego
1634 1831 1723 1854 sam
1741 1816 2014 1864 cancellarius,

308 1879 375 1916 sed
393 1878 572 1927 sigillum
592 1877 677 1927 ejas
698 1877 882 1915 custodio.
907 1877 971 1914 Ex
992 1876 1139 1926 quibus
1160 1876 1295 1914 verbis
1317 1884 1358 1914 et
1379 1890 1428 1913 ex
1448 1875 1632 1926 pluribus
1654 1875 1741 1913 aliis
1763 1876 1859 1913 locis
1882 1875 2013 1925 colligi

307 1952 424 1988 posse
445 1945 546 1988 puto
568 1951 734 1975 vacasse
751 1936 1039 1974 cancellariam
1059 1950 1131 1986 per
1146 1936 1324 1973 multum
1345 1935 1449 1982 aevi,
1472 1943 1512 1973 et
1533 1942 1700 1985 propter
1720 1935 1826 1973 hanc
1849 1948 2012 1972 causan]

310 2012 375 2035 eos
402 1997 468 2046 qui
494 1996 610 2046 sigilli
634 1996 732 2045 regii
756 1995 986 2033 custodiam
1010 1995 1235 2042 habebant,
1262 1994 1521 2032 cancellarios
1544 1994 1753 2032 interdum
1779 1994 1909 2032 dictos
1929 2008 2013 2032 esse

307 2071 379 2105 per
406 2055 658 2102 abusionem,
688 2054 876 2104 quamvis
904 2069 944 2092 re
972 2068 1068 2092 vera
1096 2053 1266 2091 titulum
1296 2053 1524 2091 cancellarii
1550 2067 1634 2093 non
1661 2053 1872 2091 haberent.
1906 2053 2013 2090 Nam

312 2115 455 2152 Petrus
496 2115 543 2152 de
584 2114 823 2163 Arreblayo,
854 2113 1084 2160 cardinalis,
1115 2113 1183 2163 qui
1223 2113 1346 2162 vulgo
1376 2112 1566 2150 scribitur
1595 2111 1717 2150 fuisse
1749 2109 2013 2150 cancellarius

309 2174 412 2223 regis
441 2174 703 2219 Francorum,
731 2172 1086 2213 vicecancellarius
1104 2172 1206 2222 regis
1229 2172 1424 2210 Franciae
1451 2179 1623 2209 vocatur
1647 2171 1686 2209 in
1714 2171 1835 2209 Libro
1861 2171 2010 2221 obliga-

306 2335 327 2366 a
348 2335 381 2367 la
403 2334 636 2378 publication
657 2334 700 2366 de
721 2334 755 2366 la
776 2332 1028 2366 constitution
1048 2332 1143 2365 Cam
1162 2332 1255 2365 inter
1274 2331 1480 2364 nonnullos.
1500 2350 1548 2352 —
1568 2330 1638 2363 Sur
1655 2330 1841 2363 l'activite
1862 2331 1911 2363 du
1933 2342 2011 2363 car-

305 2388 408 2420 dinal
428 2399 474 2420 au
493 2394 615 2430 temps
635 2388 678 2419 (10
694 2387 864 2420 Clement
879 2386 921 2426 V,
942 2386 1023 2418 voir
1040 2385 1169 2425 Finke,
1189 2385 1395 2428 Papsllum,
1415 2391 1441 2417 t.
1460 2396 1497 2424 11,
1518 2396 1552 2427 p.
1575 2385 1630 2423 26,
1651 2384 1732 2424 208,
1753 2384 1833 2424 275,
1854 2384 1934 2417 277.
1964 2403 2011 2406 ——

305 2441 381 2473 Son
399 2453 509 2473 sceau
528 2452 548 2473 a
567 2442 624 2473 010
644 2440 762 2473 decrit
780 2452 846 2483 pas
866 2439 995 2473 Douet
1013 2439 1152 2482 d’Arcq
1174 2438 1383 2481 (Collection
1401 2439 1442 2471 de
1457 2449 1600 2477 sceauoe,
1621 2444 1646 2470 t.
1665 2449 1703 2477 11,
1723 2449 1757 2470 n.
1779 2437 1900 2480 6179).
1913 2456 1961 2460 —-
1980 2438 2009 2470 Il

307 2494 440 2526 assisia
457 2506 502 2525 au
519 2496 646 2536 proces
664 2495 711 2525 du
728 2494 891 2526 vicomte
908 2494 951 2526 (10
967 2492 1158 2535 Lomagne
1178 2493 1337 2534 (Archiv,
1355 2499 1380 2524 t.
1399 2504 1433 2531 v,
1451 2503 1485 2535 p.
1503 2491 1522 2523 9
1538 2498 1576 2524 et
1590 2490 1664 2533 38).

358 2549 388 2581 ’1.
412 2548 478 2581 Les
500 2549 811 2591 correspondants
834 2548 883 2580 du
903 2547 956 2580 roi
978 2548 1168 2590 (l’Aragon
1187 2547 1238 2579 lui
1260 2547 1428 2579 donncnt
1448 2546 1658 2589 egalement
1678 2557 1716 2578 ce
1738 2545 1825 2578 titre
1863 2545 2006 2587 (Finke,

307 2602 511 2644 Papsllum,
531 2613 564 2644 p.
585 2602 640 2640 12,
663 2602 715 2641 17,
735 2602 790 2641 27,
808 2602 866 2641 33,
884 2602 941 2640 35,
959 2600 1031 2644 36).

360 2657 388 2687 2.
420 2654 694 2698 L'appellation
713 2654 756 2686 de
774 2654 981 2687 chancelier
997 2654 1213 2697 n’apparait
1230 2664 1296 2697 pas
1315 2653 1407 2685 dans
1425 2653 1475 2685 lcs
1493 2658 1594 2685 actes
1613 2651 1761 2684 officiels
1780 2651 1823 2684 de
1841 2652 1876 2684 la
1894 2652 2007 2684 chan-

312 2708 451 2739 ‹mlh-ri«-
478 2708 521 2739 do
547 2708 639 2740 '1185
665 2707 683 2738 a
709 2708 801 2739 ‘1222
826 2714 863 2739 ct
888 2708 931 2740 (10
957 2707 1050 2740 1226
1075 2707 1095 2738 a
1120 2707 1225 2740 1315.
1254 2706 1283 2739 Il
1308 2706 1371 2749 n’y
1396 2712 1462 2738 cut
1497 2706 1580 2749 plus
1605 2717 1676 2748 que
1702 2705 1764 2738 des
1791 2704 1920 2748 gardes
1955 2704 2005 2736 du

313 2772 420 2791 scr-au
449 2760 511 2803 qui
538 2761 622 2791 n‘en
649 2762 911 2793 conservcrcnt
937 2772 1003 2804 pas
1030 2759 1150 2792 moins
1176 2760 1207 2792 le
1234 2771 1323 2792 nom
1349 2760 1392 2791 dc
1420 2758 1644 2791 chanceliers
1672 2758 1764 2790 dans
1790 2758 1821 2790 le
1848 2758 2007 2801 langagc

309 2820 467 2845 courant
491 2813 544 2853 (O.
566 2813 692 2852 Morcl,
712 2814 765 2846 La
787 2814 920 2855 grande
937 2813 1167 2846 chancellerie
1193 2813 1323 2856 royale,
1346 2812 1461 2852 Paris,
1482 2812 1586 2851 1900,
1609 2823 1643 2855 p.
1666 2811 1746 2844 5—11
1769 2817 1806 2843 et
1826 2810 1865 2843 L.
1889 2810 2005 2843 Peri-i—

313 2866 408 2905 01101,
431 2866 485 2898 La
508 2867 640 2907 grande
661 2866 891 2900 chancellerie
912 2867 952 2899 de
972 2866 1123 2906 France,
1149 2865 1263 2905 Paris,
1287 2866 1391 2903 1912,
1410 2877 1444 2909 p.
1469 2864 1655 2908 148-156).

357 2920 388 2951 13.
419 2918 607 2954 '15.N.‚111s.
626 2919 719 2951 latin
737 2918 841 2959 2470,
860 2919 884 2952 f.
903 2919 946 2952 89
963 2923 1007 2952 r0.

358 2972 388 3003 [ι.
414 2971 460 3003 Μ.
488 2971 675 3003 I'vrrivlwt
698 2984 717 3003 a
742 2973 888 3005 montre
911 2973 1026 3015 qu‘on
1048 2972 1096 3004 l⁷a
1119 2971 1309 3004 confondu
1332 2983 1421 3004 avec
1444 2971 1541 3004 Jcan
1564 2971 1607 3003 de
1630 2969 1834 3013 Vassoigne
1858 2969 1922 3012 qui
1944 2969 2004 3002 fut

309 3024 357 3055 lui
384 3024 480 3055 aussi
505 3024 730 3057 orcllidiacrc
755 3026 797 3057 dc
821 3025 970 3067 Bruges.
999 3025 1055 3057 En
1077 3025 1206 3058 realite
1231 3016 1388 3057 Etiennc
1414 3025 1456 3056 de
1481 3024 1590 3067 Suisy
1613 3023 1718 3056 n’cut
1741 3023 1772 3056 le
1795 3034 1905 3055 sceau
1928 3034 2004 3055 ccr-

312 3077 517 3109 tam-num
537 3089 606 3119 quc
627 3077 669 3109 (10
690 3078 781 3110 ’1303
802 3078 821 3109 a
840 3078 944 3111 1307.
967 3077 1158 3111 Pcut-etre
1177 3077 1372 3110 l’obtint-il
1394 3079 1499 3120 apres
1519 3077 1553 3109 la
1572 3078 1671 3109 mort
1691 3076 1733 3108 de
1755 3075 1875 3108 Pierre
1897 3075 2001 3108 Flote

311 3130 379 3173 (op.
403 3130 472 3169 cit,
496 3142 528 3172 p.
556 3131 707 3163 181-183
729 3137 765 3163 ct
787 3132 866 3169 523,
891 3131 985 3174 524).
