2083 3458
120 253 243 308 [965]
645 253 863 296 ΡΑΡΑΒΗΜ
899 270 1284 296 AVENIONENSIUM
1724 256 1805 298 481

106 353 305 403 episcopis
341 354 546 392 Aeduensi
581 363 622 393 et
657 354 874 394 Aniciensi.
916 355 978 393 Ita
1014 362 1216 392 testatum
1251 355 1416 403 reliquit
1452 356 1631 394 joannes
1670 357 1808 404 Fabri,

107 412 319 463 episcopus
341 414 615 461 Carnotensis,
635 415 677 452 in
697 429 769 452 suo
786 415 942 453 Diario.

157 472 276 511 Anno
303 473 673 511 MCCCLXXXIX
702 474 835 523 Hugo,
862 483 908 512 ut
933 474 1042 524 prior
1067 474 1334 512 diaconorum
1359 475 1643 522 cardinalium,
1670 476 1808 513 astitit

104 545 236 581 papae
265 533 464 571 Clementi
495 532 575 570 VII
604 533 645 570 in
675 534 909 572 solennibus
941 533 1216 571 coronationis
1247 533 1445 571 Ludovici
1476 534 1588 572 (lucis
1619 535 1806 583 Andega-

104 592 238 629 vensis
265 600 305 630 et
330 593 433 642 regis
461 592 632 631 Siciliae.
661 592 763 631 Vide
790 593 1053 630 Miscellanea
1078 592 1266 630 historica
1292 592 1460 640 Labbei,
1487 601 1516 631 t.
1544 608 1569 641 1,
1595 609 1634 643 p.
1663 594 1738 631 640
1765 602 1807 631 et

104 652 394 690 annotationes
426 652 613 701 Dionysii
641 652 885 691 Gothofredi
913 653 965 690 ad
994 652 1218 690 Historiam
1246 651 1390 689 Karoli
1424 652 1495 699 VJ,
1525 667 1561 702 p.
1585 653 1672 691 566.

156 710 276 749 Anno
307 711 566 749 MCCCXCII
596 725 733 750 mense
764 712 885 758 maio,
917 726 1010 750 cum
1042 711 1314 760 Raymundus
1347 712 1394 749 de
1434 711 1622 749 Turenna
1654 712 1805 750 bellum

104 770 391 818 gravissimum
416 779 571 820 gereret
595 771 790 809 adversus
817 772 1006 809 eumdem
1032 772 1297 818 Clementem,
1322 770 1402 819 fnit
1424 771 1681 808 deliberatum
1705 774 1806 821 quod

102 829 321 866 cardinalis
339 830 383 867 de
401 830 545 868 Sancto
564 830 755 868 Nlartiale
773 831 977 880 loquatam
997 831 1069 868 iret
1085 831 1136 868 ad
1154 831 1301 868 dictam
1320 830 1618 878 Rayrnundnm,
1639 831 1705 880 qut
1724 838 1806 868 erat

103 888 146 924 in
162 897 286 926 castro
302 903 373 926 sno
391 890 441 926 M
443 889 738 939 ayt-amicarum
755 890 807 927 ad
823 891 925 940 qaod
940 898 1111 927 castrum
1129 890 1292 927 dilectus
1311 889 1422 938 filins
1440 898 1567 926 noster
1584 890 1804 926 cardinalis

101 947 145 984 de
168 948 311 986 Sancto
333 949 524 986 Martiale
545 949 728 998 loquutus
757 949 836 997 ficit
857 964 945 987 cum
967 949 1067 986 dicto
1089 949 1340 999 Ragsmnndo,
1364 957 1398 985 et
1417 949 1508 997 fecit
1529 956 1681 985 tantam
1704 949 1805 998 quod

101 1006 215 1045 duxit
237 1021 367 1045 Secum
393 1008 539 1045 dictum
564 1008 849 1058 Raymundmn
882 1009 993 1058 apud
1024 1009 1269 1045 Avenionem
1303 1022 1391 1044 cum
1424 1016 1736 1045 assecuramento
1770 1016 1803 1044 et

98 1067 206 1104 salvo
227 1068 418 1105 conductu
441 1067 534 1105 dicti
555 1068 837 1117 predecessoris
859 1068 996 1114 nostri,
1019 1076 1111 1113 etc.‚
1128 1076 1174 1105 ut
1192 1068 1340 1117 legitur
1360 1068 1401 1105 in
1415 1067 1535 1104 'bulla
1556 1068 1570 1091 1
1590 1067 1802 1105 Benedicti

100 1140 231 1176 papae
258 1126 381 1174 XIII,
408 1127 518 1165 edita
543 1127 650 1166 inter
675 1128 935 1165 Probationes
959 1127 1146 1165 historiae
1175 1126 1460 1174 Tarennensis,
1486 1141 1524 1176 p.
1555 1126 1639 1164 138.

153 1185 272 1224 Anno
299 1186 572 1225 MCCCXCIV
598 1187 787 1225 interfuit
812 1187 1001 1225 electioni
1027 1186 1212 1236 ejusdem
1236 1186 1462 1234 Benedicti,
1490 1199 1664 1236 eumque
1691 1201 1800 1224 coro-

99 1245 218 1285 navit
243 1245 306 1284 die
333 1245 536 1284 dominica
564 1260 605 1283 xl
633 1246 824 1294 octobris,
853 1255 898 1284 ut
922 1247 1070 1294 legitur
1095 1246 1200 1284 infra
1229 1245 1274 1296 [t.
1298 1245 1327 1295 1]
1354 1260 1392 1295 p.
1421 1245 1508 1284 540.

154 1305 357 1354 Quoniam
377 1320 472 1345 vero
492 1306 717 1345 cardinales
737 1306 778 1343 in
798 1306 982 1343 conclavi
1002 1305 1146 1343 inclusi
1165 1314 1259 1356 post
1279 1314 1455 1343 mortem
1470 1305 1689 1344 Clementis
1707 1305 1800 1351 VII,

95 1365 366 1414 jurejurando
384 1366 658 1416 promiserant
678 1381 718 1404 se
738 1365 846 1403 bona
869 1365 946 1405 fide
966 1366 1136 1403 daturos
1157 1379 1323 1415 operam
1343 1373 1389 1402 ut
1411 1364 1501 1402 finis
1520 1365 1801 1414 imponeretur

98 1424 323 1473 schismati,
346 1426 472 1464 etiam
500 1440 572 1475 per
592 1426 703 1464 viam
732 1425 922 1463 cessionis
952 1433 1130 1475 papatus
1160 1426 1247 1475 ejus
1278 1424 1345 1473 qui
1369 1424 1475 1461 foret
1503 1425 1669 1471 electus,
1700 1424 1730 1461 si
1759 1424 1799 1460 id

98 1483 244 1532 majori
264 1485 373 1534 parti
395 1485 665 1523 cardinalium
685 1500 758 1535 pro
779 1484 886 1522 bono
910 1484 1113 1522 Ecclesiae
1127 1493 1166 1522 et
1179 1484 1352 1521 unitatis
1367 1483 1576 1521 videretur
1596 1483 1800 1532 expedire,

102 1556 230 1592 eaque
255 1544 321 1582 via
346 1545 578 1595 approbata
603 1558 625 1582 a
650 1559 741 1594 rege
768 1544 963 1582 Franciae
988 1551 1028 1582 et
1053 1543 1221 1581 consilio
1246 1543 1333 1593 ejus
1359 1551 1585 1592 urgeretur,
1610 1557 1656 1580 ac
1680 1557 1800 1592 prop-

98 1610 208 1640 terea
228 1603 484 1643 Avenionem
503 1618 611 1642 anno
631 1605 845 1643 millesimo
866 1603 1072 1641 CCCXCV
1093 1603 1205 1641 missi
1224 1611 1359 1642 essent
1379 1602 1500 1640 duces
1519 1601 1801 1648 Bituricensis,

95 1661 342 1713 Burgundus
379 1673 419 1703 et
456 1664 770 1711 Aurelianensis,
796 1663 933 1701 vocati
957 1664 1008 1701 ab
1033 1663 1087 1701 eis
1112 1662 1337 1701 cardinales
1362 1662 1471 1711 apud
1498 1662 1801 1699 villamnovam

97 1722 282 1761 kalendis
310 1723 415 1773 junii
445 1732 486 1762 et
514 1724 647 1773 rogati
676 1738 861 1773 promere
891 1723 1141 1761 sententiam
1170 1736 1288 1760 suam
1316 1722 1357 1759 in
1387 1722 1463 1759 hac
1492 1735 1628 1768 causa,
1660 1734 1799 1758 omncs

97 1791 261 1831 praeter
290 1783 648 1833 Pampilonensem
678 1784 960 1834 approbavere
992 1784 1102 1821 viam
1133 1781 1336 1821 cessionis.
1371 1781 1491 1819 Nulla
1523 1789 1664 1818 autem
1694 1782 1801 1817 inter

37 1860 42 1864 ·
98 1856 164 1880 eos
184 1843 338 1881 mentio
358 1843 574 1881 cardinalis
595 1843 734 1881 Sancti
755 1843 968 1889 Martialis,
988 1842 1182 1880 nimirum
1202 1841 1294 1890 quia
1316 1855 1387 1890 per
1405 1840 1584 1879 multum
1602 1838 1799 1888 temporis

98 1903 342 1951 aegrotavit.
365 1903 538 1952 Reperio
556 1903 664 1941 enirn
681 1903 796 1940 illum
815 1903 937 1940 fuisse
955 1910 1169 1951 aegrotum
1188 1901 1332 1939 eodem
1350 1914 1458 1937 anno
1477 1900 1540 1937 die
1559 1914 1663 1937 xxlv
1679 1897 1798 1948 junii.

100 1960 314 2000 Praeterea
342 1963 567 2001 cardinales
594 1963 642 2000 de
670 1962 867 2011 Agrifolio
894 1970 935 2000 ct
961 1962 1009 1999 de
1038 1961 1216 1999 Vernhio
1244 1960 1467 1998 scribentes
1494 1959 1547 1996 ad
1573 1972 1707 2008 regem
1735 1957 1799 1994 die

98 2028 245 2059 octava
263 2023 470 2071 sequentis
489 2023 636 2060 mensis
655 2021 847 2068 octobris,
863 2029 1072 2059 testantur
1088 2035 1181 2059 eum
1198 2020 1333 2057 adhuc
1351 2019 1494 2057 morbo
1512 2019 1634 2056 fuisse
1659 2017 1799 2054 deten-

97 2088 209 2118 tum:
225 2080 388 2118 Necnon
406 2081 558 2119 domini
578 2082 714 2119 Sancti
727 2081 950 2128 Martialis,
969 2080 1036 2130 qui
1054 2089 1146 2118 tanc
1160 2089 1194 2117 et
1206 2093 1311 2116 nunc
1325 2078 1558 2128 infirmitate
1569 2090 1797 2127 oppress-148,

98 2139 449 2178 deliberationibus
471 2156 591 2190 saper
613 2141 681 2178 hoc
703 2141 851 2178 habitis
875 2154 954 2177 non
978 2139 1168 2189 interfuit.

150 2198 269 2239 Anno
301 2200 635 2247 MCCCXCVIII‚
667 2215 760 2238 cum
791 2201 1002 2238 decretum
1031 2207 1137 2237 esset
1166 2199 1207 2236 in
1238 2198 1407 2236 concilio
1440 2196 1643 2235 Ecclesiae
1675 2194 1798 2232 Galli-

99 2272 224 2297 canae
250 2260 311 2297 uti
336 2260 560 2299 Benedicto
590 2260 697 2297 XIII
724 2274 872 2310 parum
899 2259 1068 2297 memori
1095 2272 1236 2296 carum
1261 2272 1397 2296 rerum
1425 2271 1525 2305 quas
1553 2255 1797 2305 promiserat

95 2318 346 2357 in‘conclavi
372 2320 685 2358 subtraheretur
711 2319 958 2366 obedientia,
986 2332 1114 2368 eaque
1141 2318 1370 2355 subtractio
1395 2317 1510 2366 jussu
1536 2315 1637 2364 regis
1664 2312 1797 2363 publi-

98 2386 189 2416 cata
218 2379 361 2418 suisset
388 2380 590 2418 Avenioni
612 2379 691 2418 kal.
721 2377 772 2430 [1]
799 2379 1056 2429 septembris,
1080 2386 1243 2428 postero
1268 2377 1331 2415 die
1357 2376 1582 2414 cardinales
1602 2373 1720 2419 Galli,
1756 2379 1796 2409 et

95 2437 203 2476 inter
246 2439 317 2477 hos
351 2439 567 2477 cardinalis
604 2439 640 2478 S.
675 2439 1125 2483 Martialis‚Ave11i0ne
1157 2437 1439 2482 decesserunt3
1474 2434 1543 2472 sed
1578 2434 1609 2470 is
1655 2440 1795 2469 tamen

96 2497 148 2533 ab
171 2497 257 2547 ejus
279 2498 513 2537 obedientia
535 2499 740 2537 discedere
760 2498 893 2536 noluit
912 2496 941 2545 2,
962 2505 1008 2535 ut
1029 2497 1149 2535 docet
1169 2496 1321 2543 Surita,
1341 2496 1410 2533 lib.
1437 2495 1498 2531 III
1522 2492 1719 2529 Indicum.

150 2557 264 2596 Obiit
286 2558 497 2597 Avenione
519 2561 627 2596 anno
643 2557 865 2604 MCCCIII,
882 2565 929 2595 ut
945 2557 1065 2595 docet
1081 2556 1336 2594 Contelorius
1350 2553 1379 2602 3,
1414 2562 1454 2592 et
1476 2553 1659 2602 sepultus
1677 2558 1738 2588 est
1753 2550 1792 2587 in

96 2618 345 2656 monasterio
368 2618 691 2657 Caelestinorum
713 2617 764 2655 ad
790 2617 964 2654 Pontem
987 2616 1150 2665 Sorgiae
1166 2614 1193 2654 ⁴¹.

144 2731 175 2764 1.
206 2730 310 2765 Cette
328 2731 427 2765 bulle
445 2737 501 2765 est
520 2743 566 2764 ou
584 2731 797 2775 apocryphe
816 2742 862 2764 ou
880 2730 932 2763 un
949 2731 1072 2774 projet
1089 2729 1236 2763 elabore
1254 2740 1322 2772 par
1340 2726 1540 2770 Raymond
1560 2726 1602 2757 de
1622 2724 1791 2756 Turenne

93 2783 282 2817 lui—meme
303 2784 360 2828 (N.
379 2784 516 2824 Valois,
534 2784 728 2828 Raymond
743 2785 783 2817 de
801 2784 969 2816 Turenne
984 2788 1015 2816 et
1030 2783 1078 2816 les
1096 2793 1208 2826 papes
1225 2781 1444 2822 d'Avignon,
1464 2779 1555 2811 dans
1581 2777 1792 2809 Annuaire·

92 2836 255 2870 Bullatin
277 2838 318 2870 de
340 2837 375 2870 la
398 2837 531 2871 societte
553 2839 594 2871 de
615 2837 788 2871 l’histoz're
810 2838 851 2870 de
872 2837 1022 2875 France,
1048 2843 1074 2869 t.
1100 2846 1196 2868 xxw
1222 2833 1355 2877 (1889),
1375 2844 1409 2876 p.
1431 2831 1526 2874 252).

143 2890 175 2924 2.
207 2890 245 2924 F.
268 2890 390 2930 Ehrle,
419 2891 566 2924 Martin
592 2891 634 2924 de
649 2890 843 2934 Alpartils,
862 2890 1090 2928 Paderborn‚
1111 2888 1216 2927 1906,
1234 2894 1260 2920 t.
1273 2899 1297 2925 1,
1315 2898 1349 2930 p.
1368 2886 1429 2924 36;
1451 2884 1597 2927 d’apres
1616 2883 1651 2916 la
1666 2883 1788 2915 meme

92 2954 221 2976 source
244 2943 397 2987 Hugues
427 2955 472 2976 ne
502 2944 628 2977 donna
657 2955 723 2987 pas
753 2955 821 2977 son
850 2947 1138 2976 consentement
1167 2941 1187 2972 a
1215 2940 1251 2972 la
1271 2937 1526 2972 soustraction
1547 2934 1789 2969 d’obedience

96 2995 210 3039 (thiat,
236 3008 270 3040 p.
297 2997 353 3036 42,
371 3002 408 3029 et
431 2996 578 3036 Archiv,
604 3002 631 3030 t.
658 3008 692 3036 v,
718 3008 753 3040 p.
779 2995 882 3039 424);
906 2995 931 3028 il
955 3001 1011 3028 est
1036 2993 1177 3028 certain
1201 3004 1272 3036 que
1304 2992 1336 3025 le
1362 2992 1381 3024 2
1406 2990 1616 3033 septembre
1641 2988 1745 3027 1401,
1763 2987 1788 3020 il

91 3055 274 3082 reconnut
293 3049 427 3082 Benoit
448 3049 547 3082 XLII
568 3061 663 3093 pour
681 3061 777 3093 pape
797 3049 960 3092 legitime
986 3047 1134 3091 (valois,
1158 3052 1183 3079 t.
1204 3057 1254 3085 111,
1277 3056 1311 3088 p.
1335 3043 1430 3087 193).

141 3103 173 3136 3.
200 3101 385 3136 Contelori
409 3101 458 3146 [p.
476 3103 538 3144 87]
559 3102 750 3146 n'indique
772 3113 838 3146 pas
859 3102 890 3134 le
912 3101 984 3134 lieu
1006 3101 1049 3133 de
1071 3111 1110 3132 sa
1131 3105 1241 3138 mort,
1264 3097 1357 3130 mais
1393 3096 1599 3129 seulement
1628 3094 1791 3127 l’annee.

139 3150 171 3188 4.
197 3154 236 3189 L.
262 3155 448 3189 Duhamel
474 3155 554 3199 (Les
575 3166 709 3189 oeuvres
732 3155 824 3188 d'art
845 3155 895 3187 da
917 3154 1112 3187 mona-scere
1134 3152 1192 3185 des
1215 3150 1388 3184 Celestins
1420 3148 1639 3191 d’Avignon,
1674 3146 1785 3187 Caen,

755 3237 915 3260 BALUZE.
942 3229 987 3259 ΙΙ.
1009 3245 1055 3249 —-
1072 3227 1115 3258 16
