2083 3458
80 263 232 320 [1372]
598 282 816 309 PAPARUM
851 284 1235 310 AVENIONENSIUM
1681 271 1763 312 885

66 375 247 411 quonam
263 363 385 401 modo
410 363 580 402 historia
608 364 751 403 mortis
778 365 865 415 ejus
892 366 1106 414 referatur,
1128 380 1181 404 an
1195 368 1421 405 secundum
1438 369 1616 406 Annales
1636 370 1762 407 Fran-

65 420 180 468 cicos,
213 421 278 460 vel
309 423 536 461 secundum
569 424 869 463 Froissartum?
904 424 1009 462 Nam
1043 433 1210 463 constat
1242 426 1356 464 illum
1388 427 1590 466 horrendo
1620 429 1761 467 mortis

66 494 209 529 genere
222 480 437 529 interiisse,
452 491 499 520 ut
511 482 610 531 dixi,
624 498 755 533 neque
768 498 1118 534 supervacaneam
1131 499 1215 523 esse
1228 485 1559 525 observationem
1572 487 1760 537 Gaguini.

65 539 232 577 Certum
254 540 405 591 quippe
426 549 488 579 est
507 542 616 580 hunc
640 542 839 581 Karolum
860 542 981 581 fuisse
1002 543 1211 582 hominem
1231 544 1454 594 pessimum
1474 553 1515 583 et
1536 546 1760 585 crudelissi-

65 612 180 636 mum
209 598 460 650 dignumque
490 600 646 640 ultione
676 601 830 649 divina,
862 602 912 639 ob
941 602 1063 652 idque
1094 603 1239 641 merito
1269 617 1291 640 a
1325 604 1542 653 Raynaldo
1571 605 1760 643 additum

63 657 251 708 partibus
284 659 440 697 Urbani
470 660 540 707 VI,
570 660 647 698 viri
676 660 943 699 crudelissimi
972 669 1013 699 et
1042 661 1302 700 immanitate
1332 663 1508 702 barbari.
1542 665 1599 702 De
1630 674 1759 704 morte

63 730 184 766 porro
217 717 333 756 istius
367 718 469 768 regis
503 727 621 757 extat
652 719 693 756 in
725 719 869 758 eodem
901 720 1038 759 codice
1072 720 1338 759 Colbertinol
1372 722 1544 772 epistola
1574 724 1759 771 Joannis,

65 776 245 827 episcopi
267 777 483 826 Aquensis,
506 778 557 815 ad
580 793 758 817 sororem
780 779 866 829 ejus
888 779 1128 827 Blancham,
1151 780 1321 818 viduam
1344 781 1522 832 Philippi
1553 782 1626 830 VI,
1657 783 1758 833 regis

66 835 331 874 Francorum.

118 895 162 933 P.
188 895 280 943 500,
307 895 373 945 lig.
401 896 437 934 6.
466 896 581 934 F1L1A
609 911 716 935 meri
755 911 891 935 Duels.
927 897 1097 935 C’est-a·
1102 897 1185 936 dire
1221 898 1437 937 Catherine
1465 900 1528 948 (G
1567 900 1758 947 Daumet,

64 945 191 991 Etade
211 968 280 991 sur
300 955 324 992 l’
330 955 500 993 alliance
520 956 563 994 de
584 956 622 993 la
641 956 794 994 France
813 964 847 994 et
866 957 910 994 de
930 957 968 994 la
987 956 1150 994 Castille
1169 972 1222 995 au
1243 962 1349 989 XJVe
1377 966 1411 996 et
1437 974 1491 996 au
1520 964 1586 990 XV
1590 966 1604 984 θ
1631 960 1758 1007 sies-,le

65 1012 193 1059 Paris,
218 1013 334 1061 1898,
357 1028 396 1064 p.
421 1014 487 1052 46·
492 1014 554 1062 51,
578 1015 659 1063 54)

118 1072 161 1110 P.
183 1072 273 1120 500,
293 1072 360 1122 lig.
383 1073 444 1112 26.
468 1074 677 1112 GUELRIE.
701 1074 866 1113 Lamse
884 1074 1077 1123 (Histoire
1097 1075 1141 1113 de
1161 1075 1327 1123 France,
1347 1083 1378 1114 t.
1396 1076 1461 1113 1v¹
1472 1091 1535 1127 ,p.
1554 1077 1645 1115 295-
1651 1078 1757 1122 296).

117 1131 160 1170 Ρ.
186 1132 276 1179 501,
300 1132 365 1181 lig.
392 1133 453 1171 14.
479 1133 567 1170 PER
590 1147 698 1170 IDEM
723 1147 906 1172 TEMPUS.
934 1133 991 1171 Ea
1015 1134 1268 1172 concertatio
1299 1134 1435 1185 coepit
1456 1150 1564 1174 anno
1588 1137 1759 1174 MCCCL

65 1190 255 1228 XXXIV
261 1222 269 1237 ,
294 1205 374 1241 quo
398 1191 567 1241 quidam
587 1207 606 1230 e
625 1192 816 1231 sodalitio
834 1193 1008 1230 fratrum
1029 1193 1363 1232 praedicatorum
1384 1195 1521 1244 palam
1540 1203 1580 1233 et
1597 1196 1758 1246 publice

62 1249 236 1288 asseruit
265 1250 433 1288 beatam
458 1251 658 1301 virginem
682 1252 853 1290 Mariam
881 1251 1003 1290 fuisse
1028 1260 1270 1302 conceptam
1293 1252 1334 1290 in
1359 1262 1529 1303 peccato
1560 1255 1758 1304 originali,

63 1308 124 1347 uti
153 1309 354 1360 scriptum
386 1319 447 1348 est
477 1310 518 1348 in
556 1319 671 1348 tomo
700 1325 741 1348 1v
773 1311 881 1349 Hist.
916 1311 1196 1349 Universitatis
1227 1311 1376 1359 Paris,
1408 1327 1447 1362 p.
1480 1312 1568 1352 599.
1605 1314 1640 1352 Is
1682 1314 1759 1352 suit

63 1369 242 1407 Joannes
262 1369 310 1407 de
330 1369 587 1417 Montesono,
605 1369 681 1416 vir,
700 1378 746 1407 ut
770 1370 882 1407 Vitae
902 1370 1044 1408 Karoli
1068 1371 1128 1408 VI
1145 1379 1288 1408 auctor
1307 1370 1364 1408 ait
1383 1370 1410 1418 2,
1431 1372 1566 1409 multis
1582 1373 1760 1422 equidem

61 1428 226 1465 laudum
258 1428 387 1465 titulis
419 1429 672 1476 extollendus,
707 1429 787 1466 nisi
821 1429 982 1467 devians
1014 1444 1038 1467 a
1070 1429 1237 1467 rationis
1279 1430 1431 1468 tramite
1463 1431 1759 1481 limpitudinem

63 1487 217 1536 ingenii
236 1488 335 1525 tanti
354 1487 430 1525 oiri
447 1488 638 1538 superbia
656 1488 910 1529 obscurasset.
931 1489 1036 1526 Sane
1055 1489 1098 1526 in
1114 1503 1189 1526 sua
1206 1489 1339 1539 prima
1357 1489 1515 1527 lectione
1538 1491 1760 1540 magistrali

61 1555 359 1596 preconceptum
380 1547 430 1585 ab
451 1547 615 1597 antiquo
637 1547 769 1585 dirum
790 1547 899 1585 virus
920 1547 1056 1597 efflans
1078 1562 1156 1585 non
1177 1548 1268 1585 sani
1291 1549 1484 1597 dogmatis
1507 1549 1549 1587 in
1580 1550 1758 1588 christia-

61 1619 202 1643 norum
236 1607 471 1644 scandalum
506 1615 540 1644 et
575 1607 762 1657 precipue
798 1608 926 1645 devote
960 1607 1248 1656 famulantium
1284 1608 1400 1645 matri
1433 1608 1600 1646 Domini
1638 1609 1760 1647 nostri

63 1665 185 1702 Jliesu
215 1664 365 1703 Christi
396 1666 540 1703 multas
567 1666 859 1716 propositiones
886 1666 1020 1716 posuit
1048 1667 1099 1704 ad
1128 1666 1247 1704 istum
1277 1666 1396 1716 finem
1422 1668 1631 1715 tendentes,
1661 1670 1761 1718 quod

61 1723 152 1774 ipsa
181 1733 365 1774 concepta
393 1724 472 1773 suit
503 1724 545 1767 in
576 1725 767 1774 originali
798 1733 964 1775 peccato,

114 1783 157 1821 P.
184 1783 274 1831 501,
299 1783 365 1833 lig.
394 1784 454 1823 18.
483 1785 600 1822 Fama
625 1799 668 1822 IN
695 1798 802 1822 To‘ro
829 1799 987 1823 REGNO.
1018 1784 1075 1823 De
1100 1784 1199 1822 urbe
1224 1784 1548 1835 Rothomagensi
1580 1794 1761 1824 testatur

60 1850 178 1881 vetus
205 1852 350 1882 auctor
376 1843 563 1881 Chronici
591 1843 867 1881 Normanniae
901 1857 975 1882 ms.
1002 1843 1041 1881 in
1069 1843 1207 1883 codice
1231 1842 1335 1881 1424
1371 1844 1644 1883 bibliothecae
1674 1846 1760 1883 Col·

59 1901 243 1940 bertinae
260 1900 288 1950 3,
323 1902 541 1952 Hugonem
573 1903 775 1941 decanum
806 1903 1183 1953 Rothomagensem
1221 1916 1329 1940 anno
1349 1903 1760 1942 MCCCLXXXVIII

58 1960 99 1998 in
127 1961 455 2011 quadragesima,
483 1976 576 2000 cum
602 1977 674 2000 rex
704 1962 878 2000 Karolus
907 1962 963 1999 Vl
991 1970 1096 2000 esset
1125 1962 1166 1999 in
1203 1976 1249 2000 ea
1276 1962 1389 2010 urbe,
1417 1962 1468 2000 ad
1495 1977 1588 2000 eum
1615 1963 1760 2001 adiisse

59 2020 305 2058 comitatum
348 2035 497 2070 magno
539 2035 709 2059 numero
751 2021 967 2059 doctorum
1009 2020 1244 2059 academiae
1282 2021 1532 2069 Parisiensis,
1564 2022 1633 2071 qui
1671 2030 1760 2060 tum

60 2093 222 2129 quoque
240 2087 358 2118 erant
377 2080 418 2117 in
433 2080 576 2118 eadem
591 2081 690 2118 urbe
710 2080 1046 2130 Rothomagensi,
1062 2088 1103 2118 et
1118 2094 1255 2118 coram
1269 2094 1316 2118 eo
1328 2080 1490 2130 publice
1505 2081 1760 2131 praedicasse

58 2147 100 2176 et
126 2138 352 2176 ostendisse
381 2138 526 2177 fratres
554 2139 861 2178 Praedicatores
889 2153 1021 2177 errare
1050 2147 1191 2177 contra
1225 2139 1362 2186 fidem,
1390 2153 1521 2189 neque
1542 2139 1581 2177 id
1606 2154 1760 2178 novum

57 2212 157 2245 esse,
193 2197 263 2236 sed.
290 2197 376 2247 jam
405 2198 541 2236 seculo
568 2198 726 2248 integro
752 2212 928 2236 errorem
956 2212 1022 2236 eos
1052 2212 1172 2236 suum
1198 2197 1397 2245 docuisse,
1426 2206 1467 2236 et
1493 2213 1600 2236 nunc
1624 2199 1761 2237 conari

57 2256 257 2306 populum
290 2256 482 2296 inducere
510 2257 551 2294 in
578 2272 754 2295 errorem
782 2265 924 2296 contra
958 2257 1094 2295 fidem.
1129 2257 1259 2294 Erant
1288 2265 1378 2294 tum
1407 2257 1655 2307 Rothomagi
1679 2258 1760 2295 duo

58 2315 204 2353 fratres
235 2315 480 2366 principales
516 2316 623 2354 inter
652 2332 733 2364 eos,
768 2330 942 2366 quorum
975 2330 1079 2364 unus
1116 2315 1345 2354 vocabatur
1374 2315 1500 2354 frater
1533 2316 1759 2354 Richardus

59 2374 200 2422 Maria,
229 2374 331 2413 alter
353 2374 479 2413 frater
509 2375 751 2425 Radulphus
780 2375 982 2413 Morellus.
1014 2374 1066 2412 Hi
1092 2389 1185 2424 ergo
1211 2388 1303 2413 cum
1330 2374 1430 2412 nihil
1448 2374 1559 2413 saevi
1581 2375 1759 2426 suspica-

57 2441 200 2472 rentur
221 2425 476 2471 commotum
492 2433 540 2472 iri
557 2434 777 2473 adversum
792 2449 846 2481 se,
868 2433 979 2471 domi
993 2448 1033 2471 se
1054 2433 1305 2480 continuere,
1322 2433 1510 2483 quamvis
1526 2434 1759 2484 exemplum

57 2492 257 2531 haberent
298 2493 573 2542 quorumdam
611 2493 813 2531 sociorum
854 2486 1034 2539 suorum,
1074 2492 1144 2542 qui
1179 2492 1277 2530 urbe
1317 2501 1587 2531 excesserant.
1623 2492 1757 2530 Finita

58 2551 241 2589 oratione
275 2551 432 2598 decani,
468 2552 579 2590 missi
610 2560 707 2590 sunt
741 2551 810 2602 qui
847 2566 913 2590 eos
950 2551 1342 2601 comprehenderent
1380 2559 1421 2589 et
1453 2550 1493 2588 in
1529 2551 1759 2590 custodiam

57 2610 283 2658 traderent,
311 2618 352 2648 et
379 2619 523 2661 postea
546 2611 703 2649 remissi
733 2610 774 2648 in
802 2624 1002 2649 carcerem
1030 2610 1315 2660 episcopalem.
1343 2609 1415 2648 Die
1442 2609 1534 2648 dein
1555 2610 1758 2649 dominica

57 2668 214 2707 mediae
248 2669 583 2719 quadragesimae
615 2669 656 2707 in
687 2669 854 2708 ecclesia
885 2668 1110 2708 cathedrali
1139 2668 1249 2707 facto
1279 2683 1330 2706 ex
1356 2682 1466 2706 more
1496 2683 1679 2708 sermone
1707 2670 1759 2708 ad

55 2728 256 2778 populum
294 2743 373 2778 ¹per
421 2728 642 2778 quemdam
684 2728 853 2767 fratrem
895 2727 1243 2777 Augustinianum
1283 2735 1479 2765 vocatum
1518 2728 1760 2778 magistrum

58 2788 262 2825 Joannem
296 2788 543 2834 Romanum,
585 2787 745 2838 publice
783 2785 1043 2837 pronuntiati
1087 2794 1184 2824 sunt
1225 2786 1584 2834 excommunicati,
1622 2786 1759 2837 eisque

55 2845 311 2896 prohibitum
337 2853 398 2884 est
425 2860 474 2884 ne
503 2846 715 2884 conciones
739 2845 898 2896 uspiam
917 2845 1130 2892 haberent,
1150 2859 1251 2883 neve
1271 2844 1376 2882 irent
1396 2845 1447 2882 ad
1469 2845 1759 2896 processiones.

59 2905 112 2943 Et
133 2904 460 2943 exsibilabantur
480 2919 552 2955 per
575 2913 710 2942 totam
732 2905 890 2952 urbem,
914 2913 955 2942 et
977 2903 1236 2942 vocabantur
1269 2903 1408 2942 Hueti.
1433 2904 1484 2941 Et
1505 2904 1559 2941 les
1585 2904 1674 2943 huet
1696 2920 1761 2957 on,

106 3040 138 3073 1.
159 3040 226 3073 Ms.
247 3039 332 3080 cite,
352 3040 414 3074 fol.
436 3041 478 3073 57
498 3045 550 3081 v0,
569 3046 607 3073 et
625 3041 832 3083 Bellaguet,
851 3045 878 3072 t.
896 3051 920 3079 1,
940 3051 975 3082 p.
995 3039 1076 3072 468.

112 3094 143 3127 2.
174 3093 382 3137 Bellaguet‚
406 3100 432 3127 t.
452 3105 477 3134 1,
501 3106 535 3137 p.
559 3093 640 3126 490.
686 3119 690 3123 .

106 3146 139 3179 3.
169 3146 210 3180 Β.
244 3146 302 3187 Ν.,
333 3158 400 3180 ms.
431 3146 594 3188 francais
625 3145 729 3185 5391,
760 3145 822 3179 fol.
854 3145 954 3178 61v0.
