2083 3458
269 226 353 267 304
919 236 1071 262 NOTAE
1106 236 1166 261 AD
1201 235 1328 261 VITAS
1742 194 1756 206 5
1851 217 1977 274 [800]

269 334 335 358 reat
355 319 461 357 alius
483 333 562 356 non
581 317 778 355 inunctus.
794 316 988 353 Testatur
1008 313 1121 351 istud
1140 313 1266 352 etiam
1282 311 1475 350 Nicolaus
1491 311 1684 350 Minorita
1699 311 1727 360 ¹,
1746 311 1814 351 fol.
1831 311 1906 350 331
1921 316 1977 358 r⁰;

269 379 338 428 qui
365 378 423 416 ait
448 378 586 417 literas
615 390 714 426 quas
741 375 784 413 in
810 374 870 412 sui
897 372 1207 412 excusationem
1233 372 1428 410 adversus
1457 372 1662 410 Joannem
1690 371 1820 409 XXII
1845 371 1978 421 publi-

269 438 379 476 cavit
402 436 634 475 Ludovicus
662 435 715 472 IV
737 433 850 483 imp,
875 432 997 470 fuisse
1019 431 1175 482 positas
1198 439 1239 470 et
1261 445 1462 482 appensas
1484 430 1527 469 in
1548 429 1806 480 Confluentia
1826 429 1981 468 civitate

269 496 556 546 archiepiscopi
581 493 828 532 Treverensis
849 506 968 542 super
989 491 1172 529 Rhenum
1193 504 1323 528 coram
1343 490 1595 527 serenissimo
1616 489 1800 540 principe
1821 489 1980 527 domino

270 556 456 593 Eduardo
481 569 567 604 rege
592 552 739 602 Anglie
764 560 797 589 et
834 550 999 600 infinita
1024 549 1278 587 multitudine
1313 549 1491 599 fidelium
1516 549 1577 587 die
1603 548 1716 587 tertia
1748 548 1979 599 septembris

269 614 431 665 predicti
462 613 574 652 anni.
609 613 663 651 Et
694 612 761 649 fol.
787 611 862 649 342
886 615 923 648 r⁰
949 610 1008 647 ita
1040 609 1181 647 scribit
1206 625 1213 646 :
1237 608 1422 659 Sequitur
1445 609 1610 659 quedam
1633 608 1693 646 lese
1713 607 1918 658 publicata
1947 617 1981 647 et

267 673 525 724 pronuntiata
564 686 632 722 per
670 670 968 708 serenissimum
1006 668 1231 719 principem
1269 682 1315 706 ac
1353 668 1559 706 dominum
1607 667 1813 706 dominum
1849 666 1981 705 Ludo-

267 734 395 770 wicum
434 732 509 780 IV,
546 732 817 769 Romanorum
854 729 1139 779 imperatorem,
1171 742 1253 765 una
1288 742 1377 765 cum
1412 727 1640 765 electoribus
1663 726 1767 764 sacri
1804 726 1979 776 imperii,

266 791 513 842 presentibus
538 788 862 840 archiepiscopis,
889 787 1100 838 episcopis,
1127 787 1303 837 prelatis,
1330 786 1556 837 prepositis,
1583 785 1809 833 abbatibus,
1835 784 1980 835 priori-

269 852 352 898 bus,
391 850 601 900 religiosis,
641 857 674 886 et
711 847 875 895 clericis,
915 846 1226 894 marchionibus,
1266 845 1446 893 ducibus,
1485 845 1707 893 comitibuS,
1751 844 1978 893 baronibus,

266 910 451 957 dominis,
495 908 729 959 capitaneis,
772 906 999 954 rectoribus,
1040 905 1259 956 judicibus,
1301 914 1336 943 et
1375 905 1624 955 officialibus,
1667 918 1774 942 anno
1811 904 1979 942 Domini

266 969 473 1007 millesimo
496 966 866 1014 CCCXXXVIII,
891 965 953 1003 die
979 965 1041 1003 VI
1062 965 1215 1009 mensis,
1231 964 1407 1014 augusti,
1431 964 1475 1002 in
1496 963 1787 1002 Franchenvert
1808 970 1842 1001 et
1862 962 1980 1002 etiam

266 1029 309 1066 in
333 1027 589 1077 Confluentia
614 1026 767 1065 civitate
791 1025 1081 1075 archiepiscopi
1108 1024 1356 1062 Treverensis
1379 1038 1499 1074 super
1523 1024 1673 1074 flumen
1697 1022 1826 1060 Rheni
1851 1037 1980 1061 coram

264 1087 518 1125 serenessimo
554 1086 739 1137 principe
767 1085 925 1123 domino
954 1084 1143 1122 Eduardo
1179 1098 1265 1133 rege
1292 1083 1453 1132 Anglie.
1488 1083 1535 1120 In
1564 1082 1701 1120 codice
1731 1080 1807 1120 720
1834 1081 1978 1120 biblio-

265 1148 408 1185 thecae
437 1145 696 1184 Colhertinae
715 1145 742 1192 ²,
772 1144 840 1183 fol.
872 1143 947 1181 110
979 1151 1028 1191 ΓΟ,
1056 1143 1136 1181 ista
1163 1143 1356 1193 leguntur
1385 1159 1392 1180 :
1421 1143 1542 1180 Anno
1566 1141 1735 1179 Domini
1771 1141 1979 1179 millesimo

265 1206 525 1244 tricentesimo
571 1204 766 1243 tricesimo
799 1212 929 1241 octavo
975 1202 1200 1241 Ludovicus
1238 1210 1414 1252 quartus,
1447 1202 1719 1239 Romanorum
1745 1200 1977 1251 Imperator,

265 1265 450 1303 omnibus
484 1264 713 1302 electoribus
749 1263 922 1313 imperii,
960 1263 1113 1312 dempto
1148 1276 1234 1311 rege
1267 1261 1466 1309 Bohemie,
1499 1275 1544 1298 ac
1578 1260 1673 1298 aliis
1706 1259 1977 1310 principibus,

264 1324 440 1374 prelatis,
465 1323 681 1371 nobilibus,
704 1331 786 1370 etc.,
810 1321 1060 1373 presentibus
1081 1322 1193 1371 apud
1209 1320 1507 1370 Confluentiam
1528 1334 1654 1370 supra
1676 1319 1833 1357 Renum
1854 1319 1979 1357 tenuit

264 1383 541 1421 consistorium
563 1382 785 1433 imperiale,
808 1382 851 1419 in
871 1396 944 1432 quo
966 1380 1051 1431 ipse
1071 1395 1160 1418 cum
1180 1380 1411 1427 diademate,
1432 1387 1594 1429 sceptrO,
1616 1387 1650 1416 et
1669 1378 1763 1416 aliis
1786 1378 1979 1428 insigniis

265 1443 543 1493 imperialibus
561 1442 794 1493 presidebat.
820 1441 959 1491 Ibique
977 1441 1021 1478 de
1039 1440 1204 1478 consilio
1222 1441 1439 1487 electorum,
1458 1438 1706 1489 principum,
1725 1446 1759 1475 et
1775 1452 1980 1488 procerum

263 1517 427 1540 suorum
446 1502 688 1540 Edwardum
707 1501 865 1539 tertium
884 1514 1011 1549 regem
1025 1499 1173 1548 Anglie
1191 1498 1450 1549 personaliter
1470 1498 1527 1535 ibi
1554 1505 1770 1548 presentem
1785 1497 1979 1535 vicarium

265 1561 424 1612 imperii
440 1561 693 1611 solempniter
709 1559 923 1607 constituit,
941 1567 976 1597 et
991 1559 1162 1609 quinque
1179 1573 1299 1596 novas
1316 1559 1416 1607 leges
1434 1557 1660 1607 imperiales
1677 1571 1748 1607 que
1763 1564 1980 1606 sequuntur

263 1620 540 1670 promulgavit.
576 1620 769 1670 Aegidius
813 1619 871 1657 de<
896 1619 1015 1668 Roya
1048 1618 1089 1656 in
1130 1617 1364 1655 Annalibus
1397 1616 1571 1666 Belgicis
1615 1616 1667 1666 [p.
1704 1615 1778 1666 58]
1815 1631 1822 1653 :
1857 1616 1978 1653 Anno

261 1680 428 1717 Domini
443 1678 853 1718 MCCCXXXVIII
873 1678 1089 1716 Eduardus
1115 1692 1182 1715 resc
1207 1677 1383 1726 Angliae
1405 1675 1739 1725 confoederatione
1758 1674 1864 1724 facta
1889 1689 1978 1713 cum

265 1739 520 1789 principibus
535 1738 814 1785 Alemanniae,
831 1736 1103 1784 Brebantinis,
1120 1736 1363 1785 Flamingis,
1379 1735 1656 1782 Hollandinis,
1672 1743 1706 1772 et
1725 1734 1820 1772 aliis
1842 1733 1977 1772 multis

264 1813 352 1836 cum
375 1813 518 1847 magno
543 1798 703 1847 navigio
726 1806 975 1836 transmeans
990 1796 1034 1834 in
1055 1804 1170 1846 portu
1184 1795 1468 1846 Antverpiensi
1491 1809 1580 1832 cum
1593 1794 1733 1843 regina
1753 1808 1829 1844 sua
1844 1792 1975 1843 appli-

264 1858 356 1905 cuit,
386 1866 420 1895 et
450 1858 492 1895 in
521 1857 756 1895 monasterio
787 1856 924 1894 Sancti
953 1855 1169 1893 Michaelis
1197 1855 1419 1905 hospitatus
1448 1862 1514 1901 est,
1546 1853 1615 1891 ubi
1644 1852 1783 1902 regina
1813 1852 1977 1902 gravida

266 1917 395 1965 filium
416 1917 578 1967 peperit.
605 1917 702 1954 Inde
724 1916 768 1954 in
786 1915 1073 1953 Alemanniam
1094 1914 1305 1961 transiens,
1326 1914 1376 1952 ab
1399 1913 1493 1963 imp.
1517 1912 1715 1950 Ludovico
1736 1913 1780 1950 de
1800 1911 1977 1949 Bavaria

264 1976 476 2025 honorifice
499 1984 705 2026 susceptus
729 1984 784 2013 est
807 1982 841 2012 et
866 1974 1041 2012 vicarius
1068 1973 1228 2024 imperii
1255 1973 1501 2020 constitutus,
1528 1980 1562 2010 et
1594 1972 1790 2021 hyemavit
1816 1970 1975 2018 ibidem,

265 2043 298 2072 et
319 2035 457 2084 regina
478 2035 564 2085 ejus
587 2035 630 2073 in
650 2034 884 2084 Antverpia.

319 2094 360 2132 P.
388 2094 475 2142 199,
497 2094 563 2144 lig.
589 2094 649 2133 12.
684 2095 859 2132 CONTRA
891 2093 1130 2131 PfflnppuM
1155 2105 1478 2130 CONFEDERATI.
1507 2089 1706 2128 Henricus
1730 2089 1779 2128 de
1804 2089 1974 2139 Knygh-

264 2161 349 2200 ton,
363 2154 430 2191 lib.
455 2154 521 2201 IV,
534 2154 594 2191 De
610 2153 812 2191 eventibus
826 2152 1014 2202 Angliae,
1027 2167 1067 2202 p.
1084 2151 1107 2190 6
1122 2168 1129 2190 ;
1149 2152 1198 2189 In
1215 2151 1386 2189 crastino
1399 2165 1483 2188 vero
1498 2157 1758 2188 convenerunt
1773 2149 1825 2186 ad
1841 2147 1973 2186 matri-

263 2227 341 2249 cem
366 2213 566 2251 ecclesiam
591 2213 802 2263 imperator
825 2220 859 2250 et
882 2226 947 2249 rex
968 2211 1118 2260 Anglie
1142 2225 1230 2248 cum
1253 2210 1386 2248 ceteris
1410 2208 1678 2258 magnatibus,
1704 2216 1738 2246 et
1760 2207 1974 2257 archiepis-

265 2286 384 2321 copus
414 2272 576 2310 Colonie
614 2272 818 2310 celebravit
848 2270 1024 2310 missam.
1056 2271 1107 2308 Et
1144 2277 1231 2320 post
1269 2269 1433 2307 missam
1469 2268 1603 2306 statim
1635 2267 1868 2318 juraverunt
1897 2274 1977 2304 tam

265 2330 476 2380 imperator
494 2339 528 2369 et
545 2346 677 2369 omnes
696 2331 807 2369 ceteri
827 2337 1030 2379 magnates
1048 2329 1130 2378 regi
1148 2329 1297 2378 Anglie
1315 2329 1416 2378 quod
1434 2328 1569 2378 ipsum
1584 2327 1768 2377 juvarent
1784 2334 1818 2363 et
1835 2340 1975 2363 manu-

263 2397 432 2428 tenerent
462 2398 595 2428 contra
625 2405 752 2440 regem
784 2389 956 2427 Francie
986 2389 1038 2427 ad
1069 2389 1193 2426 vivere
1223 2396 1257 2426 et
1288 2388 1388 2425 mori
1418 2401 1488 2437 per
1523 2386 1611 2424 VII
1640 2400 1767 2423 annos
1797 2384 1976 2435 promime

264 2448 504 2497 integraliter
528 2458 740 2500 sequentes,
766 2449 802 2487 si
830 2462 971 2498 guerra
998 2448 1097 2485 inter
1123 2447 1244 2485 dictos
1270 2461 1376 2496 reges
1403 2454 1508 2484 tanto
1535 2453 1702 2495 tempore
1728 2445 1896 2482 duraret.
1924 2443 1977 2481 Et

261 2507 445 2545 similiter
466 2508 628 2558 fuerunt
648 2508 774 2558 jurati
798 2521 931 2546 omnes
954 2507 1036 2556 regi
1060 2506 1209 2556 Anglie
1232 2506 1334 2556 quod
1356 2519 1488 2543 omnes
1513 2512 1716 2553 magnates
1739 2504 1784 2541 de
1807 2502 1975 2541 Colonia

262 2573 295 2602 et
316 2566 414 2604 citra
435 2568 508 2605 cito
531 2567 705 2605 venirent
726 2568 778 2605 ad
798 2581 926 2616 regem
946 2566 1108 2615 Anglie,
1131 2574 1165 2603 et
1185 2579 1337 2615 semper
1359 2564 1495 2602 debent
1516 2578 1596 2601 esse
1617 2562 1750 2613 parati
1773 2562 1903 2599 venire
1924 2561 1976 2599 ad

261 2639 348 2662 eum
375 2626 482 2663 omni
510 2635 677 2676 tempore
703 2641 776 2676 quo
801 2625 953 2676 suerint
977 2624 1189 2675 premoniti
1217 2632 1350 2662 contra
1376 2637 1502 2672 regem
1528 2622 1699 2659 Francie
1725 2635 1813 2659 cum
1839 2635 1880 2658 eo
1905 2634 1974 2658 seu

263 2684 303 2720 in
328 2699 399 2733 quo
422 2686 501 2722 loco
524 2700 589 2723 rex
611 2686 758 2734 Anglie
783 2686 891 2735 ipsos
915 2684 1079 2722 voluerit
1100 2683 1318 2732 assignare.
1347 2683 1404 2720 De
1428 2682 1504 2720 hoc
1527 2681 1687 2719 foedere
1712 2679 1911 2718 Ludovici
1933 2686 1975 2717 et

267 2743 443 2781 liduardi
480 2744 535 2782 sic
569 2744 752 2793 loquitur
788 2745 938 2783 Petrus
977 2743 1140 2793 Rogerii
1175 2742 1391 2780 cardinalis
1426 2741 1468 2778 in
1503 2754 1687 2779 sermone
1722 2753 1795 2790 pro
1831 2751 1974 2789 guerra

262 2800 475 2839 indicenda
501 2819 507 2840 ε
534 2803 655 2840 blodo
678 2804 721 2840 de
742 2803 902 2853 justitia
925 2803 1042 2841 istius
1066 2816 1200 2851 guerre
1222 2815 1384 2851 possum
1407 2814 1471 2837 vos
1493 2800 1647 2837 reddere
1669 2798 1856 2836 certiores.
1883 2796 1973 2835 Cer-

262 2868 338 2895 tum
368 2869 419 2897 est
446 2862 551 2899 enim
577 2863 677 2912 quod
696 2862 877 2900 Bavarus
903 2871 936 2900 et
961 2876 1026 2899 reav
1051 2860 1198 2909 Anglie
1216 2860 1324 2897 nullo
1351 2859 1461 2896 modo
1478 2866 1645 2908 possunt
1663 2857 1802 2895 habere
1821 2856 1973 2906 justam

315 2998 340 3028 1.
368 2998 402 3029 Η,
432 2998 486 3036 N„
510 3010 575 3031 ms.
600 2998 693 3031 latin
714 2998 819 3032 5154.
842 3018 891 3022 —
911 2999 1136 3032 L’entrevue
1159 2988 1383 3029 d‘Edouard
1404 3001 1442 3028 et
1464 2996 1507 3028 de
1530 2994 1643 3029 Louis
1666 2995 1708 3027 de
1731 2992 1886 3027 Baviitre
1907 2998 1973 3026 eut

263 3049 328 3080 Ιίνιι
352 3050 369 3080 ἱι
392 3051 569 3083 (Loblcntz
588 3052 636 3084 les
658 3053 676 3085 5
696 3058 733 3084 et
753 3054 772 3085 6
791 3053 1003 3096 septembre
1023 3052 1116 3085 1338
1139 3050 1308 3094 (Deprez‚
1329 3049 1397 3082 Les
1415 3048 1706 3087 Preliminaires,
1727 3059 1762 3091 p.
1783 3045 1970 3089 185-197).

312 3104 341 3134 2.
370 3103 404 3134 15.
433 3103 487 3142 N„
514 3104 755 3138 Neci-landais
781 3105 811 3138 4.
