2083 3458
91 203 247 257 ''[l2'l.‘3]
615 219 830 244 PAPARUM
867 220 1249 245 AVENIONENSIUM
1701 204 1772 245 7311

76 301 232 338 crebros
252 300 363 338 ictus.
388 300 655 339 Destructum
675 301 774 338 illud
794 309 936 351 postea
957 316 1040 339 esse
1060 315 1082 338 a
1097 301 1301 339 ‘Romanis
1321 301 1462 339 scribit
1481 301 1633 339 ibidem
1653 302 1780 339 Theo-

77 359 252 398 dericus.

137 418 321 468 Denique
344 418 541 456 Odoricus
566 419 820 467 Raynaldus‚
839 433 904 456 an.
924 419 1038 466 1378,
1061 420 1076 467 ξ
1098 419 1161 466 24,
1181 419 1240 456 ait
1261 420 1531 459 Guntelinum
1550 419 1782 470 perfidiam,

80 486 127 515 ut
144 478 229 528 ipse
248 485 386 525 vocat,
404 485 547 527 postea
567 478 698 515 ultore
718 478 884 517 numine
902 478 944 515 in
964 478 1239 516 Avenionensi
1258 487 1417 516 catasta
1437 478 1637 517 carnificis
1657 492 1781 515 manu

79 537 216 584 luisse,
243 537 366 586 idque
393 552 433 574 se
461 545 605 586 postea
634 537 927 586 1)rol›aturun1;
956 537 1066 586 quod
1093 546 1233 577 tamen
1262 540 1342 575 non
1370 538 1592 588 praestitit.
1622 537 1781 576 Scilicet

82 596 270 635 confudit
301 597 409 633 hunc
444 596 714 635 Guntelinum
747 610 840 634 cum
874 596 1070 633 Silvestro
1103 597 1151 634 de
1182 596 1309 634 Budis
1342 597 1407 635 vel
1440 611 1532 636 cum
1566 596 1782 634 Guillelmo

79 656 264 702 Boileau,
299 669 399 705 quos
434 655 557 704 paulo
592 663 734 704 postea
770 654 903 704 capite
931 655 1072 704 plexos
1106 670 1190 693 esse
1214 656 1324 705 apud
1360 656 1629 695 Matisconem
1663 656 1782 693 docet

85 715 350 760 Froissartus,
384 722 414 752 t.
448 729 508 760 lx,
542 729 580 763 p.
619 714 705 751 l57.

137 775 180 813 P.
207 774 297 821 435,
324 773 390 822 lig.
418 773 479 812 25.
508 773 639 810 ILLAM
669 774 895 819 CAPITOLII,
921 772 1052 819 idest,
1077 787 1336 823 campanam,
1354 774 1517 811 solitam
1544 772 1710 823 pulsari,
1737 781 1782 810 ut

81 834 151 872 lib.
186 834 238 877 H,
264 834 322 870 De
348 833 569 877 schismate,
599 846 687 881 cap.
719 847 854 868 xxxvi
883 832 936 881 [p.
969 832 1077 881 190],
1105 832 1164 869 ait
1188 833 1459 871 Theodericus
1488 847 1509 869 a
1542 832 1671 879 Niem,
1696 846 1784 869 cum

84 892 257 930 Romani
280 900 413 930 contra
436 891 561 928 hostes
584 905 675 927 suos
701 891 755 927 ire
778 899 1059 928 consuec.·erzmt
1081 892 1133 928 ad
1159 892 1267 930 bella.
1295 893 1467 941 Propter
1489 891 1601 930 istud
1625 891 1782 929 facinus

82 961 203 990 tanto
226 960 379 989 terrore
413 958 641 990 commotas
668 950 789 987 fuisse
820 949 989 988 feminas
1026 964 1214 989 romanas
1239 951 1416 988 adnotat
1440 951 1566 989 frater
1591 951 1782 999 Angelus,

82 1011 267 1051 minister
308 1010 503 1060 generalis
545 1009 695 1047 ordinis
738 1008 912 1047 fratrum
954 1009 1170 1055 Minorum,
1210 1010 1485 1059 interrogatus
1526 1024 1646 1059 super
1685 1023 1780 1047 casu

83 1070 251 1109 secundi
269 1069 401 1116 electi,
422 1078 468 1107 ut
484 1083 529 1107 eo
550 1069 672 1108 modo
692 1068 902 1118 plorarent
917 1082 963 1105 ac
984 1077 1192 1116 gemerent
1211 1083 1256 1106 ac
1277 1069 1371 1106 siad
1392 1077 1596 1106 extremas
1618 1068 1780 1106 calami-

79 1138 189 1168 tates
214 1130 405 1167 redactae
430 1128 616 1166 fuissent.
646 1128 756 1165 Haec
780 1135 877 1164 sunt
901 1127 1009 1165 enim
1033 1128 1158 1165 verba
1183 1129 1310 1165 relata
1336 1128 1376 1165 in
1401 1128 1655 1178 depositione
1679 1127 1784 1176 ejus-

81 1189 176 1228 dem
199 1188 335 1226 fratris
360 1187 503 1237 Angeli
521 1187 536 1209 1
562 1203 568 1225 ε
595 1187 707 1224 Tunc
727 1186 883 1224 audivit
904 1201 1122 1235 campanas
1139 1187 1276 1224 Sancti
1298 1187 1406 1224 Petri
1429 1187 1584 1236 pulsari
1606 1187 1657 1224 acl
1673 1200 1785 1223 arma

83 1249 140 1286 Vel
164 1249 216 1286 ad
242 1248 463 1285 martellum
491 1247 601 1284 modo
627 1254 661 1283 et
685 1246 812 1295 forma
839 1260 915 1294 qua
942 1246 1155 1294 pulsantur
1182 1246 1301 1283 Rome
1329 1254 1362 1283 et
1393 1246 1435 1283 in
1468 1246 1604 1283 Ytalia
1631 1246 1786 1295 quando

80 1307 258 1356 civitates
286 1315 379 1344 sunt
408 1307 451 1343 in
479 1305 734 1343 commotione
763 1305 820 1341 vel
851 1304 961 1352 briga.
1000 1305 1057 1342 vel
1084 1305 1261 1342 homines
1297 1313 1579 1342 consueverunt
1607 1305 1658 1342 ad
1689 1304 1786 1341 bella

84 1368 298 1417 procedere.
329 1366 380 1403 Et
408 1366 559 1403 videtur
586 1365 680 1411 sibi⁷
712 1365 755 1401 de
783 1372 880 1401 certo
910 1372 1039 1400 tamen
1069 1378 1146 1401 non
1175 1364 1328 1411 asserit,
1359 1365 1460 1414 quffl‘l
1489 1364 1591 1401 idem
1617 1363 1787 1413 faciebat

83 1441 282 1476 campana
306 1426 349 1462 de
374 1424 586 1474 Capitolio.
614 1424 663 1461 Et
688 1423 784 1460 vidit
810 1423 992 1459 mulieres
1016 1423 1214 1472 plorantes
1236 1424 1433 1472 fugientes
1457 1431 1489 1460 et
1512 1437 1551 1460 se
1575 1424 1787 1460 lacerantes

81 1493 118 1522 et
135 1486 360 1529 clamantes,
381 1493 414 1521 et
432 1485 628 1534 populum
641 1483 859 1532 fugientem
875 1483 918 1519 (Ie
937 1482 1097 1519 ecclesia
1115 1483 1252 1520 Sancti
1272 1483 1392 1520 Petri.
1417 1482 1520 1519 Hinc
1536 1482 1627 1519 illae
1647 1495 1787 1519 earum

85 1545 271 1594 querelae
296 1544 517 1581 adversum
541 1543 710 1582 maritos
735 1556 828 1579 suos
852 1549 1055 1590 tanquam
1081 1541 1320 1581 maledictos
1344 1550 1385 1579 et
1409 1540 1787 1579 excommunicatos

85 1604 180 1654 quia
200 1604 285 1641 vim
303 1603 532 1641 intulerant
551 1601 842 1640 cardinalibus.
867 1601 977 1637 Ilaec
997 1600 1105 1639 enim
1124 1609 1215 1639 tum
1234 1609 1321 1639 crat
1342 1601 1450 1639 fama
1471 1600 1647 1650 publica.
1672 1599 1787 1636 Unde

83 1663 125 1700 in
151 1663 334 1701 articulis
361 1662 401 1699 in
429 1662 604 1700 Castella
633 1660 828 1699 confectis
856 1674 977 1709 super
1004 1674 1099 1697 casu
1127 1660 1294 1698 secundi
1322 1660 1453 1706 electi,
1484 1674 1604 1708 super
1641 1658 1787 1708 quibus

84 1722 365 1771 interrogandi
384 1730 424 1759 et
443 1720 707 1760 examinandi
726 1728 843 1758 erant
861 1727 1003 1765 testes,
1021 1719 1099 1756 ista
1119 1719 1271 1769 scripta
1290 1728 1386 1757 sunt
1405 1719 1445 1756 in
1463 1718 1636 1756 articulo
1655 1725 1789 1755 conte-

86 1781 188 1821 simo
208 1781 222 1804 2
250 1798 256 1819 ;
289 1782 386 1818 Item
411 1795 464 1818 an
490 1780 658 1826 sciverit,
687 1779 839 1825 viderit,
867 1778 924 1814 wel
948 1778 1145 1815 audiverit
1171 1780 1272 1828 quod
1298 1779 1479 1815 mulieres
1506 1778 1682 1815 Romane
1710 1776 1790 1813 illis

83 1842 240 1878 duobus
261 1841 399 1878 diebus
419 1840 663 1889 supradictis
684 1847 716 1876 et
737 1846 823 1888 post
843 1837 979 1887 palam
999 1845 1032 1874 et
1048 1838 1205 1886 publice
1224 1838 1523 1887 vituperas-sent,
1540 1844 1573 1873 et
1594 1837 1790 1885 vitupera-

90 1900 182 1938 bant
200 1900 361 1937 maritos
379 1899 563 1949 proprios
581 1907 614 1936 et
629 1899 770 1947 fratres
788 1906 821 1934 et
838 1897 1155 1944 consanguineos
1173 1906 1206 1934 et
1224 1897 1455 1945 generaliter
1472 1910 1604 1933 omnes
1623 1895 1791 1932 (licentes

84 1959 152 1997 Jzec
173 1959 287 1996 verba
309 1960 365 1996 wel
390 1958 544 1996 similia
567 1958 609 1995 in
629 1958 765 2007 effectu
789 1973 795 1994 :
819 1957 850 1993 O
871 1955 1044 1993 Romani
1066 1956 1193 1993 tristes
1214 1956 1408 2002 eoeaurati,
1436 1955 1502 2005 qui
1526 1952 1790 1992 excommuni-

85 2019 206 2056 castis
235 2019 402 2056 Romam
431 2008 691 2067 vituperando
716 2016 938 2054 cardinales
961 2015 1195 2064 turpissime
1219 2024 1251 2052 et
1275 2015 1482 2064 injuriose,
1508 2022 1664 2063 propter
1693 2012 1792 2062 quod

85 2092 153 2115 vos
185 2086 218 2115 et
251 2092 321 2114 nos
355 2076 551 2114 maledicti
585 2076 733 2113 erimus
766 2083 799 2112 et
831 2074 1171 2112 excommunicati.
1212 2075 1356 2123 Itaque
1393 2075 1536 2111 Petrus
1573 2070 1791 2117 Fernandi,

89 2137 420 2187 archipresbyter
452 2136 499 2173 (le
535 2135 633 2173 Hita
661 2134 854 2172 dioecesis
881 2132 1118 2179 Toletanae7
1143 2142 1322 2171 testatus
1345 2141 1406 2171 est
1438 2147 1476 2170 se
1510 2131 1572 2169 die
1604 2129 1792 2180 sequenti

88 2204 183 2246 post
212 2196 454 2234 electionem
486 2194 642 2232 Urbani
672 2194 727 2231 VI
758 2193 963 2231 audivisse
981 2190 996 2212 3
1025 2191 1103 2229 (lici
1132 2208 1155 2229 a
1182 2192 1346 2242 feminis
1376 2191 1487 2229 illius
1521 2190 1665 2227 wicinie
1694 2189 1794 2238 quocl

87 2255 220 2305 alique
239 2269 375 2292 earum
395 2254 577 2292 (licebant
595 2253 681 2291 suis
698 2252 854 2290 maritis
869 2260 902 2289 et
916 2249 1015 2301 filiis
1031 2259 1064 2287 et
1079 2250 1390 2300 conscmguineis
1412 2266 1419 2287 ;
1441 2249 1665 2287 Proditores
1682 2247 1791 2294 mali,

87 2329 207 2364 quam
237 2315 386 2351 malum
413 2314 562 2362 factum
590 2312 859 2362 perpetrastis,
891 2311 984 2360 quia
1013 2309 1268 2360 vituperastis
1296 2309 1502 2357 collegium
1543 2316 1576 2345 et
1614 2306 1793 2344 dominos

86 2374 311 2411 cardinales
334 2381 368 2410 et
390 2372 593 2410 ecclesiam
617 2371 754 2409 Sancti
779 2371 901 2417 Petri,
926 2379 959 2407 et
974 2368 1018 2404 (le
1041 2378 1160 2407 cetero
1177 2383 1382 2418 nunquam
1401 2369 1491 2405 bene
1507 2367 1578 2404 erit
1597 2366 1711 2402 nobis
1727 2379 1795 2401 nec

91 2433 189 2482 filiis
213 2441 246 2470 et
271 2432 435 2482 filiabus
460 2431 618 2477 nostris,
643 2439 677 2468 et
700 2431 838 2468 amodo
862 2430 1011 2466 erimus
1034 2427 1376 2474 eoecommzmicati,
1401 2435 1434 2464 et
1455 2427 1563 2463 Deus
1589 2438 1793 2473 nusnquam

87 2492 199 2529 dabit
224 2491 338 2528 nobis
366 2492 522 2528 bonum.

144 2550 336 2588 Nicolaus
390 2548 570 2596 Martini,
622 2547 933 2586 archidiaconus
987 2544 1310 2592 Salamantinus,
1353 2545 1629 2591 interrogatus
1673 2556 1794 2591 super

87 2609 262 2647 articulo
289 2609 362 2646 102
388 2622 503 2646 casus
528 2607 696 2645 secundi
721 2606 852 2653 electi,
878 2605 1009 2644 diarit4
1040 2607 1141 2655 quod
1163 2613 1370 2655 postquam
1396 2602 1617 2640 cardinales
1643 2601 1794 2637 iverunt

90 2669 326 2718 Anagniam
344 2668 526 2705 mulieres
543 2667 720 2704 Romane
737 2666 918 2703 (licebant
933 2665 1020 2702 suis
1035 2664 1210 2702 maritis:
1232 2664 1360 2700 Triste
1378 2663 1603 2707 alemanico,
1621 2667 1655 2696 et
1673 2659 1793 2696 incre-

90 2728 242 2778 pabant
265 2741 328 2764 eos
354 2727 522 2764 (licentes
548 2726 649 2775 quod
664 2725 812 2762 malum
836 2725 985 2773 jactum
1008 2725 1192 2773 jecerant,
1219 2731 1253 2759 et
1279 2721 1399 2758 nescit
1424 2720 1519 2770 quid
1543 2728 1635 2756 tunc
1661 2716 1793 2755 mariti

90 2786 376 2837 responderint.
412 2785 462 2822 Et
483 2784 637 2822 audivit
660 2783 738 2821 clici
760 2791 895 2832 etz-post
916 2784 1018 2832 quod
1038 2782 1164 2832 aliqui
1187 2782 1458 2819 Romanorum
1479 2777 1796 2827 colloquebantur

203 2928 271 2961 Ms.
300 2927 385 2966 cite,
413 2927 477 2960 fol.
507 2927 573 2959 247
602 2930 653 2958 νο.

203 2981 272 3014 Μ5.
298 2980 382 3019 cite,
407 2979 471 3012 fol.
497 2980 542 3012 35
567 2983 618 3012 v⁰.

204 3034 272 3067 Ms.
300 3033 384 3072 cite,
411 3033 473 3065 fol.
502 3033 569 3065 233
594 3036 638 3064 r0.

204 3087 272 3121 Ms.
304 3086 388 3125 cite,
418 3085 483 3118 fol.
515 3085 584 3117 244
614 3089 664 3117 νο.

140 2928 174 3120 ΫΕΟΞΨῨ
