2083 3458
100 224 252 279 [1183]
622 241 838 266 PAPARUM
874 242 1258 267 AVENIONENsmM
1710 228 1787 268 701

85 324 193 362 hunc
224 337 386 373 quoque
416 323 586 363 titulum
616 325 650 361 ei
681 325 823 362 datum
856 325 977 363 fuisse
1007 326 1048 363 in
1078 327 1376 373 commendam,
1407 335 1454 364 ut
1484 325 1671 363 solebant
1699 333 1790 362 tum

87 382 264 420 Romani
281 382 516 420 Pontifices.
536 383 680 423 Eidem
697 384 922 422 narrationi
938 385 1222 424 testimonium
1238 386 1425 435 perhibet
1442 386 1568 423 frater
1586 384 1790 422 Ferrarius

85 442 134 480 de
153 441 303 491 Vergos
324 440 474 479 ordinis
495 442 669 480 fratrum
695 443 912 490 Minorum,
940 444 1168 493 theologiae
1195 445 1397 494 professor
1423 444 1533 494 apud
1557 444 1728 481 Ilerdam
1747 443 1760 465 1
1782 459 1788 480 :

82 501 191 538 Dicit
210 501 311 550 quod
329 500 482 537 audivit
501 501 550 537 ab
570 501 773 551 aliquibus
792 503 927 551 probis
946 503 1125 552 personis
1146 505 1246 553 quod
1264 504 1445 553 officiales
1464 511 1497 540 et
1516 503 1792 540 Bandarenses

85 560 371 610 requisiverunt
401 560 621 597 cardinales
653 562 753 610 quod
782 562 948 610 placeret
977 562 1033 599 eis
1063 562 1202 610 eligere
1232 563 1457 600 Romanum
1488 570 1528 599 ut
1566 561 1720 599 ecclesie
1758 569 1791 598 et

85 619 190 656 tituli
229 618 497 656 cardinalium
532 628 821 668 repararentur,
861 621 954 670 quia
992 622 1179 658 adventus
1218 622 1434 659 cardinalis
1472 620 1674 669 Aragonie
1713 620 1791 669 suit

84 678 235 715 occasio
264 686 303 715 ut
328 692 425 714 suus
445 678 584 715 titulus
611 688 871 728 repararetur,
890 688 923 717 et
941 680 1138 729 reparavit
1166 681 1255 717 bene
1273 682 1430 718 domum
1451 680 1515 717 sui
1536 679 1654 717 tituli.
1687 680 1790 717 Item

87 737 324 775 Fernandus
370 736 493 782 Petri,
539 737 715 775 decanus
760 738 1051 785 Tirasonensis,
1095 739 1264 789 loquens
1309 740 1356 777 de
1401 739 1674 777 cardinalibus
1722 738 1791 787 qui

48 804 50 806 '
85 804 335 834 recesserant
361 796 413 833 ab
443 796 610 833 Urbano
639 813 646 834 :
672 798 731 834 De
757 797 851 834 aliis
878 812 955 847 qua
982 798 1195 836 intentione
1221 807 1453 836 recesserant
1480 798 1612 844 nescit,
1639 805 1792 846 excepto

86 856 187 905 quod
218 855 336 892 credit
368 856 469 905 quod
501 855 684 892 dominus
717 870 814 893 suus
847 857 1077 903 cardinatis,
1111 857 1151 894 id
1184 866 1258 904 est,
1294 858 1341 895 de
1376 858 1504 903 Luna,
1541 857 1621 894 ibat
1658 856 1793 893 animo

85 914 272 952 redeundi
291 914 470 961 Romam,
489 914 524 951 si
546 915 642 951 bono
661 916 770 952 modo
788 916 977 965 potuisset
997 916 1132 954 redire.
1152 917 1200 953 Et
1217 917 1284 953 hoc
1301 917 1419 953 credit
1438 917 1520 953 ideo
1538 916 1631 965 quia
1648 915 1792 952 sciebat

86 973 130 1011 de
150 988 296 1022 magna
314 973 517 1022 affectione
546 988 663 1023 quam
681 974 846 1011 babebat
875 976 975 1024 quod
1001 975 1113 1012 curia
1132 984 1343 1012 remaneret
1362 976 1481 1012 Rome
1500 975 1556 1012 vel
1576 975 1618 1011 in
1642 974 1790 1020 Ytalia,

85 1041 119 1070 et
137 1033 337 1070 constabat
355 1047 400 1070 ea*
428 1047 539 1082 opere
558 1034 659 1082 quod
675 1034 765 1081 fecit
785 1034 827 1070 in
846 1035 956 1070 domo
974 1048 1049 1071 sua
1068 1035 1187 1071 Rome
1205 1043 1238 1071 et
1264 1049 1332 1084 per
1350 1035 1570 1071 electionem
1595 1034 1793 1082 sepulture

87 1107 203 1142 quam
222 1092 316 1141 fecit
338 1092 380 1128 in
403 1092 545 1129 Sancto
566 1092 781 1129 Laurentio
802 1101 907 1130 extra
930 1107 1073 1130 muros.

140 1152 238 1190 Post
268 1159 442 1190 mortem
476 1151 670 1200 Gregorii,
704 1166 795 1189 cum
827 1152 1032 1201 agitarent
1064 1152 1169 1190 inter
1200 1168 1238 1190 se
1271 1152 1494 1190 cardinales
1528 1152 1575 1189 de
1607 1151 1791 1200 eligendo

86 1224 208 1260 papa,
238 1210 405 1260 jamque
435 1211 610 1260 populus
645 1211 853 1248 Romanus
886 1211 1015 1248 minas
1047 1211 1286 1257 intentaret,
1318 1220 1496 1249 testatur
1526 1212 1651 1248 frater
1684 1210 1791 1258 Ray-

43 1278 48 1287 ·
86 1270 263 1307 mundus
283 1270 330 1308 de
350 1270 503 1319 Capua,
517 1269 711 1319 magister
728 1270 922 1319 generalis
943 1270 1092 1308 ordinis
1113 1270 1459 1317 praedicatorum,
1479 1269 1724 1307 cardinalem
1743 1269 1792 1306 de

88 1329 202 1366 Luna
231 1329 272 1366 in
301 1343 346 1367 ea
376 1329 498 1367 fuisse
527 1329 732 1367 sententia
761 1337 808 1366 ut
836 1337 1011 1368 mortem
1039 1329 1175 1379 potius
1206 1338 1418 1379 oppeteret
1448 1343 1571 1378 quam
1600 1328 1792 1377 cuiquam

86 1388 382 1437 suffragaretur
408 1396 550 1426 contra
579 1388 872 1426 conscientiam
900 1402 1029 1426 suam.
1062 1389 1158 1426 Item
1184 1389 1349 1434 audivit,
1378 1388 1512 1437 inquit
1530 1387 1557 1435 ²,
1585 1402 1609 1424 a
1636 1387 1792 1424 domino

87 1456 178 1485 tunc
204 1447 400 1485 cardinali
427 1448 471 1484 de
497 1447 627 1494 Luna,
655 1448 719 1485 cui
745 1462 851 1485 eram
878 1448 986 1484 walde
1013 1447 1244 1485 domesticus
1270 1456 1303 1484 et
1327 1447 1558 1496 familiaris,
1585 1454 1793 1495 antequam

88 1506 279 1544 intrarent
304 1507 531 1553 conclavim,
559 1507 660 1556 quod
685 1507 769 1556 ipse
794 1515 874 1544 erat
900 1507 1116 1556 dispositus
1141 1507 1273 1556 potius
1299 1506 1397 1543 mori
1423 1521 1539 1556 quam
1562 1506 1687 1554 facere
1713 1504 1792 1541 nisi

88 1565 201 1603 illum
224 1567 268 1603 de
291 1581 363 1616 quo
387 1566 626 1603 conscientia
647 1581 721 1603 sua
745 1566 915 1603 dictaret.
942 1566 1027 1603 Hoc
1049 1566 1199 1603 dicebat
1222 1566 1315 1615 quia
1337 1565 1508 1602 Romani
1530 1564 1794 1614 supplicando

87 1625 267 1663 dicebant
290 1626 393 1675 quod
415 1625 651 1663 dubitabant
674 1626 718 1662 de
740 1626 926 1662 scandalo
949 1625 1090 1675 populi
1115 1625 1195 1662 nisi
1219 1625 1509 1662 exaudirentur.

141 1684 296 1722 Deinde
324 1684 548 1723 cardinales
576 1684 744 1734 ingressi
763 1692 860 1722 sunt
887 1685 1078 1722 conclave
1098 1684 1159 1722 die
1188 1693 1334 1722 octava
1362 1683 1497 1733 aprilis
1513 1682 1540 1720 3.
1565 1683 1670 1720 Tum
1696 1696 1792 1719 vero

88 1743 250 1781 intravit
271 1744 410 1793 fulgur
434 1744 729 1793 inflammatum
756 1743 798 1780 in
822 1744 995 1781 conclavi
1019 1758 1106 1780 cum
1131 1758 1273 1792 magno
1298 1743 1482 1789 tonitruo,
1505 1750 1551 1779 ut
1570 1741 1628 1778 ait
1652 1748 1794 1777 auctor

87 1802 289 1841 Secundae
309 1803 409 1840 vitae
436 1803 628 1851 Gregorii,
650 1818 688 1853 p.
711 1803 799 1840 443.
823 1803 956 1852 Hujus
978 1811 1148 1840 eventus
1171 1802 1324 1840 mentio
1344 1810 1461 1840 extat
1480 1801 1521 1838 in
1541 1799 1793 1850 depositione

89 1862 273 1911 Hugonis
301 1862 517 1900 cardinalis
546 1862 594 1900 de
620 1862 834 1900 Britannia
852 1861 867 1883 4
894 1878 901 1899 ε
933 1862 1029 1899 Item
1065 1862 1158 1912 quia
1194 1862 1349 1911 quidem
1373 1861 1510 1910 fulgur
1534 1858 1725 1909 percussit
1752 1858 1794 1894 in

89 1921 155 1958 illo
181 1922 358 1959 conclave
386 1921 454 1959 ubi
481 1930 561 1959 erat
587 1936 741 1959 camera
767 1921 919 1958 domini
946 1922 990 1958 de
1016 1921 1145 1958 Luna.
1176 1921 1229 1958 Et
1255 1921 1297 1957 in
1324 1919 1576 1969 depositione
1606 1916 1793 1955 Roderici

89 1980 307 2028 Fernandi,
334 1980 576 2031 portionarii
597 1980 800 2019 Ecclesiae
831 1980 1083 2030 Hispalensis
1103 1979 1117 2002 5
1143 1995 1150 2017 z
1188 1980 1238 2017 Et
1264 1979 1417 2029 paratis
1441 1977 1604 2016 cameris
1630 1985 1663 2014 et
1689 1975 1794 2013 lectis

87 2040 336 2077 dominorum
356 2040 636 2086 cardinalium,
657 2039 852 2077 descendit
869 2039 1007 2088 fulgur
1026 2053 1216 2087 magnum
1235 2039 1278 2076 de
1297 2039 1386 2084 ceto,
1407 2046 1440 2075 et
1458 2037 1594 2075 cecidit
1613 2036 1655 2073 in
1675 2035 1793 2072 direc-

87 2107 169 2136 tum
184 2113 331 2136 camere
347 2099 564 2136 cardinalis
580 2099 624 2136 de
639 2099 769 2136 Luna.
791 2099 894 2136 Item
911 2098 951 2135 in
968 2098 1222 2148 depositione
1239 2098 1418 2135 Thomae
1436 2097 1593 2142 Petrae,
1610 2092 1794 2132 canonici

88 2156 343 2196 Patracensis
363 2158 379 2181 ⁶
401 2174 408 2196 z
430 2159 556 2195 llIane
582 2158 756 2207 sequenti
784 2166 870 2207 post
891 2157 1112 2206 ingressum
1133 2157 1263 2206 ipsius
1282 2155 1488 2202 conclavis,
1509 2168 1594 2192 aere
1612 2153 1794 2190 emistente

87 2225 178 2254 tunc
197 2231 343 2264 sereno,
365 2217 495 2255 subito
516 2232 635 2267 super
655 2217 832 2254 conclave
851 2217 956 2266 jacta
976 2225 1030 2253 est
1051 2216 1214 2253 mutatio
1235 2215 1338 2253 aeris
1359 2229 1446 2252 cum
1468 2214 1618 2251 modica
1640 2211 1741 2248 nube
1761 2218 1795 2247 et

87 2276 352 2314 coruscatione
380 2277 557 2314 emittens
583 2276 721 2325 fulgur
748 2284 782 2313 et
809 2275 1030 2325 percutiens
1058 2275 1234 2312 conclave
1262 2289 1306 2311 ac
1336 2274 1481 2322 ipsum,
1512 2281 1553 2309 ut
1580 2270 1792 2316 dicebatur,

88 2335 340 2382 illuminans,
364 2344 398 2373 et
420 2336 575 2373 demum
598 2336 700 2372 unde
723 2336 900 2372 conclave
924 2335 1057 2383 ipsum
1074 2342 1233 2383 ruperat
1251 2333 1446 2370 modicum
1465 2345 1593 2377 urens,
1614 2330 1794 2378 intusque

88 2408 307 2441 remanens,
330 2395 526 2432 neminem
547 2395 650 2441 lesit;
674 2394 789 2443 cujus
810 2393 974 2442 vestigia
995 2393 1121 2430 adliuc
1141 2400 1353 2442 apparent3
1377 2391 1477 2441 quod
1496 2391 1547 2427 ad
1568 2387 1794 2426 inauditum

88 2453 325 2491 miraculum
351 2453 393 2490 in
417 2453 612 2491 chronicis
636 2454 853 2490 notandum
877 2452 1056 2489 habitum
1079 2460 1144 2489 est.
1171 2452 1221 2488 Et
1244 2451 1338 2488 cella
1362 2464 1478 2499 quam
1502 2447 1677 2498 percussi

88 2512 240 2550 domini
271 2513 315 2550 de
344 2513 474 2550 Luna.
507 2513 558 2550 Et
587 2513 655 2550 hoc
684 2512 802 2550 etiam
832 2511 1006 2561 plerique
1036 2506 1291 2548 diversimode
1322 2515 1550 2546 notaverunt
1579 2506 1794 2543 secundum

89 2571 258 2620 gratiam
284 2571 340 2608 eis
375 2573 519 2609 datam.
558 2572 683 2609 Recte
703 2571 729 2609 ⁷.
760 2570 935 2618 Quidam
961 2569 1070 2608 enim
1096 2569 1188 2607 hinc
1215 2568 1463 2617 collegerunt
1489 2580 1581 2604 eum
1608 2565 1794 2602 futurum

137 2737 169 2769 1.
199 2737 241 2769 B.
265 2737 323 2776 N„
344 2749 412 2769 ms.
433 2736 530 2769 latin
548 2737 678 2775 11745,
699 2735 761 2769 fol.
783 2736 851 2768 107
873 2739 923 2767 v0.

138 2791 170 2823 2.
193 2791 259 2824 Ms.
283 2791 366 2829 cite,
390 2789 452 2822 fol.
476 2789 520 2822 93
542 2794 592 2822 νο.
815 2799 817 2802 ⁴

136 2843 170 2876 3.
191 2842 238 2875 Ce
258 2842 317 2875 fut
334 2843 365 2875 le
384 2844 403 2875 7
427 2842 580 2885 (Valois‚
599 2842 654 2874 La
671 2842 814 2874 France
832 2846 863 2873 et
879 2841 909 2872 le
931 2840 1058 2873 Grand
1075 2838 1249 2877 Schisme,
1271 2843 1297 2870 t.
1315 2849 1339 2876 1,
1358 2848 1393 2880 p.
1415 2835 1487 2879 20).

137 2896 169 2928 4.
200 2896 240 2928 B.
265 2896 323 2935 N„
345 2907 413 2928 ms.
435 2895 530 2927 latin
550 2895 680 2934 11745,
702 2894 764 2927 fol.
786 2895 830 2927 37
851 2898 894 2926 r0.

138 2949 170 2981 5.
201 2950 267 2982 Ms.
299 2949 383 2987 cite,
409 2948 471 2980 fol.
498 2948 568 2980 102
592 2952 636 2980 r0.

138 3002 170 3034 6.
201 3001 268 3034 Ms.
288 3001 372 3040 cite,
390 3000 452 3033 fol.
472 3001 517 3033 96
534 3005 584 3033 νο.

139 3055 170 3087 7.
191 3054 245 3086 La
270 3054 402 3086 foudre
430 3054 562 3086 tomba
588 3064 651 3085 sur
668 3052 703 3084 la
721 3052 851 3084 cellule
871 3051 914 3083 de
936 3050 1058 3083 Pierre
1078 3050 1121 3082 de
1140 3049 1248 3081 Luna
1265 3048 1297 3081 le
1317 3049 1337 3081 6
1355 3047 1449 3080 avril
1471 3045 1622 3089 (Valois‚
1641 3057 1699 3090 op.
1719 3047 1792 3085 cit„

90 3118 114 3150 p
171 3107 204 3145 Ο,
224 3112 263 3139 et
282 3106 424 3139 Martin
444 3105 660 3149 d’Alpartil,
681 3105 738 3138 ed.
762 3104 885 3143 Ehrle,
907 3115 942 3147 p.
963 3103 1012 3145 3).
