2083 3458
119 221 269 277 [1106]
650 239 868 264 PAPARUM
903 240 1286 267 AVENIONENSIUM
1732 227 1814 268 629

108 322 175 359 Ad
205 321 380 372 primam
412 322 603 360 rationem
645 323 689 361 de
730 323 867 361 litteris
899 325 1126 374 respondeo,
1168 333 1261 374 etc.,
1302 327 1403 376 quod
1447 327 1494 365 Β.
1537 327 1626 365 illas
1670 327 1815 366 litteras

108 380 222 430 petiit
260 396 284 418 a
334 381 447 418 nobis
483 381 679 420 omnibus.
725 382 975 432 Responsum
1014 383 1093 420 sibi
1131 384 1209 433 suit
1247 386 1348 434 quod
1385 399 1588 436 nunquam
1624 386 1667 424 de
1714 396 1815 424 more

117 454 274 477 sacrum
323 439 528 489 collegium
580 440 755 490 notificat
804 455 873 491 per
926 441 1072 480 litteras
1130 443 1349 482 electionem
1402 445 1556 482 romani
1606 445 1815 495 Pontifici-S·

115 498 367 548 nrineipibus
397 499 453 536 vet
482 499 588 546 aliis,
619 507 653 537 et
680 499 738 537 sic
766 514 806 537 se
835 500 949 538 habet
978 501 1130 539 veritas.
1166 502 1219 539 Et
1247 504 1370 553 paulo
1401 512 1493 553 post
1523 520 1529 542 :
1562 504 1652 554 Ipse
1686 513 1814 542 tamen

112 557 181 596 t'ioc
207 572 286 595 non
312 558 485 595 obstante
512 572 600 595 cum
625 558 734 595 omni
773 559 967 597 instantia
1002 574 1067 597 eas
1103 560 1239 598 habere
1275 562 1412 609 voluit,
1450 564 1501 600 ad
1535 578 1646 612 quem
1682 564 1812 613 finem,

116 616 208 654 bene
234 624 340 666 potes
367 616 546 665 cogitare.
578 617 632 655 Et
667 617 771 655 infra
812 634 818 655 :
854 618 953 656 Ymo
988 619 1106 656 etiam
1145 634 1233 657 cum
1270 622 1484 659 secundum
1521 622 1654 659 stilum
1695 622 1812 669 curie,

114 675 269 725 quando
303 675 508 729 collegium
547 676 695 724 scribit,
732 676 854 714 littere
890 677 1120 726 sigillantur
1152 679 1278 716 solum
1312 680 1459 728 sigillis
1489 681 1605 718 trium
1637 682 1815 731 priorum

79 765 83 770 .
114 734 235 772 trium
257 734 455 781 ordinum,
482 749 570 772 cum
594 743 685 772 tunc
709 743 799 773 actu
824 736 899 773 duo
923 736 1073 786 priores
1098 746 1222 775 essent
1251 737 1410 786 Ytalici,
1437 739 1609 777 videlicet
1632 740 1814 777 dominus

114 793 370 831 Florentinus
417 801 450 831 et
493 794 537 831 de
589 794 762 840 Ursinis,
802 795 1013 844 suspicans
1062 797 1162 845 quod
1201 805 1356 846 propter
1406 798 1602 836 nationem
1645 800 1688 836 de
1739 813 1814 848 qua

118 852 236 890 etiam
262 861 373 891 erant
402 853 579 902 ipsorum
607 853 830 890 testimonia
858 862 1132 903 reputarentur
1159 865 1350 905 suspecta,
1379 857 1491 906 petiit
1518 859 1618 907 quod
1640 858 1712 895 alii
1738 859 1813 895 duo

119 912 197 949 loco
229 911 385 949 illorum
413 911 646 960 sigillarent.
680 912 757 949 Sed
785 912 1053 950 resistentibus
1084 914 1255 951 dominis
1290 915 1456 953 Ytalicis
1486 931 1563 953 non
1592 917 1717 967 potuit
1746 917 1813 954 hoc

115 970 298 1018 obtinere,
323 970 409 1008 licet
431 970 680 1008 contristatus
703 971 822 1019 suerit
845 979 977 1009 contra
1010 986 1135 1009 unum
1158 973 1201 1010 de
1224 974 1395 1010 dominis
1417 975 1514 1012 satis
1545 984 1699 1025 propter
1732 976 1810 1013 hoc.

115 1029 180 1067 Ad
210 1029 436 1067 evitandum
465 1038 595 1067 autem
624 1044 778 1067 ornnem
807 1031 1076 1080 suspicionem
1105 1039 1139 1068 et
1166 1033 1397 1070 scandalum
1422 1035 1527 1083 -quod
1556 1043 1682 1083 posset
1712 1035 1813 1072 unde

115 1088 300 1126 suscitari
328 1089 474 1126 litteras
501 1088 651 1126 domini
680 1098 958 1127 concesserunt.
989 1089 1089 1128 Vide
1110 1090 1235 1129 etiam
1256 1092 1469 1141 Aegidiun]
1485 1093 1752 1131 Bellameram
1770 1093 1811 1130 in

116 1161 204 1198 cap.
234 1148 452 1195 Praeterea,
478 1148 536 1185 De
564 1147 725 1186 testibus
753 1148 945 1197 cogendis.
976 1148 1143 1198 Aliquos
1172 1150 1297 1189 etiam
1326 1151 1546 1189 cardinales
1575 1152 1811 1202 singillatim

116 1207 248 1256 coegit
272 1207 443 1245 scribere
468 1207 516 1245 de
540 1221 613 1244 sua
637 1207 832 1245 electione
856 1207 897 1245 in
920 1207 1164 1258 provincias,
1189 1217 1236 1246 ut
1259 1209 1355 1246 alibi
1379 1210 1562 1249 dicimus.
1588 1211 1810 1249 cardinalis

116 1274 256 1304 tamen
278 1266 417 1304 Sancti
440 1266 651 1304 Eustachii
672 1280 753 1303 non
774 1266 946 1316 scripsit.
970 1267 1185 1305 Testatum
1205 1267 1245 1304 id
1266 1268 1441 1306 habetur
1460 1269 1500 1306 in
1520 1270 1777 1320 responsione
1796 1269 1809 1291 ¹

118 1325 253 1363 fratris
285 1325 441 1374 Angeli,
474 1325 668 1375 generalis
698 1325 874 1363 ministri
906 1325 1055 1363 ordinis
1088 1326 1260 1363 fratrum
1292 1327 1506 1373 Minorum,
1538 1329 1589 1366 ad
1619 1329 1808 1366 articulos

115 1384 235 1434 primi
255 1384 372 1422 electi
393 1400 401 1422 ε
423 1384 489 1421 Ad
506 1384 711 1422 LXXXV
728 1392 762 1422 et
780 1384 840 1421 VI
855 1384 949 1422 dicit
967 1386 1068 1434 quod
1086 1385 1237 1423 audivit
1255 1386 1332 1423 dici
1352 1402 1373 1423 a
1394 1387 1576 1435 pluribus
1595 1396 1627 1425 et
1641 1396 1694 1425 est
1712 1402 1809 1425 com-

118 1443 251 1481 munis
277 1443 387 1492 fama
415 1444 515 1493 quod
541 1443 693 1481 domini
721 1443 941 1481 cardinales
969 1444 1035 1493 qui
1062 1444 1222 1492 fuerunt
1250 1445 1291 1481 in
1326 1445 1427 1482 Urbe
1454 1461 1523 1495 pro
1553 1446 1617 1483 illo
1645 1455 1811 1496 tempore

116 1502 358 1552 scripserunt
372 1502 505 1540 multis
519 1502 776 1552 principibus
792 1503 930 1539 mundi
945 1511 979 1540 et
992 1503 1086 1539 aliis
1102 1503 1273 1541 dominis
1288 1505 1388 1553 quod
1401 1506 1594 1553 elegerunt
1608 1506 1810 1542 dominum

117 1562 330 1599 Barensem
354 1561 396 1599 in
419 1576 551 1599 verum
573 1576 741 1611 papam3
766 1570 799 1599 et
821 1561 958 1599 audivi
982 1570 1251 1612 consequenter
1273 1564 1374 1612 quod
1396 1564 1462 1601 hoc
1483 1564 1654 1612 fecerunt
1676 1564 1810 1601 timore
1836 1608 1842 1617 ¹

119 1620 249 1669 potius
265 1635 382 1670 quam
397 1635 539 1668 amore,
557 1621 735 1671 requisiti
751 1635 820 1670 per
836 1621 981 1658 dictum
1003 1621 1209 1659 Urbanum
1225 1630 1258 1659 et
1274 1622 1453 1671 officiales
1469 1623 1608 1672 populi
1626 1623 1805 1661 Romani.

118 1680 169 1717 Et
187 1679 408 1729 specialiter
428 1680 648 1717 recordatur
669 1681 712 1717 de
742 1680 899 1717 domino
927 1680 1182 1727 Gebennensi,
1206 1681 1271 1730 qui
1294 1696 1397 1718 nunc
1417 1690 1470 1718 est
1490 1697 1597 1731 papa
1619 1682 1806 1728 Clemens,

118 1739 218 1788 quod
238 1738 451 1789 scripserit,
468 1747 509 1776 ut
530 1739 695 1785 audivit,
720 1739 876 1776 domino
898 1739 1070 1785 Galeot03
1094 1747 1127 1776 et
1149 1740 1300 1777 (italivit
1317 1740 1357 1777 id
1378 1741 1421 1777 de
1436 1741 1591 1778 domino
1614 1742 1656 1778 de
1679 1741 1806 1787 Luna,

121 1806 249 1835 tamen
274 1798 396 1835 nescit
417 1798 493 1836 cui.
521 1798 571 1835 Et
594 1798 704 1836 addit
728 1799 828 1848 quod
852 1798 1034 1835 dominus
1059 1799 1102 1835 de
1128 1798 1268 1836 Sancto
1293 1799 1504 1836 Eustachio
1529 1800 1628 1837 dixit
1653 1800 1717 1837 isti
1742 1800 1807 1849 qui

120 1856 288 1906 loquitur
316 1873 323 1895 ε
353 1857 457 1894 Bene
482 1857 562 1894 scio
589 1858 633 1894 de
660 1872 717 1895 me
745 1857 830 1907 ipso
857 1858 958 1907 quod
983 1872 1186 1907 nunquam
1210 1858 1353 1907 scripsi
1381 1859 1536 1896 domino
1564 1873 1630 1896 nec
1658 1858 1807 1895 homini

121 1916 253 1965 ipsum
271 1930 350 1953 esse
367 1931 529 1966 papam.
550 1916 601 1954 Et
618 1916 686 1954 hoc
704 1916 857 1954 audivit
874 1931 979 1953 anno
997 1917 1128 1966 elapso
1147 1917 1324 1966 proximo
1345 1917 1386 1954 in
1405 1917 1601 1955 Avinione
1620 1919 1662 1954 de
1682 1932 1807 1954 mense

119 1975 278 2023 augusti
298 1975 355 2012 vel
370 1975 610 2025 septembris.

172 2034 289 2082 Quod
316 2034 523 2072 nesciebat
549 2034 675 2072 frater
702 2034 891 2085 Angelus,
918 2034 959 2072 id
985 2034 1104 2072 scivit
1131 2035 1288 2072 Marcus
1317 2035 1516 2073 Fernandi
1543 2036 1667 2072 abbas
1695 2035 1742 2073 de
1768 2035 1805 2072 la

118 2093 255 2130 Vanza
278 2093 319 2130 in
343 2093 522 2132 Ecclesia
547 2093 774 2132 Palentina.
801 2093 958 2144 Quippe
981 2094 1023 2131 in
1044 2094 1303 2143 responsione
1326 2094 1411 2143 ejus
1435 2094 1486 2131 ad
1519 2095 1736 2133 articulum
1756 2093 1805 2131 85

119 2166 233 2190 casus
257 2152 378 2202 primi
402 2153 518 2191 electi
542 2153 741 2203 scriptum
764 2161 825 2191 est
843 2151 857 2174 ²
879 2153 993 2191 illum
1016 2152 1268 2203 respondisse
1293 2152 1442 2191 nescire
1466 2168 1505 2191 se
1529 2153 1560 2191 si
1585 2153 1804 2191 cardinales

118 2211 315 2249 miserunt
358 2211 495 2250 literas
542 2212 801 2261 collegialiter
844 2213 908 2250 vel
942 2211 1242 2261 particulariter
1280 2211 1481 2261 aliquibus
1516 2211 1763 2262 principibus
1797 2228 1804 2248 :

121 2270 269 2308 Tamen
295 2269 395 2308 dixit
420 2271 520 2321 quod
545 2271 760 2309 cardinalis
786 2271 830 2308 de
856 2270 1063 2319 Aragonia
1087 2270 1253 2308 existens
1275 2270 1460 2319 Anagnie
1480 2270 1579 2307 dixit
1603 2270 1681 2307 sibi
1708 2270 1806 2319 quod

119 2329 244 2366 dictus
270 2329 408 2367 electus
436 2329 791 2367 mandaveratsibi
819 2330 938 2367 Rome
964 2329 1127 2366 scribere
1155 2329 1311 2378 regibus
1344 2329 1521 2378 Yspanie
1548 2330 1591 2366 de
1618 2328 1806 2366 creatione

117 2402 204 2435 sua,
224 2396 258 2425 et
277 2388 402 2426 dictus
421 2389 637 2426 cardinalis
657 2388 757 2426 dizit
774 2388 853 2426 sibi
873 2389 973 2437 quod
989 2388 1073 2437 jam
1090 2388 1241 2437 fecerat,
1264 2396 1303 2424 ut
1321 2388 1400 2424 sibi
1420 2387 1630 2426 videbatur.
1652 2388 1703 2425 Et
1721 2395 1805 2437 post

119 2447 189 2485 ivit
216 2447 342 2484 dictus
370 2447 586 2485 cardinalis
614 2448 666 2486 acl
692 2447 900 2498 palatium,
921 2455 954 2484 et
981 2447 1118 2484 electus
1148 2447 1246 2484 dixit
1263 2446 1342 2483 sibi
1369 2461 1381 2483 :
1407 2446 1631 2496 Scripsistis
1660 2446 1804 2483 litteras

118 2520 188 2556 pro
213 2506 370 2555 regibus
398 2506 589 2556 Yspanie,
615 2515 657 2544 ut
679 2507 787 2544 vobis
812 2506 1022 2543 mandavi?
1045 2506 1094 2543 Et
1119 2505 1181 2542 ille
1206 2505 1405 2554 respondit
1428 2506 1528 2554 quod
1548 2505 1616 2543 sic.
1642 2505 1692 2542 Et
1715 2513 1805 2542 tunc

119 2564 219 2602 dixit
244 2565 323 2602 sibi
351 2564 476 2603 dictus
503 2566 641 2603 electus
668 2566 768 2616 quod
795 2565 956 2603 mitteret
981 2579 1051 2614 pro
1079 2564 1146 2602 eis.
1176 2564 1227 2602 Et
1254 2564 1317 2601 ille
1344 2564 1542 2613 respondit
1567 2563 1646 2600 sibi
1676 2580 1682 2601 :
1714 2563 1805 2600 Non

118 2631 283 2673 possunt
311 2623 444 2661 haberi
473 2625 590 2662 donec
618 2639 686 2674 ego
716 2625 856 2662 vadam
883 2624 935 2661 ad
962 2624 1131 2670 domum,
1162 2623 1256 2672 quia
1282 2631 1375 2660 sunt
1404 2622 1446 2659 in
1473 2622 1602 2660 studio
1632 2637 1723 2660 meo,
1756 2622 1806 2659 Et

120 2682 321 2720 mandavit
343 2682 422 2719 sibi
446 2684 547 2732 quod
569 2684 640 2721 iret
660 2683 793 2722 statim
815 2697 886 2733 pro
908 2682 976 2721 eis.
1002 2682 1052 2719 Et
1076 2682 1145 2720 ivit
1168 2690 1258 2719 tunc
1281 2681 1495 2719 cardinalis
1518 2682 1569 2718 ad
1590 2680 1805 2731 hospitium

118 2756 236 2779 suum
262 2749 296 2779 et
322 2742 423 2791 quod
445 2742 585 2791 fecerat
612 2742 682 2780 illa
708 2750 813 2780 nocte
839 2742 961 2780 dictas
988 2741 1133 2778 litteras
1159 2740 1270 2778 aliter
1297 2754 1413 2790 quam
1438 2748 1526 2777 ante
1550 2739 1700 2788 fecisset
1726 2754 1802 2779 eas.

120 2800 170 2838 Et
189 2801 309 2838 altera
330 2800 391 2838 die
412 2800 455 2838 de
477 2815 589 2839 mane
609 2801 832 2851 apportavit
851 2815 916 2838 eas
936 2800 987 2838 ad
1006 2799 1282 2837 ostendendum
1301 2813 1366 2836 eas
1387 2799 1484 2836 dicto
1504 2799 1627 2836 electo.

173 2859 341 2897 Urbano
366 2859 506 2909 itaque
534 2860 670 2899 omnia
696 2861 834 2910 palam
863 2860 1016 2897 Romae
1043 2858 1255 2909 parebant.
1286 2858 1375 2895 Una
1404 2871 1477 2895 arx
1503 2871 1626 2907 quam
1654 2865 1803 2894 vocant

121 2918 261 2957 Sancti
294 2918 437 2968 Angeli
469 2918 555 2968 ejus
588 2919 757 2969 imperia
790 2917 1020 2969 spernebat.
1057 2917 1167 2965 Quae
1200 2931 1260 2955 res
1294 2916 1593 2965 animum-ejus
1628 2916 1803 2953 multum

166 3046 198 3079 1.
218 3046 259 3080 B.
282 3045 339 3085 N.‚
359 3057 426 3080 ms.
446 3046 541 3079 latin
560 3046 689 3086 11745,
710 3046 771 3080 fol.
793 3047 860 3080 183
881 3051 931 3079 v0.

168 3099 198 3132 2.
229 3099 295 3132 Ms.
325 3099 407 3139 cite,
437 3099 499 3132 fol.
529 3100 598 3132 158
625 3104 668 3133 r0.
