2083 3458
128 221 279 278 [1163]
535 271 539 275 ,
648 240 863 265 PAPARUM
899 213 1282 266 AVENIONENSIUM
1730 226 1811 268 683

115 335 249 360 coram
278 335 368 370 rege
401 321 692 370 Ingerrannum
723 323 869 362 fovisse
898 332 1033 374 partes
1062 324 1272 364 rebellium
1299 324 1458 374 reginae
1486 333 1528 363 et
1554 325 1744 364 hostilem
1771 325 1811 362 in

115 381 281 420 modum
312 380 545 420 insecutum
574 396 657 420 esse
687 382 837 421 amicos
869 383 968 432 ejus.
1002 383 1156 421 Deinde
1187 384 1327 421 retulit
1356 384 1546 423 eumdem
1575 384 1812 434 episcopum

89 495 96 500 Α
115 439 421 478 Sistaricensem
464 439 540 477 sibi
585 440 778 489 objecisse
822 442 1038 491 vulgatum
1080 442 1192 489 illud,
1237 443 1395 493 pullum
1439 443 1609 493 gallinae
1653 457 1811 493 semper

113 499 304 549 scalpere,
327 513 396 548 que
417 499 628 547 toulzjours
649 509 753 548 grate
773 500 805 537 le
827 501 890 549 filz
911 502 954 538 cle
974 502 1012 538 la
1033 502 1175 550 galina
1198 510 1238 539 et
1259 502 1418 540 addidit
1439 517 1478 540 se
1499 516 1626 551 usque
1648 503 1699 539 ad
1721 516 1810 539 san·

115 559 278 609 guinem
303 572 386 595 sese
413 558 602 604 scabisse,
629 567 670 596 et
696 559 900 598 neminem
926 568 1148 609 praeterea,
1176 575 1246 610 que
1273 561 1301 598 il
1325 576 1370 598 se>
1389 561 1498 599 estoit
1524 564 1627 610 grate
1651 561 1810 610 jusque-5

114 633 167 655 au
189 632 296 664 sanc,
321 625 354 654 et
377 631 455 653 non
478 617 640 663 aultrui,
664 617 896 667 significans
921 634 960 656 se
985 619 1064 657 suis
1089 619 1216 668 iisque
1240 620 1396 669 magnis
1421 620 1651 670 sumptibus
1677 628 1806 658 custo-

116 677 220 715 disse
243 690 352 714 arces
377 676 424 713 de
449 676 595 725 quibus
619 677 829 726 agebatur.
856 678 1039 727 Denique
1062 679 1229 717 moleste
1252 694 1292 717 se
1315 679 1454 717 tulisse
1476 680 1677 717 referebat
1701 679 1808 728 quod

116 736 209 774 duci
225 735 469 773 Bituricensi
487 735 663 774 relatum
681 736 827 783 fuerat,
847 736 958 773 illum
978 752 1050 786 pro
1068 737 1325 775 restitutione
1344 752 1484 777 earum
1501 738 1655 777 arcium
1672 746 1808 788 petere

115 809 297 833 annuum
319 794 495 832 reditum
520 794 693 832 duorum
715 795 884 832 millium
907 796 1102 835 librarum
1123 805 1163 834 et
1185 805 1393 847 praeterea
1415 797 1452 834 in
1475 797 1647 847 pecunia
1670 810 1809 835 nume-

115 863 205 892 rata
234 853 442 903 octoginta
470 853 594 892 millia
624 854 868 892 francorum.
899 855 1081 892 Putabat
1108 864 1245 893 autem
1274 856 1351 893 ista
1379 856 1472 894 duci
1500 856 1608 894 dicta
1638 855 1758 893 fuisse
1786 869 1808 892 a

115 913 310 963 magistro
332 913 489 950 joanne
511 912 558 950 de
580 913 752 951 Sanctis.
774 913 945 951 Addidit
965 929 1004 951 se
1025 914 1202 963 graviter
1221 929 1243 951 a
1264 915 1363 953 duce
1384 914 1628 965 increpitum
1649 915 1698 952 ob
1718 927 1808 952 eam

116 986 294 1019 causam,
327 980 367 1010 et
399 985 564 1021 negasse
596 971 636 1009 id
668 986 808 1010 verum
841 987 938 1010 esse.
974 973 1156 1022 Denique
1188 982 1364 1011 testatus
1396 982 1457 1011 est
1488 989 1527 1012 se
1560 974 1659 1011 velle
1694 973 1808 1011 finire

114 1033 219 1070 hanc
240 1030 594 1081 disceptationem,
615 1030 673 1068 ita
692 1039 832 1070 tamen
852 1040 898 1068 ut
918 1031 958 1069 id
980 1032 1094 1070 fieret
1113 1032 1266 1081 absque
1287 1046 1434 1082 magno
1454 1048 1526 1070 suo
1547 1032 1807 1079 detrimento,

115 1091 270 1130 dedisse
295 1105 335 1128 se
361 1090 496 1140 capita
521 1104 687 1127 suarum
709 1090 957 1140 petitionum
981 1091 1319 1138 conestabulario,
1345 1100 1385 1129 et
1409 1100 1613 1129 staturum
1639 1090 1808 1129 arbitrio

113 1151 213 1200 ejus.
247 1149 403 1188 Ultimo
434 1157 689 1187 contestatus
721 1158 782 1187 est
811 1149 1077 1199 jurejurando
1108 1165 1147 1188 se
1178 1150 1501 1188 addictissimum
1534 1165 1616 1188 esse
1647 1150 1807 1199 reginae

114 1210 263 1248 Mariae
285 1217 326 1247 et
346 1208 480 1247 liberis
503 1208 588 1258 ejus
610 1223 706 1258 prae
729 1209 915 1247 omnibus
938 1209 1038 1256 aliis,
1060 1224 1149 1258 rege
1171 1218 1342 1259 excepto
1369 1218 1409 1247 et
1432 1209 1638 1247 Ludovico
1661 1208 1807 1246 comite

113 1268 308 1307 Valesiae.
335 1268 477 1306 Verbis
502 1276 643 1306 autem
667 1268 925 1306 subobscuris
950 1267 1115 1306 innuere
1141 1268 1358 1306 videbatur
1383 1284 1436 1315 se,
1462 1282 1742 1318 quaecumque
1767 1267 1808 1304 in

112 1329 188 1367 hoc
208 1327 371 1377 negotio
391 1327 551 1366 fecisset
570 1326 611 1364 in
632 1327 860 1374 Provincia,
880 1341 926 1365 ea
946 1327 1084 1365 fecisse
1104 1327 1281 1377 impulsu
1301 1328 1451 1366 ducum
1472 1328 1719 1365 Francorum
1739 1326 1808 1376 qui

112 1396 203 1426 tum
224 1387 280 1425 rei
303 1387 480 1425 Gallicae
503 1394 719 1436 praeerant
742 1386 816 1424 sub
839 1401 928 1435 rege
950 1401 1075 1436 puero
1103 1386 1302 1435 [Journat
1324 1402 1362 1436 p.
1386 1386 1589 1435 275276}
1609 1386 1680 1423 Die
1703 1399 1806 1422 mar-

112 1447 164 1486 tis
187 1461 229 1484 xl
252 1445 494 1496 septembris
517 1445 702 1495 ejusdem
723 1445 820 1482 anni
842 1445 1042 1484 millesimi
1065 1446 1382 1483 CCCLXXXVI
1407 1445 1619 1483 cardinalis
1643 1444 1807 1481 Ambia—

113 1506 246 1545 nensis
273 1514 314 1544 et
341 1505 509 1555 quidam
535 1505 680 1542 nobilis
707 1519 757 1542 ex
778 1504 1045 1542 contubernio
1073 1504 1306 1554 lngerranni
1331 1513 1500 1542 vocatus
1529 1505 1644 1542 Jesus
1673 1517 1805 1541 coram

113 1579 220 1616 papa
245 1578 473 1604 sermonem
497 1564 724 1611 instituere,
742 1564 790 1602 de
812 1563 988 1601 finienda
1014 1563 1100 1613 ejus
1126 1578 1246 1602 causa
1272 1572 1312 1601 et
1337 1563 1547 1602 mittendis
1573 1571 1687 1601 extra
1714 1563 1807 1600 Pro—

113 1625 292 1663 vinciam
324 1623 520 1661 militibus
553 1623 640 1672 ejus
685 1623 885 1672 [Journal‚
918 1638 957 1672 p.
992 1623 1105 1672 316}
1142 1623 1258 1670 Quod
1290 1631 1337 1660 ut
1369 1622 1528 1672 reginae
1561 1621 1807 1671 significaret

114 1684 325 1735 episcopus
363 1682 634 1729 Carnotensis,
669 1682 721 1719 ad
755 1696 858 1729 eam,
895 1696 997 1731 quae
1031 1690 1119 1719 tum
1155 1690 1242 1720 erat
1270 1682 1311 1718 in
1345 1681 1512 1720 civitate
1543 1679 1807 1726 Sistaricensi,

113 1743 307 1794 postridie
337 1742 448 1781 misit
477 1741 696 1792 quemdam
732 1741 924 1778 nuntium
953 1741 1211 1780 nominatum
1240 1741 1547 1779 VVermundum.
1580 1739 1716 1777 Rediit
1744 1739 1807 1776 ille

113 1802 365 1840 Avenionem
393 1801 455 1839 die
482 1816 553 1838 xvx
578 1809 620 1839 et
645 1800 788 1838 attulit
813 1801 948 1838 literas
975 1799 1134 1849 reginae
1162 1799 1307 1849 quibus
1334 1813 1568 1849 supremum
1593 1797 1806 1836 arbitrium

113 1876 257 1900 causae
282 1860 518 1910 Ingerranni
538 1868 579 1898 et
599 1859 870 1898 restitutionis
892 1868 1119 1897 castrorum
1139 1859 1426 1898 committebat
1446 1872 1575 1908 papae
1597 1856 1806 1903 Clementi,

114 1935 216 1971 quae
239 1920 294 1958 illi
316 1928 479 1971 postero
502 1919 564 1958 die
586 1919 769 1957 redditae
793 1919 902 1957 fuere
925 1933 946 1956 a
970 1918 1140 1968 Georgio
1163 1918 1210 1956 de
1234 1918 1375 1955 Marlio
1408 1917 1607 1967 [dom-nal,
1629 1931 1668 1966 p.
1692 1915 1805 1964 317].

116 1980 285 2018 Interim
310 1980 408 2016 dum
434 1978 641 2029 negotium
668 1978 778 2016 istud
805 1977 1072 2016 deduceretur
1097 1977 1148 2015 ad
1174 1978 1378 2024 effectum,
1404 1977 1536 2014 visum
1562 1984 1622 2013 est
1648 1988 1806 2013 summo

115 2039 305 2077 Pontifici
329 2038 512 2077 inducias
535 2037 659 2075 indici
683 2038 826 2075 debere
851 2051 978 2086 usque
1002 2037 1053 2074 ad
1078 2036 1185 2075 diem
1210 2050 1360 2073 nonam
1384 2035 1530 2074 mensis
1555 2033 1805 2079 novembris;

113 2098 235 2148 idque
264 2098 424 2147 reginae
454 2097 622 2147 placuit,
654 2110 756 2146 quae
787 2096 910 2134 literis
942 2096 1047 2133 datis
1078 2095 1139 2133 die
1171 2110 1301 2132 xxvm
1332 2095 1515 2144 ejusdem
1544 2093 1690 2133 mensis
1720 2107 1806 2141 sep-

113 2157 281 2196 tembris
307 2171 372 2195 eas
398 2156 581 2194 inducias
608 2155 759 2194 servari
784 2155 992 2205 praecepit
1016 2169 1038 2192 a
1064 2154 1237 2192 subditis
1264 2153 1358 2200 suis,
1384 2162 1425 2191 et
1450 2168 1497 2191 ne
1524 2152 1611 2201 quis
1640 2152 1805 2200 Foysse-

113 2231 241 2255 ranno
260 2217 352 2254 duci
370 2216 569 2254 exercitus
592 2214 827 2264 Ingerranni
845 2222 886 2252 et
904 2213 1100 2252 militibus
1118 2213 1204 2262 ejus
1224 2220 1386 2250 noceret
1414 2212 1613 2261 [Journal‚
1633 2225 1670 2260 p.
1690 2209 1765 2248 319
1778 2209 1804 2259 ].

115 2275 328 2314 Probabile
364 2283 425 2313 est
458 2283 600 2325 postea
639 2273 799 2311 finitam
833 2287 923 2310 eam
958 2272 1277 2311 controversiam
1311 2280 1351 2309 et
1386 2270 1532 2308 milites
1571 2267 1805 2319 Ingerranni

113 2335 328 2385 ipsumque
350 2335 643 2384 Ingerrannum
658 2332 873 2371 excessisse
890 2347 909 2370 e
927 2331 1139 2369 Provincia
1156 2345 1263 2368 anno
1279 2330 1421 2368 eodem
1435 2336 1622 2368 exeunte.
1642 2326 1804 2365 Etenim

113 2394 155 2432 in
184 2393 313 2432 veteri
344 2394 505 2442 Regesto
534 2391 819 2431 seneschalliae
853 2390 1137 2429 Nemausensis
1169 2389 1322 2439 reperio
1356 2389 1571 2437 Hugonem
1601 2387 1649 2424 de
1682 2385 1804 2435 Frigi-

114 2453 264 2491 davilla
292 2452 412 2490 fuisse
440 2451 734 2490 seneschallum
756 2449 969 2488 Bellicadri
996 2457 1036 2487 et
1059 2448 1251 2487 Nemausi
1272 2461 1378 2485 anno
1406 2444 1804 2491 MCCCLXXXVII,

114 2512 176 2550 die
192 2526 309 2549 xxvn
326 2510 531 2549 februarii.
552 2511 662 2548 Idem
679 2509 878 2559 reperitur
893 2508 1013 2546 fuisse
1030 2508 1277 2557 gubernator
1293 2506 1562 2556 Delphinatus
1578 2513 1619 2542 et
1633 2503 1804 2542 maritus

116 2572 299 2610 Joannae
328 2570 375 2608 de
404 2569 714 2616 Castrovillano,
742 2576 859 2618 pater
886 2582 981 2605 vero
1010 2567 1193 2604 ,Joannae
1230 2564 1409 2602 d’Eudin
1444 2563 1579 2601 uxoris
1608 2561 1805 2600 Ludovici

114 2629 268 2668 domini
287 2629 334 2667 de
352 2629 579 2675 Bouberch‚
598 2636 645 2665 ut
664 2627 812 2665 docent
830 2627 929 2664 Acta
947 2634 1085 2663 vetera
1105 2638 1207 2674 quae
1226 2624 1331 2661 inter
1349 2622 1604 2660 Probationes
1622 2621 1806 2658 historiae

115 2689 239 2738 gentis
279 2689 323 2726 de
356 2687 654 2733 Castrowillano,
685 2701 723 2736 p.
755 2686 804 2723 4ss
834 2693 874 2723 et
905 2699 1003 2733 seq.,
1031 2684 1158 2721 edidit
1188 2683 1369 2720 Andreas
1395 2680 1660 2719 Duchesnius.
1687 2680 1805 2718 Nune

113 2748 325 2786 redeamus
347 2747 399 2784 ad
421 2746 665 2784 cardinalem
689 2744 1017 2784 Ambianensem.

167 2807 286 2844 Anno
317 2805 669 2851 MCCCLXXXV,
699 2817 836 2841 mense
868 2801 1092 2847 novembri,
1124 2799 1337 2839 cardinalis
1368 2797 1651 2838 Ambianensis
1683 2795 1804 2834 desti·

115 2873 287 2904 naverat
317 2864 453 2902 animo
482 2863 537 2902 ire
569 2862 777 2901 Lutetiam
807 2861 858 2898 ad
888 2874 1022 2910 regem
1055 2859 1264 2896 Karolum.
1297 2858 1388 2895 Non
1417 2857 1571 2907 placuit
1600 2856 1677 2894 iter
1705 2854 1806 2892 illud

115 2925 305 2975 episcopo
343 2922 594 2961 Carnotensi.
637 2922 780 2970 Itaque
819 2920 880 2957 die
919 2918 1121 2957 dominica
1159 2932 1233 2954 xlx
1270 2916 1454 2966 ejusdem
1489 2915 1636 2953 mensis
1674 2913 1806 2951 adivit

116 2983 364 3022 cardinalem
388 2981 719 3019 Ebredunensem
742 2979 784 3016 in
806 2978 885 3017 suis
909 2977 1091 3023 aedibus,
1115 2990 1207 3016 cum
1230 2990 1309 3025 quo
1333 2974 1582 3013 consultavit
1605 2974 1652 3011 de
1675 2971 1805 3010 modis

116 3041 365 3092 impediendi
396 3041 473 3078 iter
504 3039 616 3077 illud.
652 3037 810 3076 Placuit
842 3037 953 3076 mitti
985 3036 1036 3073 ad
1068 3035 1253 3084 reginam.
1282 3033 1570 3072 consistentem
1602 3032 1644 3069 in
1676 3032 1806 3069 Ponte

118 3101 279 3151 Sorgiae
297 3109 344 3137 ut
363 3099 410 3138 de
429 3113 474 3137 ea
493 3114 533 3137 re
552 3098 638 3148 ipsa
657 3097 849 3135 scriberet
867 3095 919 3134 ad
937 3108 1100 3145 papam.
1120 3094 1279 3131 Allatae
1298 3100 1393 3131 sunt
1410 3092 1549 3130 literae
1568 3091 1710 3129 eadem
1729 3089 1806 3136 die,
