2083 3458
262 134 343 177 952

265 230 433 273 Gregorii
457 229 526 267 XI,
553 239 686 271 papae,
713 225 870 264 familia,
895 225 977 263 336,
1003 224 1085 263 337,

314 283 484 321 339-341,
509 282 595 321 578;
616 299 665 303 —
683 279 804 318 initia,
829 279 909 318 578,
934 278 1020 316 5793
1041 296 1090 300 —

314 336 458 375 electio,
483 335 570 374 5803
592 353 641 356 Ε
663 331 852 366 ordinatio
874 338 912 364 et
935 342 1090 364 corona—

315 391 379 430 110,
413 390 494 428 347,
528 388 614 427 580;
646 406 695 409 -
722 385 972 424 itinerarium,
1006 385 1087 424 472,

316 444 396 483 639,
419 443 499 482 675,
521 442 602 480 714,
625 440 706 480 719,
728 440 809 479 743,
832 439 913 478 744,
936 439 1023 477 7523
1043 457 1092 460 —

316 503 432 540 gesta,
460 495 541 530 392.
569 494 650 533 399,
679 494 760 533 406,
789 493 869 532 578,
898 492 979 531 579,
1007 492 1089 531 741,

316 551 397 590 742,
415 549 496 589 749,
515 549 602 587 753,
617 547 822 586 —laudes,
842 546 922 585 679,
941 546 1028 584 7583
1044 563 1093 567 ——

315 603 471 642 indoles,
490 602 570 642 580,
588 602 675 640 7203
690 619 739 623 —
754 600 892 640 obitus,
910 599 990 639 720,
1008 599 1090 638 742,

318 658 404 696 743,
429 675 477 678 —-
500 660 789 693 testamentum,
817 653 896 686 903.

269 711 408 753 Greilly
441 707 644 752 (Grailly),
673 719 707 741 v.
738 707 906 740 Joannes
936 706 991 739 (16.

269 764 465 798 6165511105
505 761 585 805 (des
624 759 746 804 Grez),
783 772 817 794 v.
855 759 1089 798 Guillelmus,

317 818 496 851 Joannes.
781 847 783 850 ,

270 871 448 914 Grignan,
474 881 573 913 gens,
598 881 632 902 v.
657 868 868 900 Ademarus
893 867 947 900 de.

270 924 514 968 Grigniacum
543 921 721 965 (Grigny,
750 920 911 964 Rhffiie),
939 920 1019 953 900.

271 977 465 1017 Grimaldi,
507 988 594 1020 gens
633 975 850 1014 ι1611111611515,
892 974 948 1015 81,
981 979 1018 1006 et
1057 984 1092 1006 v.

320 1031 508 1074 Luquina.
1064 1057 1067 1058 γ

273 1084 486 1119 Grimoardi
525 1081 779 1126 (Grimoard),
817 1093 917 1125 gens,
953 1080 1035 1121 491,
1058 1085 1096 1112 et

321 1151 355 1172 v.
378 1138 602 1176 Ademarus,
624 1136 816 1179 Anglicus,
839 1134 1094 1172 Audebertus,

322 1192 555 1230 Guillelmus,
587 1189 820 1229 Helisiarius,
851 1188 997 1221 Petrus.

275 1245 481 1289 G1·iperola,
502 1244 582 1277 572.

274 1299 472 1333 Grisacum
506 1296 670 1341 (Grisac,
702 1295 869 1339 Lozere),
901 1295 982 1335 491,
1014 1294 1096 1333 493,

275 1406 512 1440 Grisiovense
532 1403 733 1447 (Griissau,
748 1401 998 1445 Allemagne),
1020 1413 1100 1434 mo-

323 1459 544 1499 nasterium,
565 1459 646 1491 136.

276 1514 443 1547 Groseau
468 1511 559 1555 (Le),
585 1509 813 1554 (Vaucluse),
837 1510 892 1543 87.

277 1567 517 1600 Gualhardus
540 1566 583 1598 de
605 1564 822 1604 Cassaneto,
846 1564 927 1603 123,
950 1563 1030 1595 124.

278 1620 505 1659 Gualterius,
529 1618 571 1652 O.
595 1618 657 1658 M.,
681 1618 761 1651 294.

278 1674 446 1707 Guarina
470 1673 513 1706 de
539 1672 753 1711 Canilhaco,
779 1671 861 1710 406,
892 1670 972 1703 578.

279 1727 468 1767 Gueldria,
488 1738 522 1760 v.
543 1725 678 1759 Gelria.

279 1781 441 1824 Guelphi
465 1778 553 1822 (Les
571 1776 743 1822 guelfes),
764 1778 822 1818 41,
844 1778 899 1811 85.

279 1834 471 1873 Guesleae,
501 1844 600 1877 gens,
629 1844 663 1865 v.
693 1831 855 1865 Carlota.

280 1887 491 1927 Guerande,
520 1886 634 1919 traite}
663 1886 718 1926 de,
749 1885 829 1918 509.

281 1941 455 1975 Guezilus
508 1940 551 1973 de
604 1938 760 1972 Camino
816 1937 1005 1981 (Guecello
1057 1938 1103 1971 da

330 1992 521 2036 Camino),
553 1994 608 2027 87.

281 2048 352 2081 Gui
376 2047 538 2087 Baudet,
566 2047 645 2080 289.

282 2101 353 2135 6111
383 2101 435 2134 IV
460 2101 504 2134 de
531 2099 731 2139 Chatillon,
759 2099 814 2133 58.

281 2154 353 2188 Gui
382 2156 425 2187 de
455 2154 603 2194 Pernes,
633 2154 689 2187 36.

282 2208 470 2241 Guiardus
492 2208 535 2240 de
555 2206 760 2246 Arrebleio,
784 2206 864 2239 227.

283 2262 417 2295 Guiart
439 2261 596 2300 Robert,
618 2260 699 2293 359.

283 2315 532 2354 Guichardus,
553 2313 751 2357 episcopus
771 2312 975 2351 Trecensis,
997 2311 1052 2345 59.

284 2368 406 2401 Guido
426 2367 585 2407 Alberti,
606 2367 779 2406 434-436,
801 2366 882 2405 438,
905 2366 987 2398 440.

285 2422 407 2455 Guido
425 2422 468 2454 de
484 2420 708 2459 Albuconio,
726 2420 807 2453 338.

285 2475 407 2507 Guido
433 2473 624 2517 Almoyni‚
653 2473 871 2506 domicellus
898 2473 942 2505 dc
971 2472 1106 2505 Podio-

335 2528 442 2567 valle,
460 2528 541 2561 363.

286 2581 408 2614 Guido
434 2582 477 2613 de
500 2580 697 2619 Arvernia,
723 2580 804 2619 121,
830 2580 910 2613 192.

287 2634 409 2667 Guido
430 2646 447 2666 e
469 2633 605 2673 Baisio,
628 2633 708 2666 468.

287 2687 421 2727 Guido,
451 2687 568 2720 abbas
596 2686 774 2726 Belliloci,
804 2686 859 2719 69.

288 2740 409 2773 Guido
432 2740 474 2772 dc
494 2740 663 2779 Boionia,
685 2739 897 2780 cardinalis,
920 2739 1001 2779 274,
1024 2740 1104 2780 275,

338 2794 416 2832 278,
454 2794 533 2833 280,
568 2793 649 2832 318,
684 2793 766 2833 326,
801 2793 883 2833 339,
922 2793 1105 2833 344-348,

336 2847 417 2885 356,
450 2846 530 2886 381,
564 2847 644 2884 383,
678 2846 760 2886 390,
792 2846 874 2886 397,
907 2846 989 2886 399,
1022 2846 1104 2887 400,

337 2899 418 2938 414,
450 2899 531 2939 418,
564 2899 646 2939 441,
678 2899 760 2938 472,
793 2899 874 2938 490,
908 2899 989 2939 554,
1023 2900 1104 2940 557,

338 2953 418 2990 675,
449 2952 528 2991 859,
559 2952 646 2990 9Ο7;
674 2970 723 2974 —
748 2952 894 2995 legatus
922 2952 961 2984 in
991 2952 1106 2985 Fran—

338 3004 445 3044 ciam,
473 3005 553 3043 346,
582 3005 663 3044 347,
691 3005 729 3036 in
757 3004 994 3048 Hispaniam,
1022 3006 1104 3046 347,

785 143 938 170 INDEX
977 142 1141 167 RERUM

1185 141 1471 168 NOTABILIUM

1213 224 1295 264 348,
1337 225 1418 265 490,
1459 224 1499 257 in
1539 224 1788 269 Hungariam,
1829 227 1910 267 344,
1950 227 1989 260 in

1216 277 1381 318 Italiam,
1401 278 1483 312 347.

1167 330 1290 363 Guido
1311 331 1355 364 de
1375 331 1585 372 Britannia,
1607 333 1687 366 393.

1168 384 1291 417 Guido
1321 385 1364 418 de
1394 384 1623 426 Calviniaco,
1653 386 1734 419 339.

1168 437 1292 471 Guido
1321 438 1365 471 de
1395 438 1610 478 Canilhaco,
1640 440 1720 473 406.

1168 491 1292 524 Guido
1321 492 1365 525 (16
1395 492 1581 533 Chanaco,
1607 493 1687 533 241,
1711 494 1793 533 357,
1818 494 1988 527 606-610.

1169 544 1292 578 Guido
1311 545 1355 578 de
1375 545 1578 579 Chauliaco
1601 545 1699 589 (Gai
1717 547 1758 580 de
1775 545 1990 590 Chauliac),

1217 599 1397 639 medicus,
1427 599 1506 633 569.

1169 651 1293 685 Guido
1318 652 1361 685 de
1386 652 1584 697 Cluvigny,
1610 654 1666 687 35.

1170 705 1305 746 Guido,
1334 706 1543 739 vicecomes
1570 707 1614 740 (16
1642 707 1880 748 Combornio,
1908 708 1990 748 338,

1218 760 1300 799 384,
1318 760 1400 800 385,
1420 760 1500 793 589.

1170 812 1294 846 Guido
1315 813 1359 846 (16
1381 813 1620 854 Combornio,
1641 814 1840 858 episcopus
1860 814 1994 847 Lemo-

1219 867 1391 907 vicensis,
1412 868 1493 901 385.

1171 919 1294 953 Guido
1324 920 1368 953 de
1398 920 1577 961 Cosnaco,
1608 921 1688 956 590.

1172 973 1295 1007 Guido
1324 974 1368 1007 de
1398 974 1597 1014 Convenis,
1628 975 1709 1009 256.

1172 1027 1296 1061 Guido
1325 1028 1370 1061 de
1399 1027 1532 1068 Corvo,
1563 1028 1644 1062 289.

1173 1081 1297 1114 Guido
1326 1080 1552 1125 Dalphinus,
1583 1082 1662 1116 671.

1173 1134 1297 1168 Guido
1327 1134 1541 1179 Escharpit,
1572 1136 1653 1176 589,
1684 1136 1764 1169 594.

1174 1188 1298 1222 Guido
1328 1188 1526 1232 Fayditus,
1557 1189 1637 1223 590.

1175 1242 1298 1275 Guido
1328 1242 1372 1275 de
1402 1242 1592 1282 Flandria,
1622 1243 1677 1277 81.

1176 1295 1299 1329 Guido
1328 1296 1373 1329 de
1403 1296 1571 1336 Foresta,
1602 1297 1682 1330 860.

1176 1349 1300 1382 Guido
1330 1349 1465 1390 Fortis,
1495 1350 1576 1383 107.

1177 1403 1300 1436 Guido
1330 1404 1374 1436 de
1404 1402 1574 1443 Gimello,
1605 1403 1685 1437 590.

1177 1456 1300 1490 Guido
1329 1456 1384 1490 La
1412 1456 1539 1497 Porta,
1571 1457 1650 1491 244.

1177 1510 1300 1543 Guido
1329 1510 1576 1550 Lavallensis,
1606 1511 1687 1544 775.

1178 1563 1301 1597 Guido
1329 1564 1380 1597 Le
1408 1564 1578 1604 Baveux,
1609 1565 1690 1598 860.

1177 1617 1301 1651 Guido
1331 1618 1402 1658 III,
1451 1618 1659 1651 vicecomes
1706 1617 1999 1657 Lemovicensis,

1225 1672 1306 1705 384.

1178 1724 1301 1758 Guido
1329 1724 1510 1764 Lesteria,
1542 1725 1622 1765 575,
1653 1725 1734 1765 791,
1764 1725 1845 1759 792.

1178 1778 1302 1812 Guido
1331 1778 1375 1811 de
1403 1778 1626 1822 Malaguisa,
1656 1779 1737 1813 589.

1178 1832 1302 1866 Guido
1331 1832 1375 1864 de
1403 1831 1614 1872 Malesicco,
1659 1832 1872 1872 cardinalis,
1916 1832 1999 1871 336,

1225 1886 1307 1925 341,
1326 1886 1408 1926 363,
1426 1886 1508 1926 367,
1527 1886 1609 1926 516,
1628 1886 1708 1926 518,
1727 1886 1809 1926 519,
1828 1885 1999 1924 524-527,

1227 1940 1308 1979 559,
1327 1940 1408 1979 565,
1427 1940 1508 1979 583,
1528 1939 1699 1980 624-626,
1718 1939 1799 1979 628,
1818 1939 1899 1979 630,
1918 1938 2000 1978 637,

1227 1993 1308 2033 638,
1326 1992 1502 2033 665-6'74‚
1520 1993 1601 2033 690,
1620 1993 1701 2033 691,
1719 1993 1800 2033 704,
1819 1992 1900 2032 759,
1918 1992 2000 2031 762,

1227 2047 1308 2086 765,
1325 2046 1406 2086 782,
1424 2046 1505 2086 796,
1523 2046 1603 2086 811,
1622 2047 1703 2087 865,
1721 2047 1802 2086 866,
1820 2046 1902 2088 895,
1918 2045 1999 2079 911.

1179 2099 1314 2140 Guido,
1331 2100 1574 2133 marescallus
1587 2099 1877 2143 Mirapiscensis,
1893 2099 1949 2133 61.

1180 2153 1303 2186 Guido
1333 2153 1377 2186 (16
1407 2153 1586 2194 Noalhas,
1616 2154 1698 2187 358.

1180 2206 1303 2240 Guido
1333 2207 1376 2239 de
1407 2206 1621 2247 Novavilla,
1653 2207 1732 2240 241.

1180 2260 1304 2293 Guido
1333 2260 1377 2293 de
1407 2260 1592 2300 Pastellis,
1622 2261 1703 2294 339.

1181 2313 1304 2347 Guido
1330 2314 1373 2347 de
1400 2313 1583 2354 Prohinis,
1611 2314 1691 2354 577,
1718 2314 1798 2354 721,
1825 2312 2000 2352 749-751,

1229 2367 1411 2407 804‚806.
1504 2358 1510 2362 “

1181 2420 1305 2453 6111ἀο
1334 2421 1378 2453 (16
1407 2420 1633 2461 Rofinhaco,
1662 2421 1743 2454 434.

1181 2473 1305 2507 Guido
1334 2474 1379 2507 de
1407 2473 1529 2517 Roya,
1560 2474 1640 2507 909.
1866 2510 1869 2511 ⁷

1181 2526 1305 2560 Guido
1334 2527 1378 2560 de
1407 2526 1548 2560 sancio
1575 2527 1753 2567 Martiali,
1782 2527 1864 2560 482.

1182 2580 1317 2620 Guido,
1347 2580 1555 2614 vicecomes
1585 2581 1629 2614 de
1657 2580 1785 2624 Segur,
1814 2580 1896 2613 491.

1182 2633 1305 2667 Guido
1334 2634 1378 2667 de
1406 2633 1616 2674 severiaco,
1640 2634 1721 2674 406,
1745 2634 1827 2674 407,
1851 2633 1933 2668 546.

1182 2687 1306 2720 Guido
1348 2687 1392 2720 de
1434 2687 1596 2720 Terrena
1637 2687 1697 2720 vel
1738 2686 1901 2727 Terreni,
1943 2686 2001 2724 35,

1231 2741 1312 2780 220,
1332 2741 1412 2774 417.

1183 2793 1318 2833 Guido,
1347 2793 1546 2837 episcopus
1574 2793 1838 2837 Trajectensis,
1867 2793 1949 2827 141.

1184 2846 1307 2880 Guido
1336 2847 1380 2880 (16
1409 2847 1536 2887 Turre,
1565 2847 1646 2880 337.

1184 2899 1304 2943 Guigo
1326 2900 1532 2940 Flandrini,
1554 2901 1633 2934 635.

1184 2952 1304 2996 Guigo
1334 2952 1476 2993 Flotae,
1507 2954 1587 2987 860.

1184 3006 1304 3050 Guigo
1317 3007 1361 3039 de
1371 3006 1512 3039 Sancto
1522 3005 1722 3046 Germano,
1734 3007 1815 3047 286,
1825 3006 1907 3046 409,
1918 3005 1999 3041 410.
