2083 3458
90 243 246 300 [1370]
614 263 831 290 PAPARUM
866 266 1250 292 AVENIONENsmM
1697 252 1779 294 883

76 348 122 379 et
147 340 366 390 inquisitor
392 342 578 381 fecerunt
603 351 650 381 ut
675 359 867 394 processu
893 353 984 384 toto
1011 347 1051 384 in
1078 347 1244 385 consilio
1270 347 1474 398 explicato
1501 348 1622 397 juxta
1650 357 1778 399 caput

75 399 302 450 allegatum
320 400 368 438 de
385 415 526 439 eorum
544 402 710 441 consilio
726 404 1027 454 procederetur.
1043 406 1123 443 »Et
1140 406 1270 456 ιἠίνα1
1292 422 1325 445 ;(<
1342 407 1440 444 Post
1455 407 1662 446 modicum
1678 423 1775 446 vero

77 468 242 510 tempus
264 459 457 499 simulata
478 460 533 499 sic
554 462 833 511 conversione,
854 464 929 501 sub
950 464 1045 514 agni
1064 465 1195 515 specie
1217 479 1357 515 gerens
1378 465 1537 516 lupum,
1558 466 1610 504 ad
1643 467 1774 505 vomi-

78 527 170 557 tum
190 518 349 557 rediens
370 518 412 557 in
434 533 522 570 cap.
553 521 603 558 Ut
623 521 808 571 officium,
826 522 886 560 De
906 523 1034 571 heret„
1057 523 1125 562 lib.
1146 524 1217 572 VI,
1232 538 1401 574 regnum
1422 525 1610 564 Valentie
1628 525 1775 574 exivit,

78 577 119 615 in
144 577 431 616 Cathaloniam
455 579 583 628 venit,
608 595 859 630 conquerens
884 582 1158 632 proclamavit
1182 583 1292 633 quod
1315 583 1449 622 dictus
1475 584 1664 623 dominus
1690 599 1775 623 car-

76 636 225 675 dinalis
255 645 297 675 et
325 637 545 687 inquisitor
574 638 621 678 de
653 639 1066 694 catholicobfecerant
1095 657 1189 680 eum
1218 642 1458 690 hereticum,
1488 643 1692 693 paulatim
1722 644 1775 682 ad

83 697 313 734 Romanam
339 696 493 735 curiam
518 698 771 748 properavit,
799 700 1097 748 querimoniam
1118 701 1347 751 proposuit,
1371 702 1553 752 judicem
1579 702 1774 753 impetra-

79 755 154 803 vit,
181 755 466 805 inquisitorem
492 756 610 795 citari
634 758 887 808 procuravit,
914 774 1081 798 causam
1105 759 1224 810 litigii
1244 760 1512 808 subintravit,
1534 769 1576 799 et
1602 762 1773 800 tandem

79 815 316 853 conclusum
334 823 375 853 et
391 815 677 854 renuntiatum
693 816 735 855 in
752 831 874 856 causa
892 818 1046 858 extitit.
1064 834 1079 854 >>
1097 820 1147 857 Et
1166 819 1208 857 in
1231 820 1309 869 fine
1330 819 1506 869 ejusdem
1525 828 1712 859 tractatus
1731 820 1746 844 2
1767 833 1775 855 τ

76 889 95 910 «
116 874 236 912 Hunc
255 882 488 924 presentem
506 883 736 914 tractatum
755 891 826 926 per
845 891 908 915 me
928 877 1213 927 inquisitorem
1232 878 1438 929 prefatum
1459 878 1552 917 inde
1573 887 1613 917 et
1638 879 1775 930 inepte

76 933 416 984 compaginatum
449 933 490 971 in
523 934 801 973 defensionem
835 936 985 986 prefati
1019 937 1174 975 domini
1215 937 1430 976 cardinalis
1472 946 1514 976 et
1555 938 1635 977 mei
1666 947 1774 978 recte

77 1001 204 1042 atque
237 992 435 1031 catholice
467 992 654 1032 veritatis
686 1002 918 1033 vestrorum
950 996 1210 1034 dominorum
1241 997 1510 1035 cardinalium
1542 997 1775 1036 commissa-

78 1051 232 1090 riorum
266 1051 307 1089 in
342 1052 418 1090 hac
454 1066 590 1100 causa,
622 1053 944 1103 paternitatibus
979 1055 1324 1094 reverendissimis
1361 1050 1434 1106 pro
1461 1056 1774 1106 allegationibus

79 1110 209 1149 nostri
232 1111 331 1160 juris
359 1112 483 1149 offero
510 1111 661 1150 devoto
687 1113 824 1151 animo
850 1127 940 1152 meo
965 1122 1076 1159 toto3
1104 1123 1307 1164 quatenus
1333 1115 1476 1153 eadem
1500 1115 1774 1165 paternitates

78 1170 127 1209 de
149 1169 324 1209 veritate
348 1169 501 1220 negotii
521 1171 678 1221 plenius
702 1172 988 1220 informentur,
1010 1181 1052 1211 et
1072 1173 1250 1212 securius
1272 1188 1343 1224 per
1360 1174 1525 1212 easdem
1541 1174 1593 1212 ad
1612 1183 1771 1213 senten-

78 1230 181 1268 tiam
204 1229 464 1280 procedatur.
488 1244 504 1264 »
527 1230 578 1268 Et
598 1231 733 1268 statim
753 1247 759 1269 :
784 1246 798 1265 «
821 1231 999 1282 Explicit
1019 1236 1224 1271 tractatus
1246 1247 1318 1283 per
1340 1233 1508 1271 fratrem
1531 1233 1774 1272 Nicholaum

81 1288 298 1338 Eymerici,
321 1288 472 1327 ordinis
496 1289 819 1337 predicatorum,
842 1291 1035 1329 Avinioni
1056 1291 1243 1342 inceptus
1275 1300 1316 1330 et
1346 1292 1497 1331 ibidem
1527 1293 1773 1332 terminatus

80 1348 226 1386 ultima
260 1347 322 1386 die
354 1348 532 1398 januarii
564 1363 672 1387 anno
708 1349 872 1387 Domini
904 1349 1117 1389 millesimo
1150 1351 1436 1390 trecentesimo
1468 1351 1731 1402 nonagesimo
1746 1351 1774 1399 3,

76 1407 348 1458 pontificatus
376 1407 624 1446 sanctissimi
653 1408 808 1446 domini
836 1409 965 1448 nostri
993 1424 1097 1460 pape
1127 1410 1345 1448 Clementis
1376 1410 1455 1448 VII
1484 1424 1591 1449 anno
1623 1411 1774 1450 duode-

79 1466 196 1506 cimo.
232 1481 246 1500 ἣ
777 1475 779 1477 ’

133 1525 230 1574 Quis
247 1534 387 1564 autem
405 1525 528 1564 fuerit
544 1526 666 1576 hujus
684 1527 986 1565 controversiae
1006 1527 1095 1566 finis
1113 1528 1168 1566 sic
1185 1542 1372 1566 enarrare
1389 1528 1554 1567 videtur
1570 1529 1773 1568 Antonius

80 1585 266 1624 Senensis
288 1585 458 1634 loquens
480 1585 528 1623 de
547 1594 690 1624 sancto
714 1586 929 1624 Vincentio
954 1587 1136 1625 Ferrario
1161 1587 1202 1624 in
1225 1587 1417 1625 Chronico
1437 1587 1589 1625 ordinis
1611 1588 1774 1626 Praedi-
1819 1592 1821 1594 ’

79 1653 253 1683 catorum
279 1661 286 1682 :
316 1644 434 1682 Circa
458 1659 612 1682 annum
628 1643 732 1683 1385
754 1660 921 1694 magnae
942 1646 1200 1684 dissentiones
1225 1646 1387 1695 suerunt
1411 1655 1564 1684 exortae
1585 1647 1628 1684 in
1657 1661 1774 1696 regno

84 1703 288 1742 Valentiae
311 1704 411 1741 inter
433 1711 598 1754 quatuor
619 1704 775 1742 ordines
800 1705 1064 1743 mendicantes
1085 1719 1130 1743 ex
1152 1711 1365 1755 una'parte
1387 1713 1421 1743 et
1442 1706 1588 1743 clerum
1608 1720 1654 1743 esc
1678 1706 1773 1745 alia.

79 1763 235 1813 Quibus
254 1763 441 1800 sedandis
466 1763 640 1801 Jacobus
661 1764 705 1801 de
722 1764 943 1813 Aragonia,
964 1764 1073 1802 illius
1093 1764 1290 1802 Ecclesiae
1311 1764 1521 1815 episcopus
1542 1765 1774 1813 cardinalis,

78 1822 262 1860 animum
279 1822 490 1873 applicuit,
509 1823 577 1860 sed
594 1822 698 1860 nihil
716 1823 843 1873 potuit
860 1823 1014 1873 efficere.
1036 1824 1113 1861 Sed
1130 1824 1286 1861 demum
1304 1823 1456 1861 duobus
1474 1823 1594 1862 annis
1612 1824 1775 1862 evolutis

80 1881 288 1919 universus
319 1882 443 1919 clerus
479 1881 584 1919 beato
622 1881 828 1920 Vincentio
859 1890 978 1920 totam
1010 1882 1053 1920 in
1086 1882 1282 1931 integrum
1314 1897 1476 1920 causam
1507 1883 1702 1920 commisit
1734 1891 1775 1921 ut

80 1941 165 1991 ipse
184 1955 271 1979 eam
290 1948 533 1991 componeret
552 1955 567 1989 ,·
589 1941 655 1990 qui
676 1941 825 1991 aliquot
845 1955 915 1991 pro
940 1941 1036 1979 bono
1058 1941 1260 1991 utriusque
1281 1941 1408 1991 partis
1428 1941 1774 1980 constitutionibus

76 1999 194 2050 jactis
217 2014 298 2038 rem
322 1999 421 2038 inter
446 2000 533 2038 illos
556 2000 775 2050 composuit
797 2008 832 2038 et
854 2014 1003 2050 pacem,
1029 2015 1125 2050 quae
1147 2001 1277 2049 fuerat
1299 2000 1456 2048 violata,
1481 2000 1773 2050 redintegravit.

133 2059 233 2098 Vide
269 2059 394 2097 etiam
432 2059 694 2098 Franciscum
734 2059 936 2098 Didacum
970 2059 1011 2097 in
1046 2059 1229 2097 Historia
1263 2059 1489 2109 provinciae
1525 2059 1774 2109 Arragoniae

77 2118 232 2157 ordinis
259 2119 595 2166 Praedicatorum,
623 2118 691 2157 lib.
726 2118 754 2166 I,
783 2132 871 2168 cap.
901 2133 1019 2157 xxv1.

133 2177 392 2216 Constitutus
417 2177 457 2214 in
481 2178 580 2215 urbe
606 2177 881 2216 Avenionensi
906 2177 1085 2215 Jacobus
1110 2177 1269 2227 accepit
1292 2191 1314 2214 a
1337 2191 1445 2228 papa
1469 2177 1640 2215 titulum
1663 2193 1772 2228 pres-

79 2236 216 2286 byteri
247 2236 477 2275 cardinalis.
513 2237 660 2274 Postea
694 2250 787 2274 cum
820 2237 964 2274 Petrus
998 2236 1045 2273 de
1073 2236 1294 2274 Sortenaco
1321 2236 1535 2274 cardinalis
1558 2236 1771 2287 episcopus

80 2294 313 2335 Sabinensis
343 2295 511 2333 abiisset
538 2295 580 2333 in
609 2295 766 2333 caelum
795 2310 903 2332 anno
933 2295 1158 2342 MCCCXC,
1189 2295 1251 2332 die
1281 2310 1351 2332 xw
1382 2292 1559 2344 augusti,
1589 2295 1771 2334 Clemens

78 2368 187 2406 papa
212 2355 320 2392 hunc
346 2354 631 2404 episcopatum
653 2353 670 2377 4
687 2354 801 2392 dedit
826 2354 920 2392 huic
945 2362 1086 2392 nostro
1114 2354 1283 2392 Jacobo.

134 2406 296 2460 Postea,
315 2427 395 2463 quo
412 2421 596 2464 tempore
610 2413 828 2460 incertum,
841 2412 962 2451 rediit
975 2413 991 2436 5
1005 2413 1257 2451 Valentiam..
1272 2412 1376 2450 Illud
1392 2420 1548 2451 certum
1561 2420 1637 2461 est,
1650 2412 1772 2452 fuisse

79 2487 175 2511 eum
206 2472 248 2510 in
280 2472 460 2510 Ecclesia
493 2486 566 2510 sua
598 2471 880 2510 Valentinensi
910 2486 956 2510 eo
987 2479 1172 2521 tempore
1205 2485 1285 2521 quo
1314 2471 1496 2509 Clemens
1530 2471 1610 2509 VII
1643 2479 1772 2510 terras

78 2531 263 2582 reliquit3
289 2531 382 2569 vide
406 2545 528 2581 supra
564 2531 609 2581 [t.
634 2545 660 2578 1,
684 2545 725 2581 p.
751 2530 840 2578 537,
866 2530 960 2581 539]
981 2562 989 2569 .

134 2591 264 2629 Causa
289 2598 430 2628 autem
457 2590 507 2627 ob
534 2604 658 2639 quam
684 2605 768 2628 esse
794 2589 942 2627 maluit
965 2604 1012 2628 eo
1037 2597 1221 2639 tempore
1247 2589 1358 2639 apud
1383 2588 1617 2627 Valentiam
1644 2603 1771 2639 quam

131 2757 162 2790 1.
192 2756 258 2789 Ms.
288 2756 371 2795 cite,
400 2755 462 2789 fol.
493 2756 537 2788 24
563 2760 614 2788 νο.

132 2811 162 2843 2.
188 2809 255 2842 Ms.
282 2809 366 2848 cite,
391 2808 453 2842 fol.
480 2809 524 2842 38
549 2813 600 2842 νο.

131 2864 163 2896 3.
190 2863 296 2895 Lisez
320 2861 426 2902 1390,
452 2873 487 2895 n.
514 2867 560 2894 st.

129 2916 162 2949 4.
177 2916 208 2948 Il
224 2915 416 2958 echangea
431 2914 571 2957 l’eglise
589 2913 758 2947 titulaire
773 2914 817 2946 de
832 2913 866 2946 S.
887 2913 1058 2947 Clement
1070 2919 1200 2946 contre
1217 2912 1384 2945 l’eveche
1402 2912 1446 2944 de
1464 2911 1601 2944 Sabine
1619 2923 1665 2944 en
1681 2911 1771 2945 1391

85 2969 232 3012 (Eubel,
259 2967 493 3007 Hierarchia,
521 2973 548 3001 t.
574 2979 598 3007 1,
626 2979 661 3010 p.
690 2967 764 3010 38).

131 3023 162 3055 5.
179 3022 317 3054 Benoit
338 3020 439 3053 XIII
463 3019 514 3053 lui
529 3019 668 3063 permit
685 3020 728 3052 de
745 3019 884 3053 resider
901 3019 993 3052 dans
1006 3030 1074 3051 son
1091 3018 1236 3051 diocese
1250 3018 1282 3051 le
1299 3018 1344 3051 18
1360 3017 1497 3051 sevrier
1513 3017 1606 3051 1395
1627 3017 1776 3060 (Eubel‚

81 3080 120 3108 ut
135 3086 177 3115 s.‚
196 3080 223 3107 t.
240 3086 265 3114 1,
284 3086 318 3117 p.
339 3073 436 3117 512).
448 3072 578 3106 —Sur
594 3073 718 3106 Jaime
738 3072 945 3115 d’Aragon,
964 3071 1045 3105 voir
1055 3071 1313 3104 Dictionnaire
1325 3070 1512 3104 d'liistoire
1527 3075 1558 3103 et
1575 3071 1615 3104 de
1633 3072 1779 3114 geogra—

81 3128 167 3172 phie
191 3117 486 3170 ecclesia-sliquos,
514 3132 541 3159 t.
567 3138 618 3165 111,
646 3125 713 3158 col.
742 3125 962 3158 1397-1398.
