2083 3458
95 268 246 323 [1226]
614 285 830 311 PAPARUM
865 287 1249 313 AVENIONENSIUM
1700 275 1779 317 745

79 367 202 405 tantis
219 366 423 416 periculis,
444 367 522 404 imo
540 376 742 406 reverterer
761 369 864 407 inde.
887 368 999 407 Tunc
1017 370 1119 408 dixit
1137 370 1257 408 michi
1273 387 1280 408 :
1298 371 1483 419 Domine,
1501 380 1598 409 certe
1615 386 1684 421 ego
1703 386 1781 410 non

80 425 296 475 deciperem
313 440 396 472 9083
415 434 450 463 et
464 427 602 464 sciatis
619 427 721 477 quod
739 427 823 477 ipse
840 436 896 465 est
912 442 1023 465 verus
1040 443 1150 479 papa
1166 437 1200 466 et
1216 444 1286 479 pro
1304 430 1375 467 tali
1392 438 1597 480 reputatur
1612 446 1637 468 a
1653 432 1780 469 cardi-

82 485 263 531 nalibus3
290 498 357 522 nec
380 486 490 523 credo
515 486 616 535 quod
640 486 721 536 ipsi
747 487 940 524 mitterent
963 501 1021 524 me
1045 489 1096 525 ad
1119 502 1246 537 regem
1270 503 1358 526 cum
1382 489 1453 527 tali
1477 489 1721 538 ambaoeiata,
1745 490 1781 528 si

83 558 161 581 non
188 551 285 581 esset
311 559 433 594 papa.
464 544 504 583 Si
532 545 632 584 haec
661 545 843 583 narratio
871 560 967 584 vera
996 553 1072 594 est,
1092 547 1155 584 uti
1176 555 1278 597 puto
1306 562 1447 588 veram
1475 563 1574 596 esse,
1598 549 1782 588 dubitari

82 617 164 640 non
189 610 328 653 potest
355 603 454 653 quin
479 604 705 643 cardinales
732 605 808 642 hoc
835 604 922 643 viro
948 605 1011 643 usi
1037 605 1119 644 sint
1145 615 1191 644 ut
1218 620 1462 647 arcanorum
1489 608 1781 647 celantissimO.

84 662 190 699 Nam
220 670 379 701 certum
407 670 483 710 est,
513 663 576 700 uti
603 663 691 712 jam
719 663 913 710 diximus,
943 679 1010 702 eos
1041 665 1093 702 ab
1123 665 1241 703 initio
1272 666 1352 704 fere
1383 666 1592 705 electionis
1626 667 1783 706 Urbani

82 721 288 771 scripsisse
321 722 373 759 ad
405 736 542 772 regem
576 722 828 762 Francorum
859 737 908 760 ne
944 723 1067 762 fidem
1098 724 1314 763 adhiberet
1345 726 1592 774 rumoribus,
1625 727 1695 765 sed
1727 727 1782 765 eis

82 780 265 830 spatium
286 780 404 819 daret
426 795 507 830 quo
529 790 810 820 vanescerent.
838 781 982 831 Itaque
1006 782 1150 821 Petrus
1176 784 1300 823 fidem
1320 785 1489 834 prodere
1511 785 1657 824 noluit.
1682 786 1782 824 Con-

80 839 285 889 jecturam
308 847 494 879 nostram
517 840 767 879 confirmant
790 841 890 879 haec
913 841 1038 879 verba
1062 856 1113 880 ex
1136 842 1391 892 depositione
1417 844 1528 882 Petri
1550 844 1599 883 de.
1623 846 1783 893 crosso,

83 898 296 937 camerarii
320 913 451 949 papae
471 899 485 921 ¹
513 915 520 937 ε
552 900 649 937 Item
674 900 776 950 quod
800 908 887 949 post
911 900 1200 938 coronationem
1225 903 1396 951 quadam
1422 903 1497 950 die,
1528 918 1614 941 cum
1640 904 1782 941 scribe-

83 966 187 995 retur
207 965 243 995 et
264 958 534 1007 notificaretur
557 959 702 1009 ubique
724 959 923 996 coronatio
946 959 1078 1009 ipsius
1101 960 1380 1008 Bartlzolomei,
1403 963 1579 1011 prefatus
1599 963 1784 1000 dominus
1817 982 1821 985 “

82 1017 325 1054 camerarius
350 1017 512 1067 scripsit
538 1018 705 1067 propria
732 1033 855 1055 manu
882 1018 964 1067 regi
992 1018 1176 1066 Francie,
1205 1029 1380 1069 presente
1402 1022 1561 1059 domino
1582 1022 1784 1060 cardinale

84 1076 221 1114 Sancti
242 1076 466 1124 Eustachii,
487 1091 555 1126 per
575 1077 730 1115 literam
749 1077 939 1115 credentie
960 1092 1028 1127 per
1048 1079 1094 1116 P.
1118 1079 1161 1115 ‹Ie
1182 1079 1334 1116 ffiIurlis
1354 1081 1455 1129 quod
1472 1089 1618 1118 caveret
1637 1081 1717 1118 sibi
1738 1096 1784 1119 ne

74 1131 247 1172 'crederet
266 1150 336 1185 que
356 1136 436 1173 sibi
455 1136 743 1183 scribebantur,
765 1137 860 1186 quia
878 1137 1028 1186 sactum
1050 1152 1128 1174 non
1148 1138 1206 1175 sic
1224 1152 1264 1175 se
1284 1139 1462 1177 habebat.
1495 1139 1638 1179 Virum
1659 1140 1782 1178 fuisse

83 1194 285 1244 insignem
316 1203 357 1232 et
390 1204 634 1245 magnorum
663 1195 910 1235 meritorum
942 1195 1035 1234 hinc
1069 1196 1202 1246 colligi
1235 1205 1372 1247 potest
1407 1199 1516 1248 quod
1550 1213 1643 1236 cum
1675 1213 1783 1237 anno

85 1253 388 1292 MCCCLXXX
415 1255 573 1292 Joanna
596 1254 734 1304 regina
758 1254 915 1293 Siciliae
938 1255 1180 1305 adoptasset
1204 1256 1461 1295 Ludovicum
1482 1257 1628 1296 ducem
1650 1258 1782 1296 Ande-

83 1327 304 1362 gavensem
331 1327 507 1363 eumque
537 1313 722 1353 omnium
750 1314 954 1353 bonorum
982 1328 1148 1352 suorum
1179 1316 1369 1353 heredem
1398 1316 1641 1367 scripsisset,
1670 1317 1785 1357 illum

83 1372 192 1411 idem
225 1372 457 1410 Ludovicus
489 1381 800 1423 procuratorem
830 1387 951 1418 suum
982 1373 1166 1411 instituit
1198 1389 1290 1412 cum
1322 1375 1512 1426 episcopo
1553 1376 1785 1426 Agennensi

83 1439 124 1469 et
144 1431 315 1481 Georgio
335 1431 383 1469 de
404 1432 561 1479 Marlio,
582 1432 805 1471 camerario
824 1446 916 1496 suo,
934 1440 978 1469 ut
998 1433 1160 1471 nomine
1181 1448 1253 1471 suo
1273 1434 1377 1472 hanc
1406 1434 1673 1474 donationem
1689 1436 1785 1474 reci-

83 1498 241 1540 perent,
256 1499 304 1528 ut
318 1499 436 1540 patet
450 1506 501 1529 ex
514 1491 747 1530 inventario
763 1491 892 1530 citato
908 1491 948 1528 in
963 1492 1019 1528 Pr
1012 1492 1199 1529 Nobaaoni
1207 1493 1276 1530 bus
1291 1493 1477 1531 historiae
1490 1494 1785 1542 Castillzoneae‚

84 1564 123 1599 p.
145 1549 232 1588 135.
255 1549 413 1589 Literae
434 1565 552 1600 porro
572 1565 642 1589 seu
669 1551 905 1601 procuratio
926 1550 1124 1589 Lud0x101
1143 1560 1289 1589 extant
1309 1552 1349 1589 in
1369 1553 1505 1591 codice
1524 1552 1627 1591 3267
1642 1553 1785 1618 biblio—

83 1609 226 1647 thecae
255 1609 547 1647 Colbertinae
533 1625 547 1632 -
553 1610 711 1657 ‚datae
740 1624 849 1648 anno
879 1610 1196 1657 MCCCLXXX,
1226 1611 1289 1649 die
1319 1626 1361 1649 x1
1387 1611 1578 1660 janua1ii.

140 1668 181 1706 P.
203 1668 292 1714 443,
313 1668 378 1718 lig.
399 1669 436 1707 8.
456 1669 754 1707 Bam-nmmos
776 1684 830 1706 DE
849 1669 1073 1708 Vm-wco
1099 1670 1144 1706 In
1164 1670 1418 1720 depositione
1438 1671 1642 1709 Fernandi
1660 1672 1786 1719 Petri,

84 1726 228 1765 decani
251 1727 543 1774 Tirasonensis,
568 1736 614 1766 ut
637 1742 760 1778 supra
784 1743 822 1778 p.
851 1728 950 1765 1012
975 1728 1133 1766 dictum
1156 1737 1231 1776 est,
1257 1738 1429 1767 vocatur
1460 1730 1711 1768 Bertrandus
1737 1731 1785 1769 de

85 1786 236 1833 Gallat,
270 1787 444 1825 sororius
473 1787 689 1826 cardinalis
711 1788 759 1825 de
789 1787 998 1837 Agrifolio.
1030 1788 1141 1827 [dem
1173 1797 1313 1826 tamen
1341 1798 1514 1827 vocatur
1534 1790 1786 1827 Bertrandus

85 1845 132 1883 de
174 1845 327 1894 Veyrat
353 1846 394 1883 in
435 1846 691 1896 depositione
723 1846 913 1885 Roderici
944 1847 1161 1894 Fernandi,
1190 1847 1431 1897 portionarii
1462 1848 1665 1887 Ecclesiae
1696 1848 1786 1887 His-

83 1904 258 1954 palensis
275 1903 290 1925 3
316 1921 322 1943 :
352 1905 620 1954 Interrogatus
643 1920 764 1955 super
786 1906 993 1943 LXXXV
1015 1914 1049 1944 et
1079 1906 1137 1943 VI
1161 1907 1262 1944 dixit
1286 1922 1324 1943 se
1355 1908 1556 1945 audivisse
1581 1908 1659 1945 dici
1687 1909 1788 1957 quod

85 1963 288 2001 mandavit
316 1965 590 2002 cardinalibus
623 1973 663 2002 ut
690 1965 902 2002 scriberent
932 1965 1161 2015 imperatori
1190 1974 1224 2003 et
1252 1966 1424 2015 regibus,
1454 1975 1488 2004 et
1518 1967 1602 2016 ipse
1630 1967 1787 2016 primus

84 2023 224 2060 electus
240 2023 403 2073 scripsit
422 2024 553 2062 etiam.
575 2024 625 2062 Et
641 2024 714 2062 scit
731 2025 832 2074 quod
849 2024 1034 2061 dominus
1053 2024 1297 2062 Bet-translus
1316 2026 1359 2062 de
1384 2026 1524 2075 Veyrat
1543 2026 1623 2074 suit
1640 2026 1786 2063 missus

84 2096 174 2119 cum
199 2082 316 2119 bullis
341 2082 457 2120 istius
480 2083 587 2120 electi
610 2091 644 2120 et
666 2083 791 2121 literis
814 2083 1083 2120 cardinalium
1098 2084 1150 2120 ad
1165 2084 1451 2132 imperatorem,
1476 2093 1509 2122 et
1531 2085 1685 2122 audivit
1708 2084 1786 2122 clici

84 2141 186 2190 quod
217 2141 429 2190 imperator
451 2142 593 2190 fecerat
617 2157 706 2180 eum
722 2142 899 2180 militem.
923 2143 956 2179 Is
973 2142 1225 2180 Bertrandns
1244 2143 1409 2181 videtur
1430 2143 1551 2181 fuisse
1570 2143 1674 2181 filius
1700 2143 1786 2181 Gis-

86 2199 191 2237 berti
211 2199 258 2237 de
281 2200 478 2249 Veyraco,
499 2201 655 2248 militis,
675 2201 831 2241 domini
851 2201 898 2239 de
922 2202 1145 2247 Paolhano‚
1166 2202 1281 2251 cujus
1303 2202 1457 2240 mentio
1480 2210 1541 2240 est
1561 2203 1612 2240 ad
1631 2216 1786 2240 annum

88 2259 271 2305 MCCCL,
287 2259 327 2296 in
343 2260 472 2298 veteri
486 2260 764 2299 instrumento
779 2260 890 2298 edito
905 2260 1012 2298 inter
1026 2261 1286 2298 probationes
1302 2261 1487 2298 historiae
1503 2261 1786 2308 Turennensis,

85 2332 124 2367 p.
146 2317 209 2356 87.
234 2318 296 2355 Ex
316 2319 460 2358 eadem
482 2328 600 2369 gente
624 2319 748 2357 fuisse
772 2319 963 2357 videntur
984 2319 1224 2358 Guillelmus
1246 2328 1286 2357 et
1311 2320 1582 2368 Raymundus
1605 2320 1653 2357 de
1683 2320 1785 2368 Vey-

85 2390 178 2414 raco
211 2377 413 2416 nominati
444 2377 486 2415 in
515 2386 769 2416 testamento
803 2378 1009 2416 Guillelmi
1041 2378 1088 2416 de
1122 2378 1318 2427 Agrifolio
1349 2378 1519 2427 junioris
1554 2379 1786 2417 cardinalis.

143 2436 246 2473 Puto
269 2445 410 2473 autem
432 2436 520 2474 illos
546 2437 667 2475 fuisse
695 2437 796 2475 filios
819 2437 1052 2484 Bertrandi,
1075 2451 1298 2486 eorumque
1322 2452 1476 2475 sorores
1503 2437 1624 2475 fuisse
1652 2437 1786 2475 Helio-

89 2508 243 2541 noram,
263 2495 543 2544 Margaritam‚
562 2504 602 2534 et
623 2497 844 2543 Martham‚
863 2510 963 2545 (luas
985 2496 1255 2544 Raymundus
1276 2496 1323 2534 de
1344 2496 1554 2545 Agrifolio,
1572 2496 1785 2546 episcopus

90 2553 379 2601 Ruthenensis,
407 2554 448 2591 in
475 2569 547 2592 suo
574 2563 827 2594 testamento
855 2563 978 2593 vocat
1004 2563 1147 2604 neptes
1175 2569 1284 2601 suas,
1315 2554 1416 2592 filias
1446 2570 1541 2592 vero
1568 2555 1786 2592 Bertrandi

86 2612 134 2649 de
169 2612 352 2661 Veyraco
386 2613 590 2652 domicelli
624 2630 631 2651 :
670 2614 767 2651 Item
800 2615 882 2662 lego
914 2613 1124 2650 Helionori
1159 2613 1240 2662 filie
1274 2614 1486 2651 Bertrancli
1519 2614 1563 2651 de
1602 2615 1788 2664 Veyraco,

88 2671 295 2718 domicelli,
323 2672 430 2721 nepti
457 2686 549 2718 mee,
576 2673 868 2722 quinquaginta
895 2673 1061 2722 florenos
1086 2672 1177 2709 auri
1204 2680 1390 2709 restantes
1415 2674 1467 2710 ad
1490 2673 1718 2710 solvendum
1745 2674 1789 2710 de

87 2729 287 2768 CCXXX
315 2731 480 2779 florenis
512 2745 606 2781 quos
638 2732 788 2769 dudum
818 2731 985 2781 promisi
1019 2731 1062 2768 in
1092 2731 1320 2768 subsidium
1350 2731 1568 2769 maritandi
1599 2731 1788 2779 eamdem,

87 2803 179 2838 quos
201 2789 356 2838 quidem
376 2789 669 2839 quinquaginta
687 2791 858 2839 florenos
884 2789 975 2827 auri
1005 2790 1087 2827 volo
1116 2797 1149 2827 et
1172 2790 1310 2827 ordino
1339 2790 1542 2839 assignari
1563 2791 1664 2828 dicto
1683 2791 1789 2840 patri

140 2946 167 2978 1.
198 2946 265 2978 Ms.
295 2946 379 2986 cite,
408 2946 470 2979 fol.
501 2947 546 2980 64
575 2952 615 2978 ν3
637 2966 685 2970 —-
712 2947 834 2980 Pierre
863 2948 906 2981 de
935 2948 1071 2980 Murles
1099 2948 1194 2981 etait
1221 2949 1494 2982 ambassadeur
1521 2949 1707 2982 d'Urbain
1735 2950 1788 2982 VI

90 2999 242 3041 (Valois⁷
273 3005 299 3032 t.
328 3011 352 3038 1,
382 3011 417 3042 p.
449 3000 586 3042 90-93).

138 3052 169 3084 2.
200 3052 240 3085 B.
266 3052 323 3092 N„
347 3064 412 3085 ms.
436 3052 532 3085 latin
552 3052 657 3091 5913,
681 3053 742 3086 fol.
767 3054 807 3086 51
825 3055 929 3086 v0-53
948 3057 998 3086 v0.
1015 3073 1063 3077 —-
1076 3054 1163 3086 Voir
1183 3066 1246 3086 sur
1269 3054 1390 3087 Pierre
1414 3055 1457 3087 de
1475 3055 1612 3088 Murles
1634 3056 1788 3098 (Valois,

90 3110 115 3137 t.
136 3116 173 3190 ¹3¹¹
201 3116 242 3190 pB.
261 3105 419 3197 [leil-ms.
445 3158 541 3191 latin
566 3158 695 3198 11745,
720 3159 783 3191 fol.
809 3160 878 3192 120
902 3164 945 3192 ΓΟ.
