2083 3458
121 211 248 266 [805]
650 226 866 252 PAPARUM
902 225 1285 251 AVENIONENSIUM
1728 210 1811 251 309

107 309 209 347 Cum
230 309 388 346 ecclesia
406 308 575 358 fratrum
596 309 892 346 Predicatorum
912 309 1046 346 Tolose.
1067 310 1111 346 (Ie
1134 308 1245 346 bonis
1264 309 1350 346 suis
1370 317 1494 358 preter
1514 308 1672 346 eliorum
1691 309 1810 358 fuerit

108 376 389 414 consummata,
417 367 538 404 voluit
562 375 596 404 et
621 367 818 405 ordinavit
843 368 944 417 quod
969 368 1106 405 chorus
1133 368 1217 417 ipse
1240 368 1323 417 jam
1349 368 1552 406 inchoatus
1580 368 1810 418 perficiatur

106 428 152 464 de
172 441 247 465 sua
268 426 439 477 pecunia
460 427 632 463 decenter
653 434 685 463 et
708 426 872 466 honeste.

161 486 204 524 P.
222 485 311 533 202,
326 485 393 535 lig.
408 485 468 524 32.
485 485 797 523 MONACHORUM
817 500 1055 523 mononem.
1075 485 1216 523 Edidit
1234 486 1342 523 enim
1357 500 1465 524 anno
1478 486 1805 524 MCCCXXXVI

105 552 266 582 statuta
305 553 345 582 et
385 543 661 582 ordinationes
681 544 693 565 ¹
732 558 805 594 pro
844 545 951 582 bono
989 544 1183 594 regimine
1221 545 1457 584 eorumdem
1496 546 1805 593 monachorum,

103 603 300 641 adhibitis
329 603 370 640 in
399 602 612 641 consilium
640 603 798 652 aliquot
819 603 1040 641 abbatibus
1070 604 1219 641 ordinis
1244 604 1513 642 Benedictini.
1536 604 1688 642 Verum
1711 604 1805 654 quia

104 662 238 712 plures
266 661 441 712 insignes
472 661 733 699 difficultates
759 670 1022 700 occurrerunt
1048 661 1090 700 in
1109 663 1347 701 executione
1370 663 1606 701 eorumdem
1627 671 1805 702 statuto-

103 735 208 769 rum,
237 720 347 759 idem
374 720 620 759 Benedictus
651 720 855 770 quaedam
884 736 934 758 ex
963 721 1016 759 eis
1047 722 1297 759 moderanda
1327 730 1367 759 et
1397 722 1638 772 mitiganda⁷
1668 723 1804 772 aliqua

103 795 199 818 vero
229 780 429 817 mutanda
460 788 500 817 et
537 780 782 818 declaranda
813 794 896 818 esse
935 780 1092 817 censuit
1111 781 1136 818 ².
1173 781 1299 818 Extat
1335 781 1377 818 in
1406 781 1534 819 veteri
1564 782 1699 819 codice
1730 796 1802 821 ms.

103 839 376 877 bibliothecae
399 839 531 888 regiae
555 847 596 877 et
619 839 661 876 in
675 838 845 876 Archiwo
870 839 1097 876 monasterii
1116 839 1366 877 Illontisoliwi
1389 840 1430 877 in
1455 840 1627 878 dioecesi
1642 841 1805 879 Carcas-

103 898 277 945 somn-si,
301 898 415 947 cujus
439 898 566 935 abbas
591 897 829 935 Guillelmus
852 912 956 934 unus
980 898 1058 934 fuit
1081 913 1130 935 ex
1151 898 1197 935 iis
1222 913 1321 948 quos
1343 899 1590 937 Benedictus
1613 899 1654 936 in
1677 901 1804 938 consi-

101 956 201 994 lium
230 957 489 1004 adhibuerat,
520 964 637 994 extat
665 956 836 1006 inquam
864 956 905 993 in
936 956 1071 994 codice
1101 957 1209 1005 regio
1239 965 1279 995 et
1307 957 1346 994 in
1378 958 1547 995 Archivo
1577 959 1805 996 monasterii

102 1016 353 1053 Montisolivi
376 1015 618 1054 constitutio
641 1015 826 1065 ejusdem
846 1015 1072 1062 Benedicti,
1096 1016 1193 1053 data
1218 1016 1419 1054 Avenion‘i
1442 1017 1556 1055 nonis
1581 1017 1804 1056 decembris

109 1089 217 1113 anno
240 1083 356 1113 sexto
383 1075 420 1125 [5
434 1075 646 1112 decembre
671 1073 802 1123 1340],
818 1074 859 1112 111
882 1089 960 1124 qua
984 1075 1197 1125 plerasque
1218 1075 1424 1113 cxiisdem
1440 1076 1805 1114 constitutionibus

102 1134 282 1172 mutavit
299 1142 371 1171 aut
387 1133 636 1172 emendavit.
659 1133 829 1183 Insignis
847 1141 908 1171 est
923 1134 1034 1171 locus
1052 1148 1101 1171 ex
1114 1134 1362 1171 Dictionario
1379 1134 1553 1172 Alberici
1570 1135 1617 1172 de
1638 1135 1802 1183 Rosate,

100 1192 141 1230 in
164 1207 244 1243 quo
266 1194 434 1243 loquens
459 1193 507 1231 de
529 1192 589 1230 his
613 1192 781 1230 statutis
804 1192 845 1229 in
872 1192 996 1230 verbo
1020 1193 1244 1229 Monachus
1266 1193 1323 1229 ait
1348 1209 1354 1230 ε
1381 1193 1664 1243 subsequenter
1691 1207 1803 1231 sanc-

99 1251 279 1289 tissimus
298 1260 407 1301 pater
427 1252 610 1289 (lominus
629 1251 864 1289 Benedictus
883 1251 990 1298 XII,
1011 1251 1126 1300 cujus
1146 1259 1312 1301 tempore
1331 1252 1395 1289 sui
1417 1252 1456 1289 in
1478 1252 1589 1289 curia
1609 1253 1802 1302 Romana,

97 1325 188 1348 cum
212 1325 354 1360 magno
377 1311 507 1348 studio
530 1319 564 1348 et
587 1310 863 1347 deliberatione
887 1310 1078 1347 laboravit
1101 1311 1277 1359 pulchris
1309 1311 1655 1358 ertrawagantibas
1687 1312 1803 1349 corri-

97 1369 185 1418 'gere
210 1378 244 1407 et
270 1370 478 1419 reformare
503 1377 648 1407 statum
675 1369 964 1407 monachorum.
994 1369 1106 1418 Quod
1131 1377 1260 1406 tamen
1287 1370 1529 1407 observatum
1556 1385 1634 1407 non
1659 1371 1737 1419 sui't
1765 1379 1804 1408 ut

98 1428 214 1475 alias,
244 1443 310 1466 nec
335 1436 521 1475 servatur,
549 1436 705 1478 propter
730 1428 1033 1474 abundantiam,
1063 1428 1311 1465 insolentiam
1340 1437 1372 1465 et
1398 1429 1657 1478 petulantiam
1685 1430 1802 1466 malo-

101 1502 188 1524 rum
219 1488 508 1525 monachorum.

154 1547 195 1585 P.
217 1546 305 1593 202,
324 1546 390 1596 lig.
411 1547 472 1585 34.
495 1545 785 1584 Cisrssncuixffl
795 1561 815 1583 L·
825 1561 866 1584 M.
890 1547 1019 1583 Extat
1039 1547 1147 1583 bulla
1169 1546 1254 1595 ejus
1276 1547 1322 1583 de
1342 1546 1631 1584 reformatione
1652 1547 1802 1585 ordinis

97 1605 387 1653 Cisterciensis‚
417 1606 515 1643 data
543 1605 653 1655 apud
683 1606 856 1643 Pontem
885 1605 1047 1654 Sorgiae
1075 1620 1114 1642 iv
1143 1605 1232 1643 idus
1259 1605 1348 1654 julii
1384 1604 1509 1643 anno‘
1528 1605 1671 1655 primo.
1704 1606 1801 1655 Ejus

98 1679 194 1701 vero
222 1665 456 1714 exemplum
483 1672 602 1702 vetus
631 1664 807 1702 habetur
833 1664 875 1702 in
903 1664 1040 1702 codice
1067 1663 1171 1701 2419
1198 1664 1469 1702 bibliothecae
1499 1664 1755 1702 Colbertinae
1773 1664 1800 1703 3.

100 1723 204 1761 Usus
234 1732 295 1761 est
322 1723 568 1761 Benedictus
596 1722 638 1760 in
665 1723 712 1760 iis
741 1722 910 1761 statutis
944 1723 1165 1761 condendis
1203 1723 1369 1760 consilio
1399 1723 1602 1761 Guillelmi
1639 1723 1802 1761 abbatis

97 1782 386 1829 Cisterciensis,
443 1782 612 1820 ,Ioannis
642 1782 691 1820 de
721 1782 949 1828 Firmitate,
980 1782 1150 1819 ,Joannis
1181 1782 1228 1819 de.
1258 1782 1496 1829 Claravalle,
1526 1790 1567 1820 et
1597 1782 1802 1831 Raynaldi

95 1840 146 1878 de
168 1841 438 1879 Morimundo.
460 1841 505 1878 In
527 1840 663 1879 codice
685 1839 761 1878 764
780 1841 1052 1879 bibliothecae
1075 1841 1331 1879 Colbertinae
1350 1841 1366 1863 4
1384 1841 1643 1891 reperiuntur
1664 1841 1800 1879 variae

99 1899 404 1938 observationes
441 1899 544 1938 circa
578 1899 913 1938 reformationem
948 1907 1202 1937 statutorum
1237 1900 1421 1949 ejusdem
1456 1899 1620 1947 ordinis,
1657 1900 1800 1938 missae

96 1958 148 1995 ad
166 1959 387 2008 quemdam
406 1959 640 1996 Romanum
658 1958 915 2005 Pontificem,
934 1958 1038 1997 forte
1057 1959 1260 2006 Joannem
1278 1959 1421 2006 XXII,
1439 1973 1532 1996 cum
1547 1959 1626 1996 ista
1644 1967 1800 1997 certum

96 2017 149 2055 sit
170 2017 322 2068 scripta
345 2032 442 2065 esse,
465 2017 497 2055 si
518 2032 627 2056 error
649 2032 729 2055 non
751 2025 812 2055 est
832 2017 874 2055 in
896 2017 1087 2065 numeris,
1112 2017 1391 2055 ducentesimo
1414 2026 1454 2056 et
1476 2017 1671 2067 vigesimo
1693 2032 1800 2055 anno

95 2084 189 2126 post
210 2077 424 2114 conditum
445 2076 739 2114 monasterium
761 2076 1036 2115 Cisterciense.
1061 2076 1124 2114 Sic
1145 2076 1253 2114 enim
1273 2076 1352 2114 illic
1373 2076 1520 2126 legitur
1543 2092 1549 2114 ε
1571 2076 1607 2113 si
1628 2076 1800 2114 conside-

96 2143 199 2172 retur
235 2143 425 2185 quantum
463 2135 506 2172 in
542 2135 718 2173 ducentis
754 2135 897 2184 viginti
933 2135 1066 2181 annis,
1105 2136 1249 2185 quibus
1285 2136 1375 2172 ordo
1412 2135 1578 2173 clurcwit.
1618 2135 1800 2173 Cistercii

96 2208 274 2244 namque
301 2194 418 2232 initia
446 2202 564 2232 certo
588 2193 776 2232 incidunt
803 2194 843 2231 in
870 2208 935 2233 an.
965 2195 1189 2231 MXCVIII
1210 2195 1393 2243 adeoque
1410 2193 1635 2231 existimari
1661 2202 1799 2243 potest

97 2253 176 2290 ista
203 2253 355 2303 scripta
383 2268 467 2292 esse
494 2267 602 2291 anno
631 2253 907 2292 MCCCXVII.

150 2312 192 2350 P.
224 2312 312 2359 204,
340 2312 406 2362 lig.
438 2312 498 2350 20.
530 2312 616 2350 VAS
646 2326 906 2350 ELECTIONIS.
939 2312 1069 2349 Extat
1104 2312 1210 2349 inter
1239 2312 1548 2359 Ertravagcmtes
1577 2325 1798 2348 conznmnes

96 2369 138 2407 in
163 2370 286 2408 titulo
309 2371 368 2408 De
394 2371 576 2408 censibus
613 2371 696 2421 [lib.
728 2371 830 2420 III].

149 2429 191 2468 P.
216 2429 304 2476 204,
326 2429 392 2479 lig.
417 2430 477 2468 22.
501 2430 735 2468 ADvocATl.
761 2430 860 2479 Ejus
884 2429 1125 2467 constitutio
1149 2429 1251 2467 circa
1273 2437 1468 2479 patronos
1492 2442 1706 2466 causarum
1728 2427 1798 2477 qui

94 2487 136 2525 in
163 2488 350 2526 Romana
377 2489 486 2526 curia
513 2488 690 2527 officium
715 2488 999 2526 advocationis
1025 2496 1215 2526 exercent
1240 2488 1415 2525 habetur
1440 2487 1481 2524 111
1506 2486 1633 2524 veteri
1660 2486 1796 2524 codice

95 2561 167 2586 ms.
196 2546 468 2585 bibliothecae
495 2547 626 2597 regiae
644 2547 671 2586 5.

151 2606 193 2644 P.
227 2605 316 2654 204,
347 2606 412 2655 lig.
448 2606 508 2644 26.
544 2607 775 2644 JOHANNES
809 2606 1007 2644 ANDREE.
1045 2606 1107 2642 lta
1148 2605 1407 2642 scribendum
1448 2613 1545 2650 esse,
1588 2618 1665 2641 non
1698 2618 1795 2641 vero

145 2766 176 2798 1.
199 2764 451 2809 Cocquelines,
474 2771 500 2799 t.
520 2764 588 2806 1112,
610 2777 645 2809 p.
670 2765 828 2798 214-240
851 2765 967 2808 (Bulle
989 2764 1133 2797 Summi
1154 2765 1320 2806 magistri
1340 2765 1389 2796 du
1411 2764 1455 2796 20
1474 2762 1555 2806 juin
1576 2763 1695 2805 1336).

144 2819 174 2851 2.
201 2818 249 2851 Ut
265 2830 306 2858 3.,
327 2831 362 2862 p.
385 2819 553 2852 288—291.

142 2872 176 2904 3.
197 2871 236 2904 B.
261 2871 318 2911 N„
332 2883 398 2905 ms.
417 2871 510 2904 latin
527 2870 632 2911 4204,
653 2870 718 2904 fol.
738 2872 781 2904 57
802 2875 858 2910 v03
881 2870 1132 2913 Coequelines,
1151 2876 1176 2902 t.
1193 2868 1259 2908 111²,
1277 2882 1310 2912 p.
1331 2869 1485 2902 203-213
1506 2868 1616 2910 [bulle
1634 2868 1793 2910 Fulgens

93 2925 189 2957 sicut
208 2924 309 2957 stella
330 2925 380 2956 du
402 2925 446 2956 12
467 2924 590 2967 juillet
610 2924 731 2967 1335).

142 2975 176 3010 4.
197 2977 237 3010 B.
261 2977 318 3017 N.,
339 2989 406 3011 ms.
426 2977 522 3009 latin
540 2976 645 3016 4191,
666 2976 728 3010 fol.
750 2977 795 3010 48
814 2977 910 3009 r0-63
930 2980 972 3009 r0.

143 3030 176 3063 5.
205 3029 254 3062 M.
285 3029 403 3073 Tangl
435 3030 515 3073 (Die
541 3029 769 3073 papstlichen
796 3028 1178 3070 Kanzleiordnungen,
1211 3027 1432 3067 Innsbruck‚
1455 3027 1560 3066 1894,
1590 3039 1624 3070 p.
1657 3028 1737 3070 118)
1756 3032 1794 3060 et

94 3081 204 3116 Vidal
222 3081 269 3126 (n.
286 3082 406 3126 8270).
