2083 3458
96 274 247 329 [1066]
616 290 830 315 PAPARUM
867 292 1248 317 AVENIONENSlUM
1695 277 1776 319 585

81 369 214 408 verbis
233 369 248 392 1
273 386 280 407 ε
309 370 578 419 Interrogatus
600 385 720 420 super
742 372 819 408 XC
848 372 1062 422 [articulo]
1096 373 1196 410 dim
1229 374 1330 422 quod
1351 373 1506 411 czzcdivit
1528 374 1629 423 quod
1650 375 1776 412 archi-

79 427 289 478 episcopus
322 428 548 466 Arlatensis
581 430 823 479 camerarius
858 430 925 467 illo
959 439 1127 481 tempore
1162 431 1411 480 infirmitatis
1445 447 1548 482 pape
1583 432 1775 482 Gregorii,

80 487 195 536 quasi
214 487 257 525 in
274 487 440 525 articulo
458 487 606 535 mortis,
627 489 728 538 quod
744 497 964 537 portaverat
980 490 1117 540 aliqua
1137 490 1237 527 bona
1254 505 1402 528 camere
1419 506 1522 541 pape
1539 492 1591 529 ad
1607 501 1778 529 castrum

81 545 218 584 Sancti
239 546 398 595 Angeli.
422 546 474 583 Et
493 555 580 595 post
599 547 665 584 hec
685 547 784 584 vidit
803 549 854 585 ad
873 556 1027 597 portam
1048 548 1142 586 dicti
1170 549 1324 587 Urbani
1345 549 1479 587 literas
1498 549 1711 599 sigillatas,
1735 550 1777 587 in

81 604 225 654 quibus
245 605 426 643 monebat
444 605 591 642 dictum
611 606 953 655 archiepiscopum
973 615 1006 644 et
1025 608 1287 645 camerarium
1307 609 1408 658 quod
1427 623 1546 658 usque
1565 610 1616 646 ad
1635 618 1777 647 certum

80 663 293 701 terminum
309 663 524 701 restitueret
536 664 684 712 jocalia
700 673 735 702 et
754 665 854 702 bona
871 666 1032 715 papalis
1050 681 1197 704 camere
1215 681 1284 716 que
1301 676 1587 716 apportaverat.
1610 668 1777 706 Interro-

79 730 194 771 gatus
221 737 341 772 super
369 722 484 770 XCI,
516 723 617 760 dizit
644 737 684 760 se
712 724 914 761 audivisse
943 724 1020 761 dici
1051 726 1152 775 quod
1180 725 1331 763 dixerat
1365 726 1553 763 Urbanus
1582 727 1779 764 cardinali

78 781 346 819 Lemovicensi
377 782 479 832 quod
508 780 578 831 pro
609 796 650 819 eo
682 783 783 832 quod
812 783 1066 831 camerarius,
1097 784 1218 832 frater
1247 799 1356 831 suus⁷
1384 785 1552 822 earistens
1576 786 1778 834 Agnanie,

77 849 354 890 apportaverat
368 840 555 890 predicta,
571 840 656 889 jam
672 856 750 878 non
766 850 915 890 poterat
932 842 1138 890 sustinere,
1158 852 1191 880 et
1213 844 1314 892 quod
1335 843 1559 881 intendebat
1578 845 1779 894 procedere

78 908 211 937 contra
229 904 329 938 eum.
351 900 402 937 Et
418 899 574 937 audivit
591 900 692 950 quod
708 908 865 950 propter
883 901 951 937 hoc
968 910 1173 939 recesserat
1197 902 1323 939 dictus
1347 902 1565 940 cardinalis
1592 904 1636 940 de
1654 903 1780 941 Roma

79 957 227 996 discors
255 973 280 996 a
308 958 409 996 dicto
438 959 563 998 electo.

133 1018 277 1056 Frater
298 1017 491 1067 Angelus,
516 1018 712 1067 generalis
736 1018 922 1056 minister
945 1019 1095 1057 ordinis
1120 1018 1337 1067 Minorum,
1360 1020 1636 1070 interrogatus
1660 1036 1780 1071 super

78 1076 290 1114 additione
316 1091 453 1114 xxxin
477 1076 607 1114 Casus
630 1077 750 1127 primi
775 1078 892 1116 electi
917 1077 1023 1115 dixit
1045 1093 1086 1115 se
1118 1078 1323 1116 audivisse
1346 1078 1361 1101 2
1392 1076 1493 1128 'quod
1514 1081 1632 1117 semel
1655 1080 1781 1118 dictus

80 1135 272 1173 Barensis
295 1135 338 1172 in
359 1136 590 1173 consistorio
611 1136 765 1186 privato
786 1136 957 1174 surrexit
985 1136 1031 1173 de
1050 1137 1138 1174 sede
1158 1152 1246 1174 curn
1273 1137 1383 1186 furia
1408 1139 1459 1175 ad
1483 1139 1780 1188 percutiendum

79 1194 286 1232 dominum
308 1195 551 1232 cardinalem
572 1195 898 1242 Lemovicensem‚
924 1195 1046 1233 nescit
1066 1205 1224 1245 propter
1246 1211 1362 1246 quam
1385 1198 1679 1246 responsionem
1700 1197 1780 1235 sibi

78 1253 237 1302 jactam,
261 1262 295 1291 et
315 1254 417 1303 quod
437 1254 623 1291 dominus
651 1254 932 1301 Gebennensis‚
956 1254 1023 1304 qui
1047 1269 1151 1292 nunc
1181 1263 1235 1292 est
1266 1255 1458 1300 Clemens,
1481 1257 1651 1294 surrexit
1678 1256 1781 1294 sicut

80 1312 269 1351 mediator
294 1313 394 1350 inter
417 1327 479 1350 eos
503 1321 537 1350 et
560 1313 744 1350 dulcibus
768 1313 895 1350 verbis
919 1313 1021 1351 dixit
1044 1327 1056 1350 .·
1082 1314 1114 1350 O
1138 1314 1256 1351 Pater
1279 1322 1421 1359 sancte⁷
1449 1329 1468 1351 ο
1496 1316 1613 1352 Pater
1635 1323 1779 1362 sancte,

81 1371 177 1421 quid
200 1371 335 1420 jacitis
352 1372 373 1409 ,³
388 1372 438 1409 Et
461 1372 519 1409 sic
546 1372 722 1421 reposuit
748 1387 836 1409 eum
865 1372 908 1409 in
933 1373 1032 1410 sede.
1066 1372 1162 1410 Item
1190 1373 1285 1410 dicit
1308 1373 1509 1410 audivisse
1536 1389 1560 1411 a
1593 1374 1780 1422 magistro

80 1430 349 1469 Bartltolorneo
370 1439 618 1481 procuratore
644 1431 709 1469 sui
736 1430 889 1468 ordinis
910 1430 1023 1481 quod,
1051 1432 1144 1468 dum
1162 1433 1279 1469 semel
1299 1432 1340 1468 in
1363 1432 1593 1469 consistorio
1621 1432 1779 1482 publico

81 1490 267 1527 dominus
283 1490 580 1527 Len'iowicensis
595 1491 807 1528 ostenderet
827 1491 977 1527 malum
999 1491 1147 1528 vultum
1169 1490 1325 1540 obliqua
1348 1491 1449 1539 facie
1469 1500 1625 1540 propter
1645 1492 1781 1541 aliqua

81 1563 152 1598 que
169 1549 297 1586 dictus
315 1549 507 1586 Barensis
524 1549 754 1599 loquebatur
772 1549 907 1586 minus
924 1550 1146 1599 prudenter,
1169 1558 1208 1587 ut
1234 1550 1318 1598 ipse
1337 1550 1468 1596 credit,
1490 1550 1616 1588 dictus
1632 1551 1779 1587 Baren-

80 1608 138 1645 sis
162 1608 265 1657 jacie
290 1609 445 1646 turbata
469 1617 503 1646 et
528 1608 655 1646 verbis
680 1608 994 1646 comminatoriis
1018 1609 1209 1646 allocutus
1234 1617 1288 1646 est
1312 1609 1623 1646 Lemovicensem.
1648 1609 1690 1645 in
1717 1609 1782 1646 hec

82 1667 198 1704 verba
221 1668 278 1705 vel
308 1667 487 1706 similia:
518 1667 821 1713 Lemovicensis,
858 1667 1160 1715 Lemovicensis,
1196 1676 1319 1705 vertas
1347 1667 1489 1716 facicm
1517 1668 1661 1714 adme,
1689 1668 1782 1718 quia

85 1726 348 1775 benefaciam
379 1727 480 1776 quod
510 1726 624 1764 aliter
647 1727 772 1764 stabis
805 1735 838 1764 et
871 1726 1019 1775 diriges
1054 1727 1204 1764 vultum
1232 1735 1354 1764 tuum.
1388 1727 1438 1763 Et
1467 1727 1685 1763 cardinalis
1715 1727 1780 1776 qui

81 1785 211 1823 stabat
240 1800 362 1835 prope
392 1786 539 1823 dictum
568 1785 811 1823 cardinalem
842 1786 1155 1823 Lemovicensern
1182 1785 1375 1834 percussit
1401 1800 1486 1822 eum
1516 1800 1604 1822 cum
1627 1786 1781 1823 brachio

83 1844 245 1882 dicendo
267 1861 273 1882 :
299 1845 332 1882 V
335 1853 436 1882 ertas
455 1853 500 1892 te,
521 1853 645 1882 vertas
664 1853 696 1882 te
714 1845 766 1882 ad
783 1844 989 1881 dominum
1009 1853 1197 1882 nostrum.
1627 1882 1630 1883 γ

137 1903 311 1942 Secessit
334 1919 428 1953 ergo
455 1904 649 1947 Joannes,
678 1904 894 1941 cardinalis
922 1904 1237 1947 Lenmvicensis,
1261 1903 1490 1952 Anagniani
1514 1917 1650 1941 mens(¹
1677 1904 1782 1941 maio

83 1976 176 2000 cum
209 1963 351 2002 ceteris
386 1963 675 2002 cardinalibus.
713 1966 800 2010 Qua
836 1963 1046 2000 occasione
1081 1963 1213 2012 gravis
1248 1963 1443 1999 adversus
1478 1977 1570 2000 euin
1605 1962 1782 2011 objectio

83 2021 193 2059 facta
227 2030 300 2060 est.
338 2022 504 2060 Etenim
537 2036 630 2059 cum
662 2022 693 2059 is
728 2030 833 2060 esset
875 2036 1058 2059 Sunllnus
1100 2022 1441 2071 paenitentiarius
1458 2021 1486 2068 ³,
1526 2029 1680 2059 certum
1722 2029 1783 2059 est

82 2081 124 2118 in
138 2081 265 2119 literis
281 2080 368 2130 ejus
386 2095 490 2130 quae
505 2081 546 2119 in
561 2081 879 2131 paenitentiaria
896 2080 1224 2130 expediebantur
1239 2094 1474 2129 expressum
1492 2080 1613 2118 fuisse
1630 2094 1783 2116 annum

83 2139 262 2189 primum
289 2140 559 2190 pontificatus
590 2140 760 2178 Urbani.
792 2140 854 2177 Ex
888 2154 967 2189 quo
1001 2139 1224 2177 adversarii
1256 2139 1525 2177 cardinalium
1552 2138 1785 2176 inserebant

84 2199 201 2237 illum
221 2199 437 2248 agnovisse
460 2200 702 2237 electionem
725 2199 880 2236 Urbani
903 2213 987 2237 esse
1010 2199 1162 2237 bonam
1183 2199 1309 2236 etiam
1330 2213 1376 2235 eo
1398 2206 1581 2246 *tempore
1605 2212 1684 2245 quo
1707 2197 1782 2234 suit

84 2257 127 2296 in
153 2258 241 2296 loco
271 2266 375 2296 tuto.
410 2257 526 2295 Hanc
554 2258 769 2295 historiam
798 2258 927 2307 reperi
954 2258 996 2294 in
1025 2257 1164 2294 inultis
1194 2258 1363 2294 testium
1392 2256 1715 2305 d‹r=p‹1›silionibus
1745 2264 1785 2293 et

85 2316 127 2354 in
151 2315 260 2354 Casu
285 2317 405 2366 primi
431 2317 548 2355 electi
575 2317 707 2354 diviso
732 2331 803 2366 per
827 2317 1034 2354 articulos.
1065 2316 1155 2353 Non
1180 2315 1354 2353 referam
1379 2323 1518 2352 autem
1549 2315 1784 2352 testimonia

86 2376 353 2425 singulorum.
386 2376 565 2414 Sufficiet
597 2376 777 2422 unicum,
799 2383 1013 2425 sumptum
1041 2375 1228 2413 videlicet
1248 2389 1298 2411 ex
1317 2375 1459 2411 eodeni
1486 2373 1591 2410 Casu
1616 2373 1642 2416 4,
1669 2373 1785 2410 artie.

88 2434 159 2471 101
186 2451 193 2472 ;
217 2434 404 2483 Presatus
425 2435 519 2472 olim
540 2434 760 2472 cardinalis
782 2433 1071 2471 Lernovicensis
1092 2433 1260 2470 existens
1281 2447 1460 2469 summus
1481 2431 1788 2481 penitentim·ius

88 2493 131 2530 in
152 2493 348 2542 Anagnia
368 2507 457 2531 cum
478 2493 573 2530 aliis
595 2502 687 2531 tunc
707 2493 984 2531 cardinalibus
1006 2493 1220 2529 nonnullas
1241 2492 1386 2537 literas⁷
1414 2491 1466 2527 ad
1486 2490 1655 2539 officium
1677 2490 1787 2538 peni-

87 2552 268 2589 tentiarie
300 2560 529 2602 spectante8‚
564 2566 635 2589 suo
667 2553 801 2601 sigillo
834 2551 1056 2590 authentico
1097 2550 1308 2599 sigillatas,
1351 2550 1402 2586 ad
1434 2549 1607 2585 diversas
1649 2548 1788 2585 mundi

88 2619 218 2660 partes
247 2610 412 2648 directas
441 2611 663 2660 scripsisset
691 2611 871 2660 ponendo
900 2610 974 2647 sub
1004 2610 1094 2646 data
1123 2609 1311 2657 Anagnic.
1339 2608 1595 2657 pontificatus
1623 2608 1788 2645 satietis-

87 2670 182 2707 simi
205 2669 248 2706 in
269 2669 425 2707 Christo
459 2669 586 2718 patris
621 2678 655 2707 et
681 2670 833 2706 domini
861 2669 983 2706 nostri
1015 2668 1166 2705 domini
1194 2667 1348 2705 (ft-bani
1379 2667 1515 2703 divina
1541 2666 1788 2715 providentia

87 2743 191 2778 pape
221 2729 280 2765 Vl
303 2742 410 2765 anno
433 2728 569 2777 primo,

144 2787 261 2825 Hane
282 2787 572 2836 objectionem,
599 2801 703 2836 quae
725 2788 861 2825 valida
889 2794 963 2834 est,
991 2786 1046 2824 sic
1072 2785 1222 2835 repulit
1249 2784 1463 2822 cardinalis
1488 2784 1786 2821 Leinovicensis

138 2936 170 2968 1.
200 2935 266 2968 Ms.
317 2935 401 2974 cite,
427 2934 488 2967 fol.
515 2935 583 2967 149
608 2939 651 2968 r0.

138 2989 168 3021 2.
199 2988 264 3021 Ms.
301 2988 384 3027 cite,
420 2987 480 3020 fol.
516 2987 585 3020 184
618 2992 661 3021 r0.

136 3042 168 3074 3.
197 3041 293 3073 Jean
322 3041 365 3074 de
394 3040 481 3073 Cros
508 3039 564 3072 fut
594 3041 743 3073 nomme
770 3039 999 3083 penitencier
1025 3039 1056 3071 le
1085 3038 1124 3070 21
1165 3038 1315 3070 octobre
1354 3039 1444 3070 *1373
1477 3038 1530 3076 (E.
1563 3038 1695 3076 Gollcr,
1716 3037 1786 3069 Dfe

88 3094 288 3136 pc‘ipstliche
309 3093 584 3132 Ponitentiarie,
610 3099 636 3126 t.
659 3091 698 3133 11,
724 3105 758 3136 p.
784 3093 840 3133 94,
865 3099 903 3126 et
946 3098 970 3125 t.
994 3090 1033 3131 1²,
1059 3103 1093 3134 p.
1120 3092 1254 3133 23-25).

135 3147 167 3179 4.
198 3147 263 3180 Ms.
294 3147 376 3183 cite,
406 3146 467 3179 sol.
500 3146 542 3178 28
571 3150 613 3179 ΓΟ.
