2083 3458
288 137 368 178 884
595 140 597 142 ’
935 148 1087 173 NOTAE
1121 147 1182 173 AD
1216 147 1344 172 VITAs
1838 130 1992 186 [1371]

287 235 399 286 apud
428 233 684 272 Avenionem
710 232 884 270 fortasse
913 230 993 269 fuit
1018 230 1144 281 pestis
1172 244 1276 280 quae
1301 237 1393 267 tum
1420 229 1684 280 grassabatur
1710 230 1820 280 apud
1847 230 1993 269 Valen-

287 295 405 342 tiam,
429 307 510 343 qua
531 292 697 331 sublata
719 290 799 329 illic
820 305 906 329 esse
927 289 1146 328 duodecim
1166 289 1294 327 millia
1312 289 1529 327 hominum
1547 289 1679 327 tradit
1697 289 1846 337 Surita,
1861 289 1930 328 lib.
1954 289 1992 327 X

288 354 439 392 Annal.
470 353 686 400 Arragon.,
716 364 821 401 cap..
852 364 918 388 LV.

343 413 435 450 Non
471 410 661 449 interfuit
697 409 838 460 itaque
875 408 1065 447 electioni
1099 407 1314 446 Benedicti
1351 408 1474 456 XIII,
1510 416 1558 446 ut
1593 408 1719 446 etiam
1756 407 1993 447 observavit

287 472 396 510 idem
429 470 582 518 Surita,
614 484 703 520 cap.
737 484 818 507 L111.

341 532 443 570 Cum
465 545 562 569 vero
584 529 777 580 nuspiam
798 527 1001 578 reperiam
1023 541 1118 565 eum
1139 534 1236 577 post
1256 527 1357 565 haec
1379 535 1568 577 tempora
1591 526 1713 565 fuisse
1744 535 1861 565 extra
1884 527 1994 565 dioe-

288 591 411 630 cesim
433 604 567 637 suam,
591 589 709 628 facile
733 587 936 626 assentior
960 586 1175 637 Onuphrio
1198 586 1400 624 Panvinio
1424 585 1620 625 scribenti
1643 586 1759 624 illum
1783 585 1929 625 obiisse
1952 586 1994 624 in

289 649 529 700 Arragonia,
550 649 627 687 hoc
648 656 724 696 est,
746 647 787 685 in
809 647 965 685 ditione
985 646 1089 696 regis
1112 646 1384 696 Arragonum.
1408 645 1516 683 Nam
1535 654 1628 683 tum
1648 645 1679 684 is
1703 645 1772 696 qui
1787 660 1858 684 rex
1874 645 1992 684 Arra-

288 723 441 760 gonum
466 717 569 756 erat,
597 707 833 746 Valentiam
860 720 1024 756 quoque
1049 706 1091 743 in
1116 713 1326 756 potestate
1352 705 1548 744 habebat.
1578 705 1691 744 Obiit
1717 713 1856 744 autem
1883 719 1993 743 anno

288 768 577 816 MCCCXCVI,
610 767 674 806 die
705 766 915 817 trigesima
948 765 1062 813 maii,
1094 773 1142 803 ut
1172 773 1234 803 est
1265 764 1307 802 in
1337 764 1441 802 libro
1473 764 1775 814 Obligationum
1804 773 1846 803 et
1880 765 1992 816 apud

288 829 484 876 Suritam,
505 841 596 878 cap.
619 841 702 875 Lx1,
725 826 796 877 qui
815 825 935 863 addit
955 824 1070 863 illum
1092 824 1215 863 fuisse
1236 824 1447 875 sepultum
1467 823 1509 861 in
1528 824 1684 875 majore
1700 824 1847 863 sacello
1867 825 1992 863 eccle-

287 889 368 927 siae
400 887 660 926 Valentinae.

341 948 384 986 Ρ.
401 947 491 995 499,
506 946 572 997 lig.
591 947 653 985 17.
673 946 882 983 KAROLUS
900 960 938 983 R.
956 944 1065 982 NAv.
1083 944 1262 982 Multum
1277 943 1443 981 variant
1459 943 1508 981 de
1534 951 1666 981 morte
1692 943 1779 993 ejus
1804 951 1996 982 auctores

287 1016 335 1046 ut
360 1022 411 1046 ex
435 1006 481 1045 iis
509 1013 675 1044 constat
702 1019 807 1055 quae
833 1005 1069 1043 referuntur
1095 1018 1117 1040 a
1147 1003 1382 1053 Spondano,
1410 1017 1476 1042 an.
1505 1002 1620 1050 1387,
1653 1003 1670 1052 ἓ
1698 1003 1733 1051 1,
1757 1002 1827 1041 sed
1850 1011 1994 1041 tamen

288 1066 554 1106 consentiunt
584 1066 699 1104 illum
729 1064 948 1116 praecipiti
978 1071 1018 1102 et
1048 1063 1253 1101 horrendo
1284 1061 1428 1100 mortis
1459 1076 1602 1113 genere
1634 1062 1867 1100 extinctum
1892 1077 1991 1101 esse.

289 1127 444 1166 Auctor
481 1126 593 1164 Vitae
626 1124 770 1163 Karoli
807 1124 880 1172 VI,
912 1123 1015 1173 regis
1050 1123 1315 1169 Francorum,
1348 1122 1389 1159 in
1430 1121 1567 1160 codice
1599 1121 1677 1160 606
1717 1121 1992 1161 bibliothecae

287 1186 547 1225 Colbertinae
566 1185 581 1208 1
604 1184 661 1223 sic
684 1198 775 1223 eam
799 1182 993 1226 describit
1018 1198 1025 1220 τ
1054 1183 1164 1220 Idem
1186 1196 1251 1220 rex
1273 1182 1469 1231 confectus
1490 1181 1601 1219 senio
1623 1189 1657 1219 et
1677 1181 1900 1232 peregrinis
1921 1181 1992 1230 fri-

288 1245 528 1296 giditatibus
548 1246 738 1292 detentus,
760 1243 1000 1281 medicorum
1019 1242 1185 1280 consilio
1204 1241 1246 1279 in
1264 1241 1406 1290 fasciis
1425 1241 1544 1279 lineis
1558 1255 1657 1291 aque
1677 1241 1750 1279 vite
1764 1240 1995 1290 madefactis

288 1320 355 1356 per
378 1314 500 1343 totum
523 1318 666 1355 corpus
689 1303 865 1342 consutis
887 1302 1025 1352 sepius
1050 1295 1330 1339 involvebatur.
1355 1301 1475 1338 Hanc
1497 1300 1734 1338 activitatem
1756 1300 1870 1338 habet
1891 1315 1994 1351 aqua

289 1365 371 1413 illa,
398 1373 439 1402 ut
462 1372 657 1412 asserunt,
684 1364 785 1414 quod
808 1377 930 1413 prope
956 1362 1088 1411 ignem
1112 1361 1243 1411 posita
1265 1360 1397 1397 subito
1415 1361 1620 1411 flammam
1644 1360 1796 1398 emittit.
1830 1360 1941 1398 Unde
1961 1367 1994 1397 et

287 1439 375 1462 cum
409 1425 580 1474 quadam
614 1431 719 1461 nocte
752 1423 908 1473 prefata
942 1421 1183 1459 involuti-one
1224 1428 1405 1467 uteretur,
1434 1428 1468 1457 et
1495 1428 1666 1470 peracta,
1701 1419 1995 1470 impellentibus

285 1484 382 1534 fatis
408 1492 517 1521 sutor
539 1482 762 1533 familiaris
787 1482 919 1533 ipsius
946 1481 1101 1518 incaute
1123 1480 1327 1518 candelam
1357 1493 1562 1517 accensam
1590 1480 1642 1517 ad
1664 1478 1995 1530 disrumpendum

288 1544 402 1595 filum
426 1544 612 1581 ultimum
634 1542 889 1593 applicasset,
914 1555 959 1579 ea:
974 1541 1174 1591 insperato
1197 1547 1318 1577 lotum
1339 1553 1480 1589 corpus
1503 1540 1667 1590 flamma
1690 1553 1808 1577 vorax
1829 1538 1994 1576 circum—

222 1640 225 1642 ,
287 1604 405 1650 dedit,
429 1603 542 1640 etsie
566 1602 609 1640 in
632 1601 834 1640 continuis
858 1600 1097 1638 clamoribus
1116 1599 1323 1649 expiravit.
1349 1599 1554 1637 Robertus
1576 1598 1785 1649 Gaguinus
1808 1598 1888 1636 ista
1911 1597 1992 1636 suis

287 1663 421 1701 verbis
454 1663 632 1701 referens
666 1661 784 1699 addit
819 1677 825 1699 1
860 1660 1065 1710 Plerisque
1097 1667 1317 1696 constanter
1360 1658 1654 1708 affirmantibus
1694 1658 1875 1696 divinam
1914 1671 1994 1694 esse

288 1722 403 1770 iram,
430 1737 527 1772 quae
551 1721 750 1772 perfidum
773 1735 902 1770 regem
926 1720 1050 1769 digna
1067 1719 1152 1756 suis
1172 1718 1384 1756 sceleribus
1401 1731 1529 1768 poena
1549 1718 1772 1756 cruciasset.
1795 1716 1993 1756 Odoricus

290 1781 530 1832 Raynaldus
546 1789 765 1832 promptus
781 1788 822 1819 et
837 1779 966 1818 facilis
983 1779 1035 1816 ad
1051 1777 1403 1817 exardescendum
1419 1777 1641 1816 adversum
1656 1777 1807 1824 Gallos,
1822 1785 1993 1827 paratus

286 1841 338 1879 ad
365 1841 620 1880 excusandos
648 1855 714 1879 eos
744 1839 814 1890 qui
842 1838 1000 1878 Urbani
1026 1838 1083 1876 VI
1109 1845 1248 1889 partes
1275 1837 1490 1885 fovebant,
1518 1836 1787 1887 quantumvis
1814 1835 1912 1874 mali
1947 1850 1993 1874 ac

287 1901 505 1940 facinorosi
529 1908 679 1948 essent,
703 1907 799 1951 post
822 1899 952 1938 relata
976 1912 1042 1936 an.
1069 1898 1184 1945 1387,
1211 1897 1227 1946 ἓ
1250 1896 1456 1944 10‚‚verba
1477 1896 1667 1947 Gaguini,
1685 1895 1829 1934 mortis
1853 1894 1994 1933 Karoli

286 1960 501 2000 historiam
530 1960 582 1998 ab
611 1974 657 1998 eo
686 1959 861 1998 relatam
889 1966 1013 1997 vocat
1040 1957 1083 1995 in
1110 1956 1385 2007 suspicionem
1414 1955 1622 2003 falsitatis,
1650 1955 1823 1994 innuens
1852 1969 1944 1994 eam
1970 1968 1992 1992 a

289 2020 412 2060 Gallis
439 2019 709 2058 schismaticis
738 2019 961 2057 confictam
988 2017 1110 2055 fuisse
1138 2017 1234 2067 quia
1262 2016 1471 2055 Navarrus
1492 2015 1660 2054 Urbano
1686 2015 1882 2054 adversus
1909 2015 1993 2053 Cle-

287 2088 469 2118 mentem
514 2079 773 2117 adhaeserat.
822 2078 1007 2116 Primum
1052 2076 1233 2114 admiror
1277 2075 1644 2126 intemperantiam
1684 2074 1876 2122 hominis,
1923 2073 1994 2124 qui

286 2140 442 2178 nullam
466 2139 723 2177 occasionem
745 2136 1045 2188 praetermittit
1067 2135 1251 2174 testandi
1276 2135 1357 2173 odii
1380 2135 1441 2173 sui
1464 2135 1660 2173 adversus
1685 2143 1849 2185 gentem
1870 2133 1993 2172 Galli-

287 2213 390 2238 cam.
425 2198 580 2237 Deinde
611 2212 763 2248 quaero
794 2197 846 2235 ab
876 2211 923 2235 eo
955 2196 1127 2234 ubinam
1155 2194 1359 2233 invenerit
1387 2195 1496 2233 hunc
1527 2194 1728 2232 Karolum
1760 2193 1991 2232 adhaesisse

288 2258 470 2297 Urbano.
499 2258 640 2308 Neque
666 2257 776 2296 enim
801 2257 904 2295 citat
928 2263 1153 2294 auctorem.
1184 2255 1314 2292 Immo
1339 2269 1412 2304 ego
1437 2262 1697 2304 compertum
1721 2253 1853 2292 habeo
1876 2252 1991 2291 illum

288 2333 370 2357 esse
394 2326 607 2356 mortuum
628 2317 934 2365 indifferentem
954 2315 981 2363 2,
1004 2323 1052 2353 ut
1074 2323 1164 2352 tum
1188 2313 1545 2364 loquebantur‚'id
1567 2321 1643 2361 est,
1667 2327 1798 2363 neque
1823 2311 1991 2351 Urbano

286 2377 514 2424 addictum,
547 2391 678 2426 neque
711 2375 924 2415 Clementi.
958 2375 1111 2412 Narrat
1141 2374 1247 2412 enim
1283 2374 1463 2411 ,Joannes
1495 2372 1694 2420 Mariana,
1725 2372 1794 2411 lib.
1829 2371 1991 2419 XVIII,

287 2451 375 2487 cap.
397 2452 424 2474 11
448 2437 537 2475 Rer.
562 2437 756 2486 Hispan.,
784 2435 998 2481 Karolum,
1023 2434 1109 2483 ejus
1136 2433 1280 2479 filium,
1303 2447 1401 2470 mox
1422 2440 1518 2483 post
1539 2432 1626 2482 ejus
1651 2431 1812 2470 obitum
1833 2431 1876 2470 in
1899 2444 1989 2481 pro-

286 2511 424 2534 cerum
451 2504 660 2535 conventu
687 2495 941 2534 Clementem
968 2494 1049 2531 VII
1075 2492 1366 2544 pronuntiasse
1392 2492 1553 2542 justum
1578 2491 1709 2530 videri
1734 2490 1990 2542 pontificem,

288 2556 388 2605 quod
411 2564 585 2603 eatenus,
611 2554 761 2605 inquit,
788 2553 1019 2603 Aragoniae
1044 2553 1219 2602 exemplo
1242 2552 1392 2602 jactum
1417 2565 1497 2588 non
1521 2559 1615 2599 erat,
1643 2550 1802 2589 incertis
1825 2564 1989 2601 suspen-

286 2614 416 2663 sisque
438 2614 671 2665 principum
692 2622 726 2652 et
746 2613 888 2664 populi
910 2612 1074 2651 animis.
1100 2611 1224 2650 Filius
1247 2619 1388 2649 autem
1411 2610 1619 2649 destinata
1641 2609 1770 2661 patris
1792 2617 1988 2648 executus

286 2682 361 2720 est,
392 2682 439 2711 ut
470 2674 590 2712 docet
621 2682 767 2712 auctor
802 2673 915 2711 Vitae
946 2671 1170 2710 Clementis.
1205 2672 1377 2709 Constat
1408 2684 1501 2720 ergo
1535 2669 1800 2719 Raynaldum
1830 2668 1985 2719 impetu

286 2733 423 2783 potius
463 2748 588 2783 quam
626 2733 786 2771 ratione
825 2731 1032 2782 scripsisse
1074 2730 1274 2768 Karolum
1313 2729 1545 2768 adhaesisse
1586 2729 1754 2768 Urbano
1803 2728 1987 2778 adeoque

288 2792 479 2829 stolidam
506 2807 590 2830 esse
618 2792 949 2830 criminationem
975 2791 1062 2840 ejus
1090 2790 1311 2828 adversum
1339 2789 1489 2828 Gallos„
1520 2788 1705 2839 Denique
1733 2787 1832 2838 quid
1863 2787 1987 2825 refert

334 2930 366 2962 ’1.
388 2928 427 2960 Β.
452 2927 509 2967 N„
530 2939 597 2960 ms.
618 2926 714 2960 latin
734 2926 839 2967 5958,
860 2926 923 2960 fol.
945 2926 989 2960 58
1008 2930 1042 2958 r⁰
1060 2931 1098 2958 et
1116 2925 1325 2968 Bellaguet,
1346 2930 1373 2958 t.
1392 2936 1416 2964 1,
1437 2936 1472 2968 p.
1493 2924 1575 2958 472.

336 2984 366 3015 2.
397 2981 439 3014 N.
462 2980 588 3013 Valois
616 2992 636 3012 a
662 2981 806 3024 prouve
833 2991 905 3023 que
931 2979 963 3012 le
989 2978 1043 3012 roi
1071 2979 1114 3012 de
1143 2979 1312 3011 Navarra
1340 2978 1500 3011 observa
1524 2989 1598 3010 une
1624 2977 1754 3011 stricte
1779 2975 1983 3010 nenti-alite

289 3037 328 3080 (t.
352 3047 375 3074 1,
401 3046 435 3077 p.
463 3034 632 3072 211-212,
659 3039 696 3066 et
719 3038 745 3066 t.
769 3045 807 3073 11,
833 3045 868 3077 p.
895 3033 991 3077 216).
