2083 3458
77 238 80 255 χ’
116 245 263 302 ¹[1470]
644 264 858 289 PAPARUM
895 249 1279 292 AVENIONENSIUM
1730 259 1810 300 753

92 335 219 386 ¹rebat
249 348 351 398 quod
381 356 563 385 mutuam
592 348 734 397 suisset
765 363 992 386 conversam
1023 350 1074 387 ad
1103 352 1347 389 commodum
1378 361 1411 390 et
1444 353 1651 392 utilitatem
1681 366 1812 395 sancte

109 406 250 444 matris
272 406 444 444 Ecclesze
473 421 541 443 sea
575 415 763 457 papatus,
786 415 820 445 et
841 407 1025 445 dominas
1048 417 1174 446 noster
1196 423 1274 447 non
1295 412 1408 460 plene
1429 413 1630 461 confidens
1655 416 1699 452 cle
1725 431 1812 466 ipso

116 465 261 525 comite,
285 465 352 515 qui
375 473 456 503 erat
479 474 598 503 rector
620 480 689 503 seu
713 480 837 503 coines
860 466 1098 517 Campanze,
1116 468 1289 517 privavit
1310 484 1399 507 eam
1425 471 1491 508 ιίἰο
1514 472 1653 521 officm,
1668 482 1703 512 et
1722 475 1814 523 fecit

117 522 287 562 comitem
323 524 546 574 Campanie
582 525 788 562 dominum
826 525 1084 564 Thomasium
1120 527 1164 564 de
1200 528 1343 566 Sancto
1379 529 1563 568 Severino
1600 531 1809 572 immicum

109 583 265 622 comitis
288 584 535 622 Fundorum.
561 584 727 633 Propter
750 585 850 634 qaod
874 585 958 634 ipse
981 599 1104 622 comes
1125 586 1205 634 suit
1228 587 1396 636 graviter
1417 589 1653 638 dedignatus
1675 601 1808 631 contra

110 642 317 680 *dominum
348 651 525 680 nostrum
557 651 590 680 et
621 643 722 692 cepit
752 643 878 691 facere
909 644 1158 682 rebellionem
1189 654 1320 683 contra
1353 661 1455 693 eum,
1488 657 1522 686 et
1552 650 1653 700 cepit
1683 659 1807 690 tenere

113 700 302 748 fortalitia
327 710 543 739 castrorum
569 701 793 751 Campanie
818 717 889 751 pro
910 717 948 739 se
973 717 1039 740 seu
1068 717 1138 752 pro
1166 704 1246 741 illis
1273 705 1417 754 viginti
1439 707 1618 745 millibus
1642 709 1807 758 floreno-

114 773 209 798 rum.

169 819 281 857 Hanc
300 819 579 857 narrationem
598 820 819 857 confirmat
838 819 964 858 frater
984 821 1207 859 Menendus
1227 822 1440 873 episcopus
1460 825 1747 876 Cordubensis,
1767 839 1808 868 et

112 877 195 927 ipse
229 879 351 918 homo
388 878 570 928 partium
608 878 783 918 Urbani:
822 878 891 928 qui
927 879 1202 929 interrogatus
1239 895 1360 931 super
1396 897 1491 921 casu
1527 885 1647 934 primi
1689 888 1806 926 electi

106 936 239 975 diviso
253 952 325 988 per
340 936 548 984 articulos,
564 937 604 974 in
620 952 700 987 quo
715 937 914 987 scriptum
934 946 995 976 est
1010 939 1224 977 Urbanum
1240 940 1295 977 Vl
1310 942 1433 990 paulo
1448 951 1541 992 post
1556 945 1803 986 creationem

111 1010 223 1033 suam
262 1010 439 1034 cassasse
478 1005 519 1035 et
557 1010 767 1035 revocasse
806 997 999 1035 comitem
1042 998 1277 1036 Fundorum
1315 1000 1366 1037 ab
1405 1001 1535 1039 officio
1576 1013 1803 1045 rectoratus

111 1055 355 1105 Campaniae
381 1056 458 1093 sibi
483 1055 688 1095 commissi
713 1070 784 1106 pel
808 1064 975 1094 sanctae
1002 1056 1220 1096 memoriae
1247 1055 1460 1098 dominum
1486 1062 1739 1127 Gregorium,
1766 1074 1806 1104 et

110 1113 260 1152 ibidem
277 1123 476 1153 rectorem
491 1114 718 1153 instituisse
735 1115 949 1154 dominum
966 1116 1168 1155 Thomam
1184 1116 1232 1154 de
1250 1117 1401 1156 Sancto
1419 1119 1495 1157 Sev
1500 1121 1625 1168 erino‚
1642 1138 1806 1174 respon-

109 1172 171 1210 dit
185 1188 225 1211 se
241 1173 378 1211 audix
369 1188 444 1212 isse
461 1173 540 1212 dici
555 1181 604 1211 ut
617 1173 729 1212 illic1
746 1173 997 1221 continetur,
1012 1183 1045 1212 et
1059 1176 1331 1226 quodpropter
1344 1178 1412 1215 ΙιοιἸ
1426 1193 1549 1216 comes
1574 1181 1815 1221 Fandorurn

104 1233 304 1270 rebellavit
323 1247 411 1270 cum
429 1233 659 1282 Campania
677 1241 711 1271 et
729 1233 922 1282 Anagnia
943 1242 1076 1271 contra
1094 1249 1244 1284 papam
1266 1236 1487 1283 Lrlmnum,
1503 1247 1538 1276 et
1558 1239 1658 1278 zdem
1679 1242 1804 1280 Urba

108 1305 184 1328 nus
199 1292 276 1329 loco
292 1292 386 1329 dicti
402 1292 556 1330 comitis
570 1292 661 1341 jecit
675 1292 853 1330 comitem
868 1293 912 1329 de
927 1292 1156 1342 Campania
1173 1295 1304 1332 domin
1312 1310 1378 1332 am
1397 1296 1587 1335 leomam
1602 1301 1646 1336 de
1662 1300 1805 1339 Sancto

107 1350 290 1388 Severino
323 1365 512 1400 magnum
546 1351 729 1389 baronem
760 1351 871 1400 regni
906 1351 1179 1401 Neapolitani,
1212 1354 1279 1402 qni
1311 1362 1365 1392 est
1397 1356 1586 1394 inimicas
1617 1360 1804 1409 capitalis

104 1410 258 1447 comitis
294 1411 542 1456 Fandorum,
578 1419 612 1447 et
647 1411 836 1448 revocavit
873 1411 1019 1448 dictum
1055 1412 1232 1449 comitem
1268 1413 1501 1452 thndoram
1539 1417 1582 1453 de
1617 1419 1802 1457 comitata

105 1469 328 1518 Campanie
353 1478 563 1519 antequam
589 1471 801 1507 recederent
827 1470 1048 1507 cardinales
1073 1472 1118 1508 de
1144 1472 1282 1519 Roma,
1312 1481 1352 1510 at
1376 1473 1456 1510 sibi
1482 1475 1644 1514 videtur.
1674 1477 1801 1516 Addit

105 1528 282 1566 Thomas
312 1528 569 1575 Gundisalvi,
596 1528 877 1567 thesaurarius
909 1529 1112 1568 Ecclesiae
1142 1529 1510 1580 Compostellanae,
1540 1534 1799 1574 Honoratum

104 1596 320 1637 propterea
349 1588 566 1626 excessisse
594 1588 692 1625 urbe
722 1588 866 1626 Roma.
897 1588 960 1626 Sic
988 1588 1096 1627 enim
1124 1589 1273 1638 legitur
1299 1590 1339 1627 in
1367 1591 1453 1640 ejus
1484 1592 1769 1643 depositi0ne2
1793 1616 1799 1634 ;

102 1646 218 1684 Dixit
229 1661 269 1683 se
283 1647 485 1684 audivisse
500 1648 602 1697 quod
618 1647 744 1685 dictas
758 1648 899 1684 electas
922 1656 1163 1685 revocaverat
1178 1650 1222 1686 de
1237 1657 1425 1687 rector-atu
1442 1651 1665 1702 Campanie
1684 1656 1800 1692 comi-

103 1713 177 1742 tem
202 1706 448 1752 Fandoram,
471 1706 535 1743 cni
561 1706 675 1744 illam
697 1707 851 1744 dederat
872 1721 982 1756 papa
1011 1708 1236 1755 Gregorius,
1259 1717 1292 1746 et
1315 1708 1385 1746 iste
1406 1710 1510 1748 dedit
1531 1726 1620 1749 eam
1642 1714 1800 1751 domino

106 1764 250 1801 leome
267 1766 311 1802 de
329 1765 473 1803 Sancto
491 1765 690 1803 Severino.
710 1765 760 1802 Et
777 1766 823 1803 ob
841 1766 942 1803 lianc
959 1780 1120 1803 causam
1138 1766 1265 1804 dictus
1282 1782 1406 1805 comes
1423 1771 1576 1808 recessit
1598 1772 1642 1809 de
1660 1773 1799 1820 Roma,

101 1831 135 1860 et
152 1824 232 1872 fait
250 1824 410 1873 effectas
432 1824 622 1862 inimicas
642 1824 736 1861 dicti
756 1824 877 1870 electi,
898 1833 931 1862 et
952 1825 1078 1862 noluit
1097 1827 1245 1863 tradere
1264 1828 1549 1876 possessionem
1571 1830 1665 1868 dicti
1685 1841 1798 1869 recto-

101 1890 211 1920 ratus
228 1883 329 1920 dicto
348 1884 505 1921 domino
527 1883 684 1930 Thome,
704 1885 963 1933 pretendendo
981 1884 1250 1922 accusationes
1269 1888 1370 1934 qnod
1387 1888 1588 1925 tenebatur
1604 1890 1684 1927 sibi
1702 1906 1800 1928 saus

100 1943 343 1990 predecessor
366 1943 407 1979 in
433 1958 514 1980 nna
536 1943 751 1992 quantitate
770 1943 951 1992 pec-anie,
975 1951 1008 1980 et
1030 1957 1108 1980 non
1139 1945 1302 1982 traderet
1336 1947 1453 1983 donec
1484 1948 1697 1986 restitueret
1718 1950 1798 1987 sihi

100 2001 324 2050 pecuniam.
351 2002 495 2040 Petrus
519 2016 614 2040 vero
642 2002 1060 2040 Rodericicanonicus
1088 2003 1290 2041 Ecclesiae
1315 2004 1602 2054 Cordubensis,
1626 2007 1793 2046 interro*

101 2067 219 2108 gatus
247 2075 369 2111 super
395 2061 540 2099 eodem
568 2075 663 2099 casu
692 2060 812 2111 primi
839 2060 970 2107 electi!
993 2061 1120 2099 tradit
1149 2061 1239 2100 ideo
1261 2062 1375 2101 illum
1403 2064 1598 2103 restitisse
1630 2066 1796 2104 Urbano

100 2120 328 2168 reposcenti
355 2119 599 2169 Anagniam,
625 2134 750 2169 quam
775 2134 908 2158 comes
934 2121 1116 2158 habebat
1140 2121 1180 2158 in
1206 2130 1427 2171 potestate,
1454 2124 1547 2172 quia
1564 2124 1580 2146 3
1603 2126 1795 2163 civitatem

100 2178 288 2226 Anagnie
311 2179 605 2228 ypotltecaverat
630 2179 730 2216 dicto
763 2179 895 2216 comiti
922 2180 1156 2216 innslorum
1189 2196 1298 2230 papa
1331 2181 1541 2230 Gregorius
1575 2198 1645 2232 pro
1670 2185 1796 2222 decem

101 2236 279 2274 millibus
307 2238 560 2286 florenorum.
598 2238 806 2276 Intellexit
838 2238 983 2276 deinde
1021 2238 1207 2276 Urbanus
1242 2249 1442 2288 quantam
1474 2242 1693 2290 perniciem
1720 2244 1796 2281 sibi

99 2296 319 2334 creavisset
349 2311 475 2346 quum
508 2297 769 2334 Honoratum
799 2297 846 2334 de
877 2297 1122 2346 magistratu
1152 2298 1399 2347 Campaniae
1429 2300 1616 2338 dimovit.
1651 2302 1795 2352 Itaque

98 2354 212 2392 illum
228 2363 370 2405 postea
388 2355 550 2393 studuit
566 2356 606 2392 in
621 2364 758 2405 partes
773 2370 865 2393 suas
881 2357 1101 2394 retrahere.
1120 2356 1182 2394 Sic
1198 2357 1306 2395 enim
1321 2358 1523 2406 legitur'in
1539 2359 1795 2409 depositione

99 2413 230 2451 Alexii
245 2414 355 2452 Petri
374 2414 488 2452 Pauli
505 2415 684 2461 Henrici,
699 2414 797 2453 civis
816 2415 992 2453 Romani
1007 2414 1022 2437 4
1039 2431 1045 2452 :
1065 2415 1161 2452 Item
1176 2416 1384 2465 dicitquod
1402 2417 1486 2466 ipse
1495 2418 1574 2466 fuit
1588 2420 1796 2468 deputatus

98 2486 166 2522 per
187 2473 367 2510 dominos
392 2473 508 2511 istius
533 2473 643 2510 urbis
668 2482 708 2511 at
732 2474 802 2511 iret
823 2474 874 2511 ad
896 2474 1072 2511 comitem
1097 2474 1331 2511 Fundanam,
1353 2475 1389 2512 si
1411 2485 1539 2525 posset
1559 2477 1685 2525 facere
1707 2494 1796 2516 cam

96 2545 139 2568 eo
157 2540 198 2569 at
214 2532 368 2570 liaberet
384 2532 606 2570 amicitiam
622 2547 711 2570 cam
728 2533 868 2578 Roma,
885 2541 918 2570 et
935 2532 1036 2570 (lixit
1051 2533 1131 2569 sibi
1148 2534 1250 2582 qaod
1264 2548 1415 2571 summe
1433 2536 1652 2573 mirabatur
1668 2552 1793 2587 popa-

96 2591 159 2627 lus
181 2591 387 2628 Romanas
408 2605 527 2640 quare
549 2591 697 2628 volebat
716 2591 842 2639 facere
863 2591 942 2628 sibi
964 2592 1197 2641 dampnum,
1218 2607 1307 2629 cam
1326 2593 1406 2642 ipsi
1428 2602 1462 2630 et
1482 2594 1556 2631 alii
1579 2595 1728 2632 nobiles
1751 2598 1794 2633 de

98 2649 277 2686 districta
296 2650 474 2687 deberent
491 2658 592 2687 stare
609 2664 681 2699 pro
699 2650 841 2686 honore
860 2650 1142 2688 Romanorum.
1166 2651 1262 2688 Item
1280 2652 1463 2700 promisit
1480 2653 1560 2690 sibi
1580 2653 1650 2691 iste
1669 2669 1791 2692 ιιηιιηι

94 2708 323 2745 comitatam
344 2717 378 2746 et
397 2708 481 2746 alia
501 2723 547 2745 eat
567 2717 677 2758 parte
698 2709 968 2746 Romanorum
989 2717 1022 2745 et
1042 2723 1087 2746 esc
1107 2717 1216 2758 parte
1236 2724 1352 2759 pape.
1380 2711 1450 2747 Ille
1470 2712 1672 2761 respondit
1693 2715 1794 2763 qaod

97 2767 181 2816 ipse
206 2767 371 2804 habebat
394 2767 575 2804 animam
598 2776 632 2805 et
657 2768 805 2804 volebat
828 2775 928 2804 stare
953 2782 1024 2816 pro
1049 2768 1217 2805 veritate.
1247 2767 1354 2805 Nam
1378 2783 1510 2806 omnes
1541 2770 1687 2809 Ytalici
1714 2787 1791 2810 non

91 2834 252 2875 possent
275 2825 456 2863 animam
479 2826 566 2874 ejus
590 2827 755 2864 salvare.
783 2826 832 2863 Et
857 2826 1106 2875 promittebat
1130 2834 1164 2863 et
1186 2827 1348 2874 jurabat
1370 2828 1451 2864 Deo
1476 2830 1578 2878 quod
1604 2830 1688 2879 ipse
1714 2846 1791 2868 non

144 2969 176 3001 1.
206 2968 274 3002 Ms.
304 2969 388 3008 cite,
416 2968 479 3001 fol.
509 2968 575 3001 141
605 2972 648 3001 r0.

145 3022 175 3054 2.
206 3021 274 3055 Ms.
299 3022 384 3061 cite,
408 3021 471 3054 fol.
496 3021 566 3054 167
589 3025 632 3054 r0.

143 3075 176 3108 3.
207 3074 274 3108 Ms.
291 3074 376 3114 cite,
391 3074 454 3107 fol.
472 3074 542 3107 149
556 3078 599 3107 r0.

142 3127 175 3160 4.
207 3127 274 3160 Ms.
299 3127 383 3167 cite,
406 3127 469 3160 fol.
494 3127 539 3160 69
562 3131 612 3160 νο.
