2083 3458
50 222 174 278 [759]
576 237 794 263 PAPARUM
830 235 1215 261 AVENIONENsmM
1655 218 1735 260 261

34 322 233 371 homines,
259 335 434 372 quorum
456 320 611 371 primus
636 321 711 358 sub
734 319 946 358 Bonifacio
970 319 1074 357 VIII
1098 318 1261 367 vixerit,
1287 319 1390 357 alter
1413 318 1624 356 Benedicti
1656 316 1739 355 XII

35 381 297 433 pontificatU‚
313 379 459 419 tertius
476 379 580 418 circa
596 393 751 417 annum
766 378 991 417 MDXXX.
1009 378 1198 417 Ceterum
1212 378 1321 416 hunc
1337 377 1593 415 Armandum
1611 376 1741 416 eidem

38 440 287 490 Raymundo
321 438 518 477 cardinali
552 438 691 476 Sancti
714 438 893 487 Eusebii,
916 452 996 487 quo
1030 436 1208 475 maxime
1242 436 1498 475 familiariter
1531 435 1740 482 utebatur,

37 499 192 538 dicasse
221 497 347 537 etiam
376 497 695 536 declarationem
724 497 994 535 terminorum
1022 504 1110 533 tam
1139 494 1381 544 theologiae,
1412 509 1537 544 quam
1565 495 1741 545 philoso-

35 557 156 609 phiae
182 572 228 597 ac
254 557 408 607 logicae
434 555 575 594 scribit
602 555 840 594 Ambrosius
869 556 917 594 de
944 555 1159 593 Altamura
1198 554 1251 605 [p.
1282 553 1379 604 115]
1410 554 1478 604 qui
1506 555 1636 591 multa
1664 553 1741 591 alia

37 617 123 667 ejus
163 630 284 667 opera
321 623 516 654 recenset.

90 675 269 714 Jacobus
294 674 506 725 Philippus
531 674 773 712 Tomasinus
797 673 839 711 in
862 673 1049 722 Catalogo
1072 672 1264 711 librorum
1287 686 1376 711 mss.
1403 671 1600 709 Ecclesiae
1623 671 1742 709 Pata-

37 735 151 773 vinae
183 733 324 773 scribit
355 742 495 772 extare
526 732 568 770 in
590 747 636 771 ea
669 732 918 771 bibliotheca
942 732 1271 782 metaphysicam
1293 730 1429 769 fratris
1463 729 1661 768 Armandi
1694 729 1742 768 de

36 793 256 842 Bellovisu,
286 792 438 831 ordinis
467 791 817 848 praedicatorum,
846 792 948 829 sacri
976 791 1121 841 palatii
1148 790 1347 840 magistri,
1376 804 1460 828 esse
1500 797 1640 828 autem
1668 789 1743 827 hoc

39 867 138 904 opus
161 851 480 891 declarationem
502 850 727 889 difficilium
749 851 954 889 dictorum
974 850 1014 887 in
1037 849 1254 899 theologia.
1278 849 1455 887 Thomas
1478 848 1681 886 Jamesius
1702 846 1743 884 in

38 912 184 961 Ecloga
211 909 723 959 oxonio-Cantabrigiensi,
752 924 791 960 p.
822 908 884 956 64,
913 909 1037 947 refert
1066 916 1205 947 extare
1232 907 1274 945 in
1302 907 1551 946 bibliotheca
1580 906 1743 957 publica

38 970 272 1009 academiae
309 969 655 1019 Cantabrigiensis
680 967 955 1019 responsiones
980 967 1162 1016 magistri
1186 967 1399 1013 Armandi,
1426 966 1609 1015 magistri
1641 965 1744 1003 sacri

38 1029 195 1080 palatii,
217 1029 262 1067 de
282 1028 417 1066 ordine
431 1028 767 1076 Praedicatoram,
783 1027 835 1065 ad
851 1025 904 1064 19
916 1027 1102 1064 articulos
1123 1040 1167 1063 ea·
1184 1034 1293 1076 parte
1317 1019 1571 1063 beaiitudinis
1592 1032 1743 1075 aposto-

38 1089 134 1127 licae
161 1088 301 1126 missos
325 1087 530 1125 Armando
556 1087 692 1124 rectori
716 1087 820 1124 sacri
845 1086 1002 1136 palatii,
1030 1099 1076 1123 ac
1102 1093 1313 1135 praeterea
1340 1085 1556 1134 epistolam
1582 1083 1669 1133 ejus
1695 1083 1744 1122 de

38 1147 242 1186 dominica
272 1146 428 1186 visione
458 1161 528 1185 seu
557 1145 606 1184 de
635 1145 791 1184 visione
822 1144 1027 1183 beatifica.
1060 1143 1258 1194 Ejusdem
1288 1142 1487 1181 Armandi
1516 1143 1642 1181 frater
1672 1150 1745 1180 aut

39 1206 362 1257 consanguineus
390 1206 513 1244 fuisse
540 1205 705 1243 videtur
733 1204 912 1243 Jacobus
941 1204 989 1242 de
1015 1203 1236 1250 BeHovisu,
1265 1202 1380 1252 cujus
1409 1201 1745 1240 Commentarium

37 1266 79 1305 in
100 1266 225 1305 libros
249 1265 466 1304 feudorum
487 1264 634 1302 laudat
653 1263 845 1313 Aegidius
865 1263 1092 1301 Bellamera
1112 1261 1153 1299 in
1177 1275 1265 1312 cap.
1289 1261 1480 1308 Ceteram,
1494 1261 1553 1298 De
1565 1259 1742 1309 judiciis.

92 1325 271 1363 Jacobus
303 1324 352 1363 de
381 1323 588 1362 Bellovisu
619 1322 781 1373 scripsit
812 1322 1035 1360 practicam
1063 1320 1324 1370 judiciariam
1366 1320 1511 1370 [Lyon,
1545 1318 1668 1370 1515]
1704 1319 1746 1356 in

39 1384 215 1422 materiis
257 1383 550 1431 criminalibus,
588 1381 682 1420 vide
725 1381 961 1431 Catalogam
1003 1380 1195 1419 librorum
1237 1380 1392 1428 collegii
1436 1378 1474 1417 S.
1521 1377 1746 1425 Illartialig

40 1443 219 1482 Joannes
237 1441 429 1493 Baptista
445 1441 492 1480 de
509 1441 727 1491 Gazalupis
746 1440 788 1478 in
807 1448 991 1478 tractatu
1003 1439 1063 1477 De
1082 1439 1192 1477 modo
1209 1438 1393 1476 studendi
1414 1438 1456 1475 in
1471 1446 1629 1487 atroque
1646 1436 1745 1486 jare,

40 1502 109 1552 qui
137 1502 271 1541 editus
301 1510 363 1540 est
392 1509 486 1551 post
520 1500 830 1538 Vocabalariam
856 1499 961 1549 juris
992 1497 1220 1537 sebastiani
1249 1497 1377 1536 Brant
1395 1497 1406 1519 ¹
1448 1497 1501 1547 [p.
1534 1495 1745 1546 236-255].

40 1561 219 1600 Jacohus
246 1561 294 1599 de
319 1560 482 1599 Belviso
507 1560 605 1610 legit
631 1559 791 1609 saepius
817 1558 968 1597 librum
994 1557 1329 1596 authenticorum
1355 1564 1396 1595 et
1423 1556 1519 1594 fecit
1546 1555 1745 1606 optimam

39 1622 238 1659 lecturam
255 1634 376 1670 super
391 1619 460 1658 1110
477 1618 600 1666 libr03
620 1619 772 1657 citatur
788 1632 810 1654 a
830 1618 989 1655 ,Ioanne
1008 1616 1182 1665 Surgeti.
1198 1616 1297 1665 Ejus
1317 1615 1501 1653 fortassis
1520 1622 1617 1653 sunt
1633 1628 1744 1664 repe-

39 1679 204 1718 titiones
220 1693 340 1729 saper
351 1678 513 1727 Digesto
529 1677 643 1715 veteri
654 1685 688 1715 et
698 1677 840 1715 Codice
854 1677 895 1714 in
913 1676 1049 1715 codice
1062 1674 1139 1713 338
1150 1675 1422 1713 bibliothecae
1439 1673 1698 1712 Colbertinae
1714 1673 1744 1712 ².

91 1738 210 1776 Anno
243 1737 587 1785 MCCCXXXIV,
621 1736 684 1774 die
717 1735 840 1774 tertia
873 1735 1112 1782 decembris,
1147 1734 1327 1773 Joannes
1362 1733 1490 1770 XXII
1523 1733 1745 1770 moriturus

39 1798 147 1836 hunc
178 1796 474 1847 Raymundum
503 1796 554 1834 ad
583 1810 624 1834 se
654 1810 747 1834 cum
775 1796 863 1833 aliis
893 1794 1168 1833 cardinalibus
1199 1792 1420 1831 evocavit3
1448 1800 1495 1830 ut
1525 1805 1661 1830 coram
1690 1791 1744 1829 eis

39 1865 244 1907 promeret
266 1869 406 1894 veram
428 1854 678 1894 sententiam
701 1868 817 1892 suam
840 1854 888 1892 de
912 1853 1067 1892 visione
1091 1852 1284 1891 beatifica
1307 1851 1538 1889 animarum
1561 1865 1583 1888 a
1607 1864 1746 1900 corpo-

38 1915 149 1954 ribus
172 1923 476 1966 separatarum3
501 1913 623 1952 Odor.
651 1913 870 1963 Raynald„
894 1927 946 1950 an
986 1912 1099 1959 1334,
1130 1911 1146 1960 ἓ
1169 1911 1229 1950 36.

95 1975 141 2012 In
167 1974 312 2012 Octava
338 1963 427 2018 uita³
442 1972 645 2010 Benedicti
671 1972 779 2019 XII,
808 1987 845 2021 p.
875 1971 963 2019 236,
993 1971 1192 2021 scriptum
1219 1978 1281 2008 est
1308 1984 1400 2008 eum
1428 1969 1567 2008 fecisse
1595 1969 1744 2005 multas

39 2033 350 2072 reformationes
374 2032 669 2083 monachorum
694 2031 901 2081 nigrorum
924 2039 965 2068 et
991 2031 1138 2067 harum
1166 2029 1508 2068 reformationum
1539 2036 1746 2078 promoto-

39 2107 124 2132 rem
164 2101 205 2131 et
245 2092 556 2142 compilatorem
585 2091 719 2129 fuisse
762 2090 929 2128 Petrum
971 2089 1263 2127 Carnotensem
1305 2087 1553 2126 cardinalem
1596 2085 1746 2124 ordinis

40 2152 335 2190 monachorum
356 2150 577 2200 nigrorum.
602 2150 704 2187 Cum
725 2157 866 2187 autem
888 2149 1021 2186 nullus
1045 2161 1091 2186 ea
1112 2154 1362 2198 tempestate
1384 2146 1508 2185 fuerit
1530 2145 1746 2184 cardinahs

41 2210 191 2249 ordinis
222 2207 594 2248 saneti'Benedicti
624 2216 786 2258 praeter
815 2208 924 2246 hunc
956 2206 1253 2256 Raymundum
1282 2204 1508 2244 necessario
1538 2205 1596 2242 ita
1628 2204 1746 2248 corri-

41 2270 194 2320 gendus
212 2268 378 2307 videtur
395 2269 459 2307 hic
477 2268 588 2306 locus
607 2275 654 2305 ut
672 2267 772 2305 haec
790 2266 961 2305 historia
980 2266 1031 2303 ad
1051 2280 1144 2304 eum
1162 2265 1375 2313 referatur,
1394 2264 1635 2315 praesertim
1654 2276 1746 2301 cum

41 2343 91 2367 ex
113 2327 247 2367 verbis
272 2326 471 2365 Armandi
495 2327 543 2364 de
566 2326 772 2365 Bellovisu
796 2326 919 2376 paulo
943 2333 1039 2363 ante
1064 2323 1277 2374 descriptis
1302 2330 1463 2362 constet
1484 2323 1597 2361 illum
1624 2322 1746 2360 fuisse

40 2387 175 2425 virum
205 2387 374 2424 doctum
404 2394 445 2424 et
474 2384 768 2436 pelitissimum
798 2383 1035 2434 disciplinae
1065 2382 1375 2430 ecclesiasticae,
1407 2382 1591 2431 adeoque
1621 2380 1746 2419 etiam

42 2447 306 2485 monasticae.

94 2505 214 2543 Anno
246 2503 566 2550 MCCCXXXV,
601 2502 874 2552 Raymundus
907 2509 1122 2551 exemptus
1155 2509 1217 2539 est
1247 2500 1367 2538 rebus
1400 2498 1602 2538 humanis.
1637 2498 1744 2536 -Illud

42 2564 167 2602 ferme
191 2577 263 2614 pro
289 2570 399 2601 certo
422 2562 612 2600 habetur.
640 2561 699 2600 De
723 2561 786 2600 die
811 2575 893 2599 non
915 2561 975 2599 ita
1000 2561 1261 2610 exploratum
1285 2566 1358 2598 est.
1385 2557 1597 2597 Ciaconius
1633 2556 1678 2607 [t.
1703 2570 1745 2605 11,

43 2624 116 2662 col.
142 2621 242 2672 425]
270 2635 364 2660 eum
389 2620 534 2660 obiisse
559 2620 701 2668 scribit
725 2619 829 2670 prid.
854 2619 945 2657 idus
972 2618 1060 2669 [14]
1089 2618 1280 2665 octobris,
1307 2616 1560 2656 Contelorius
1589 2616 1642 2666 [p.
1669 2615 1741 2665 31]

43 2681 106 2720 die
133 2680 375 2719 duodecima
400 2679 635 2718 novembris
650 2679 677 2717 ⁴¹.
707 2679 895 2729 Nuperus
923 2678 1096 2728 scriptor
1121 2677 1348 2715 Annalium
1376 2676 1662 2713 Tolosanoram
1686 2674 1745 2712 ait

42 2755 83 2779 se
103 2739 143 2778 in
165 2738 414 2778 revelatione
437 2738 653 2788 cujusdam
673 2737 903 2788 presbyteri
925 2737 973 2775 de
996 2736 1182 2786 Altaripa
1204 2743 1294 2773 tum
1316 2734 1467 2785 scripta
1489 2734 1630 2783 legisse
1652 2745 1745 2771 eum

92 2885 123 2918 1.
147 2885 354 2919 Titalorum
372 2885 539 2918 omnium
555 2883 653 2928 juris
672 2889 746 2917 tam
765 2883 885 2917 civilis
903 2894 1013 2927 qaam
1032 2882 1200 2915 canonici
1220 2881 1406 2925 expositio,
1425 2880 1480 2913 ed.
1505 2880 1549 2912 de
1571 2879 1745 2923 Cologne,

42 2938 192 3025 ffiii'ss.
222 2991 280 3031 N.,
308 3002 375 3024 ms.
402 2989 499 3023 latin
523 2988 627 3029 4433,
655 2989 680 3022 f.
709 2989 777 3023 259
802 2990 846 3022 ro.

92 3045 124 3077 3.
151 3043 297 3077 Denifle
321 3049 359 3076 et
382 3041 590 3082 Chatelain,
616 3041 902 3081 Chartalarium,
928 3047 954 3075 t.
978 3053 1015 3081 11,
1041 3053 1076 3075 n.
1103 3041 1183 3080 987,
1209 3052 1243 3084 p.
1269 3040 1350 3073 440.

92 3097 124 3130 4.
148 3097 178 3129 Il
197 3101 351 3129 mourut
368 3096 401 3129 le
420 3096 466 3128 12
486 3095 691 3150 novembre
709 3095 803 3129 1335
827 3094 961 3138 (Vidal‚
983 3099 1008 3127 t.
1028 3106 1066 3134 11,
1087 3106 1122 3138 p.
1144 3093 1241 3136 426).
