2083 3458
79 231 190 288 [864]
598 247 814 271 PAPARUM
851 245 1237 271 AVENIONENSIUM
1678 233 1761 275 373

66 330 150 368 Nos
172 331 224 368 ad
245 331 401 368 laudem
423 337 456 367 et
480 329 646 378 gloriam
668 329 948 378 omnipotentis
967 328 1043 365 Dei
1066 330 1192 379 patris
1215 338 1248 367 et
1271 329 1349 379 filii
1371 339 1404 367 et
1428 330 1606 380 Spiritus
1630 332 1766 370 Sancti

63 397 96 427 et
131 390 233 427 beate
265 404 310 427 ac
342 388 506 438 gloriose
536 402 761 437 semperque
793 388 963 436 virginis
991 387 1068 425 Dei
1101 388 1302 437 genitricis
1335 389 1470 426 *Marie
1501 398 1534 427 et
1569 390 1765 429 beatorum

63 448 341 498 Apostolorum
370 448 478 484 Petri
507 455 540 484 et
568 447 691 484 Pauli
720 454 753 483 et
781 447 1057 483 exultationem
1086 455 1119 484 et
1147 447 1329 485 honorem
1358 448 1529 486 Ecclesie
1557 457 1590 487 et
1621 449 1764 488 bonum

61 515 94 545 et
121 507 403 557 promotionem
434 505 593 555 imperii
622 513 656 542 et
683 519 915 554 prosperum
943 513 1088 542 statum
1117 506 1256 543 mundi
1281 507 1324 543 de
1346 507 1515 556 fratrum
1544 517 1764 546 nostrorum

60 565 225 614 consilio
245 565 392 603 dictum
411 564 608 602 Karolum
630 564 672 601 in
691 563 901 613 specialem
918 572 1092 601 nostrum
1111 573 1145 602 et
1163 565 1333 602 Ecclesie
1355 566 1483 615 filium
1504 567 1764 617 suscipimus,

60 625 96 662 ei
113 632 261 662 nostros
276 624 447 673 savorem
463 631 497 660 et
513 623 682 672 gratiam
699 623 956 669 concedentes,
978 623 1182 673 ipsiusque
1203 638 1372 673 persona
1395 625 1546 674 ydonea
1570 635 1763 676 reputata,

59 684 236 721 eumdem
259 682 526 729 nominamus,
550 681 846 727 denuntiamus,
869 682 1125 729 assumimus,
1149 690 1183 719 et
1205 683 1448 721 declaramus
1471 699 1597 733 regem
1619 685 1762 723 Roma—

59 756 212 789 norum,
237 741 368 791 ipsius
389 741 675 791 approbantem
696 753 918 789 personam,
941 755 1103 790 eumque
1123 741 1377 790 sufficientem
1394 751 1427 780 et
1447 743 1617 780 habilem
1640 745 1762 782 decla-

57 815 192 838 ramus
224 801 276 838 ad
306 800 603 850 suscipiendam
638 799 860 848 imperialis
892 799 1140 837 celsitudinis
1166 800 1411 849 dignitatem,
1445 816 1490 839 ac
1522 803 1764 840 decernentes

58 859 293 906 unctionem,
309 859 649 905 consecrationem,
665 866 699 895 et
712 857 1000 895 coronationem
1017 858 1261 908 imperialem
1275 874 1344 909 per
1358 875 1502 898 manus
1517 870 1669 899 nostras
1682 862 1763 899 sibi

55 916 262 968 oportunis
297 918 376 955 loco
412 926 446 955 et
480 925 648 967 tempore
685 917 982 966 impendendas,
1019 918 1247 967 supplentes
1283 919 1567 957 nichilominus
1609 935 1762 958 omnem

56 977 257 1026 desectum,
284 977 320 1014 si
347 976 435 1027 quis
461 985 529 1014 aut
552 976 702 1013 ratione
725 975 847 1025 forme
869 983 938 1013 aut
958 976 1109 1013 ratione
1128 991 1291 1026 persone
1315 992 1383 1015 sue
1401 986 1479 1030 *aut
1501 993 1762 1028 personarum

53 1036 258 1074 electorum
276 1050 439 1073 suorum
457 1050 526 1073 seu
545 1049 590 1073 ex
609 1035 747 1085 quavis
766 1035 849 1072 alia
869 1035 1019 1072 ratione
1037 1035 1118 1072 sive
1135 1050 1253 1072 causa
1276 1036 1319 1073 in
1335 1037 1515 1074 electione
1532 1037 1761 1086 hujusmodi

55 1094 302 1133 intervenerit
325 1094 460 1145 quovis
484 1094 608 1141 modo,
632 1108 678 1131 ea:
700 1101 801 1131 certa
822 1093 989 1131 scientia.
1011 1102 1045 1131 et
1068 1094 1112 1131 de
1134 1095 1344 1143 apostolice
1367 1096 1615 1144 plenitudine
1637 1105 1761 1146 potes-

56 1153 160 1201 tatis,
188 1154 448 1204 precipientes
474 1154 592 1190 etiam
619 1152 805 1190 omnibus
833 1152 1017 1201 fidelibus
1044 1160 1078 1190 et
1099 1152 1281 1190 vassallis
1309 1154 1469 1204 imperii
1491 1163 1531 1192 ut
1554 1155 1633 1192 sibi
1660 1156 1762 1193 sicut

54 1213 136 1262 regi
156 1213 427 1250 Romanorum
448 1213 491 1249 in
512 1212 784 1262 imperatorem
804 1212 1064 1261 promovendo
1083 1220 1249 1261 pareant
1267 1213 1468 1262 efficaciter
1487 1222 1521 1251 et
1541 1214 1757 1252 intendant.

21 1266 24 1268 ’
108 1271 150 1310 Ρ.
174 1271 263 1319 246,
286 1271 353 1321 lig.
379 1272 413 1310 7.
442 1272 488 1308 IN
513 1285 667 1309 oppmo
689 1271 932 1308 BUNNENs1.
967 1270 1073 1309 Nam
1097 1272 1160 1319 (ut
1182 1271 1302 1309 docet
1328 1270 1591 1311 Innocentius
1619 1274 1686 1320 IV,
1717 1274 1758 1311 in

53 1344 141 1380 cap.
172 1330 457 1377 Venerabilem,
479 1330 539 1367 De
561 1330 680 1378 elect.)
707 1329 738 1367 si
762 1329 987 1379 imperator
1011 1344 1205 1368 coronam
1228 1330 1269 1367 in
1292 1331 1380 1369 loco
1406 1331 1545 1369 debito
1582 1332 1759 1382 recipere

51 1403 135 1427 non
161 1390 304 1439 possit,
333 1389 597 1428 nihilominus
624 1389 920 1426 auctoritatem
947 1388 1209 1426 ministrandi
1236 1389 1288 1426 ab
1316 1390 1621 1440 archiepiscopo
1645 1392 1757 1429 Colo·

53 1447 183 1486 niensi
211 1456 351 1498 posset
379 1448 569 1498 recipere.

105 1507 148 1546 P.
174 1507 262 1554 246,
285 1507 351 1557 lig.
378 1507 438 1545 12.
464 1508 745 1545 GUILLELMUS
770 1521 825 1543 DE
847 1507 1078 1545 LAUDUNO.
1097 1507 1330 1545 Ber-nardus
1350 1507 1547 1546 Guidonis
1575 1508 1615 1546 in
1639 1508 1755 1546 Cata·

52 1566 138 1615 logo
169 1566 462 1616 Episcoporum
496 1567 782 1603 Tolosanorum
815 1579 828 1602 .·
862 1565 1000 1603 Frater
1035 1565 1271 1603 Guillelmus
1304 1567 1347 1604 de
1379 1566 1576 1604 Lauduno
1605 1567 1759 1605 ordinis

51 1624 221 1674 fratrum
251 1625 562 1673 Predicatorum,
594 1625 638 1662 de
668 1625 747 1662 loco
777 1624 844 1674 qui
875 1624 1020 1662 dicitur
1050 1625 1308 1672 Laudunum,
1351 1626 1549 1663 Uticensis
1579 1626 1757 1674 diocesis,

49 1684 175 1721 extitit
190 1684 397 1722 oriundus.
416 1684 497 1722 Hie
512 1683 697 1721 successit
714 1683 872 1721 domino
892 1683 1072 1721 Johanni
1089 1685 1133 1721 de
1150 1683 1361 1731 Convenis,
1379 1685 1594 1722 translatus
1612 1686 1655 1722 de
1672 1686 1759 1723 sede

54 1741 287 1790 Viennensi,
308 1751 342 1781 et
360 1743 489 1792 sactus
509 1743 831 1792 archiepiscopus
855 1743 1017 1780 Tholose
1037 1757 1106 1792 per
1126 1743 1391 1792 provisionem
1412 1752 1444 1781 et
1469 1744 1758 1782 ordinationem

50 1801 203 1839 domini
241 1802 441 1839 Johannis
474 1816 578 1852 pape
610 1801 762 1847 XXII,
800 1802 843 1838 in
874 1801 1044 1851 jejuniis
1087 1810 1253 1852 quatuor
1288 1810 1505 1852 temporum
1539 1803 1754 1841 Adventus.

50 1860 158 1898 Puto
185 1868 326 1900 autem
352 1875 446 1900 eum
472 1861 596 1899 fuisse
622 1869 769 1899 natum
796 1875 815 1899 e
842 1860 969 1898 nobili
996 1860 1172 1901 familia„
1195 1861 1354 1911 Quippe
1381 1861 1536 1912 reperio
1562 1862 1603 1899 in
1630 1870 1756 1900 testa—

49 1927 189 1957 mento
222 1920 332 1969 quod
363 1934 472 1958 anno
504 1920 781 1958 MCCCLXIV
813 1919 998 1958 condidit
1032 1919 1237 1970 Dalphina
1270 1921 1318 1958 de
1351 1921 1619 1967 Castronovo,
1654 1936 1757 1959 uxor

49 1977 208 2016 Nicolai
232 1979 281 2017 de
307 1978 484 2026 Judicia,
509 1979 670 2029 nepotis
696 1979 915 2017 Clementis
941 1979 1012 2025 VI,
1037 1979 1210 2018 amitam
1235 1979 1269 2017 ei
1295 1979 1417 2017 fuisse
1443 1980 1682 2029 Maragdam
1707 1980 1755 2018 de

49 2037 304 2076 Castronovo
324 2037 535 2076 dominam
555 2038 603 2076 de
624 2036 840 2084 Lauduno,
861 2046 901 2076 et
920 2037 961 2075 in
981 2038 1138 2076 schedis
1158 2038 1199 2075 in
1220 2038 1367 2087 quibus
1388 2047 1506 2076 extat
1533 2047 1755 2077 testamen-

48 2104 139 2135 tum
164 2096 264 2134 illud
290 2097 378 2146 lego
404 2097 585 2135 nobilem
610 2097 745 2134 virum
772 2096 1011 2135 Guillelmus
1039 2097 1087 2135 de
1115 2097 1316 2135 Lauduno
1343 2097 1616 2144 domicellum,
1644 2098 1753 2135 haud

48 2154 170 2193 dubie
194 2155 326 2194 filium
348 2155 580 2205 Maragdae,
602 2155 767 2206 petiisse
785 2164 832 2193 ut
851 2164 1151 2194 testamentum
1172 2156 1272 2193 illud
1293 2156 1511 2194 referretur
1533 2156 1574 2193 in
1597 2156 1754 2194 codices

47 2213 245 2264 publicos.
270 2214 485 2253 Praeterea
509 2215 556 2253 R.
581 2215 623 2252 P.
648 2215 827 2252 ,Ioannes
849 2215 1050 2261 Columbi,
1070 2215 1112 2252 in
1131 2215 1200 2253 lib.
1228 2216 1266 2252 ΙΙ
1284 2215 1343 2251 De
1363 2215 1478 2252 rebus
1499 2215 1615 2263 gestis
1635 2215 1754 2264 Epis-

48 2286 234 2322 coporum
263 2273 586 2321 Vasionensium,
611 2288 722 2312 num.
750 2273 812 2321 20,
837 2274 1007 2323 loquens
1034 2274 1082 2311 de
1108 2274 1309 2312 Willelmo
1335 2274 1382 2311 de
1410 2274 1623 2320 Lauduno,
1649 2274 1753 2311 sedis

46 2331 153 2370 illius
178 2331 382 2382 episcopo,
407 2332 466 2370 ait
489 2347 579 2371 eam
600 2340 763 2382 gentem
784 2332 831 2370 iis
854 2332 977 2370 fuisse
997 2332 1142 2383 opibus
1161 2347 1232 2382 per
1250 2332 1482 2371 inferiorem
1498 2332 1753 2370 Occitaniam

48 2398 89 2428 et
108 2397 198 2429 tam
217 2391 368 2433 multas
390 2391 591 2429 affinitate
613 2391 938 2441 cognationeque
959 2399 1098 2441 gentes
1120 2391 1336 2429 nobilitate
1357 2391 1558 2440 rebusque
1580 2391 1684 2429 bello
1711 2399 1752 2428 et

0 2440 5 2448 ¹
46 2463 146 2499 pace
171 2449 293 2499 gestis
316 2449 493 2488 illustres
518 2447 735 2500 contigisse
759 2458 805 2487 ut
829 2450 1048 2488 comitibus
1072 2449 1282 2488 Tolosanis
1309 2449 1453 2487 terrori
1482 2458 1599 2487 esset.
1626 2450 1749 2487 Porro

47 2507 252 2546 Guillelmi
278 2508 326 2547 de
353 2509 554 2547 Lauduno
582 2509 687 2547 filius
714 2509 837 2547 fuisse
862 2509 1027 2547 videtur
1054 2509 1326 2558 Raymundus
1358 2508 1546 2546 dominus
1574 2508 1621 2546 de
1649 2508 1752 2545 Lau-

48 2566 172 2614 duno,
204 2581 329 2617 nepos
357 2567 654 2620 archiepiscopi
684 2568 888 2615 Tolosani,
920 2567 1092 2605 maritus
1125 2567 1275 2605 Mariae
1307 2567 1355 2605 de
1386 2567 1596 2616 Agrifolio,
1629 2581 1752 2616 quam

47 2625 277 2663 extinctam
293 2626 416 2664 fuisse
433 2640 498 2665 an.
518 2626 777 2665 MCCCXCII
803 2627 958 2675 absque
982 2626 1118 2664 liberis
1145 2626 1294 2664 docent
1319 2633 1511 2676 excerpta
1537 2640 1587 2663 ex
1611 2625 1751 2674 Reges-

48 2683 98 2721 tis
130 2685 377 2734 parlamenti
411 2685 647 2723 Parisiensis
681 2685 791 2724 edita
824 2685 931 2723 inter
963 2684 1222 2722 Probationes
1254 2684 1440 2721 historiae
1472 2684 1753 2721 Cardinalium

54 2742 269 2790 Gallorum,
305 2757 397 2793 pag.
435 2744 523 2782 414.
563 2744 860 2793 Raymundum
895 2758 991 2782 Vero
1028 2743 1223 2782 maritum
1259 2743 1345 2792 ejus
1382 2743 1504 2781 fuisse
1541 2743 1675 2780 adhuc
1710 2742 1751 2779 in

46 2801 236 2840 humanis
265 2816 373 2839 anno
401 2802 712 2849 MCCCXCVII‚
742 2803 805 2840 die
833 2817 919 2839 xvn
948 2802 1195 2848 novembris,
1224 2809 1341 2851 patet
1369 2816 1419 2839 ex
1445 2801 1573 2839 veteri
1601 2801 1750 2838 instru-

48 2868 188 2898 mento
210 2860 317 2898 illius
341 2860 444 2899 aevi.

101 2918 340 2957 Guillelmus
358 2919 483 2968 igitur
499 2919 540 2957 in
556 2919 777 2969 juventute
796 2919 985 2956 addictus
1004 2918 1194 2956 sodalitio
1211 2918 1386 2956 fratrum
1403 2918 1750 2965 praedicatorum,

49 2991 141 3016 cum
161 2992 201 3015 se
219 2977 431 3015 literarum
451 2978 596 3016 studiis
617 2978 857 3023 addixisset,
876 2992 1126 3026 magnosque
1146 2991 1380 3026 progressus
1401 2977 1562 3015 fecisset
1575 2977 1616 3014 in
1631 2977 1750 3014 rebus

48 3036 299 3085 theologicis,
323 3036 431 3074 unde
454 3050 476 3074 a
500 3037 707 3075 Clemente
730 3037 802 3083 VI,
824 3036 893 3074 lib.
923 3036 989 3082 IV,
1014 3035 1131 3085 epist.
1159 3050 1298 3082 eLxxr,
1322 3044 1495 3073 vocatur
1517 3035 1579 3072 vir
1602 3037 1749 3073 multo-

46 3108 136 3131 rum
153 3095 393 3133 meritorum
408 3103 450 3133 et
465 3095 680 3133 eminentis
696 3095 903 3141 scientiae,
921 3095 972 3131 ad
988 3094 1219 3132 docendum
1234 3094 1483 3143 theologiam
1499 3095 1749 3132 constitutus
