2083 3458
257 231 340 272 496
905 245 1057 272 NOTAE
1090 247 1151 272 AD
1186 247 1314 273 virAs
1835 233 1961 289 [979]

314 334 355 369 [n
384 331 528 368 ultima
557 331 589 368 ei
617 330 767 367 accidit
795 330 994 379 quiddam
1018 340 1250 369 memoratu
1274 332 1457 382 dignum,
1491 334 1600 382 quod
1630 343 1772 372 narrat
1803 335 1961 373 Trithc-

257 394 359 430 nlius
380 392 420 429 in
441 389 635 427 Chronico
655 389 959 438 Hirsaugiensi,
980 398 1009 428 t.
1031 405 1071 439 11,
1093 406 1130 441 p.
1155 390 1243 439 257,
1265 391 1325 429 his
1346 392 1480 431 verbis
1500 408 1506 430 :
1528 392 1674 431 Nimia
1692 394 1800 432 enim
1828 402 1962 432 contra

259 450 509 501 Vicecomites
539 450 764 487 Mediolani
794 449 999 487 laborabat
1028 451 1306 500 indignatione
1333 460 1492 502 propter
1520 454 1797 492 contumeliam
1825 453 1875 491 ab
1903 454 1961 491 eis

250 520 485 561 susceptam,
517 524 634 560 quam
663 510 751 547 totis
781 510 982 548 vindicare
1011 510 1218 549 conatibus
1246 526 1399 561 semper
1427 513 1586 562 optavit.
1627 512 1736 550 Nam
1759 513 1887 550 adhuc
1916 513 1959 550 in

254 572 477 611 minoribus
512 570 606 607 olim
641 569 1063 618 constitutus,jubente
1100 570 1332 609 Innocentio
1365 572 1554 622 pontifice
1587 573 1861 610 Romanorum
1884 571 1956 619 VI,

249 632 399 670 litteras
426 631 616 682 quasdam
643 629 881 679 apostolicas
913 629 1220 668 Vicecomitibus
1247 640 1374 669 orator
1400 640 1435 670 et
1461 633 1629 670 nuntius
1656 647 1735 670 non
1760 632 1958 682 placentes

251 693 393 739 attulit,
425 706 521 741 quas
548 690 656 728 edere
683 689 902 727 conscissas
930 689 980 726 ab
1008 690 1065 727 eis
1093 691 1278 728 violenter
1305 700 1460 729 coactus
1486 691 1576 740 suit.
1600 692 1710 743 Quae
1737 692 1957 729 litterarum

249 752 429 790 comestio
457 751 517 789 illi
543 759 697 788 tantum
723 749 932 798 displicuit
957 750 1058 800 quod
1081 765 1121 788 se
1147 750 1348 788 vindicare
1374 751 1557 801 deinceps
1581 766 1734 802 semper
1758 750 1954 800 cogitavit.

254 813 359 850 Huic
384 811 547 849 affinem
573 809 789 848 historiam
813 810 889 859 legi
915 810 956 848 in
988 810 1115 848 Veteri
1141 810 1321 849 chronico
1346 810 1624 849 Normanniae
1649 826 1722 850 ms.
1750 811 1792 848 in
1818 810 1965 849 codice⁴

248 871 352 909 1424
379 871 651 909 bibliothecae
682 869 940 908 Colbertinae
959 869 987 918 1,
1017 870 1212 909 nimirum
1241 871 1348 909 hunc
1379 871 1608 919 Urbanum,
1638 880 1729 910 tum
1758 870 1955 908 abbatem

249 932 388 970 Sancti
438 931 630 969 Germani
679 929 1061 978 Autissiodorensis,
1112 944 1254 980 graves
1301 931 1538 969 inimicitias
1587 931 1813 970 exercuisse
1862 942 1955 967 cum

246 991 552 1041 archiepiscopo
571 991 807 1038 Senonensi,
825 990 894 1039 qui
918 998 1010 1028 tum
1034 999 1122 1028 erat
1139 990 1379 1029 Guillelmus
1405 991 1453 1029 de
1470 991 1701 1039 Meleduno,
1719 990 1769 1028 ob
1787 1002 1954 1028 censum

248 1051 470 1101 quemdam
493 1064 615 1100 quem
638 1050 748 1087 idem
771 1049 1101 1100 archiepiscopus
1124 1052 1275 1097 levare,
1292 1058 1339 1088 ut
1362 1059 1453 1089 tum
1475 1050 1767 1100 loquebantur,
1785 1049 1953 1087 volebat

244 1111 285 1148 in
305 1125 376 1148 sua
397 1111 622 1160 provincia,
646 1109 837 1148 Urbanus
858 1124 955 1148 vero
975 1110 1247 1160 repugnabat.
1270 1110 1341 1148 Ait
1361 1125 1454 1160 ergo
1474 1118 1619 1148 auctor
1636 1110 1742 1148 illius
1763 1107 1970 1153 Chronici',

244 1170 598 1220 archiepiscopum
630 1171 785 1208 iratum
819 1169 969 1207 dixisse
1003 1169 1147 1208 abbati
1180 1171 1417 1208 levaturum
1451 1185 1490 1208 se
1525 1183 1692 1208 censum
1725 1184 1771 1208 eo
1802 1168 1950 1214 invito,

245 1238 334 1267 tum
365 1230 452 1279 ejus
484 1229 908 1280 barbamarripuisse
940 1237 980 1267 et
1012 1243 1061 1267 ex
1092 1244 1136 1268 ea
1170 1229 1273 1279 pilos
1306 1230 1515 1278 evulsisse,
1549 1243 1724 1279 cumque
1756 1229 1790 1267 ei
1821 1227 1949 1266 abbas

243 1290 511 1339 exprobraret
542 1289 838 1328 contumeliam
868 1289 944 1328 sibi
974 1289 1148 1337 illatam,
1172 1289 1289 1328 illum
1318 1288 1878 1339 respondisse:«Vindicabis
1909 1294 1950 1325 te

244 1364 373 1399 quum
410 1350 485 1387 eris
505 1364 625 1400 papa.
647 1348 874 1387 »Urbanus
914 1363 1007 1398 ergo
1046 1349 1180 1387 factus
1219 1363 1327 1399 papa
1366 1349 1721 1398 archiepiscopum
1758 1346 1950 1386 evocavit

241 1409 516 1454 Avenionen13
541 1410 658 1459 eique
680 1409 722 1447 in
745 1409 987 1447 memoriam
1010 1409 1207 1447 reducens
1232 1422 1323 1446 eam
1346 1408 1654 1455 contumeliam,
1678 1408 1794 1446 illum
1816 1405 1949 1457 specie

240 1470 404 1507 honoris
442 1469 626 1519 privavit
662 1468 1020 1518 archiepiscopatu
1060 1468 1296 1516 Senonensi,
1335 1469 1498 1506 conlata
1535 1468 1577 1505 in
1614 1481 1708 1505 eum
1745 1467 1947 1517 dignitate

240 1529 499 1579 patriarchae
527 1528 907 1576 Hierosolymitani,
934 1528 1078 1567 addito
1104 1529 1180 1566 hoc
1206 1528 1359 1577 elogio:
1385 1539 1401 1560 <<
1420 1527 1549 1565 Antea
1562 1541 1689 1564 unam
1713 1535 1882 1564 tantum
1907 1532 1948 1563 et

238 1589 466 1638 simplicem
486 1602 647 1627 crucem
667 1588 847 1638 gerebas,
868 1603 976 1626 nunc
997 1588 1202 1638 duplicem
1214 1588 1396 1626 habebis.
1410 1587 1589 1625 »Verum
1607 1601 1679 1625 rex
1696 1587 1947 1624 Francorum

243 1649 422 1687 Joannes
454 1662 605 1698 papam
638 1663 711 1698 pro
743 1663 789 1686 eo
820 1649 996 1697 rogavit,
1029 1656 1069 1686 et
1100 1648 1157 1685 sic
1186 1647 1371 1686 redditus
1404 1647 1438 1686 ei
1469 1654 1531 1686 est
1568 1646 1945 1696 archiepiscopatus

239 1708 494 1747 Senonensis.

294 1769 336 1806 Ρ.
369 1767 458 1815 350,
489 1768 555 1817 lig.
577 1767 636 1806 11.
661 1767 746 1805 SUA
772 1782 882 1805 vor-x
909 1781 1206 1806 DIREXERUNT.
1230 1767 1428 1805 Praebuit
1456 1767 1568 1804 istud
1592 1766 1810 1804 materiam
1832 1763 1968 1815 vulgi‘

236 1828 508 1875 sermonibus,
525 1836 571 1865 ut
586 1828 706 1866 docet
721 1827 987 1865 continuator
1002 1827 1151 1876 Nangii
1177 1827 1220 1876 [t.
1236 1841 1277 1874 11,
1292 1842 1330 1877 p.
1348 1826 1448 1876 321]
1467 1842 1473 1864 :
1490 1826 1542 1864 Et
1554 1826 1737 1875 tuncsuit
1753 1839 1944 1875 magnum

237 1902 419 1925 murmur
444 1887 487 1924 in
511 1888 608 1924 clero
633 1896 666 1925 et
690 1887 769 1924 alio
793 1887 942 1937 populo
967 1895 1101 1924 contra
1125 1887 1360 1934 cardinales,
1387 1886 1454 1936 qui
1479 1900 1568 1923 cum
1596 1886 1782 1923 haberent
1804 1886 1849 1923 de
1872 1899 1944 1923 suo

235 1947 397 1995 collegio
424 1947 566 1984 multos
590 1947 732 1996 probos
758 1947 939 1984 dominos
963 1954 997 1984 et
1022 1946 1203 1993 valentes,
1228 1946 1358 1983 nullos
1384 1947 1427 1983 de
1452 1945 1508 1982 eis
1533 1945 1673 1995 eligere
1698 1951 1940 1984 curaverant.

292 2007 334 2045 P.
358 2006 448 2054 350,
470 2006 536 2055 lig.
561 2006 609 2044 13
647 2007 893 2045 ELECTIONI.
918 2006 1015 2043 Voir
1036 2021 1104 2043 sur
1124 2006 1328 2044 l'election
1355 2007 1411 2044 les
1440 2005 1617 2043 Grandes
1645 2005 1876 2054 chroniques
1899 2004 1943 2041 de

237 2066 390 2103 France
411 2067 487 2112 (e'd.
513 2066 775 2113 Delachenal,
796 2074 824 2104 t.
845 2081 871 2113 J,
892 2081 930 2115 p.
952 2065 1058 2114 337).

292 2126 332 2164 P.
359 2125 448 2173 350,
472 2126 538 2175 lig.
565 2126 625 2165 24.
651 2126 777 2163 HonA
800 2139 886 2170 QUA
909 2139 1202 2164 MORIEBATUR.
1231 2125 1276 2162 In
1295 2125 1399 2163 libro
1418 2125 1719 2174 Obligationum
1740 2124 1941 2173 scriptum

235 2195 297 2223 est
320 2185 579 2223 Androinum
601 2186 650 2223 de
675 2185 815 2223 Rocha
839 2185 1089 2223 cardinalem
1111 2185 1243 2234 primo
1266 2185 1317 2222 ad
1341 2185 1497 2223 curiam
1519 2185 1677 2224 venisse
1700 2185 1763 2223 die
1788 2182 1940 2221 duode-

236 2245 339 2282 cima
364 2245 622 2294 septembris,
643 2253 683 2283 et
699 2245 842 2283 eadem
866 2244 929 2282 die
953 2244 1051 2282 hora
1075 2258 1183 2281 nona
1210 2244 1499 2283 Innocentium
1521 2258 1674 2295 papam
1698 2244 1755 2281 VI
1779 2243 1938 2281 obiisse.

290 2305 331 2344 P.
356 2304 446 2352 350,
467 2305 533 2354 lig.
558 2304 619 2343 25.
645 2304 751 2342 SoriA
776 2318 1027 2343 ASSUMPTIO.
1056 2304 1099 2341 Id
1124 2304 1220 2341 olim
1239 2304 1474 2354 judicatum
1496 2304 1631 2342 fuerat
1652 2312 1746 2353 post
1779 2302 1940 2341 obitum

235 2363 447 2402 Benedicti
471 2364 531 2401 XI
553 2378 661 2401 anno
685 2364 896 2411 MCCCIV,
920 2377 1048 2413 quum
1070 2364 1259 2401 Galterus
1282 2364 1498 2401 cardinalis
1521 2363 1714 2413 Anglicus
1736 2364 1938 2412 ingressus

235 2432 338 2461 esset
372 2425 565 2462 conclave
597 2424 708 2473 apud
743 2423 967 2462 Perusium.
1005 2424 1196 2461 Praestat
1228 2431 1369 2461 autem
1401 2424 1548 2461 referre
1582 2422 1706 2461 verba
1740 2419 1939 2461 Bernardi

234 2482 431 2520 Guidonis
453 2484 490 2520 in
515 2483 703 2531 Catalogo
724 2483 993 2520 cardinalium
1013 2491 1308 2531 assumptorum
1328 2497 1373 2520 ex
1392 2482 1529 2520 ordine
1548 2482 1873 2519 Praedicatorum
1892 2477 1908 2501 2
1929 2494 1936 2516 :

237 2542 415 2580 Fratrem
459 2543 660 2580 Galterum
698 2543 930 2591 Anglicum,
970 2542 1119 2591 inquit,
1160 2542 1418 2590 confessorem
1457 2542 1610 2579 domini
1649 2541 1751 2589 regis
1789 2539 1938 2588 Anglie

233 2601 404 2639 odom-dl?
420 2602 651 2651 assumpsit,
667 2611 701 2639 et
719 2602 810 2651 jecit
829 2602 1089 2651 presbiterum
1110 2601 1352 2639 cardinalem
1374 2602 1475 2639 idem
1496 2601 1681 2638 dominus
1701 2600 1938 2638 Benedictus

233 2676 342 2709 papa
367 2662 435 2698 X]
464 2662 506 2699 in
530 2661 701 2711 jejuniis
729 2669 895 2711 quatuor
922 2670 1140 2710 temporum
1167 2667 1254 2709 post
1292 2661 1452 2708 cineres,
1481 2675 1587 2697 cinno
1610 2660 1778 2697 Domini
1812 2658 1935 2696 mille-

232 2721 332 2757 simo
353 2722 614 2758 trecentesimo
635 2722 755 2760 tertio.
778 2721 859 2758 Hic
878 2729 965 2770 post
985 2734 1119 2757 novem
1141 2735 1290 2757 menses
1310 2735 1334 2757 a
1354 2720 1415 2757 die
1436 2735 1511 2770 qua
1530 2720 1609 2768 fuit
1629 2720 1672 2756 in
1694 2718 1935 2757 cardinalem

233 2781 521 2825 nominatus,et
543 2789 629 2829 post
653 2781 823 2830 quinque
845 2780 924 2829 fere
948 2794 1098 2816 menses
1121 2779 1171 2816 ab
1195 2779 1304 2817 obitu
1329 2779 1531 2816 memorati
1556 2778 1708 2816 domini
1732 2776 1936 2815 Benedicti

229 2854 343 2887 pape,
373 2840 546 2887 pervenit
573 2840 623 2877 ab
652 2840 805 2889 Anglia
833 2839 1048 2876 Perusium
1077 2838 1283 2885 civitatem,
1316 2838 1384 2875 ubi
1413 2838 1540 2875 adbuc
1569 2838 1681 2875 curia
1709 2837 1936 2874 morabatur

231 2899 317 2933 serlo
347 2907 517 2945 micante,
553 2898 613 2935 IV
641 2899 717 2937 ltal.
750 2898 976 2946 decembris,
1006 2897 1169 2935 sabbato
1197 2898 1346 2935 scilicet
1373 2906 1462 2935 ante
1491 2897 1731 2934 dominicam
1760 2896 1934 2946 primam

230 2959 418 2993 sltlws’llllls
461 2958 525 3007 [28
559 2958 805 3007 novembre]
838 2972 944 2995 anno
972 2957 1139 2994 Domini
1172 2956 1351 2994 MCCCJ
1364 2956 1407 3004 V,
1438 2957 1591 3006 fuitque
1625 2956 1823 2993 ezrhibitus
1853 2954 1933 2992 sibi

284 3088 308 3119 1.
336 3089 370 3119 13.
399 3089 451 3123 Ν..
476 3101 540 3121 ms.
565 3089 722 3130 [rung-ais
745 3089 849 3129 5391,
873 3090 933 3122 fol.
957 3091 1001 3123 45
1024 3095 1063 3121 v⁰

280 3142 309 3172 2.
345 3141 600 3184 llibliothequc
624 3143 666 3174 dc
688 3143 884 3182 Toulouso,
908 3155 975 3176 ms.
1000 3143 1081 3182 490,
1104 3143 1165 3176 fol.
1191 3144 1229 3175 21
1256 3147 1303 3175 νο.
