2083 3458
256 234 338 285 650
493 215 497 219 1
907 255 1058 281 NOTAE
1092 255 1153 280 AD
1187 255 1314 280 VITAs
1807 238 1960 295 [1128]

257 356 350 391 ergo
368 341 580 387 Urbanus,
598 339 681 390 qui,
698 347 747 377 ut
763 353 887 390 supra
903 339 1152 385 monuimus,
1168 354 1353 390 proceres
1369 339 1481 389 regni
1498 340 1759 391 Neapolitani
1774 340 1964 378 hortatus

256 410 318 440 est
335 409 382 438 ut
399 414 421 437 a
441 400 604 437 Joanna
621 407 664 438 et
681 399 850 448 Ottone,
868 399 956 449 ejus
973 399 1074 447 viro,
1095 399 1318 438 deficerent
1334 398 1387 436 ad
1406 398 1606 437 Karolum
1635 400 1781 439 ducem
1800 398 1965 437 Duracii

257 469 297 499 et
321 460 594 509 Margaretam
620 458 707 508 ejus
730 473 915 507 uxorem,
940 466 981 498 et
1005 473 1163 498 crucem
1189 466 1332 509 contra
1365 472 1458 497 eum
1489 459 1716 509 praedicari
1747 458 1965 496 mandavit

257 534 365 557 anno
388 518 794 566 MCCCLXXXVII,
817 526 865 556 ut
886 518 929 556 in
950 518 1094 557 eodem
1116 518 1310 557 Chronico
1331 517 1618 568 Hirsaugiensi
1652 519 1696 569 [t.
1719 518 1786 568 11],
1810 533 1848 568 p.
1873 517 1962 566 285,

258 579 388 617 tradit
423 578 685 617 Tritliemius.

311 638 468 677 Eodem
503 651 612 675 anno
649 637 750 676 Otto
785 637 1045 687 recuperavit
1081 637 1292 675 civitatem
1331 637 1669 687 Neapolitanam3
1705 637 1901 675 Theoder.
1939 651 1961 674 a

258 698 390 746 Niem,
412 697 481 736 lib.
510 697 539 745 I,
562 711 650 747 cap.
675 711 759 735 an
780 705 821 735 et
844 711 928 734 va
956 697 1009 747 [p.
1034 697 1109 734 114
1130 705 1171 735 et
1193 696 1292 746 115]
1315 704 1356 735 et
1378 696 1500 735 Odor.
1522 697 1742 747 Raynald.,
1761 711 1826 735 an.
1847 696 1960 744 1387,

311 817 490 867 Direptis
521 830 593 867 per
622 830 711 854 eam
745 816 999 854 occasionem
1030 815 1399 866 Neapolitanorum
1429 815 1579 854 civium
1610 816 1800 864 fortunis,
1830 823 1964 866 postea

256 876 455 927 antipapa
481 875 632 926 (inquit
658 875 856 914 Odoricus
884 875 1138 925 Raynaldus,
1164 889 1230 914 an.
1257 874 1362 923 eod.,
1395 875 1411 924 ἓ
1437 875 1474 925 2)
1500 876 1750 913 ecclesiarum
1771 874 1961 922 sacraria,

257 950 460 986 crucesque
480 943 515 973 et
535 935 687 983 calices,
712 943 753 973 ut
772 934 954 985 praemia
981 934 1129 984 furoris
1152 934 1271 972 militi
1293 943 1604 983 numerarentur,
1628 934 1795 985 conflari
1823 934 1961 984 jussit,

257 996 441 1045 citatque
462 995 505 1033 in
525 1008 615 1033 eam
637 1009 720 1033 rem
744 1002 933 1033 sanctum
957 994 1234 1041 Antoninum3
1258 994 1368 1044 quod
1397 994 1520 1033 etiam
1552 994 1682 1032 tradit
1715 994 1963 1033 Trithemius

255 1056 298 1093 in
317 1055 459 1094 eodem
482 1054 676 1092 Chronico
695 1053 997 1104 Hirsaugiensi.
1020 1054 1172 1092 Verum
1192 1053 1225 1092 si
1247 1053 1486 1103 Raynaldus
1506 1054 1660 1103 judicio
1680 1053 1818 1104 potius
1840 1067 1964 1104 quam

256 1115 415 1166 impetu
444 1129 538 1153 suos
569 1114 736 1152 annales
767 1114 1007 1164 scripsisset,
1039 1113 1091 1151 ab
1120 1114 1197 1151 hac
1226 1113 1397 1151 historia
1426 1113 1637 1152 reserenda
1667 1114 1809 1164 procul
1839 1112 1965 1151 dubio

256 1174 525 1213 abstinuisset
542 1172 571 1222 1,
610 1173 761 1224 quippe
800 1173 869 1223 qui
897 1173 1039 1211 scisset
1066 1172 1363 1212 Theodericum
1387 1186 1409 1210 a
1433 1173 1565 1221 Niem,
1592 1173 1708 1223 cujus
1735 1173 1821 1223 ipse
1849 1172 1963 1211 testi-

257 1234 394 1272 monio
412 1234 602 1272 lubenter
618 1233 753 1271 utitur
770 1232 967 1271 adversus
985 1240 1123 1283 partes
1143 1232 1376 1280 Clementis,
1396 1232 1538 1271 eadem
1559 1241 1600 1271 et
1620 1233 1753 1270 multo
1776 1232 1961 1282 graviora

257 1293 305 1332 de
332 1293 513 1332 moribus
543 1292 701 1330 Urbani
727 1292 947 1343 scripsisse,
977 1306 1099 1342 quem
1125 1291 1256 1330 tradit
1281 1291 1350 1331 lib.
1376 1292 1405 1339 l,
1423 1292 1482 1329 De
1508 1292 1727 1340 schismate,
1756 1306 1843 1342 cap.
1873 1306 1962 1329 xxn

267 1353 320 1403 [p.
341 1352 414 1403 43]
434 1352 707 1403 proprietates
726 1360 767 1390 et
783 1351 875 1401 jura
894 1352 1156 1390 ecclesiarum
1173 1359 1215 1390 et
1231 1351 1575 1390 monasteriorum
1593 1352 1713 1390 Urbis
1731 1351 1961 1390 vendidisse

256 1421 298 1451 et
326 1412 563 1450 distraxisse
593 1412 697 1449 ultra
722 1426 922 1449 summam
948 1410 1176 1461 octuaginta
1197 1410 1371 1448 millium
1389 1411 1641 1460 florenorum,
1674 1410 1791 1449 etiam
1825 1424 1963 1448 aureos

255 1480 289 1510 et
315 1479 516 1521 argenteos
543 1471 695 1519 calices,
724 1485 868 1518 cruces,
890 1479 924 1508 et
944 1470 1028 1508 alia
1051 1470 1223 1521 pretiosa
1244 1470 1390 1520 jocalia
1414 1471 1637 1508 earumdem
1660 1470 1911 1508 ecclesiarum
1930 1478 1963 1508 et

257 1531 583 1569 monasteriorum
608 1530 651 1568 in
676 1545 819 1579 magno
844 1544 1005 1568 numero
1028 1538 1062 1568 et
1085 1530 1211 1567 valore
1235 1529 1483 1568 distrahendo
1507 1538 1541 1568 et
1562 1530 1787 1575 alienando,
1813 1529 1963 1567 necnon

257 1591 400 1629 multas
411 1589 619 1640 ymagines
633 1598 859 1628 sanctorum
873 1589 993 1627 etiam
1007 1597 1211 1639 argenteas
1226 1597 1318 1627 tunc
1331 1590 1539 1642 conflando
1557 1589 1600 1627 in
1617 1598 1812 1628 monetam
1830 1589 1962 1627 reduci

254 1650 356 1699 fecit,
377 1658 410 1688 et
427 1649 620 1700 pecunias
640 1663 711 1699 que
729 1649 870 1687 exinde
887 1657 1144 1699 pervenerant
1163 1648 1243 1699 ipsi
1258 1648 1340 1698 regi
1356 1649 1505 1686 Karolo
1522 1663 1593 1699 pro
1607 1649 1800 1687 solvendis
1814 1649 1962 1699 stipen-

255 1710 334 1747 diis
361 1724 432 1747 suo
460 1708 645 1746 exercitui
673 1708 929 1758 assignando,

309 1769 422 1807 Obiit
445 1768 546 1806 Otto
568 1768 678 1818 apud
700 1768 927 1806 Tarentum
948 1781 1056 1806 anno
1077 1767 1292 1807 millesimo
1314 1767 1694 1807 CCCLXXXVIII.

308 1829 351 1866 P.
382 1827 470 1875 422,
498 1828 564 1877 lig.
595 1827 655 1865 24.
687 1827 917 1865 STRENUUS
943 1841 988 1865 IN
1012 1841 1152 1865 ARMIS.
1178 1827 1345 1865 Praeter
1364 1840 1410 1865 ea
1434 1841 1537 1876 quae
1559 1841 1695 1878 supra,
1716 1842 1754 1878 p.
1776 1821 1960 1875 1123,'de

256 1888 331 1925 hoc
356 1895 599 1937 argumento
624 1886 816 1935 diximus,
842 1901 951 1925 nunc
975 1886 1123 1925 addere
1148 1886 1283 1926 visum
1307 1894 1368 1925 est
1390 1886 1591 1936 insignem
1613 1888 1749 1926 locum
1773 1902 1823 1925 ex
1846 1886 1959 1925 Com-

255 1947 399 1997 pendio
413 1946 685 1984 chronicorum
700 1946 810 1985 Petri
826 1945 874 1984 de
893 1946 1109 1984 Herentals
1125 1946 1268 1996 prioris
1286 1946 1570 1984 Floreffiensis.
1589 1946 1651 1985 Sic
1669 1961 1762 1996 ergo
1781 1946 1908 1985 habet
1929 1945 1956 1984 ²:

258 2007 445 2056 Tempore
463 2005 556 2043 dicti
578 2005 778 2043 Johannts
796 2005 899 2055 regis
918 2005 1100 2053 Francie,
1121 2020 1209 2043 cum
1227 2005 1311 2043 Otto
1331 2005 1441 2055 filius
1460 2006 1596 2054 magni
1615 2006 1726 2043 ducis
1745 2006 1788 2043 de
1806 2006 1957 2043 Bruns—

255 2066 352 2104 wich
370 2079 441 2115 pro
461 2065 700 2115 quibusdam
719 2065 845 2102 verbis
864 2080 888 2102 a
907 2065 1001 2102 duce
1019 2065 1237 2113 Lencastre,
1260 2064 1344 2114 filio
1362 2065 1465 2114 regis
1484 2065 1643 2114 Anglie,
1663 2065 1743 2103 sibi
1764 2065 1957 2116 imprope-

254 2125 350 2163 ratis
375 2139 464 2162 cum
487 2125 618 2162 eodem
641 2124 830 2162 Parisius
854 2125 906 2162 ad
927 2139 967 2161 se
990 2125 1247 2174 purgandum
1270 2124 1454 2162 voluisset
1477 2125 1681 2172 duellasse,
1707 2133 1741 2163 et
1764 2139 1853 2162 cum
1874 2124 1957 2176 jam

254 2185 367 2222 ambo
386 2184 530 2222 armati
551 2184 594 2221 in
612 2183 821 2221 deoetrariis
839 2183 1105 2233 pervenissent
1122 2184 1174 2221 ad
1190 2184 1317 2221 locum
1335 2183 1467 2231 duelli,
1488 2192 1567 2222 tam
1585 2184 1750 2222 viriliter
1767 2185 1819 2222 ad
1835 2184 1956 2222 debel-

253 2244 418 2282 landum
443 2258 482 2281 se
509 2243 790 2293 disposuerunt
816 2244 917 2293 quod
942 2257 1007 2281 rex
1033 2242 1203 2281 Francie
1229 2243 1426 2293 predictus
1452 2243 1692 2293 compatiens
1719 2243 1871 2294 utrique
1896 2257 1958 2281 eos

253 2303 489 2353 compescuit
505 2311 539 2340 et
556 2303 731 2340 duellum
749 2302 963 2352 intercepit.

305 2363 348 2401 Ρ.
367 2362 456 2410 422,
473 2362 539 2412 lig.
558 2361 619 2400 29.
640 2362 810 2400 PETRUS
829 2362 997 2400 JUDICIS
1016 2370 1127 2400 ortus
1145 2376 1195 2400 ex
1212 2369 1330 2411 gente
1348 2361 1396 2400 de
1414 2375 1493 2411 qua
1510 2376 1633 2412 supra
1650 2377 1688 2412 p.
1706 2361 1783 2400 854
1800 2362 1956 2400 dictum

251 2430 321 2460 est,
361 2422 456 2459 Fuit
488 2422 620 2472 primo
652 2422 878 2461 monachus
913 2421 1063 2459 ordinis
1096 2421 1228 2459 sancti
1258 2420 1484 2469 Benedicti,
1516 2421 1610 2459 inde
1642 2421 1752 2471 prior
1782 2421 1955 2460 Sanctae

253 2482 467 2520 Liberatae
489 2481 531 2518 in
554 2480 726 2519 dioecesi
749 2480 994 2530 Agennensi,
1017 2488 1105 2518 tum
1130 2494 1152 2517 a
1176 2480 1381 2519 Clemente
1405 2480 1461 2517 VI
1489 2481 1694 2518 avunculo
1721 2495 1794 2519 suo
1822 2480 1955 2519 factus

251 2541 378 2578 abbas
411 2540 712 2590 Angeliacensis
752 2553 861 2577 anno
892 2539 1168 2587 MCCCXLII,
1200 2553 1257 2577 xv
1288 2539 1368 2578 kal.
1412 2539 1575 2588 augusti
1618 2539 1683 2589 [18
1701 2539 1874 2590 juillet],
1914 2548 1955 2578 et

251 2600 475 2638 Crassensis
491 2598 506 2621 3
534 2599 576 2636 in
597 2599 729 2637 Gallia
751 2598 1009 2637 Narbonensi
1030 2598 1159 2649 pridie
1180 2613 1274 2636 non.
1302 2598 1360 2648 [4]
1391 2598 1580 2636 februarii
1610 2599 1706 2636 anni
1732 2598 1951 2649 sequentis

251 2660 349 2697 Post
380 2672 484 2708 quae
516 2658 724 2696 Aureliam
745 2658 953 2708 profectus
975 2658 1176 2708 permissu
1197 2657 1404 2704 avunculi,
1426 2658 1505 2695 illic
1529 2658 1642 2695 dedit
1674 2672 1838 2709 operam
1872 2658 1952 2708 juri

249 2718 444 2756 canonico
459 2717 728 2768 perdiscendo
743 2731 871 2767 usque
887 2717 939 2755 ad
955 2731 1107 2754 annum
1125 2716 1416 2764 MCCCXLIV,
1436 2731 1516 2766 quo
1531 2718 1616 2765 jam
1632 2717 1808 2756 donatus
1825 2717 1951 2767 gradu

249 2777 486 2816 doctoratus
504 2777 547 2814 in
563 2776 652 2826 jure
671 2776 883 2824 canonico,
903 2776 1158 2815 Avenionem
1175 2784 1370 2814 evocatus
1389 2789 1411 2813 a
1431 2776 1637 2814 Clemente
1656 2777 1712 2814 VI
1731 2790 1857 2815 nonas
1888 2776 1950 2826 [2]

296 2925 327 2957 1.
354 2924 424 2957 Sur
458 2925 508 2958 les
541 2925 751 2968 paiements
785 2928 911 2969 operes
944 2937 1012 2969 par
1042 2926 1076 2958 la
1101 2926 1284 2959 Chambre
1309 2927 1557 2970 apostoliqux„
1595 2927 1674 2959 voir
1697 2926 1821 2960 Valois
1850 2926 1888 2970 (t.
1912 2939 1950 2966 11,

260 2989 282 3009 s.
319 2978 473 3010 120-121
498 3005 504 3011 .

250 2989 260 3019 l
301 3031 329 3063 2.
360 3031 397 3063 Β.
429 2978 489 3070 ΝΗ)
509 3043 577 3065 ms.
601 3032 697 3065 latin
718 3031 861 3070 4931Α,
883 3032 945 3065 sol.
970 3033 1040 3065 146
1063 3037 1115 3066 v0.

295 3084 326 3115 3.
353 3084 388 3115 Β.
415 3084 471 3123 Ν,,
495 3096 561 3117 ms.
585 3085 722 3118 Baluze
743 3085 825 3125 383,
848 3097 881 3118 n.
906 3086 1082 3125 143-‘1453
1105 3085 1186 3118 voir
1206 3086 1368 3118 diverses
1389 3085 1539 3118 fax-1:01⁸
1569 3086 1764 3119 accordecs
1786 3086 1806 3118 'a
1828 3085 1948 3119 Picrrc

246 3146 312 3177 par
346 3136 515 3169 Clemcnt
548 3138 599 3169 VI
639 3138 755 3181 (ibid,
792 3151 825 3172 n.
862 3138 1047 3181 146-151).
