2083 3458
242 209 324 251 646
892 216 1044 242 NOTAE
1078 216 1138 242 AD
1172 216 1300 242 vlTAs
1792 200 1935 256 [1124]

243 307 404 346 domina
430 305 619 343 Johanna
641 302 737 340 olim
759 301 899 351 regina
921 300 1072 351 Apulie
1096 300 1328 339 inimicatur
1350 300 1474 339 eidem
1497 301 1655 340 domino
1677 301 1806 352 primo
1837 302 1948 339 electo

243 374 277 404 et
301 366 431 416 ipsius
456 362 624 401 inimica
645 361 725 411 suit
747 361 881 411 effecta
904 375 976 411 pro
999 374 1040 397 eo
1063 367 1218 398 tantum
1238 359 1333 410 quia
1353 360 1433 398 sibi
1456 370 1684 411 suggestum
1705 361 1796 411 suit,
1818 369 1949 399 contra

243 425 441 464 veritatem
473 431 616 469 tamen,
644 421 745 471 quod
772 420 899 458 dictus
932 419 1088 470 primus
1120 419 1260 457 electus
1294 419 1516 458 intendebat
1546 435 1632 458 eam
1661 420 1817 471 privare
1849 420 1947 458 dicto

244 499 374 534 regno,
395 483 497 533 quod
514 482 564 520 ab
583 480 760 519 Ecclesia
778 493 944 517 romana
964 478 1007 517 in
1023 479 1188 529 seudum
1205 479 1368 517 tenebat.
1391 479 1502 518 Haec
1527 480 1653 518 verba
1681 495 1754 518 nos
1774 480 1948 530 descrip-

245 545 369 583 simus
395 557 446 581 ex
471 541 608 580 codice
635 540 882 587 Harlaeano,
909 553 1013 589 quae
1038 538 1165 577 etiam
1189 538 1395 577 habentur
1414 539 1524 590 apud
1543 539 1703 579 Odoric.
1729 539 1950 589 Raynald.‚

245 618 310 642 an.
332 601 447 649 1380,
474 601 490 650 ἓ
511 600 572 648 19,
593 599 812 649 descripta,
832 606 880 636 ut
897 598 983 649 ipse
1002 598 1074 645 ait,
1094 612 1145 636 ex
1162 598 1441 638 monumentis
1460 598 1828 638 Avenionensibus.

302 661 474 711 Insignis
492 668 553 699 est
569 660 680 698 locus
698 666 739 697 et
757 658 826 708 qui
842 659 1020 696 multam
1035 658 1168 696 lucem
1184 657 1306 696 affert
1321 658 1415 696 huic
1431 658 1624 697 historiae
1640 659 1682 696 in
1697 658 1950 710 depositione

248 721 391 760 Didaci
412 719 580 758 Martini
601 718 649 757 de
667 718 839 756 Urduna
857 717 1042 756 canonici
1058 717 1260 764 Toletani,
1276 717 1346 755 ubi
1362 717 1418 756 sic
1431 718 1630 768 scriptum
1644 717 1732 756 est1
1753 733 1761 756 ι
1785 718 1951 756 Interro-

247 790 360 831 gatus
382 794 502 830 super
524 778 652 816 XXV
685 777 886 815 additione
910 776 1011 815 dixit
1032 790 1072 814 se
1094 776 1295 815 audivisse
1323 777 1425 827 quod
1456 777 1498 815 in
1529 777 1732 828 principio
1756 776 1953 815 electionis

247 840 363 879 istius
382 839 505 890 primi
524 837 631 876 electi
651 837 790 887 regina
804 836 999 887 Neapolis
1018 836 1129 874 misit
1144 850 1237 874 suos
1252 836 1540 874 ambasciatores
1557 837 1790 887 solempnes,
1808 836 1954 875 scilicet

246 899 452 939 dominum
476 898 519 936 H
522 911 690 947 ugonem
715 897 760 934 de
786 896 929 935 Sancto
956 895 1140 934 Severino
1165 904 1200 934 et
1223 895 1430 934 dominum
1455 895 1496 933 N
1500 896 1695 934 icholaum
1718 910 1839 934 suum
1863 910 1953 934 can-

246 959 451 998 cellarium
479 957 738 996 senescallum
766 955 976 994 Provincie
1006 964 1040 993 et
1069 955 1246 993 comitem
1276 954 1481 993 Nolanum
1509 964 1543 994 et
1580 956 1681 994 alios
1721 955 1786 994 isti
1825 955 1954 1006 primo

247 1019 359 1057 electo
382 1019 434 1056 ad
453 1017 682 1067 faciendum
702 1015 783 1053 sibi
805 1015 1072 1054 reverentiam.
1096 1015 1148 1053 Et
1166 1015 1321 1065 quando
1342 1015 1515 1064 fecerunt
1534 1015 1614 1053 sibi
1636 1015 1890 1053 reverentiam
1910 1029 1955 1053 ex

247 1087 356 1130 parte
384 1077 530 1127 regine,
558 1075 713 1114 audivit
739 1075 789 1113 ab
815 1069 1113 1125 aliquibusqui
1142 1074 1404 1124 interfuerunt
1430 1068 1531 1125 quod
1556 1074 1708 1113 diderat
1733 1075 1790 1112 eis
1816 1075 1955 1112 electus

249 1138 350 1189 quod
382 1137 530 1175 volebat
561 1135 751 1184 corrigere
782 1143 816 1173 et
847 1135 1051 1172 emendare
1083 1134 1275 1184 reginam,
1308 1142 1342 1172 et
1374 1135 1474 1184 quod
1504 1149 1670 1184 regnum
1695 1134 1825 1184 fuerat
1857 1134 1956 1172 male

249 1206 394 1236 rectum
419 1205 453 1234 et
481 1196 742 1245 gubernatum
767 1209 792 1232 a
819 1208 962 1244 magno
989 1202 1157 1244 tempore
1182 1208 1251 1244 per
1275 1193 1480 1243 seminam,
1507 1202 1541 1232 et
1567 1195 1668 1244 quod
1693 1194 1841 1232 volebat
1866 1194 1956 1232 dare

250 1257 350 1295 illud
372 1255 453 1294 viro
476 1255 543 1306 qui
565 1262 709 1304 regeret
729 1262 763 1292 et
785 1254 1018 1303 gubernaret
1040 1253 1151 1301 illud,
1175 1261 1221 1301 et,
1245 1261 1287 1291 ut
1307 1253 1472 1301 audivit,
1497 1255 1597 1303 quod
1619 1253 1688 1292 iste
1718 1253 1782 1291 cui
1810 1253 1958 1291 volebat

251 1317 342 1355 dare
359 1324 441 1353 erat
458 1315 626 1353 Carolus
644 1314 689 1352 de
706 1314 823 1362 Pace,
843 1321 877 1352 et
894 1313 1043 1351 volebat
1060 1314 1161 1363 quod
1177 1313 1316 1362 regina
1335 1313 1497 1351 intraret
1513 1309 1690 1351 ordinem
1708 1327 1820 1364 quem
1837 1313 1956 1360 vellet,

250 1384 285 1415 et
298 1376 400 1426 quod
413 1374 698 1425 responderunt
711 1373 791 1410 sibi
806 1372 1095 1411 ambasciatores
1110 1372 1243 1422 regine
1257 1373 1358 1423 quod
1371 1372 1510 1422 regina
1523 1381 1671 1411 rexerat
1689 1373 1779 1410 bene
1794 1387 1959 1423 regnum

251 1443 285 1474 et
306 1434 472 1484 regebat,
495 1442 529 1472 et
550 1441 632 1471 erat
652 1432 877 1482 conjugata,
900 1441 935 1471 et
954 1440 1113 1483 propter
1133 1432 1202 1470 hoc
1223 1446 1303 1469 non
1324 1432 1524 1470 tenebatur
1547 1432 1692 1470 intrare
1714 1432 1903 1480 ordinem,
1926 1440 1960 1470 et

252 1509 384 1533 omnes
402 1495 446 1532 de
464 1508 582 1543 regno
600 1492 925 1531 contentabantur
942 1493 986 1530 de
1003 1507 1061 1540 ea,
1079 1500 1114 1530 et
1130 1491 1196 1542 qui
1214 1492 1306 1542 plus
1325 1491 1469 1530 institit
1486 1492 1529 1529 in
1546 1492 1614 1529 hoc
1631 1506 1816 1542 responso
1832 1492 1961 1542 suerat

252 1553 438 1593 dominus
462 1551 696 1600 Nicholaus,
720 1560 756 1590 et
778 1552 880 1602 quod
901 1551 985 1590 alia
1007 1552 1070 1589 die
1093 1552 1336 1589 comederant
1358 1566 1447 1589 cum
1469 1566 1523 1600 eo,
1548 1559 1582 1589 et
1605 1552 1790 1589 dominus
1815 1551 1960 1589 Nicho-

253 1614 342 1652 laus
370 1621 554 1663 posuerat
580 1626 620 1650 se
646 1612 863 1650 secundum
892 1611 934 1649 in
961 1625 1095 1649 mensa
1115 1611 1332 1649 secundum
1353 1610 1641 1649 ordinationem
1662 1610 1844 1661 magistri
1867 1611 1961 1659 sale,

253 1681 288 1711 et
315 1673 418 1723 quod
446 1673 585 1710 electus
617 1671 765 1709 viderat
796 1671 896 1709 illud
924 1679 958 1708 et
987 1671 1136 1709 viderat
1163 1671 1291 1708 sedere
1320 1670 1473 1720 aliquos
1502 1671 1670 1720 prelatos
1700 1679 1787 1721 post
1816 1670 1963 1708 dictum

255 1731 497 1771 Nicholaum
517 1731 561 1769 in
581 1745 729 1779 mensa,
749 1738 784 1769 et
804 1731 905 1781 quod
925 1729 1005 1780 fuit
1026 1730 1205 1768 turbatus
1224 1738 1382 1780 propter
1402 1730 1482 1777 hoc,
1508 1738 1543 1768 et
1562 1730 1765 1768 mandavit
1782 1730 1863 1767 sibi
1884 1729 1962 1768 dici

255 1792 356 1842 quod
375 1799 550 1840 surgeret
571 1791 615 1829 de
638 1790 704 1828 illo
727 1790 819 1838 loco,
843 1790 938 1840 quia
960 1790 1114 1827 nolebat
1135 1790 1236 1840 quod
1255 1797 1351 1827 esset
1371 1803 1490 1840 super
1510 1790 1691 1839 prelatos,
1714 1798 1748 1828 et
1771 1789 1854 1840 ipse
1875 1804 1961 1827 sur-

256 1852 353 1889 rexit
379 1859 412 1888 et
438 1850 539 1888 dizit
563 1851 676 1888 electo
703 1850 805 1900 quod
830 1850 915 1899 ipse
940 1857 1124 1900 posuerat
1147 1863 1187 1886 se
1212 1849 1265 1887 ad
1289 1863 1465 1886 mensam
1492 1849 1535 1886 in
1560 1849 1640 1887 loco
1665 1849 1867 1901 assignato
1893 1863 1962 1902 per

257 1911 492 1960 magistrum
509 1910 604 1958 sale,
625 1918 660 1947 et
678 1910 780 1959 quod
797 1924 907 1960 papa
933 1909 1120 1947 Urbanus
1140 1908 1301 1959 quintus
1321 1916 1355 1946 et
1374 1908 1585 1958 Gregorius
1603 1923 1702 1947 suus
1720 1901 1974 1959 ‘predecessor‘

255 1984 408 2020 semper
427 1977 612 2020 posuerat
631 1983 720 2007 eum
742 1968 785 2006 in
807 1968 873 2006 illo
894 1969 973 2006 loco
994 1976 1182 2019 tanquam
1202 1968 1481 2006 cancellarium
1502 1968 1633 2017 regine
1653 1977 1687 2006 et
1705 1968 1962 2006 senescallum

257 2029 479 2077 Provincie,
511 2037 545 2067 et
575 2029 676 2079 quod
706 2028 777 2066 iret
805 2029 857 2066 ad
886 2028 1104 2078 hospitium
1132 2042 1264 2075 suum,
1296 2036 1330 2065 et
1358 2028 1501 2065 sederet
1532 2022 1600 2067 ‘ubi
1631 2028 1750 2076 vellet,
1781 2036 1816 2066 et
1844 2027 1962 2066 exivit

257 2089 468 2139 palatium,
497 2097 531 2126 et
556 2088 630 2126 alii
656 2088 945 2126 ambasciatores
972 2096 1006 2126 et
1032 2087 1117 2138 ipse
1143 2095 1378 2125 recesserunt
1405 2086 1630 2137 Neapolim,
1659 2095 1693 2125 et
1719 2087 1837 2125 credit
1863 2088 1963 2137 quod

260 2149 359 2186 male
387 2147 554 2186 contenti
584 2148 628 2185 de
656 2148 780 2186 electo.
811 2147 862 2185 Et
890 2147 1044 2185 audivit
1072 2147 1173 2198 quod
1200 2147 1268 2185 hoc
1294 2147 1374 2196 suit
1400 2146 1650 2197 principium
1680 2146 1890 2185 inimicitie
1929 2155 1963 2185 et

260 2207 521 2246 malivolentie
540 2207 640 2245 inter
656 2207 816 2245 electum
833 2215 867 2245 et
884 2207 1075 2256 reginam.
1097 2206 1297 2246 Eamdem
1314 2206 1529 2245 historiam
1546 2206 1616 2244 sed
1633 2206 1813 2245 multum
1831 2205 1961 2244 diver-

260 2281 348 2307 sam
373 2275 515 2305 narrat
540 2266 809 2317 Pandulphus
836 2266 1102 2314 Collenutius,
1128 2274 1170 2305 et
1194 2280 1244 2305 ex
1268 2280 1315 2304 eo
1338 2265 1529 2313 Bzovius,
1555 2279 1620 2304 an.
1649 2265 1763 2314 1378,
1796 2266 1812 2314 ξ
1835 2265 1896 2312 14,
1921 2274 1962 2304 et

261 2327 458 2365 Odoricus
483 2326 738 2375 Raynaldus,
760 2340 826 2365 an.
850 2326 953 2374 eod.‚
982 2326 999 2375 ἓ
1020 2325 1082 2365 46.

312 2386 443 2424 Addit
464 2386 507 2423 in
528 2399 600 2424 sua
624 2385 879 2436 depositione
902 2385 1077 2423 Alvarus
1100 2385 1281 2432 Martini,
1305 2384 1449 2423 doctor
1479 2384 1749 2433 decretorum,
1781 2384 1962 2434 reginam

260 2445 450 2484 habuisse
469 2459 637 2483 exosum
658 2444 874 2483 Urbanum
890 2459 962 2495 pro
978 2459 1020 2482 eo
1038 2445 1139 2495 quod
1152 2444 1323 2483 voluerat
1337 2443 1550 2482 consentire
1566 2444 1667 2494 quod
1680 2443 1864 2482 dominus
1878 2444 1963 2482 Otto

261 2513 347 2554 post
365 2504 496 2555 ipsius
514 2512 673 2542 mortem
689 2512 785 2542 esset
801 2518 878 2543 rex.
899 2504 1119 2542 Gobelinus
1138 2518 1234 2542 vero
1253 2504 1444 2550 Persona,
1463 2511 1599 2542 aetate
1616 2503 1687 2551 VI,
1707 2517 1794 2554 cap.
1815 2517 1962 2550 Lxxix,

261 2564 368 2601 solus
402 2564 461 2601 ait
493 2564 600 2602 hanc
634 2563 790 2602 Urbani
823 2565 1027 2614 repulsam
1062 2571 1196 2602 ortam
1228 2577 1312 2601 esse
1345 2577 1396 2601 ex
1427 2563 1699 2612 repugnantia
1731 2562 1963 2613 principum

261 2623 372 2672 regni
406 2639 412 2661 :
445 2622 711 2673 Principibus
740 2622 871 2671 etiam,
902 2623 1052 2673 inquit,
1083 2622 1195 2672 regni
1225 2621 1483 2660 retinentibus
1512 2621 1742 2671 hujusmodi
1780 2620 1963 2659 desiderii

261 2682 438 2731 effectum
456 2697 480 2720 a
498 2697 620 2733 papa,
642 2682 805 2720 minime
823 2682 951 2732 potuit
969 2682 1152 2721 obtinere.

320 2741 609 2791 Intelligebant
634 2741 881 2780 Urbanistae
907 2749 1108 2792 quantam
1130 2740 1329 2778 invidiam
1354 2740 1521 2779 creabat
1545 2740 1713 2778 Urbano
1737 2740 1794 2777 VI
1817 2740 1964 2778 intem-

261 2800 421 2848 pestiva
455 2801 522 2838 illa
556 2801 767 2839 temeritas
804 2814 883 2850 qua
916 2814 1013 2839 usus
1047 2808 1137 2839 erat
1168 2800 1210 2837 in
1244 2813 1366 2838 causa
1408 2799 1569 2849 reginae
1604 2799 1804 2847 Joannae,
1840 2812 1962 2849 quam

263 2857 433 2907 dejicere
458 2859 505 2897 de
527 2860 678 2898 throno
700 2860 912 2910 cogitabat
933 2868 974 2898 et
994 2860 1035 2897 in
1058 2859 1354 2898 monasterium
1377 2858 1605 2897 detrudere.
1634 2859 1778 2908 Itaque
1809 2857 1963 2896 confin-

263 2926 411 2955 xerunt
429 2918 612 2956 fabulam
628 2919 738 2957 illam
758 2919 806 2958 de
823 2919 1087 2958 coronatione
1105 2918 1284 2966 Ottonis,
1300 2926 1349 2956 ut
1364 2932 1410 2957 ea
1426 2918 1680 2959 rationealio
1696 2917 1965 2956 transferrent

263 2986 565 3025 argumentum,
586 2978 692 3016 sicut
710 2978 851 3017 eodem
871 2987 1056 3029 tempore
1076 2979 1299 3028 vulgarunt
1320 2978 1382 3027 (ut
1399 2985 1517 3028 patet
1536 2992 1586 3015 ex
1604 2976 1745 3015 eodem
1767 2976 1964 3014 Gobelino

310 3099 342 3133 1.
372 3100 437 3133 Ms.
468 3101 551 3141 cite,
581 3101 643 3135 fol.
674 3103 742 3136 133
771 3107 821 3137 v0.
