2083 3458
259 205 344 247 690
911 214 1064 240 NOTAE
1098 214 1159 239 AD
1193 214 1321 239 VITAs
1509 215 1511 217 ’
1820 196 1971 252 [1171]

260 302 476 354 presbyter
500 298 717 339 cardinalis
742 297 855 335 tituli
881 296 1021 335 Sancti
1047 296 1258 334 Laurentii
1282 296 1324 333 in
1350 295 1518 344 Lucina,
1543 296 1667 347 vulgo
1693 296 1826 335 dictus
1851 296 1974 334 Viva-

261 362 416 401 riensis.
460 361 515 398 Et
555 373 649 398 cum
688 372 735 396 eo
775 365 961 407 tempore
1004 355 1229 394 Florentini
1269 355 1467 394 vexillum
1506 355 1710 394 libertatis
1752 356 1975 395 erexissent

259 422 457 460 adversus
481 418 728 457 Pontificem
752 417 1002 463 Romanum,
1027 415 1245 465 Gregorius
1268 415 1363 453 huic
1386 415 1584 453 cardinali
1607 415 1812 466 delegavit
1835 430 1976 454 curam

260 479 494 531 inquirendi
527 493 579 516 an
612 491 708 516 vera
743 484 878 515 essent
912 489 1017 526 quae
1052 475 1099 513 de
1133 489 1276 513 eorum
1308 475 1528 514 rebellione
1560 476 1684 526 vulgo
1717 475 1974 523 ferebantur3

261 549 309 579 ut
337 547 501 579 constat
529 553 581 576 ex
606 536 780 587 epistola
809 536 897 585 ejus
926 535 1025 573 data
1055 549 1112 572 ΧΠ
1141 534 1221 573 kal.
1251 534 1350 574 maii
1377 549 1486 573 anno
1514 543 1644 583 sexto,
1675 549 1801 585 quam
1828 535 1976 574 recitat

259 599 451 647 Bzovius,
473 612 539 636 an.
565 596 681 644 1376,
708 596 725 645 ξ
748 595 809 634 15.

314 660 433 697 Anno
454 656 775 696 MCCCLXXVI
795 663 959 693 secutus
979 662 1041 693 est
1061 653 1300 704 Gregorium
1322 654 1384 691 XI
1402 663 1695 704 properantem
1714 654 1767 692 ad
1784 662 1975 701 mortem,

259 728 302 758 et
321 720 476 758 Romae
494 725 584 756 erat
601 715 768 766 quando
786 715 908 753 Sedes
926 713 1154 765 apostolica
1171 728 1243 764 per
1258 722 1435 752 mortem
1453 714 1540 763 ejus
1558 714 1738 752 vacavit.
1758 714 1863 751 Tum
1880 728 1977 752 vero

261 778 485 818 cardinales
510 775 834 822 Lemovicenses,
858 788 951 812 cum
974 773 1203 823 cogitarent
1235 787 1458 823 quemnam
1480 773 1672 823 Gregorio
1703 787 1976 812 successorem

260 839 422 885 darent,
451 837 584 888 primo
613 835 879 885 conjecerunt
908 834 1044 872 oculos
1073 833 1116 870 in
1144 832 1376 871 Guidonem
1405 833 1454 872 de
1484 833 1697 872 Malesicco
1727 833 1977 871 cardinalem

263 897 579 944 pictaviensem,
609 895 755 933 deinde
783 894 825 932 in
846 894 980 933 >istum
1004 892 1299 932 Vivariensem.
1331 893 1423 931 Non
1452 901 1545 931 utar
1574 893 1762 933 omnibus
1792 892 1977 931 testimo-

262 958 337 996 niis
367 971 471 1007 quae
498 955 598 995 mihi
626 962 869 1005 suppetunt.
898 953 1082 992 Afferam
1108 961 1276 992 tantum
1304 952 1599 991 auctoritatem
1628 952 1739 991 Petri
1767 951 1978 990 Flandrini

262 1016 479 1056 cardinalis
506 1015 647 1054 Sancti
674 1013 888 1052 Eustachii
913 1028 964 1051 ex
988 1012 1163 1063 epistola
1189 1012 1428 1062 responsiva
1453 1012 1506 1050 ad
1532 1012 1658 1050 dubia
1683 1011 1978 1062 archiepiscopi

259 1076 452 1116 Toletani
468 1075 497 1123 1,
525 1075 567 1112 in
594 1088 674 1124 qua
701 1082 882 1112 testatur
899 1069 1134 1111 'cardinales
1162 1072 1284 1110 fuisse
1311 1071 1530 1122 dispositos
1558 1072 1702 1122 eligere
1737 1072 1979 1109 cardinalem

265 1136 552 1182 Vivariensem,
574 1134 689 1184 cujus
708 1133 955 1183 probitatem,
976 1132 1126 1182 inquit,
1147 1131 1355 1169 scientiam
1375 1140 1409 1169 et
1431 1132 1548 1169 bonos
1569 1146 1691 1169 mores
1712 1146 1790 1179 vos,
1812 1140 1853 1169 ut
1872 1131 1977 1169 arbi-

263 1206 354 1244 tror,
377 1195 476 1234 satis
500 1194 635 1232 nostis.
660 1193 840 1231 Afferam
866 1192 993 1231 etiam
1015 1191 1141 1229 nihilo
1164 1191 1298 1230 minus
1322 1191 1607 1231 testimonium
1632 1191 1778 1230 Jacobi
1801 1191 1850 1230 de
1874 1191 1978 1229 Seva

261 1272 331 1295 seu
354 1255 491 1307 potius
517 1253 689 1292 Joannis
714 1253 763 1291 de
786 1252 984 1302 Lignano,
1009 1251 1125 1300 cujus
1148 1251 1248 1289 haec
1271 1259 1368 1289 sunt
1390 1251 1529 1298 verba,
1552 1266 1592 1301 p.
1616 1250 1693 1289 489
1714 1250 1818 1289 tomi
1841 1250 1979 1300 quarti

260 1315 464 1354 Historiae
485 1312 766 1352 Universitatis
781 1311 1043 1358 Parisiensis,
1063 1310 1283 1350 emendata
1301 1311 1552 1349 auctoritate
1571 1310 1720 1349 codicis
1739 1309 1819 1348 815
1834 1310 1978 1348 biblio-

261 1377 405 1414 thecae
439 1372 697 1413 Colbertinae
716 1371 731 1394 ²
765 1388 772 1410 :
807 1370 1040 1409 Cardinalis
1065 1370 1368 1417 Lemovicensis,
1397 1371 1441 1408 de
1467 1370 1682 1420 Agrisolio,
1715 1369 1978 1417 Pictavensis,

262 1432 670 1485 Majorismonasterii
700 1440 735 1470 et
764 1432 809 1469 de
845 1430 1029 1478 Vernliio,
1062 1430 1284 1468 cardinales
1315 1430 1382 1480 qui
1412 1439 1506 1468 sunt
1536 1430 1580 1468 de
1612 1430 1771 1468 natione
1801 1429 1978 1467 Lemovi-

262 1509 392 1533 censes
419 1493 597 1532 volebant
622 1500 656 1530 et
681 1491 908 1529 asserebant
933 1499 1026 1528 tunc
1053 1490 1139 1540 fieri
1166 1498 1201 1528 et
1227 1490 1366 1527 habere
1391 1505 1542 1540 papam
1568 1489 1740 1539 aliquem
1766 1489 1980 1539 patriotam

252 1569 380 1606 ‚suum
406 1554 462 1592 vel
486 1554 623 1591 saltem
649 1551 826 1589 vicinum
851 1559 885 1588 et
911 1551 954 1588 de
979 1550 1134 1600 sequela
1159 1564 1306 1596 eorum,
1334 1558 1369 1587 et
1392 1550 1523 1599 primo
1548 1549 1827 1599 principaliter
1853 1548 1978 1586 cardi-

262 1615 391 1652 nalem
414 1613 698 1658 pictavensem,
721 1611 789 1648 sed
811 1610 905 1660 quia
927 1618 1008 1647 erat
1030 1609 1086 1647 eis
1110 1609 1258 1647 dictum
1281 1609 1383 1659 quod
1409 1610 1453 1646 de
1475 1608 1702 1647 Pictavensi
1727 1623 1806 1646 non
1831 1616 1981 1658 poterat

263 1674 349 1724 fieri
372 1688 418 1711 ea:
439 1687 561 1710 causa
583 1686 654 1721 que
678 1671 786 1720 infra
808 1670 968 1717 dicetur,
991 1670 1161 1707 secundo
1185 1669 1449 1706 nominabant
1470 1677 1504 1706 et
1526 1669 1829 1706 nominaverunt
1853 1667 1978 1706 cardi-

264 1735 392 1771 nalem
425 1730 709 1778 Vivariensem,
741 1730 807 1780 qui
835 1738 890 1767 est
916 1738 951 1767 et
977 1737 1058 1766 erat
1085 1728 1244 1766 natione
1272 1728 1525 1766 Caturcensis
1552 1743 1597 1766 ac
1617 1728 1773 1766 vicinus
1798 1727 1926 1777 patrie
1946 1735 1980 1765 et

263 1794 308 1831 de
327 1793 482 1843 sequela
504 1792 673 1829 illorum.
699 1790 753 1828 Et
775 1790 875 1828 haec
897 1788 1064 1838 quidem
1085 1797 1182 1826 ante
1203 1788 1431 1838 ingressum
1453 1787 1672 1826 conclavis.
1697 1788 1845 1826 Postea
1868 1801 1979 1834 verO,

264 1854 375 1891 facta
394 1851 591 1891 electione
610 1849 919 1888 Bartholomaei
938 1848 1233 1899 archiepiscopi
1250 1847 1454 1895 Barensis,
1475 1861 1568 1886 cum
1588 1847 1812 1886 cardinales
1833 1846 1981 1899 egressi

263 1921 400 1951 essent
424 1927 443 1950 e
468 1910 668 1957 conclavi,
694 1908 943 1947 Vivariensis
968 1922 1062 1947 cum
1087 1907 1337 1957 quibusdam
1360 1907 1448 1945 aliis
1473 1922 1513 1946 se
1538 1907 1714 1945 contulit
1738 1906 1790 1944 ad
1809 1906 1981 1944 domum

266 1971 485 2010 cardinalis
515 1971 563 2008 de
592 1969 804 2019 Agrifolio,
832 1976 873 2006 et
896 1968 989 2005 hinc
1011 1968 1053 2005 in
1081 1974 1262 2005 castrum
1292 1967 1430 2005 Sancti
1459 1966 1617 2016 Angeli,
1647 1966 1708 2004 uti
1736 1966 1895 2004 dictum
1919 1973 1982 2003 est

266 2045 389 2082 supra
410 2046 450 2081 p.
474 2030 588 2068 1147.

322 2092 369 2128 In
405 2089 661 2140 depositione
698 2087 835 2125 fratris
874 2087 985 2125 Petri
1021 2086 1294 2125 Cordubensis
1332 2094 1559 2124 conventus
1598 2085 1635 2123 S.
1673 2083 1981 2129 Bartholomaei

266 2151 315 2189 de
348 2149 535 2200 Lupiana
574 2148 634 2186 ita
665 2147 866 2197 scriptum
897 2144 989 2185 est3
1021 2162 1028 2184 :
1061 2146 1113 2183 Et
1143 2145 1298 2183 audivit
1327 2160 1352 2183 a
1382 2145 1482 2183 dicto
1512 2144 1694 2195 episcopo
1727 2143 1979 2194 (Giennensi)

267 2210 437 2260 quadam
460 2209 523 2247 die
547 2223 624 2258 qua
646 2207 727 2257 yvit
752 2221 840 2244 cum
864 2220 905 2243 eo
930 2206 982 2243 ad
1005 2205 1217 2243 videndum
1241 2205 1483 2242 cardinalem
1505 2204 1778 2242 Vivariensem
1797 2218 1867 2254 per
1884 2204 1981 2241 duos

267 2270 323 2307 vel
346 2278 419 2307 tres
444 2269 526 2306 dies
549 2276 636 2318 post
659 2266 882 2304 electionem
906 2266 963 2303 vel
985 2279 1134 2315 paucos
1157 2265 1290 2315 plures
1315 2265 1416 2314 quod
1439 2264 1565 2302 dictus
1590 2261 1807 2301 cardinalis
1832 2263 1982 2300 dixerat

267 2329 301 2366 ei
324 2329 425 2379 quod
444 2327 596 2365 homini
619 2325 762 2364 viventi
784 2326 829 2363 de
851 2325 902 2362 iis
923 2339 1017 2375 quos
1038 2324 1290 2373 cognoscebat
1311 2338 1390 2361 non
1409 2332 1587 2373 potuerat
1608 2324 1699 2361 dare
1720 2337 1846 2360 vocem
1866 2336 1982 2359 suam

269 2397 309 2426 ut
328 2388 393 2426 isti
411 2386 708 2437 archiepiscopo
725 2385 910 2432 Barensi,
930 2384 997 2434 qui
1015 2392 1095 2421 erat
1110 2384 1195 2434 jam
1212 2398 1334 2433 papa,
1352 2383 1408 2421 vel
1425 2383 1583 2420 domino
1599 2383 1781 2420 Martino
1798 2381 1982 2432 episcopo

268 2446 588 2498 pampilonensi,
611 2445 647 2483 si
672 2445 729 2482 ibi
751 2444 927 2482 stetisset.
953 2444 1105 2482 Contra
1127 2443 1171 2480 in
1192 2442 1447 2493 depositione
1472 2442 1611 2480 Poncii
1632 2441 1796 2480 Beraldi
1811 2440 1827 2463 4
1849 2457 1856 2478 :
1884 2440 1981 2478 Item

268 2508 369 2557 quod
392 2506 457 2544 isti
481 2506 631 2544 dixerat
652 2505 769 2542 semel
791 2504 953 2554 quidam
975 2502 1207 2550 cardinalis,
1230 2502 1378 2540 scilicet
1404 2501 1665 2548 Vivariensis,
1690 2501 1792 2551 quod
1813 2514 1895 2538 vere
1919 2499 1982 2537 ille

270 2581 348 2603 non
371 2574 452 2604 erat
474 2580 584 2615 papa
606 2572 641 2602 et
663 2564 833 2602 avisaret
857 2563 970 2600 illum
993 2563 1208 2599 Bar-ensem
1232 2562 1276 2599 de
1299 2561 1367 2598 hoc
1391 2569 1444 2608 ut,
1468 2561 1504 2598 si
1528 2569 1624 2598 esset
1645 2560 1848 2610 possibile,
1874 2559 1981 2596 reeli-

270 2634 431 2674 geretur,
456 2634 490 2663 et
513 2624 614 2675 quod
636 2624 721 2673 ipse
743 2616 948 2669 laboraret,
972 2630 1006 2659 et
1028 2622 1129 2671 qaod
1151 2630 1242 2659 tunc
1265 2621 1366 2658 dixit
1390 2621 1459 2658 iste
1482 2620 1587 2658 testis
1611 2620 1712 2669 quod
1733 2619 1898 2669 placeret
1922 2618 1982 2656 illi

271 2685 427 2722 domino
461 2683 688 2722 Vivariensi
717 2682 841 2720 dicere
868 2681 961 2729 sibi,
992 2681 1086 2731 quia
1114 2680 1244 2730 magis
1271 2680 1435 2718 crederet
1460 2680 1540 2717 sibi
1569 2694 1686 2729 quam
1713 2678 1802 2726 alii,
1831 2686 1864 2716 et
1891 2686 1983 2715 tunc

271 2744 369 2781 dimit
396 2744 459 2781 ille
485 2742 702 2781 cardinalis
728 2742 829 2792 quod
851 2741 935 2791 jam
962 2741 1112 2778 dimersit
1136 2740 1230 2787 sibi,
1256 2740 1323 2777 sed
1347 2739 1525 2789 apertius
1549 2739 1687 2776 diceret
1709 2738 1864 2788 quando
1889 2745 1984 2774 esset

324 2885 350 2917 1.
382 2885 421 2917 B.
455 2885 512 2924 N„
542 2896 609 2917 ms.
639 2883 735 2917 latin
762 2884 868 2924 1470,
898 2883 960 2917 fol.
991 2884 1035 2917 53
1062 2888 1106 2924 r⁰‚
1127 2889 1165 2916 et
1190 2882 1509 2922 Bliemetzrieder,
1539 2882 1782 2915 Literarische
1802 2879 1980 2916 Polemilss

298 2963 304 2970 .
329 2938 385 2970 74.

270 2949 292 2980 p
321 2991 352 3023 2.
384 2990 450 3023 Ms.
473 2990 557 3030 cite,
580 2990 642 3024 sol.
664 2991 706 3024 8¹1
728 2995 772 3023 r0.

322 3044 353 3075 3.
385 3044 424 3075 Β.
446 3044 501 3083 N„
519 3055 586 3076 ms.
604 3044 700 3076 latin
715 3044 845 3084 11745‚
862 3043 925 3077 fol.
943 3044 1013 3077 150
1028 3048 1071 3076 r⁰.

322 3096 353 3128 li.
386 3096 452 3129 Ms.
475 3096 559 3136 cite',
581 3096 642 3130 fol.
666 3098 710 3130 50
729 3101 773 3130 r0.
