2083 3458
267 215 348 255 610
914 227 1066 252 NOTAE
1101 227 1161 251 AD
1196 225 1323 252 VITAs
1817 211 1968 267 [1087]

264 313 514 362 apparebant
531 311 586 361 fig
590 319 698 349 torale
715 311 880 361 quedam
895 310 998 360 facte
1015 312 1059 348 de
1075 310 1251 349 crancris
1267 324 1357 348 cum
1374 310 1575 361 quadam
1562 310 1738 360 zmagine
1754 324 1823 348 seu
1841 309 1972 360 figura

262 372 387 409 leonis
413 379 610 421 rampant.
640 371 694 408 Et
720 378 854 408 cetera
883 370 1050 420 quidem
1075 370 1190 420 paria
1216 376 1314 408 sunt
1339 369 1381 407 in
1406 369 1536 419 sigillo
1563 370 1674 408 Petri
1700 370 1749 408 de
1780 370 1972 408 Chanaco

264 431 480 478 domicelli,
514 430 623 480 quod
654 430 853 467 adhaeret
883 429 1014 468 veteri
1044 430 1324 468 instrumento
1355 429 1452 466 anni
1483 429 1687 467 millesimi
1719 429 1891 476 CCLVI,
1924 429 1973 467 de

264 504 344 540 quo
366 504 489 540 supra
513 489 705 527 diximus.
733 489 821 527 Hoc
844 497 1013 529 tantum
1037 489 1258 528 discrimen
1278 488 1500 527 intercedit
1524 489 1634 539 quod
1656 503 1729 539 pro
1752 502 1835 526 uno
1857 488 1972 526 leone

263 558 342 588 tres
370 548 675 599 conspicientur
700 548 742 586 in
767 548 835 586 illo
861 548 1006 599 sigillo,
1035 549 1115 587 duo
1143 548 1311 598 quidem
1335 548 1379 585 in
1404 548 1610 598 superiore
1636 556 1769 599 parte,
1800 561 1907 585 unus
1932 547 1975 585 in

262 609 357 648 ima.
379 608 434 646 At
453 609 579 646 Fulco
599 608 647 646 de
667 608 874 656 Chanaco,
895 608 1110 658 episcopus
1132 607 1388 656 Parisiensis,
1407 615 1524 646 scuto
1544 608 1586 645 in
1606 622 1686 658 quo
1706 615 1804 646 sunt
1823 606 1974 645 fasciae

263 677 303 707 et
317 669 378 706 leo
394 667 578 706 addebat
593 667 768 705 limbum
783 667 826 704 in
841 667 1015 706 circuitu
1032 667 1153 715 scuti,
1170 676 1211 706 et
1226 667 1268 704 in
1283 681 1330 705 eo
1345 666 1473 705 limbo
1489 675 1608 705 erant
1622 666 1816 712 undecim
1832 666 1974 704 stellae

264 735 356 766 octo
382 727 517 765 radios
545 727 766 774 habentes;
795 741 972 777 quarum
1000 735 1181 777 quatuor
1208 734 1327 765 erant
1352 726 1395 764 in
1421 726 1590 774 vertice,
1618 735 1699 765 tres
1728 726 1770 764 in
1795 733 1974 775 utroque

263 788 404 834 latere,
424 800 505 824 una
532 786 574 824 in
599 786 695 826 imo.
718 786 819 836 Ejus
839 787 948 825 enim
975 786 1154 837 sigillum
1181 786 1238 825 sic
1265 800 1505 836 expressum
1528 786 1705 824 vidimus
1725 786 1767 823 in
1788 784 1976 835 originali

264 847 431 897 apocha
448 846 634 896 ejusdem
662 846 866 893 Fulconis,
894 860 974 896 qua
1000 846 1224 896 profitetur
1249 860 1289 884 se
1315 845 1514 896 recepisse
1540 859 1563 883 a
1588 845 1786 895 magistro
1814 845 1974 882 Joanne

265 906 431 952 Marret‚
465 906 623 953 clerico,
656 905 887 944 consiliario
920 906 1077 944 domini
1099 906 1203 955 regis
1236 913 1277 944 et
1307 906 1460 955 collega
1490 919 1577 952 suo,
1602 918 1808 943 summam
1841 917 1974 941 xxvnl

267 965 465 1003 librarum
499 965 788 1015 parisiensium
825 981 831 1002 :
866 966 1069 1003 Debentur
1112 965 1231 1003 michi
1267 964 1439 1002 Falconi
1474 965 1517 1002 de
1553 964 1751 1011 Chanaco,
1788 962 1976 1001 canonico

1022 1242 1353 1317 ran-e

267 1735 508 1782 Parisiensi,
529 1733 759 1771 consiliario
779 1733 931 1771 domini
950 1747 1070 1782 regls,
1089 1747 1160 1782 pro
1179 1733 1395 1782 stipendiis
1412 1748 1482 1770 sea
1502 1732 1631 1770 vadiis
1660 1732 1757 1769 meis
1777 1732 1980 1770 deservitis

269 1795 312 1832 in
337 1809 491 1832 camera
517 1793 756 1844 parlamenti
782 1807 934 1830 summe
961 1807 1031 1842 que
1056 1801 1288 1842 sequuntur.
1319 1793 1373 1829 Et
1398 1792 1505 1830 infra
1535 1808 1541 1829 :
1566 1792 1719 1829 Datum
1743 1791 1818 1829 sub
1842 1791 1978 1841 sigillo

269 1868 350 1891 meo
372 1853 595 1903 penultima
616 1853 678 1890 die
701 1852 847 1890 mensis
871 1852 969 1889 maii
992 1849 1158 1901 predicti
1180 1866 1286 1889 anno
1311 1852 1584 1890 M'CCCXLI.

322 1913 561 1951 Guillelmus
589 1927 682 1962 ergo
710 1919 822 1949 ortus
851 1919 912 1949 est
939 1926 989 1949 ex
1014 1925 1128 1950 ramo
1157 1911 1448 1950 Chanacorum
1476 1911 1545 1961 qui
1571 1910 1845 1961 perstiterunt
1868 1910 1979 1960 apud

269 1972 523 2010 Alassacum.
553 1971 695 2021 Neque
721 1979 865 2010 tamen
890 1971 972 2008 illic
999 1979 1121 2008 natus
1149 1978 1225 2017 est,
1253 1971 1323 2009 sed
1352 1971 1558 2018 Lutetiae,
1585 1978 1633 2008 ut
1660 1970 1811 2008 docent
1836 1977 1977 2008 vetera

269 2039 539 2071 monumenta
573 2030 713 2069 Sancti
746 2030 944 2068 Florentii
976 2030 1262 2068 Salmuriensis
1294 2044 1457 2070 mecum
1490 2030 1586 2069 olim
1619 2029 1924 2069 communicata
1946 2042 1978 2065 -a

269 2091 356 2128 viro
405 2090 629 2129 clarissimo
678 2090 843 2129 domino
893 2089 1064 2127 Claudio
1112 2090 1398 2137 Chantelouio‚
1447 2090 1651 2129 monacho
1694 2088 1978 2128 Benedictino.

270 2151 465 2188 Parentes
491 2150 639 2187 habuit
665 2149 897 2188 Guidonem
924 2149 971 2187 de
998 2149 1189 2187 Chanaco
1214 2157 1256 2187 et
1284 2149 1502 2187 Isabellam
1529 2149 1577 2187 de
1604 2148 1743 2186 Monte
1768 2148 1978 2198 Berulphi.

270 2210 486 2260 Septennis
508 2209 645 2246 induit
666 2209 917 2247 monachum
937 2208 980 2246 in
1001 2208 1253 2247 monasterio
1276 2208 1418 2247 Sancti
1440 2208 1639 2247 Martialis
1661 2206 1980 2254 Lemovicensis,

269 2283 351 2306 non
379 2276 518 2307 autem
547 2268 658 2319 apud
688 2268 888 2307 Sanctum
917 2268 1187 2315 Florentium,
1215 2276 1263 2305 ut
1290 2268 1427 2308 visum
1454 2275 1516 2306 est
1544 2267 1742 2305 fratribus
1775 2267 1979 2305 Sammar-

269 2328 420 2366 thanis.
439 2328 594 2366 Studiis
609 2328 823 2366 literarum
840 2328 954 2365 dedit
970 2342 1134 2378 operam
1151 2328 1193 2365 in
1208 2327 1420 2366 academia
1437 2327 1670 2374 Parisiensi‚
1686 2326 1820 2365 factus
1836 2326 1981 2364 doctor
2035 2346 2038 2349 ·

271 2388 529 2425 decretorum
548 2388 575 2426 1.
601 2387 697 2425 Fuit
720 2395 861 2425 autem
894 2387 1116 2437 capicerius
1142 2386 1283 2425 Sancti
1306 2386 1506 2425 Martialis
1531 2385 1847 2433 Lemovicensis‚
1871 2385 1982 2435 prior

272 2447 541 2497 Longipontis
561 2447 603 2484 in
623 2446 797 2485 dioecesi
818 2446 1050 2493 Parisiensi,
1071 2454 1112 2484 et
1132 2446 1427 2484 Vezeliacensis
1447 2446 1489 2483 in
1509 2446 1729 2493 Aeduensi,
1749 2453 1791 2484 et
1809 2444 1980 2483 tandem

271 2506 399 2543 abbas
428 2506 568 2544 Sancti
595 2505 792 2544 Florentii
819 2505 1105 2544 Salmuriensis
1132 2506 1265 2543 evasit
1290 2519 1398 2543 anno
1426 2505 1674 2552 MOECLIV,
1701 2516 1839 2543 mense
1863 2503 1977 2553 julio.

273 2565 375 2603 Sunt
400 2565 526 2603 etiam
552 2566 621 2615 qui
644 2565 774 2603 velint
797 2579 892 2605 eum
915 2565 1039 2603 fuisse
1063 2565 1260 2602 abbatem
1282 2565 1531 2603 Besuensem
1555 2564 1597 2602 in
1618 2563 1872 2614 Burgundia.
1902 2563 1980 2601 Sed

272 2624 312 2661 id
334 2638 479 2673 parum
502 2632 679 2663 constat.
706 2625 837 2664 Immo
860 2624 1059 2662 Oldoinus
1081 2624 1199 2661 addit
1221 2638 1313 2662 eum
1335 2624 1459 2662 fuisse
1481 2624 1677 2661 abbatem
1701 2624 1738 2661 S.
1765 2622 1980 2669 Martialis,

275 2684 384 2720 nullo
408 2691 527 2721 teste.
553 2684 836 2721 Ferdinandus
861 2684 1055 2732 Ughellus
1080 2683 1119 2721 in
1142 2683 1432 2721 Adclitionihus
1455 2684 1507 2721 ad
1522 2683 1761 2720 Ciaconium
1784 2682 1844 2720 ait
1865 2681 1980 2718 illum

277 2742 376 2779 XIV
402 2756 529 2780 annos
556 2743 757 2792 peregisse
782 2744 825 2780 in
850 2743 1045 2792 regimine
1072 2742 1258 2781 coenobii
1285 2742 1426 2781 Sancti
1454 2742 1663 2780 Florentii.
1693 2741 1811 2790 Quod
1836 2754 1980 2778 verum

276 2809 348 2838 est.
390 2801 493 2839 Hinc
531 2802 728 2840 Oldoinus
766 2802 929 2851 collegit
963 2802 1078 2841 illum
1114 2802 1365 2840 monasteria
1400 2802 1575 2848 Bezuae‚
1613 2801 1650 2839 S.
1690 2800 1903 2847 Martialis,
1939 2807 1981 2837 et

278 2860 313 2897 S
347 2860 541 2898 Florentii
568 2876 639 2911 per
667 2875 795 2899 annos
826 2861 1141 2911 quatuordecim
1174 2860 1338 2899 rexisse.
1370 2860 1434 2899 Sic
1471 2875 1623 2899 errores
1658 2860 1913 2898 inducuntur
1939 2858 1982 2896 in

279 2919 489 2957 historiam
514 2920 846 2959 ecclesiasticam.
874 2920 951 2959 Sed
974 2920 1054 2958 ista
1079 2920 1275 2958 sinamus.

331 2978 431 3014 (lum
464 2993 557 3027 ergo
592 2979 831 3017 Guillelmus
867 2979 915 3017 de
949 2980 1140 3018 Chanaco
1173 2979 1472 3017 monasterium
1506 2979 1543 3017 S.
1581 2978 1777 3016 Florentii
1809 2977 1981 3016 rexisset

331 3102 357 3133 1.
390 3101 751 3137 Dvniils·-Clu“1u·lai11
777 3104 1084 3145 (Clau-lularz‘um,
1109 3111 1134 3137 t.
1156 3116 1192 3143 11,
1216 3115 1250 3136 n.
1274 3104 1370 3146 778).
