2083 3458
275 251 354 291 234
923 262 1073 287 NOTAE
1109 262 1168 286 AD
1203 261 1330 286 VITAS
1854 247 1978 302 [737]

275 348 538 387 Mortuomari
558 348 616 385 ait
636 363 642 385 ;
660 347 807 384 Fuerat
824 345 1011 395 antiquus
1029 344 1159 382 socius
1176 343 1363 394 specialis
1377 343 1492 396 ‘illius
1511 345 1648 394 magni
1666 344 1741 382 viri
1760 345 1977 395 quemfecit

274 409 448 445 Joannes
476 421 584 457 papa
609 405 749 443 XXII
782 404 986 452 excoriari,
1015 403 1190 441 videlicet
1215 402 1393 453 episcopi
1422 402 1686 443 Caturcensis.
1714 404 1853 443 Fuisse
1880 419 1973 443 eum

273 467 368 505 olim
386 475 596 504 cautorem
619 464 822 502 Ecclesiae
841 461 1184 513 petragoricensis
1207 470 1248 500 et
1271 462 1474 500 decanum
1496 462 1687 501 eeclesiae
1710 462 1747 501 S.
1772 462 1911 502 Aredii
1931 463 1973 502 in

271 525 442 564 dioecesi
472 523 751 563 Lemovicensi
773 523 922 561 docent
944 522 1141 572 epistolae
1163 521 1384 560 Clementis
1404 521 1452 571 V,
1476 522 1587 572 apud
1610 536 1733 572 quem
1754 522 1975 574 praecipua

271 584 400 634 gratia
426 583 576 631 floruit,
601 591 641 621 et
668 582 783 632 cujus
810 596 904 620 eum
928 581 1052 619 fuisse
1077 580 1400 619 referendarium
1425 580 1549 619 refert
1575 581 1920 632 Walsinghamus.

327 643 434 681 Illius
463 642 715 681 mentionem
744 641 843 679 facit
872 640 1062 689 Nicorlaus
1093 640 1306 690 episcopus
1333 639 1664 679 Botrontinensis
1703 640 1746 679 in
1773 641 1977 680 Relatione

271 702 436 750 itineris,
461 702 532 739 ubi
556 702 610 740 sic
635 700 940 739 emendandum
962 699 1263 749 legendumque
1288 707 1362 747 est,
1386 699 1508 749 Hugo
1539 699 1712 738 Geraudi
1735 708 1828 738 tunc
1849 696 1976 738 archi-

269 762 470 808 diaconus,
508 775 613 798 nunc
646 759 868 810 episcopus.
907 759 1008 797 Erat
1050 758 1159 797 enim
1189 758 1501 797 archidiaconus
1534 758 1689 809 Augiae
1723 759 1766 797 in
1795 759 1975 799 Ecclesia

271 819 592 870 Rothomagensi
614 818 779 869 quando
800 819 934 856 factus
957 826 1018 856 est
1039 817 1253 868 episcopus
1276 817 1557 866 Cadurcensis,
1578 826 1627 856 ut
1646 826 1765 869 patet
1794 833 1845 857 ex
1864 819 1976 858 bulla

268 879 483 917 Clementis
521 878 555 916 V
592 878 701 917 edita
739 892 761 915 a
798 877 1015 916 Guillelmo
1052 877 1203 915 Cruceo
1248 876 1290 914 in
1335 877 1444 915 Serie
1479 877 1754 928 episcoporum
1779 877 1973 931 sCadurc„

266 954 302 987 p.
332 938 417 976 181.
1997 935 2001 938 ’

318 998 358 1035 Ρ.
388 996 474 1045 154,
500 996 566 1046 lig.
594 995 655 1035 25.
683 996 816 1034 Cumis
844 1010 1050 1034 SECULARI
1064 995 1090 1044 1,
1115 995 1157 1033 id
1182 1003 1257 1043 est,
1287 996 1525 1034 marescallo
1549 1010 1696 1046 papae.
1720 995 1976 1048 Walsingha-

264 1071 351 1094 mus
378 1056 429 1094 ad
455 1069 610 1093 annum
636 1055 878 1093 MCCCXVI
902 1055 1084 1093 :Eodem
1108 1069 1215 1092 anno
1239 1055 1361 1104 Hugo
1386 1054 1538 1103 Gerold,
1562 1055 1629 1106 qui
1652 1054 1733 1105 suit
1757 1055 1975 1105 reserenda-

262 1115 346 1153 rius
378 1129 509 1165 papae
543 1114 754 1152 Clementis
787 1122 821 1152 et
853 1114 1063 1165 episcopus
1097 1113 1364 1163 Caturcensis,
1400 1114 1465 1152 cui
1496 1114 1576 1164 suit
1610 1114 1842 1165 impositum
1875 1116 1977 1166 quod

263 1175 305 1212 in
332 1182 490 1212 mortem
519 1173 692 1212 Joannis
718 1188 850 1224 papae
874 1173 1004 1223 suerat
1031 1173 1295 1222 machinatus,
1318 1181 1506 1224 perpetuo
1533 1174 1678 1212 carceri
1706 1173 1972 1225 mancipatur.

262 1233 338 1271 Sed
362 1233 610 1284 postmodum
635 1232 715 1282 fuit
750 1233 986 1282 degradatus
1013 1241 1047 1270 et
1085 1240 1221 1270 tonsus
1248 1232 1388 1283 capite,
1415 1241 1512 1271 veste
1547 1233 1769 1282 stragulata
1796 1233 1972 1282 indutus,

262 1292 428 1330 traditur
454 1292 586 1330 curiae
611 1292 793 1341 seculari,
821 1292 997 1330 videlicet
1025 1292 1252 1330 marescallo
1277 1306 1408 1342 papae
1434 1306 1446 1329 .·
1472 1292 1553 1342 qui,
1588 1292 1723 1343 ipsum
1748 1292 1905 1331 trahens
1930 1293 1974 1331 de

260 1352 408 1400 palatio
429 1366 559 1402 papae
580 1352 631 1389 ad
649 1352 766 1402 pedes
787 1365 973 1401 equorum
993 1365 1063 1402 per
1083 1359 1202 1389 totam
1223 1350 1430 1399 civitatem,
1446 1359 1638 1402 postremo
1658 1351 1750 1401 jecit
1771 1352 1815 1390 in
1835 1366 1973 1403 campo

261 1411 350 1459 igne
368 1411 544 1450 cremari.
570 1411 606 1449 Is
626 1406 888 1449 marescallus
908 1411 1139 1449 vocabatur
1158 1410 1363 1449 Arnaldus
1384 1411 1433 1449 de
1452 1410 1646 1459 Trianno,
1665 1425 1792 1461 nepos
1825 1425 1972 1462 papae,
2011 1441 2014 1444 -

259 1478 305 1507 ut
329 1470 560 1509 videbimus
585 1470 704 1508 infra.
734 1470 793 1509 De
820 1470 986 1509 crimine
1012 1478 1053 1508 et
1078 1470 1278 1520 supplicio
1306 1469 1470 1508 Geraldi
1495 1470 1675 1521 episcopi
1705 1469 1971 1509 Cadurcensis

257 1529 335 1568 ista
358 1530 551 1579 leguntur
572 1529 614 1567 in
638 1529 832 1567 Chronico
855 1544 929 1569 ms.
955 1529 1195 1567 monasterii
1219 1529 1604 1567 Grandimontensis
1631 1546 1638 1568 ι
1663 1529 1785 1567 Anno
1804 1529 1972 1568 Domini

259 1588 564 1637 MCCCXVII,
591 1603 720 1627 mense
745 1589 857 1636 maii,
882 1588 962 1638 suit
984 1588 1182 1626 Avinioni
1207 1588 1409 1639 depositus
1432 1589 1553 1638 Hugo
1580 1588 1738 1627 Geraldi
1762 1589 1972 1640 episcopus

254 1647 521 1686 Caturcensis.
558 1648 610 1686 Et
642 1648 773 1686 eodem
806 1662 913 1685 anno
947 1648 1009 1686 die
1052 1647 1302 1686 relevationis
1334 1648 1463 1686 sancti
1499 1647 1692 1698 Stephani
1738 1648 1972 1698 confessoris

268 1707 306 1757 [3
342 1707 527 1758 augusti]
567 1707 669 1745 idem
702 1707 823 1756 Hugo
858 1707 1068 1757 episcopus
1102 1715 1261 1757 propter
1294 1706 1473 1757 potiones
1508 1722 1605 1757 quas
1640 1707 1798 1745 domino
1840 1722 1972 1758 papae

255 1774 462 1815 parcwerat
481 1775 514 1804 et
535 1766 730 1816 imagines
750 1781 877 1804 cereas
897 1781 986 1804 cum
1005 1766 1150 1817 quihus
1170 1765 1377 1804 dominum
1399 1766 1595 1804 Jacobum
1614 1767 1658 1804 de
1683 1766 1773 1815 Via,
1795 1775 1972 1817 nepotem

257 1840 398 1875 papae,
426 1826 679 1875 cardinalem,
719 1825 922 1873 occiderat,
959 1825 1039 1874 fuit
1076 1826 1312 1875 degradatus
1349 1833 1383 1863 et
1419 1825 1588 1864 traditus
1625 1825 1759 1863 curiae
1786 1825 1969 1874 seculari,

256 1899 300 1922 ac
330 1893 474 1923 tractus
504 1884 700 1923 Avinioni
730 1899 801 1935 per
831 1885 967 1922 villam
998 1885 1109 1923 vivus
1140 1884 1372 1933 excoriatur,
1404 1893 1438 1922 et
1470 1884 1512 1923 in
1542 1885 1649 1935 pallo
1680 1885 1828 1923 levatus
1859 1885 1971 1923 vivus

253 1944 507 1983 comburitur.

309 2004 350 2042 P.
384 2003 470 2052 155,
500 2004 566 2053 lig.
598 2004 632 2043 6.
673 2000 925 2041 ARNALDUM
970 2018 1024 2040 DE
1064 2003 1154 2042 VIA.
1198 2004 1319 2041 Illum
1360 2005 1465 2042 male
1504 2003 1645 2041 Simon
1679 2003 1899 2052 Bartellus,
1927 2003 1970 2041 in

256 2062 563 2100 Nomenclatura
583 2063 822 2100 Praesulum
842 2062 1115 2112 Regiensium,
1137 2077 1176 2113 p.
1199 2061 1262 2110 59,
1284 2061 1373 2110 248,
1395 2062 1484 2111 250,
1506 2062 1696 2100 nominat
1720 2062 1967 2101 Artaudum.

257 2122 359 2160 Male
393 2122 493 2160 item
528 2122 638 2172 apud
674 2122 874 2160 Cruceum
907 2122 950 2159 in
985 2122 1093 2160 Serie
1127 2121 1403 2172 episcoporum
1437 2121 1767 2170 Cadurcensium,
1802 2136 1841 2172 p.
1879 2121 1969 2170 212,

257 2189 427 2219 vocatur
458 2181 705 2219 Armandus.
739 2181 907 2219 Certum
939 2180 1091 2231 quippe
1122 2189 1185 2219 est
1215 2195 1309 2219 eum
1339 2188 1538 2219 vocatum
1568 2180 1692 2219 fuisse
1723 2180 1966 2220 Arnaldum.

258 2240 363 2277 Eum
393 2240 543 2278 Joanni
573 2254 705 2290 papae
735 2240 1044 2278 commendavit
1073 2239 1289 2290 Philippus
1318 2240 1367 2288 V,
1405 2254 1478 2278 rex
1515 2240 1780 2288 Francorum,
1816 2239 1969 2278 additis

258 2299 583 2349 flagrantissimis
605 2298 793 2349 precibus
815 2308 863 2337 ut
884 2313 977 2337 eum
997 2298 1039 2336 in
1060 2313 1278 2337 numerum
1300 2298 1572 2337 cardinalium
1592 2298 1781 2344 referret3
1805 2299 1967 2338 Odorie.

258 2358 405 2407 Rayn.‚
429 2372 492 2397 an.
518 2358 631 2406 1316,
660 2358 676 2406 ξ
698 2358 759 2396 20.

310 2417 351 2455 Ρ.
380 2417 467 2464 155,
502 2417 567 2467 lig.
606 2417 639 2456 7.
678 2417 853 2455 OCTAVA
881 2431 964 2455 me.
1004 2418 1050 2455 In
1084 2417 1341 2467 responsoria
1362 2416 1376 2439 ²
1411 2416 1583 2455 Joannis
1617 2417 1670 2455 ad
1706 2431 1842 2467 regem
1877 2416 1970 2454 Phi-

255 2475 413 2525 lippum
439 2476 497 2514 ita
524 2476 672 2526 legitur
700 2491 707 2514 :
736 2476 860 2513 Porro
887 2476 930 2513 de
958 2476 1201 2526 promotione
1225 2476 1363 2525 fratris
1388 2476 1475 2526 ejus
1501 2483 1563 2514 tue
1586 2475 1672 2526 jam
1700 2484 1755 2514 est
1781 2475 1970 2514 instantie

306 2601 336 2633 l.
367 2601 533 2633 Bcrnard
555 2600 625 2633 Gui
645 2607 701 2633 est
721 2601 796 2634 mal
815 2601 1008 2645 renseigne
1027 2613 1091 2634 sur
1108 2602 1144 2634 la
1163 2601 1260 2634 suite
1281 2602 1344 2634 des
1365 2602 1620 2634 evenements.
1645 2600 1798 2644 Hugues
1820 2601 1971 2635 Geraud

257 2654 358 2686 subit
377 2654 475 2686 deux
492 2656 620 2697 proces
639 2667 645 2686 ε
665 2654 696 2686 16
715 2656 843 2697 proces
862 2654 1073 2698 canonique
1090 2666 1127 2687 se
1145 2654 1309 2688 termina
1325 2666 1394 2699 par
1409 2666 1482 2688 une
1499 2660 1675 2687 sentence
1694 2654 1738 2687 de
1756 2654 1970 2698 deposition

258 2712 294 2737 «tt
312 2706 624 2740 d’incarceration
641 2707 704 2751 qui
721 2708 781 2740 fut
797 2709 926 2751 portee
944 2713 1049 2740 entre
1065 2708 1097 2740 le
1116 2708 1159 2741 23
1177 2719 1277 2741 mars
1294 2713 1332 2740 et
1347 2708 1380 2740 le
1398 2707 1418 2741 9
1435 2707 1531 2741 avril
1546 2708 1652 2747 1317,
1671 2712 1709 2740 et
1725 2708 1968 2752 promulguee

257 2760 287 2791 le
307 2760 351 2792 ‘18
372 2760 445 2791 mai
469 2759 635 2802 (Gomon,
657 2772 691 2793 n.
715 2760 817 2804 235);
838 2761 869 2793 le
889 2763 1019 2804 proces
1039 2760 1206 2794 criminel
1225 2772 1263 2794 se
1282 2761 1429 2794 elatura
1447 2761 1480 2794 le
1498 2761 1544 2794 30
1564 2761 1657 2794 aofit
1679 2760 1797 2804 (Albe,
1818 2772 1875 2805 op.
1897 2762 1968 2802 cit,

262 2825 292 2853 p.
319 2812 365 2855 5),
392 2812 449 2844 On
472 2813 597 2856 ignore
620 2813 655 2845 la
679 2814 766 2846 date
789 2813 930 2857 precise
953 2815 1004 2846 du
1026 2814 1194 2858 supplice
1218 2814 1262 2847 de
1284 2814 1456 2858 l’eveque
1480 2814 1524 2847 de
1548 2813 1706 2854 Cahors;
1729 2825 1776 2846 en
1798 2819 1886 2847 tout
1907 2825 1968 2848 cas

260 2865 400 2897 volui-ci
426 2866 558 2898 11'ctait
579 2866 660 2909 plus
682 2878 728 2899 en
749 2866 807 2899 vie
828 2867 859 2899 16
881 2868 925 2900 18
948 2867 1144 2900 decembre
1170 2866 1288 2911 (Albe,
1311 2878 1368 2911 op.
1391 2868 1462 2907 cit„
1485 2878 1520 2910 p.
1543 2867 1665 2907 36-39‚
1689 2866 1876 2911 105-111).
1899 2866 1970 2901 Sur

259 2928 296 2948 aa
318 2918 544 2959 ovilpabilite,
567 2919 647 2951 voir
666 2919 713 2952 H.
734 2919 789 2959 L.‚
810 2926 835 2952 t.
859 2932 995 2959 xxxw,
1016 2932 1051 2964 p.
1072 2920 1249 2960 408—4143
1271 2919 1400 2953 Ch.—V.
1422 2920 1596 2963 Langlois
1620 2919 1687 2963 (La
1706 2919 1759 2963 fin
1777 2920 1970 2963 d'Hugues

266 2971 417 3010 (iurand,
441 2972 531 3003 (lans
553 2972 671 3004 Reme
692 2972 731 3005 de
750 2972 872 3013 Paris,
894 2979 921 3006 t.
943 2984 1010 3006 xm
1033 2972 1168 3017 (1906),
1190 2985 1225 3017 p.
1248 2972 1418 3017 531-552)
1442 2978 1480 3006 et
1497 2972 1534 3006 la
1553 2974 1710 3016 reponse
1739 2973 1783 3006 de
1803 2972 1852 3007 M.
1872 2973 1967 3007 Albe

264 3023 376 3056 mid..
397 3030 420 3055 1.
448 3036 523 3063 triv,
553 3037 583 3067 p.
611 3025 803 3068 [240-448);
829 3025 870 3059 G.
897 3026 1030 3059 Mollat
1056 3026 1189 3070 (Revue
1211 3027 1377 3069 pratique
1400 3025 1695 3070 d'apologetique‚
1713 3032 1739 3059 t.
1763 3038 1803 3059 ιν
1829 3026 1965 3071 (1907),

266 3089 294 3116 [v.
315 3076 497 3117 75:3—74j7).

312 3132 339 3159 3.
372 3130 522 3169 (πιτύων,
551 3143 580 3162 τι.
606 3131 673 3163 302
700 3131 757 3174 (10
778 3132 901 3174 juillet
923 3132 1044 3175 1317).
