2083 3458
124 254 276 309 [1355]
642 270 859 296 PAPARUM
894 270 1278 296 AVENIONENSIUM
1725 254 1809 295 869

166 353 284 390 Anno
308 352 629 391 MCCCXCVIII
654 353 733 391 kal.
763 353 817 403 [1]
844 353 1101 403 septembris,
1124 353 1335 403 publicata
1369 353 1479 403 apud
1503 353 1807 390 Villamnovam

110 411 392 450 subtractione
408 412 664 450 obedientiae
680 413 876 450 adversus
892 412 1163 450 Benedictum
1180 412 1303 459 XIII,
1319 413 1394 450 iste
1411 412 1626 451 cardinalis
1643 420 1807 462 postero

110 470 172 508 die
199 470 409 509 Avenione
435 471 609 509 decessit
627 471 639 493 ¹
667 466 947 517 cum'ceteris3
974 471 1066 509 vide
1093 471 1288 519 Suritam‚
1313 471 1382 510 lib.
1412 472 1473 509 ΙΙΙ
1502 471 1699 509 Indicum.

164 530 282 567 Anno
300 530 443 568 eodem
463 529 477 552 2
495 539 670 568 exeunte
691 530 823 569 factus
843 538 904 568 est
923 530 1136 580 episcopus
1159 530 1355 569 Ostiensis
1375 539 1469 581 post
1488 538 1663 568 mortem
1683 531 1806 567 Joan-

110 588 169 626 nis
198 588 246 626 de
276 588 545 627 Novocastro.

164 648 471 686 Sammarthani
493 648 537 697 [t.
564 663 590 695 1,
609 649 681 686 col.
701 648 793 698 582]
815 649 959 686 fratres
977 648 1017 685 in
1035 648 1222 697 Catalogo
1250 648 1636 697 archiepiscoporum
1670 648 1806 685 Arela-

110 706 282 744 tensium
315 707 500 745 scribunt
535 708 732 745 honorem
767 707 1044 745 cardinalatus
1080 707 1229 745 iterum
1264 707 1300 746 ei
1334 707 1455 745 fuisse
1491 707 1664 744 allatum
1698 721 1807 744 anno

112 765 348 804 MCCCCIX
373 765 415 803 in
440 766 609 804 concilio
638 766 797 804 Pisano.
827 767 905 804 Sed
930 766 1041 804 istud
1067 767 1220 816 absque
1247 766 1329 804 ullo
1355 774 1543 804 veterum
1567 764 1806 804 testimonio

110 824 273 872 dicitur,
305 825 430 862 immo
462 825 657 863 adversus
690 825 1103 863 verisimilitudinem.
1139 825 1234 872 Quis
1266 825 1374 863 enim
1405 825 1440 863 ei
1471 826 1578 863 hunc
1610 826 1805 862 honorem

110 883 337 931 detulisset,
356 884 594 922 absentibus
613 884 772 922 duobus
791 884 1135 923 contendentibus
1154 885 1201 922 de
1218 893 1390 934 papatu,
1411 884 1642 922 Alexandro
1660 883 1806 933 quinto

111 943 295 981 nondum
320 944 482 981 creato?
510 943 650 981 Melius
678 943 960 981 Ferdinandus
999 943 1191 993 Ughellus
1223 943 1268 993 [t.
1294 958 1319 989 1,
1356 945 1429 982 col.
1458 943 1540 992 75]‚
1566 956 1806 992 quanquam

111 1017 191 1039 non
219 1002 377 1051 integra
406 1002 596 1049 veritate,
625 1011 824 1040 assertam
852 1002 908 1040 illi
937 1002 1058 1040 fuisse
1087 1003 1145 1040 ait
1174 1002 1419 1053 dignitatem
1448 1001 1725 1040 cardinalatus
1754 1002 1805 1038 ab

109 1061 253 1099 eodem
286 1061 469 1107 concilio,
502 1061 635 1099 verius
670 1061 852 1100 dicturus
886 1061 917 1099 si
949 1061 1175 1111 scripsisset
1207 1061 1322 1098 illum
1353 1061 1454 1099 citra
1483 1060 1805 1099 controversiam

109 1120 258 1158 sedisse
280 1120 387 1158 inter
408 1120 633 1158 cardinales
657 1120 725 1170 qui
747 1129 837 1158 tum
858 1129 975 1158 erant
997 1120 1038 1158 in
1058 1135 1104 1158 eo
1127 1128 1346 1158 conventu.
1373 1120 1589 1169 Ughellum
1611 1118 1806 1169 excripsit

109 1194 182 1230 pro
210 1194 320 1217 more
348 1194 421 1217 suo
450 1179 661 1218 Oldoinus.

164 1239 281 1276 Anno
296 1239 518 1276 MCCCCX
540 1238 575 1276 ei
598 1238 814 1277 commissa
847 1247 908 1276 est
931 1237 1236 1276 administratio
1256 1238 1459 1276 Ecclesiae
1478 1237 1741 1284 Arelatensis,
1759 1244 1806 1274 ut

110 1298 229 1336 docet
254 1298 413 1336 Saxius.
441 1297 518 1335 Sed
544 1297 654 1347 quod
680 1297 836 1335 Fodera
861 1297 992 1344 addit,
1018 1297 1132 1335 illum
1157 1296 1279 1335 fuisse
1303 1297 1430 1335 etiam
1454 1296 1805 1347 archiepiscopum

111 1356 396 1403 Viennensem,
415 1371 569 1394 vanum
586 1364 662 1403 est,
680 1371 811 1406 neque
829 1357 1064 1395 merebatur
1080 1356 1253 1395 exscribi
1270 1356 1322 1393 ab
1341 1356 1527 1395 Oldoino.

163 1417 281 1454 Anno
303 1416 576 1463 MCCCCXII,
598 1415 660 1453 die
681 1424 828 1465 quarta
851 1415 998 1453 mensis
1017 1415 1135 1465 junii,
1155 1423 1243 1453 erat
1266 1416 1434 1462 Romae,
1455 1414 1805 1464 quemadmodum

109 1483 227 1525 patet
243 1489 293 1513 ex
308 1474 434 1513 literis
451 1475 538 1524 ejus
556 1475 597 1512 in
613 1475 750 1513 codice
766 1473 869 1512 1393
885 1474 1157 1512 bibliothecae
1175 1474 1432 1513 Colbertinae
1448 1473 1477 1521 3,
1495 1474 1563 1512 fol.
1583 1473 1655 1511 101
1673 1487 1804 1511 verso.

164 1535 282 1572 Anno
304 1534 624 1573 MCCCCXVIII
647 1534 846 1572 Martinus
869 1534 902 1571 V
921 1548 1029 1584 papa
1049 1549 1068 1572 e
1090 1533 1259 1572 concilio
1280 1532 1584 1572 Constantiensi
1604 1532 1804 1582 digressus

111 1593 174 1632 die
200 1593 416 1632 undecima
442 1593 546 1643 julii,
572 1602 619 1631 ut
644 1593 685 1631 in
710 1594 797 1643 ejus
830 1593 921 1631 Vita
947 1592 1088 1631 scribit
1121 1592 1375 1631 Contelorius
1392 1592 1420 1640 4,
1454 1591 1624 1630 solemni
1654 1605 1805 1642 pompa

110 1660 151 1690 et
183 1653 438 1691 acclamante
471 1653 624 1703 populo
658 1652 697 1689 in
732 1651 946 1691 civitatem
980 1652 1289 1690 Gebennensem
1321 1660 1383 1690 est
1415 1651 1631 1701 ingressus.
1668 1649 1805 1687 Fuisse

111 1726 204 1750 cum
227 1727 273 1750 eo
299 1712 503 1750 Joannem
528 1711 759 1751 Ostiensem
782 1711 1034 1761 episcopum,
1060 1711 1341 1749 Vivariensem
1364 1710 1613 1749 cardinalem
1637 1718 1677 1747 et
1701 1708 1805 1746 vice-

111 1770 399 1809 cancellarium
431 1771 565 1809 curiae
598 1785 805 1817 romanae,
838 1770 907 1820 qui
939 1770 1131 1808 fundavit
1164 1770 1373 1808 Avenione
1415 1769 1630 1819 collegium
1667 1766 1807 1806 Sancti

114 1830 284 1877 Nicolai‚
312 1838 494 1868 testatur
521 1830 787 1868 continuator
816 1829 982 1868 Martini
1014 1829 1155 1867 Poloni
1184 1829 1224 1866 in
1253 1829 1389 1867 codice
1410 1828 1513 1866 2460
1534 1827 1806 1865 bibliothecae

111 1889 369 1928 Colbertinae
389 1889 417 1927 5.

166 1949 283 1986 Anno
306 1948 586 1987 MCCCCXIX
609 1947 671 1986 die
694 1956 810 1986 sexta
833 1947 971 1986 martii
992 1956 1080 1986 erat
1102 1947 1212 1998 apud
1236 1947 1425 1985 Salonem
1447 1954 1629 1984 castrum
1651 1944 1807 1982 dioece-

111 2022 197 2046 seos
220 2007 482 2045 Arelatensis.
505 2008 593 2056 Qua
614 2007 676 2045 die
697 2015 744 2045 ut
756 2015 979 2057 perpetuus
1002 2006 1315 2044 administrator
1335 2005 1537 2044 Ecclesiae
1559 2003 1807 2043 Arelatensis

93 2067 311 2105 *vicarium
340 2066 381 2104 in
410 2081 455 2105 ea
486 2065 659 2105 dioecesi
688 2080 808 2104 suum
849 2066 890 2103 in
919 2065 1199 2116 spiritualibus
1230 2073 1271 2102 et
1299 2064 1595 2114 temporalibus
1625 2061 1808 2100 instituit

114 2126 332 2176 Hugonem
360 2125 598 2176 episcopum
629 2125 940 2172 Vasionensem3
971 2140 1020 2162 ex
1049 2124 1186 2163 codice
1214 2124 1317 2162 1393
1345 2123 1617 2161 bibliothecae
1647 2122 1807 2159 Colber-

111 2185 222 2223 tinae
242 2185 272 2232 6,
294 2184 361 2223 fol.
385 2184 433 2223 73
453 2192 501 2222 rss.

168 2244 343 2282 Demum
357 2243 634 2282 Gebennensis
649 2255 811 2293 quoque
826 2242 1085 2293 episcopatus
1100 2241 1502 2280 administrationem
1514 2254 1607 2278 eum
1618 2238 1808 2277 habuisse

112 2303 305 2341 extremis
323 2302 434 2340 vitae
452 2317 548 2341 suae
566 2302 821 2352 temporibus
842 2301 1023 2339 ostendit
1042 2301 1241 2339 Monodus
1270 2300 1312 2338 in
1329 2300 1512 2337 Historia
1537 2298 1810 2349 episcoporum

120 2361 450 2409 Gebennensiam,
476 2362 591 2411 cujus
618 2361 895 2411 fragmentum
920 2369 1038 2398 extat
1062 2360 1168 2398 inter
1193 2359 1450 2397 Probati'ones
1475 2357 1660 2395 historiae
1684 2355 1808 2394 cardi-

114 2421 269 2459 nalium
293 2420 509 2467 Gallorum,
527 2435 566 2470 p.
586 2420 674 2458 513.

167 2481 298 2530 Vulgo
324 2479 515 2518 scribitur
541 2494 634 2517 eum
662 2478 806 2516 obiisse
827 2479 842 2502 ⁷
880 2479 1033 2516 Romae
1068 2477 1302 2527 ibidemque
1329 2476 1537 2527 sepultum
1563 2489 1661 2513 esse.
1690 2474 1744 2511 At
1770 2473 1812 2510 in

161 2605 193 2638 1.
225 2605 372 2637 Maru'n
396 2604 437 2636 de
460 2603 655 2647 Alpartils,
682 2603 739 2636 ed.
768 2603 806 2636 F.
837 2603 960 2642 Ehrle,
988 2614 1021 2646 p.
1049 2603 1106 2636 36.

225 2657 330 2690 Lisez
350 2657 382 2689 le
404 2658 448 2690 13
468 2657 551 2700 juin
571 2657 664 2689 1405
690 2656 836 2699 (Eubel,
859 2656 1091 2695 Hierarchia,
1114 2661 1140 2688 t.
1161 2667 1185 2695 1,
1208 2667 1242 2698 p.
1265 2654 1339 2697 36).

225 2711 264 2743 B.
290 2710 347 2749 N„
369 2721 436 2742 ms.
458 2710 554 2742 latin
573 2709 678 2742 1461.

227 2764 358 2802 Rome,
392 2762 497 2796 1641.

226 2817 266 2850 B.
294 2816 351 2855 N„
376 2827 443 2849 mS.
468 2815 564 2847 latin
585 2814 691 2854 4973,
715 2815 778 2848 fol.
804 2815 873 2848 138
895 2819 939 2848 r0.

227 2870 267 2902 B.
297 2869 354 2909 N„
381 2880 448 2901 ms.
475 2868 571 2901 latin
595 2867 699 2901 1461.

165 2924 197 2956 7.
225 2923 255 2955 Il
278 2927 434 2955 mourut
463 2922 495 2954 le
527 2922 572 2954 16
604 2921 741 2954 sevrier
764 2919 1285 2963 1426(A1hanes-Chevalier‚
1315 2918 1438 2951 Gallia
1459 2917 1663 2950 christiana
1697 2917 1817 2949 novis-

116 2977 223 3016 sima,
251 2975 370 3014 Artes,
406 2986 441 3007 n.
471 2974 593 3017 1842).
621 2992 670 2997 —
695 2973 766 3006 Sur
793 2974 892 3006 Jean
919 2974 963 3005 de
1003 2973 1166 3016 Bmgny,
1197 2972 1278 3004 voir
1298 2972 1464 3004 Albanes
1495 2970 1564 3014 (op.
1594 2970 1666 3009 cit„
1695 2974 1722 3002 t.
1752 2981 1815 3008 vn,

117 3041 152 3062 n.
174 3029 269 3062 1752
288 3034 327 3061 et
346 3028 468 3071 1762),
493 3027 530 3060 F.
554 3026 701 3070 Miquet
724 3026 786 3069 (Le
804 3027 934 3069 college
953 3027 993 3059 de
1009 3025 1045 3059 S.
1068 3025 1221 3059 Nicolas
1241 3024 1432 3067 d'Annecy
1451 3035 1495 3056 en
1513 3023 1699 3065 Avignon,
1722 3022 1816 3054 dans

118 3083 239 3115 Revue
261 3081 502 3119 εανοίείεηηε,
529 3080 634 3119 1919,
661 3091 695 3123 p.
713 3079 836 3122 33-36)
865 3085 903 3111 et
926 3079 958 3111 le
980 3079 1239 3112 Dictionnaire
1262 3078 1449 3111 d'histoire
1472 3081 1503 3109 el
1535 3077 1576 3109 de
1600 3075 1819 3119 geographie

117 3135 402 3177 ecclesiastiques
424 3133 463 3177 (t.
483 3145 520 3172 11,
542 3133 609 3166 col.
630 3133 803 3172 475-477,
825 3132 846 3164 a
863 3131 1022 3164 l'article
1043 3131 1250 3175 Allarmet).

162 2659 196 2903 9³9¹?9230
