2083 3458
123 228 273 282 [1250]
641 245 857 270 PAPARUM
893 246 1277 271 AVENIONENSIUM
1726 231 1805 271 773

107 326 270 375 prelatis
292 327 463 363 locorum
486 328 580 364 tales
601 327 754 364 domini
776 328 1010 377 respondent
1031 329 1132 377 quod
1153 336 1253 365 terra
1274 342 1407 364 eorum
1429 327 1717 376 grandificatur
1738 342 1805 377 per

102 384 241 433 judeos
274 393 386 434 aptos
419 386 471 423 ad
505 386 740 424 mercantias
773 394 807 424 et
839 386 922 424 alia
955 386 1183 424 civitatibus
1215 395 1451 436 opportuna.
1490 386 1674 436 Denique
1708 386 1805 424 alibi

105 452 246 481 narrat
276 444 437 482 crudele
469 444 626 483 facinus
659 445 876 494 cujusdam
906 445 1070 483 baronis
1101 446 1296 484 adversus
1327 445 1565 495 episcopum
1594 460 1714 485 suum
1743 445 1802 483 his

104 503 238 541 verbis
262 519 269 540 :
294 502 505 540 Not-orium
525 512 580 541 est
601 504 643 541 in
664 519 782 553 regno
803 519 881 541 non
902 505 1133 554 episcopum
1151 506 1219 542 sed
1237 505 1442 554 episcopos
1463 505 1705 554 temporibus
1727 519 1804 542 non

104 562 216 610 longe
235 562 431 611 preteritis
449 563 575 611 juisse
596 563 638 600 in
659 563 850 600 occisione
872 563 1010 612 gladii,
1031 579 1055 601 a
1075 564 1190 601 laicis
1211 564 1472 613 interemptos.
1496 563 1599 600 Novi
1624 565 1804 601 baronem

104 621 310 670 quemdam
323 629 476 658 armata
493 636 615 659 manu
631 636 749 659 suum
762 622 993 672 episcopum
1008 623 1260 669 obsidentem,
1276 623 1342 672 qui
1356 637 1422 672 pre
1438 622 1573 660 timore
1587 637 1625 659 se
1639 637 1804 672 suosque

104 680 330 718 domesticos
355 681 621 730 preclafuserat
647 681 689 718 in
714 682 925 731 cujusdam
948 696 1017 719 sue
1042 682 1189 719 ruralis
1214 682 1369 719 ecclesie
1393 681 1627 732 campanili,
1653 690 1686 719 et
1711 683 1804 719 dum

104 753 182 776 non
203 740 342 776 valeret
360 753 399 776 se
422 740 523 777 ultra
545 740 659 786 tueri,
680 754 719 777 se
738 755 905 790 suosque
924 741 1076 778 sodales
1096 741 1230 790 posuit
1251 741 1292 778 in
1314 741 1501 778 manibus
1521 741 1802 790 persequentis,

104 798 158 835 At
177 798 241 835 ille
262 797 416 835 Nerone
438 797 635 836 Neronior
652 799 876 848 familiares
894 800 1071 849 episcopi
1093 800 1134 837 in
1153 800 1254 838 atrio
1269 801 1408 837 domus
1420 799 1601 846 Domini,
1617 800 1669 837 acl
1687 815 1804 849 quam

104 856 348 894 tutissimum
375 857 514 907 cuique
542 858 648 895 debet
673 872 754 895 esse
780 859 994 908 refugium,
1024 859 1066 896 in
1093 868 1299 908 conspectu
1327 859 1454 908 patris
1487 859 1577 908 fecit
1603 859 1803 896 sevissime

103 916 312 959 trucidari;
341 925 375 954 et
402 917 559 954 trahens
586 917 764 967 propriis
792 918 980 955 manibus
1007 918 1237 967 episcopum
1264 932 1332 968 per
1360 918 1538 967 capillos,
1567 926 1654 967 post
1681 918 1803 955 multa

104 974 347 1025 improperia
373 976 578 1013 verborum
603 985 637 1014 et
663 977 876 1023 verberum,
904 991 993 1014 eum
1014 978 1226 1027 quamdam
1252 977 1367 1014 vilem
1392 977 1656 1026 equitaturam
1682 976 1804 1025 coegit

101 1035 319 1081 ascendere,
343 1043 377 1072 et
398 1035 478 1072 loco
502 1035 613 1072 mitre
636 1049 819 1073 coronam
841 1036 1071 1085 pergameni
1093 1051 1203 1074 sacro
1225 1036 1350 1086 capiti
1370 1036 1462 1084 jecit
1485 1036 1657 1086 imponi3
1681 1044 1714 1073 et
1746 1035 1803 1073 sic

101 1093 297 1131 civitatem
329 1094 443 1143 cujus
475 1102 556 1131 erat
587 1095 778 1144 spiritu...
811 1095 902 1143 fecit
935 1095 977 1132 in
1009 1095 1309 1145 pontificalibus
1342 1095 1541 1133 reintrare.
1577 1094 1802 1137 Minimas!

99 1152 158 1189 De
177 1167 360 1202 percusso
380 1153 503 1190 unius
523 1154 677 1191 comitis
696 1154 877 1192 caniculo
897 1155 1009 1191 nulla
1028 1162 1124 1192 esset
1143 1154 1311 1192 vindicte
1331 1154 1484 1201 dilatio,
1504 1162 1537 1191 et
1556 1155 1600 1191 cle
1618 1167 1801 1203 percusso

101 1225 211 1249 sacro
238 1212 442 1261 pontificis
469 1212 604 1250 vertice
632 1214 788 1250 nullum
816 1213 1012 1262 irrogatur
1037 1213 1297 1263 supplicium.
1330 1214 1440 1251 Haec
1468 1213 1598 1251 oratio
1625 1213 1801 1251 habetur

101 1270 142 1307 in
160 1271 296 1309 codice
318 1270 392 1309 758
408 1271 681 1310 bibliothecae
701 1272 960 1310 Colbertinae
978 1272 1006 1310 ¹.

156 1330 274 1368 Anno
301 1330 561 1368 MCCCLXX
589 1331 779 1369 Urbanus
807 1332 839 1368 V
865 1332 973 1369 hunc
999 1332 1203 1370 „Iacobum
1228 1331 1580 1381 arehiepiscopum
1608 1331 1800 1379 Hydrun-

100 1388 234 1426 tinum
269 1389 526 1428 visitatorem
560 1390 834 1440 apostolicum
868 1390 1213 1430 monasteriorum
1246 1390 1397 1428 ordinis
1430 1390 1562 1428 sancti
1589 1389 1728 1427 Basilii
1760 1389 1801 1426 in

100 1462 223 1497 regno
248 1448 405 1487 Siciliae
428 1449 625 1497 instituit,
649 1458 777 1499 utque
802 1449 871 1496 illi,
895 1452 927 1488 si
951 1465 1051 1500 opus
1086 1450 1205 1496 foret,
1229 1449 1367 1499 regina
1391 1464 1559 1488 manum
1585 1448 1736 1498 regiam
1760 1448 1800 1485 in

101 1506 354 1554 visitatione,
371 1508 620 1547 correctione
637 1517 678 1547 et
696 1509 988 1548 reformatione
1010 1509 1341 1548 accommodaret
1360 1508 1621 1559 praescripsit
1639 1523 1692 1545 vn
1710 1507 1799 1545 idus

112 1566 174 1616 [7]
196 1566 320 1616 junii3
341 1567 483 1613 Bzov.,
505 1582 571 1606 an.
597 1568 712 1615 1370,
741 1569 757 1617 ἓ
781 1569 815 1607 7.

154 1626 272 1663 Anno
299 1625 634 1674 MCCCLXXVI,
659 1642 717 1665 xv
743 1628 821 1666 kal.
849 1627 1043 1666 februarii
1072 1627 1137 1677 [18
1157 1626 1357 1678 janvier]7
1383 1626 1597 1676 Gregorius
1625 1626 1685 1663 XI
1706 1640 1799 1663 eum

100 1684 197 1723 lecit
222 1685 501 1735 patriarcham
529 1686 1052 1737 Constantinopolitanum‚
1080 1686 1281 1736 simulque
1308 1686 1343 1724 ei
1369 1685 1580 1725 ecclesiam
1608 1685 1798 1734 Hydrun-

99 1743 232 1784 tinam
254 1745 582 1791 commendavit3
608 1746 801 1795 Ughellus
837 1746 882 1796 [t.
904 1761 962 1792 IX,
987 1746 1060 1784 col.
1084 1746 1158 1795 59]
1182 1745 1222 1783 in
1245 1745 1433 1794 Catalogo
1456 1745 1798 1794 Arclu'episcopor.

99 1803 364 1852 Hydruntin„
392 1818 504 1842 num.
532 1804 593 1843 27.
616 1804 825 1844 Vicarium
844 1805 991 1842 habuit
1011 1805 1051 1842 in
1071 1804 1272 1854 dignitate
1293 1804 1551 1854 patriarchae
1573 1802 1799 1841 Antonium

98 1862 364 1902 Balistarium
396 1863 715 1903 Franciscanum
745 1864 1098 1914 archiepiscopum
1130 1865 1400 1909 Athenarum,
1431 1872 1477 1901 ut
1504 1864 1652 1901 docent
1682 1862 1797 1899 istius

98 1921 239 1960 literae
261 1922 301 1959 in
324 1922 557 1960 Collectione
578 1924 860 1973 opusculorum
881 1923 989 1961 Petri
1010 1924 1054 1961 de
1076 1923 1232 1970 Marcei,
1254 1938 1293 1973 p.
1317 1923 1404 1960 405.

152 1981 270 2018 Anno
291 1981 673 2029 MCCCLXXVIII,
693 1983 756 2020 die
775 1991 923 2021 octava
943 1982 1094 2033 aprilis,
1110 1983 1451 2021 Bartholomaeus
1469 1980 1797 2030 archiepiscopus

98 2038 286 2078 Barensis
307 2041 459 2079 electus
481 2049 542 2079 est
562 2055 685 2092 papa,
708 2042 899 2080 Urbanus
921 2042 977 2079 VI
998 2050 1184 2079 vocatus.
1210 2042 1320 2079 Inter
1340 2056 1405 2079 eos
1426 2055 1522 2079 vero
1544 2040 1613 2089 qui
1632 2039 1666 2077 ei
1686 2053 1796 2077 reve-

98 2098 274 2136 rentiam
305 2099 582 2138 exhibuerunt
614 2100 854 2139 nominatur
878 2101 918 2138 in
941 2101 1081 2151 primis
1107 2100 1182 2138 iste
1214 2100 1449 2150 patriarcha
1473 2099 1515 2136 in
1543 2097 1796 2148 depositione

99 2156 298 2207 Stephani
323 2159 502 2209 episcopi
527 2159 743 2198 Tudertini
762 2160 874 2210 apud
898 2159 1119 2198 Odoricum
1146 2159 1423 2209 Raynaldum,
1447 2173 1512 2196 an.
1539 2158 1653 2203 1378,
1685 2157 1700 2205 ἕ
1726 2156 1797 2194 26:

104 2216 197 2253 Vidi·
216 2217 403 2255 maritum
421 2218 567 2267 regine,
584 2219 762 2256 comitem
778 2220 1027 2265 Fundorum,
1045 2219 1326 2269 patriarcham,
1346 2217 1413 2268 qui
1428 2232 1534 2254 nunc
1549 2225 1603 2254 est
1615 2215 1795 2253 cardina-

98 2275 162 2322 lis,
181 2276 345 2313 adorare
363 2277 483 2315 istum
500 2286 534 2315 et
550 2278 728 2315 exhibere
744 2278 825 2315 sibi
843 2278 1097 2315 reverentiam
1114 2286 1303 2327 tanquam
1320 2291 1435 2326 pape.
1457 2276 1544 2323 Quo
1562 2276 1649 2313 loco
1669 2274 1796 2312 codex

101 2334 355 2373 Harlaeanus
376 2335 390 2358 ²
408 2337 534 2374 habet
552 2337 752 2387 scriptum
769 2337 1089 2375 anticardinaZiS.
1112 2337 1174 2374 Ex
1192 2351 1271 2386 quo
1296 2335 1555 2385 Raynaldus,
1569 2333 1600 2372 si
1624 2333 1795 2379 viveret,

99 2393 214 2431 facile
247 2394 454 2443 colligeret
486 2395 638 2435 bonam
672 2396 795 2434 fidem
827 2404 1024 2434 nostram.
1060 2396 1223 2434 Electus
1256 2394 1317 2433 es't
1347 2394 1516 2444 inquam
1551 2393 1741 2431 Urbanus
1773 2405 1794 2429 a

98 2452 375 2491 cardinalibus
407 2453 514 2492 inter
546 2454 700 2504 gladios
731 2463 778 2492 ut
809 2454 867 2492 ita
899 2454 1047 2501 dicam,
1079 2463 1119 2492 et
1150 2469 1263 2492 enses
1298 2454 1591 2491 Romanorum.
1625 2452 1796 2500 Propter

97 2512 203 2549 hanc
220 2525 387 2550 causam
404 2513 630 2551 cardinales
647 2512 940 2551 existimarunt
955 2513 1084 2560 illum,
1105 2513 1174 2563 qui
1192 2512 1294 2550 vitio
1313 2513 1464 2550 electus
1486 2519 1587 2557 erat,
1605 2524 1686 2547 non
1711 2524 1795 2547 esse

97 2584 242 2610 verum
272 2585 438 2620 papam,
470 2572 540 2610 sed
570 2572 790 2610 intrusum.
828 2572 972 2622 Itaque
1005 2586 1132 2621 quum
1163 2579 1298 2609 essent
1328 2571 1438 2621 apud
1470 2569 1701 2619 Anagniam
1732 2567 1795 2606 die

97 2643 204 2666 nona
240 2630 405 2678 augusti
441 2631 762 2669 declarationem
797 2632 993 2669 adversus
1029 2645 1122 2670 eum
1158 2631 1355 2676 fecerunt,
1393 2643 1518 2679 quam
1553 2628 1697 2666 eadem
1732 2626 1795 2665 die

97 2687 361 2738 publicarunt
377 2697 471 2738 post
487 2689 654 2729 missam
670 2690 718 2728 de
735 2690 890 2740 Spiritu
906 2690 1057 2728 Sancto
1073 2690 1320 2728 celebratam
1336 2703 1358 2726 a
1375 2688 1546 2734 Jacobo,
1561 2686 1794 2737 patriarcha
1838 2712 1839 2715 =

97 2747 190 2793 CP.‚
210 2755 257 2784 ut
289 2761 410 2797 supra
438 2763 477 2798 p.
500 2748 600 2786 1232
621 2763 681 2798 sq.
711 2749 870 2787 dictum
889 2756 964 2787 est.
995 2749 1185 2787 Ceterum
1214 2755 1382 2798 propter
1411 2747 1451 2784 id
1480 2746 1636 2784 facinus
1667 2745 1795 2783 Urba-

96 2820 170 2843 nus
190 2806 246 2843 VI
265 2820 357 2843 eum
376 2806 765 2845 anathematizavit.
786 2807 887 2845 Vide
907 2807 1128 2845 Odoricum
1149 2807 1426 2857 Raynaldum,
1444 2820 1509 2843 anu.
1529 2804 1643 2850 1378,
1666 2804 1684 2852 ἓ
1703 2803 1790 2841 112..

154 2864 225 2902 Die
248 2865 347 2902 ‘dein
374 2880 475 2903 xvm
503 2866 652 2905 mensis
681 2866 906 2905 decembris
934 2866 1067 2904 factus
1095 2874 1156 2903 est
1183 2864 1399 2904 cardinalis
1426 2879 1448 2902 a
1476 2864 1682 2902 Clemente
1710 2862 1790 2899 VII

96 2923 242 2961 absens
261 2937 283 2960 a
302 2924 427 2971 curia,
446 2924 508 2961 uti
526 2924 726 2974 scriptum
745 2933 806 2963 est
823 2924 866 2962 in
882 2924 985 2963 libro
1004 2925 1322 2974 Obligationum,
1342 2924 1452 2974 quod
1471 2923 1595 2962 etiam
1612 2929 1791 2960 testatur

208 3049 237 3082 B
295 3049 305 3063 Υ
352 3061 419 3083 ms.
441 3050 536 3083 latin
554 3050 661 3091 3291,
681 3051 744 3084 fol.
766 3053 811 3085 15
830 3053 927 3085 r0-15
948 3057 998 3086 v0.

210 3102 238 3134 B

146 3049 179 3135 Ξ.
273 3049 331 3142 lg:
351 3114 419 3136 ms.
438 3103 534 3136 latin
554 3103 683 3143 11745‚
705 3104 768 3138 fol.
788 3106 831 3138 77
851 3110 901 3138 νο.
