2083 3458
235 228 320 271 398
885 245 1037 271 NOTAE
1071 244 1131 270 AD
1166 243 1293 269 vlTAs
1813 224 1940 281 [886]

239 328 422 367 omnium
448 329 849 368 calamitosissimam
874 328 1050 367 duxisse.
1073 328 1226 367 Verum
1251 342 1344 367 cum
1368 327 1409 365 in
1437 327 1532 364 Vita
1553 326 1639 376 ejus
1664 326 1865 376 scriptum
1889 326 1943 364 sit

236 387 351 424 illum
372 388 493 426 fuisse
515 388 670 427 Romae
690 402 797 426 anno
818 387 989 426 MCCCL
1008 395 1193 437 tempore
1210 386 1393 436 jubilaei,
1413 386 1493 424 huc
1513 386 1755 424 descendere
1775 392 1940 422 coactus

238 454 300 484 est
322 446 581 496 Spondanus,
604 462 669 486 an.
695 447 809 494 1347,
838 447 855 496 ἓ
877 447 912 495 5,
936 455 983 484 ut
1005 447 1158 484 diceret
1179 454 1253 483 aut
1280 445 1496 484 Nicolaum
1522 459 1604 483 non
1629 452 1788 495 septem
1809 444 1941 482 solum

238 519 394 544 menses
412 506 487 544 hac
503 506 627 556 priori
643 506 730 544 vice
746 506 787 544 in
803 513 1012 556 potestate
1028 505 1165 553 fuisse,
1182 519 1326 543 verum
1342 504 1468 543 etiam
1484 504 1706 542 triennium
1721 503 1941 553 integrum,

238 573 311 602 aut
329 565 486 603 tardius
505 579 595 604 eam
612 565 809 616 incepisse
829 579 953 615 quani
972 565 1094 614 vulgo
1112 564 1304 602 traditur.
1325 564 1429 602 Sane
1448 571 1606 602 certum
1623 571 1684 602 est
1702 577 1751 601 ex
1769 562 1942 612 epistola

238 623 457 662 Clementis
490 624 547 662 VI
588 624 740 674 scripta
780 625 832 662 ad
872 624 1184 662 Hannibaldum
1224 623 1462 674 episcopum
1501 623 1794 668 Tusculanum,
1834 635 1942 659 anno

238 683 423 730 MCCCL,
450 698 493 721 ιν
519 684 610 722 idus
641 683 729 734 [10]
758 683 876 734 junii,
906 683 1123 722 Nicolaum
1150 683 1273 721 fuisse
1301 697 1347 721 ea
1383 690 1632 732 tempestate
1660 688 1873 731 potentem
1901 679 1942 717 in

238 742 337 780 urbe
372 743 503 782 Roma
536 751 577 781 et
608 743 809 793 populum
843 743 1079 782 Romanum
1111 742 1145 781 ei
1178 742 1312 780 denuo
1345 741 1576 779 adhaesisse
1610 740 1791 790 quadam
1824 753 1943 778 coeca

238 801 356 840 nimis
389 810 429 840 et
458 802 673 852 praecipiti
700 803 931 840 voluntate.
973 802 1118 851 Itaque
1147 816 1309 839 necesse
1338 809 1399 839 est
1428 800 1575 838 falsam
1603 814 1687 838 esse
1714 798 1944 837 orationem

238 875 363 910 quam
384 869 570 911 tempore
595 861 825 900 Innocentii
846 861 904 898 VI
928 861 1083 899 dictam
1105 861 1157 898 ab
1179 875 1225 898 eo
1244 860 1367 898 fuisse
1389 860 1431 897 in
1448 858 1650 909 Capitolio
1672 858 1797 896 refert
1815 857 1944 896 Forti-

239 920 378 958 fiocca.
420 920 624 970 Equidem
661 929 708 958 ut
746 928 904 959 certum
941 928 1003 958 est
1039 920 1155 957 illum
1193 934 1301 957 anno
1339 918 1639 957 MCCCXLVII
1677 916 1945 967 assumpsisse

237 979 512 1028 tribunatum,
536 980 595 1018 ita
620 987 785 1018 constat
816 994 866 1019 ex
890 980 1051 1017 Joanne
1075 979 1266 1027 Villanio,
1288 978 1358 1017 lib.
1386 978 1485 1025 XII,
1510 992 1597 1028 cap.
1625 992 1690 1015 ειν
1716 975 1945 1027 [Muratori,

236 1047 266 1077 t.
293 1053 378 1086 xm,
403 1040 477 1078 col.
502 1039 601 1089 981]
627 1039 819 1078 eumdem
842 1039 906 1077 die
930 1054 988 1076 xv
1011 1038 1237 1082 decembris
1260 1038 1446 1087 ejusdem
1469 1037 1565 1075 anni
1588 1044 1718 1075 semet
1740 1035 1946 1073 abdidisse

235 1098 277 1135 in
300 1107 434 1136 castro
450 1099 590 1137 Sancti
610 1098 942 1148 Angeli,illicque
965 1099 1125 1136 occulto
1148 1097 1344 1136 mansisse
1366 1111 1495 1146 usque
1516 1097 1568 1134 ad
1592 1096 1716 1134 finem
1737 1093 1945 1144 sequentis

236 1158 386 1196 mensis
405 1158 598 1207 januarii,
621 1172 701 1208 quo
724 1158 941 1208 Neapolim
961 1157 1126 1207 navigio
1145 1157 1355 1207 profectus
1377 1165 1439 1194 est
1459 1156 1511 1193 ad
1533 1155 1791 1193 Ludovicum
1810 1167 1947 1203 regem

239 1217 487 1267 Hungariae.
504 1217 688 1255 Historia
699 1217 986 1264 Cortusiorum,
1002 1217 1070 1255 lib.
1092 1216 1166 1263 IX,
1180 1230 1267 1266 cap.
1282 1215 1586 1266 XI1[Muratori,
1599 1223 1628 1252 t.
1646 1229 1717 1261 ΧΠ,
1734 1214 1807 1252 col.
1821 1212 1920 1262 923]
1938 1228 1946 1250 ε

237 1277 333 1314 Post
356 1277 425 1314 hoc
449 1285 625 1314 crescunt
649 1276 749 1314 vires
775 1276 984 1314 nobilium.
1018 1276 1129 1313 Unde
1154 1275 1341 1313 tribunus
1364 1289 1404 1312 se
1428 1274 1568 1312 locavit
1594 1274 1636 1311 in
1661 1282 1785 1311 castro
1811 1271 1948 1310 Sancti

238 1336 398 1385 Angeli.
428 1336 575 1374 Ultimo
595 1336 701 1385 fugit
723 1336 766 1373 in
786 1336 997 1385 Apuliam,
1022 1335 1091 1372 ubi
1113 1343 1205 1372 tunc
1226 1334 1419 1371 residebat
1439 1348 1505 1371 rea:
1532 1333 1748 1382 Ungariae‚
1771 1332 1838 1382 qui
1859 1345 1948 1368 eum

238 1395 378 1433 habuit
402 1396 535 1445 aliquo
561 1403 729 1445 tempore
754 1394 979 1444 honorifice.
1004 1394 1284 1433 Confirmatur
1308 1393 1421 1431 istud
1448 1408 1497 1431 ex
1522 1392 1762 1430 testimonio
1783 1389 1948 1429 Henrici

242 1455 466 1493 Rebdorffii
494 1454 550 1505 [p.
579 1454 678 1504 560]
704 1454 773 1504 qui
798 1451 969 1504 loquens
992 1454 1041 1491 de
1061 1454 1247 1492 adventu
1273 1453 1458 1502 ejusdem
1486 1451 1685 1490 Ludovici
1709 1451 1751 1488 in
1776 1463 1948 1500 regnum

239 1514 412 1564 Apuliae
433 1514 492 1551 ait
515 1530 522 1551 :
548 1514 660 1551 Unde
680 1514 878 1563 predictus
898 1528 964 1550 test⁷
984 1512 1160 1561 Ungarie
1180 1521 1214 1550 et
1233 1512 1419 1550 tribunus
1438 1526 1478 1549 se
1500 1511 1668 1548 insimul
1686 1509 1948 1559 consederant,

240 1574 341 1623 quod
359 1573 566 1623 displicuit
583 1573 742 1611 domino
760 1587 864 1622 pape
882 1581 916 1609 et
933 1571 1219 1610 cardinalibus
1241 1572 1435 1609 Testatur
1452 1571 1564 1608 istud
1583 1570 1668 1620 ipse
1689 1570 1872 1608 Clemens
1891 1567 1949 1605 VI

238 1633 280 1670 in
301 1633 427 1671 literis
450 1647 587 1670 mense
609 1632 716 1670 maio
739 1632 927 1681 sequenti
948 1631 1109 1681 scriptis
1131 1631 1183 1668 ad
1203 1630 1482 1668 Bertrandum
1503 1630 1552 1668 de
1575 1629 1742 1676 Deucio,
1766 1628 1949 1666 cardina-

239 1693 332 1739 lem,
358 1692 541 1741 legatum
567 1691 738 1739 Siciliae,
765 1691 885 1729 editis
911 1691 1022 1741 apud
1048 1690 1271 1728 Odoricum
1298 1689 1578 1739 Raynaldum,
1604 1703 1669 1727 an.
1698 1687 1813 1735 1348,
1845 1687 1861 1735 ἓ
1888 1686 1950 1733 10,

240 1751 311 1789 ubi
328 1752 407 1789 ista
426 1752 618 1801 leguntur
635 1750 650 1773 1
671 1766 678 1788 :
702 1750 800 1787 Item
817 1750 1040 1800 requiratur
1059 1750 1143 1799 ipse
1161 1764 1238 1797 rex,
1258 1757 1298 1786 ut
1316 1749 1472 1786 devotus
1500 1748 1632 1797 ipsius
1646 1747 1817 1785 Eeclesie
1841 1746 1951 1796 filius

240 1825 403 1860 operum
422 1810 685 1860 experimento
705 1809 902 1859 probetur,
924 1810 1025 1859 quod
1043 1809 1093 1846 ab
1113 1809 1222 1846 omni
1240 1808 1459 1857 juvamine,
1481 1807 1648 1853 auxilio,
1666 1815 1700 1844 et
1717 1807 1849 1856 favore
1869 1805 1951 1842 viro

243 1870 304 1907 illi
320 1884 487 1920 nequam
508 1868 675 1906 Nicolao
690 1869 912 1915 Laurentii,
938 1868 1014 1906 civi
1038 1868 1230 1914 Romarm,
1254 1867 1588 1905 excommunicato
1604 1875 1638 1903 et
1651 1873 1829 1915 suspecto
1845 1864 1949 1902 vehe-

243 1937 387 1966 menter
402 1928 447 1965 de
464 1929 587 1966 heresi
601 1920 652 1954 '—
669 1943 714 1965 ae
733 1928 888 1966 utinam
913 1942 992 1965 non
1012 1927 1151 1976 infecto
1166 1926 1181 1963 !
1198 1949 1251 1953 —
1266 1927 1426 1976 ejusque
1439 1924 1673 1976 sequacibus
1689 1933 1801 1974 atque
1822 1924 1949 1973 fauto-

243 1988 355 2025 ribus
378 1988 638 2037 impendendo
658 2001 821 2037 prorsus
842 1987 1050 2034 abstineat,
1074 1986 1252 2036 quinimo
1273 1986 1487 2023 Nicolaum
1507 1985 1682 2022 eumdem
1704 1984 1770 2034 qui
1790 1998 1859 2033 per
1878 1982 1950 2020 ali-

245 2048 345 2097 quod
366 2056 519 2097 tempus
539 2047 662 2096 fertur
684 2046 727 2084 in
748 2046 902 2083 civitate
919 2046 1190 2096 Neapolitana
1207 2045 1413 2093 mansisse,
1430 2045 1520 2094 capi
1541 2044 1664 2094 jaciat
1678 2052 1712 2081 et
1725 2051 1884 2093 captum
1901 2042 1953 2079 ad

245 2121 314 2144 nos
347 2107 403 2144 vel
434 2107 486 2144 ad
516 2114 549 2144 te
581 2106 728 2143 mittere
759 2106 911 2142 studeat
942 2120 1012 2155 pro
1044 2105 1130 2142 suis
1163 2104 1360 2142 demeritis
1392 2112 1649 2153 recepturum.
1686 2103 1778 2140 Non
1810 2101 1951 2140 fecisse

250 2166 507 2204 Ludovicum
528 2179 573 2203 ea
595 2179 699 2215 quae
721 2165 904 2202 Clemens
925 2164 1096 2214 petebat
1116 2164 1210 2201 hinc
1230 2171 1348 2214 patet
1370 2163 1479 2213 quod
1500 2163 1623 2213 paulo
1644 2170 1739 2212 post
1760 2161 1952 2199 Nicolaus

250 2225 394 2264 urbem
419 2225 596 2263 Romam
616 2223 782 2274 repetiit
804 2232 846 2262 et
865 2224 1087 2273 resumpsit
1112 2223 1343 2273 imperium.
1367 2223 1531 2261 Testem
1555 2222 1737 2272 produco
1753 2220 1875 2269 hujus
1896 2218 1954 2257 rei

250 2285 453 2322 Joannem
483 2283 760 2330 Hocsemium,
789 2283 857 2332 qui
885 2297 978 2321 cum
1005 2283 1053 2320 de
1087 2283 1271 2320 adventu
1300 2281 1499 2320 Ludovici
1524 2281 1565 2318 in
1592 2281 1736 2318 urbem
1764 2278 1952 2329 Neapoli-

248 2352 392 2382 tanam
410 2343 649 2393 scripsisset,
669 2342 848 2389 demum,
866 2357 905 2392 p.
925 2341 1014 2389 510,
1033 2341 1150 2379 addit
1169 2357 1176 2378 :
1196 2342 1246 2378 Ec
1263 2349 1317 2378 est
1333 2341 1531 2388 tribunus,
1551 2340 1617 2390 qui
1633 2339 1796 2389 fugatus
1812 2338 1952 2387 suerat,

249 2403 449 2440 restitutus
464 2410 497 2439 et
512 2402 704 2451 potentior
719 2416 835 2451 quam
851 2415 1026 2451 unquam
1040 2401 1169 2449 suerat
1186 2409 1274 2438 ante
1288 2400 1444 2449 fugam,
1462 2399 1571 2449 quod
1587 2399 1713 2438 etiam
1729 2397 1955 2436 ostendunt

247 2462 389 2500 literae
407 2461 422 2483 2
440 2461 658 2499 Clementis
677 2461 733 2498 VI
752 2460 804 2498 ad
824 2460 1136 2499 Hannibaldum
1153 2460 1287 2498 editae
1306 2459 1417 2509 apud
1435 2458 1657 2497 Odoricum
1676 2456 1955 2506 Raynaldum,

252 2536 316 2559 an.
348 2520 462 2568 1348,
491 2520 507 2569 ἓ
531 2520 590 2558 13.
615 2520 692 2558 Sed
723 2534 832 2567 mOX,
855 2534 948 2557 cum
977 2534 1048 2557 rex
1073 2518 1115 2556 in
1139 2519 1396 2568 Hungariam
1422 2518 1621 2564 rediisset,
1645 2530 1808 2554 rursum
1837 2515 1955 2552 Nico-

251 2581 339 2618 laus
370 2595 410 2618 se
440 2579 481 2617 in
510 2580 696 2629 ignotam
724 2579 928 2617 latebram
959 2578 1148 2627 conjecit,
1178 2586 1225 2615 ut
1255 2578 1314 2615 ait
1342 2577 1451 2615 idem
1483 2576 1738 2622 Hocsemius,
1768 2589 1807 2625 p.
1839 2574 1916 2612 514
1946 2589 1953 2610 :

257 2639 461 2676 Tribunus
483 2652 568 2675 vero
590 2638 796 2675 Romanus
819 2652 897 2675 non
919 2645 1125 2687 comparet.
1154 2637 1199 2674 In
1221 2651 1267 2675 eo
1290 2645 1404 2674 statu
1427 2636 1537 2673 fuere
1559 2650 1619 2673 res
1643 2635 1730 2684 ejus
1752 2648 1881 2683 usque
1904 2632 1956 2670 ad

256 2799 284 2830 Il
304 2798 421 2841 partit
440 2797 655 2841 d’Avignon
672 2798 704 2830 le
724 2798 769 2830 24
786 2797 999 2840 septembre
1018 2797 1123 2830 1353.
1148 2797 1175 2829 Il
1195 2797 1299 2839 logea
1319 2808 1366 2828 au
1385 2794 1545 2839 premier
1563 2797 1669 2838 etage
1689 2795 1733 2827 de
1752 2794 1787 2826 la
1806 2800 1892 2826 tour
1911 2793 1954 2826 de

255 2851 436 2883 Trouillas
452 2852 543 2883 dans
571 2863 640 2883 une
665 2857 770 2883 vaste
784 2851 872 2883 salle
898 2850 958 2893 (M.
976 2850 1138 2889 Faucon,
1164 2850 1256 2882 Note
1275 2861 1339 2882 sur
1358 2849 1393 2881 la
1415 2849 1594 2881 detention
1615 2848 1655 2880 de
1678 2847 1810 2880 Rienzi
1825 2848 1847 2880 ἀ
1865 2846 1956 2880 Avi-

255 2916 362 2946 gnon,
380 2904 471 2936 dans
487 2904 677 2946 llffelanges
691 2903 948 2944 cl'arche'ologie
961 2909 991 2936 et
1010 2903 1205 2942 d’histoire,
1221 2909 1247 2935 t.
1266 2914 1315 2935 vn
1333 2901 1442 2945 (187),
1458 2913 1492 2945 p.
1511 2902 1631 2940 53-58,
1649 2907 1687 2934 et
1702 2900 1749 2933 D‘
1765 2900 1952 2939 Colombe‚

257 2957 404 2989 Nicolas
428 2956 557 2989 Hienzi
581 2968 630 2989 au
652 2957 774 2999 palais
798 2957 857 2989 des
880 2968 994 3000 papes
1019 2955 1239 2999 d'Avignon,
1267 2956 1359 2988 dans
1385 2955 1582 2988 Memoires
1606 2954 1647 2987 de
1671 2953 1892 2986 l’Academie
1916 2953 1957 2986 de

262 3009 449 3048 Vaucluse‚
478 3015 503 3043 t.
531 3021 582 3049 x1‚
611 3010 646 3041 2e
671 3009 761 3042 serie
791 3009 925 3053 (1911),
952 3021 987 3053 p.
1014 3009 1184 3042 323—344.

308 3063 338 3094 1.
366 3062 552 3101 Bumlach,
579 3073 635 3105 op.
663 3063 732 3101 cit„
760 3068 787 3095 t.
812 3061 863 3101 114,
890 3074 924 3105 p.
952 3062 1032 3095 120.

308 3116 336 3146 2.
372 3114 522 3154 Ibidem,
555 3126 588 3158 p.
622 3115 790 3148 126-130.
