<?xml version="1.0" encoding="UTF-8"?>
<!DOCTYPE html PUBLIC "-//W3C//DTD XHTML 1.0 Transitional//EN"
    "http://www.w3.org/TR/xhtml1/DTD/xhtml1-transitional.dtd">
<html xmlns="http://www.w3.org/1999/xhtml" xml:lang="en" lang="en">
 <head>
  <title>
</title>
<meta http-equiv="Content-Type" content="text/html;charset=utf-8" />
  <meta name='ocr-system' content='tesseract 3.04.00' />
  <meta name='ocr-capabilities' content='ocr_page ocr_carea ocr_par ocr_line ocrx_word'/>
</head>
<body>
  <div class='ocr_page' id='page_1' title='image "./vitaepaparumaven02balu_0885.png"; bbox 0 0 2083 3458; ppageno 0'>
   <div class='ocr_carea' id='block_1_1' title="bbox 143 254 1831 309">
    <p class='ocr_par' dir='ltr' id='par_1_1' title="bbox 143 254 1831 309">
     <span class='ocr_line' id='line_1_1' title="bbox 143 254 1831 309; baseline 0.002 -14"><span class='ocrx_word' id='word_1_1' title='bbox 143 254 297 309; x_wconf 87' lang='grc'>[1361]</span> <span class='ocrx_word' id='word_1_2' title='bbox 665 274 882 300; x_wconf 79' lang='lat' dir='ltr'><strong>PAPARUM</strong></span> <span class='ocrx_word' id='word_1_3' title='bbox 917 275 1302 301; x_wconf 83' lang='lat' dir='ltr'><strong>AVENIONENSIUM</strong></span> <span class='ocrx_word' id='word_1_4' title='bbox 1749 256 1831 300; x_wconf 85' lang='lat'>875</span> 
     </span>
    </p>
   </div>
   <div class='ocr_carea' id='block_1_2' title="bbox 129 353 1831 941">
    <p class='ocr_par' dir='ltr' id='par_1_2' title="bbox 129 353 1831 690">
     <span class='ocr_line' id='line_1_2' title="bbox 130 353 1830 409; baseline 0.004 -19"><span class='ocrx_word' id='word_1_5' title='bbox 130 361 194 391; x_wconf 86' lang='lat' dir='ltr'>est</span> <span class='ocrx_word' id='word_1_6' title='bbox 220 353 349 402; x_wconf 92' lang='lat' dir='ltr'>illum,</span> <span class='ocrx_word' id='word_1_7' title='bbox 376 363 602 405; x_wconf 83' lang='lat' dir='ltr'>postquam</span> <span class='ocrx_word' id='word_1_8' title='bbox 631 356 822 396; x_wconf 88' lang='lat' dir='ltr'>Urbanus</span> <span class='ocrx_word' id='word_1_9' title='bbox 850 359 962 409; x_wconf 91' lang='lat' dir='ltr'>apud</span> <span class='ocrx_word' id='word_1_10' title='bbox 991 359 1204 399; x_wconf 81' lang='lat' dir='ltr'>Luceriam</span> <span class='ocrx_word' id='word_1_11' title='bbox 1230 373 1302 397; x_wconf 84' lang='lat' dir='ltr'>sex</span> <span class='ocrx_word' id='word_1_12' title='bbox 1329 359 1555 398; x_wconf 85' lang='lat' dir='ltr'>cardinales</span> <span class='ocrx_word' id='word_1_13' title='bbox 1583 358 1761 409; x_wconf 86' lang='lat' dir='ltr'>conjecit</span> <span class='ocrx_word' id='word_1_14' title='bbox 1788 356 1830 396; x_wconf 88' lang='lat' dir='ltr'>in</span> 
     </span>
     <span class='ocr_line' id='line_1_3' title="bbox 131 414 1830 469; baseline 0.003 -19"><span class='ocrx_word' id='word_1_15' title='bbox 131 426 348 461; x_wconf 84' lang='lat' dir='ltr'>carcerem,</span> <span class='ocrx_word' id='word_1_16' title='bbox 366 414 652 463; x_wconf 82' lang='lat' dir='ltr'>gravissimam</span> <span class='ocrx_word' id='word_1_17' title='bbox 667 424 708 454; x_wconf 89' lang='lat' dir='ltr'>et</span> <span class='ocrx_word' id='word_1_18' title='bbox 724 417 920 456; x_wconf 86' lang='lat' dir='ltr'>audaciae</span> <span class='ocrx_word' id='word_1_19' title='bbox 938 418 1103 469; x_wconf 88' lang='lat' dir='ltr'>plenam</span> <span class='ocrx_word' id='word_1_20' title='bbox 1119 418 1337 469; x_wconf 87' lang='lat' dir='ltr'>epistolam</span> <span class='ocrx_word' id='word_1_21' title='bbox 1353 419 1406 456; x_wconf 88' lang='lat' dir='ltr'>ad</span> <span class='ocrx_word' id='word_1_22' title='bbox 1422 418 1575 459; x_wconf 91' lang='lat' dir='ltr'>clerum</span> <span class='ocrx_word' id='word_1_23' title='bbox 1595 418 1830 458; x_wconf 89' lang='lat' dir='ltr'>Romanum</span> 
     </span>
     <span class='ocr_line' id='line_1_4' title="bbox 131 471 1831 525; baseline 0.003 -16"><span class='ocrx_word' id='word_1_24' title='bbox 131 471 328 511; x_wconf 88' lang='lat' dir='ltr'>adversus</span> <span class='ocrx_word' id='word_1_25' title='bbox 351 487 446 513; x_wconf 89' lang='lat' dir='ltr'>eum</span> <span class='ocrx_word' id='word_1_26' title='bbox 469 473 674 525; x_wconf 83' lang='lat' dir='ltr'>scripsisse</span> <span class='ocrx_word' id='word_1_27' title='bbox 698 490 780 514; x_wconf 93' lang='lat' dir='ltr'>una</span> <span class='ocrx_word' id='word_1_28' title='bbox 805 491 896 515; x_wconf 89' lang='lat' dir='ltr'>cum</span> <span class='ocrx_word' id='word_1_29' title='bbox 923 477 1032 516; x_wconf 88' lang='lat' dir='ltr'>Luca</span> <span class='ocrx_word' id='word_1_30' title='bbox 1055 477 1169 515; x_wconf 89' lang='lat' dir='ltr'>tituli</span> <span class='ocrx_word' id='word_1_31' title='bbox 1193 477 1334 516; x_wconf 82' lang='lat' dir='ltr'>Sancti</span> <span class='ocrx_word' id='word_1_32' title='bbox 1358 477 1477 525; x_wconf 85' lang='lat' dir='ltr'>Sixti,</span> <span class='ocrx_word' id='word_1_33' title='bbox 1503 477 1693 516; x_wconf 90' lang='lat' dir='ltr'>Poncello</span> <span class='ocrx_word' id='word_1_34' title='bbox 1715 475 1831 515; x_wconf 89' lang='lat' dir='ltr'>tituli</span> 
     </span>
     <span class='ocr_line' id='line_1_5' title="bbox 130 531 1830 586; baseline 0.002 -16"><span class='ocrx_word' id='word_1_35' title='bbox 130 531 271 570; x_wconf 87' lang='lat' dir='ltr'>Sancti</span> <span class='ocrx_word' id='word_1_36' title='bbox 288 532 521 580; x_wconf 91' lang='lat' dir='ltr'>Clementis,</span> <span class='ocrx_word' id='word_1_37' title='bbox 537 534 855 574; x_wconf 88' lang='lat' dir='ltr'>Bartholomaeo</span> <span class='ocrx_word' id='word_1_38' title='bbox 871 535 985 574; x_wconf 87' lang='lat' dir='ltr'>tituli</span> <span class='ocrx_word' id='word_1_39' title='bbox 1001 536 1142 575; x_wconf 83' lang='lat' dir='ltr'>Sancti</span> <span class='ocrx_word' id='word_1_40' title='bbox 1159 536 1351 584; x_wconf 87' lang='lat' dir='ltr'>Marcelli,</span> <span class='ocrx_word' id='word_1_41' title='bbox 1368 545 1409 575; x_wconf 88' lang='lat' dir='ltr'>et</span> <span class='ocrx_word' id='word_1_42' title='bbox 1426 536 1671 586; x_wconf 89' lang='lat' dir='ltr'>Landulpho</span> <span class='ocrx_word' id='word_1_43' title='bbox 1688 534 1830 575; x_wconf 82' lang='lat' dir='ltr'>Sancti</span> 
     </span>
     <span class='ocr_line' id='line_1_6' title="bbox 133 590 1828 646; baseline 0.004 -18"><span class='ocrx_word' id='word_1_44' title='bbox 133 590 290 629; x_wconf 90' lang='lat' dir='ltr'>Nicolai</span> <span class='ocrx_word' id='word_1_45' title='bbox 311 591 353 629; x_wconf 83' lang='lat' dir='ltr'>in</span> <span class='ocrx_word' id='word_1_46' title='bbox 376 605 533 630; x_wconf 84' lang='lat' dir='ltr'>carcere</span> <span class='ocrx_word' id='word_1_47' title='bbox 559 593 745 632; x_wconf 91' lang='lat' dir='ltr'>Tulliano</span> <span class='ocrx_word' id='word_1_48' title='bbox 769 594 1060 643; x_wconf 86' lang='lat' dir='ltr'>cardinalibus,</span> <span class='ocrx_word' id='word_1_49' title='bbox 1084 610 1188 646; x_wconf 89' lang='lat' dir='ltr'>quae</span> <span class='ocrx_word' id='word_1_50' title='bbox 1211 604 1329 634; x_wconf 85' lang='lat' dir='ltr'>extat</span> <span class='ocrx_word' id='word_1_51' title='bbox 1352 595 1393 634; x_wconf 89' lang='lat' dir='ltr'>in</span> <span class='ocrx_word' id='word_1_52' title='bbox 1424 595 1561 634; x_wconf 90' lang='lat' dir='ltr'>codice</span> <span class='ocrx_word' id='word_1_53' title='bbox 1584 594 1662 634; x_wconf 79' lang='grc'>814</span> <span class='ocrx_word' id='word_1_54' title='bbox 1683 594 1828 633; x_wconf 87' lang='lat' dir='ltr'>biblio-</span> 
     </span>
     <span class='ocr_line' id='line_1_7' title="bbox 129 650 600 690; baseline 0.004 -2"><span class='ocrx_word' id='word_1_55' title='bbox 129 651 273 689; x_wconf 89' lang='lat' dir='ltr'>thecae</span> <span class='ocrx_word' id='word_1_56' title='bbox 297 650 554 690; x_wconf 89' lang='lat' dir='ltr'>Colbertinae</span> <span class='ocrx_word' id='word_1_57' title='bbox 572 651 600 690; x_wconf 82' lang='lat'>¹.</span> 
     </span>
    </p>

    <p class='ocr_par' dir='ltr' id='par_1_3' title="bbox 130 709 1827 941">
     <span class='ocr_line' id='line_1_8' title="bbox 186 709 1827 764; baseline 0.002 -16"><span class='ocrx_word' id='word_1_58' title='bbox 186 709 258 748; x_wconf 89' lang='lat' dir='ltr'>His</span> <span class='ocrx_word' id='word_1_59' title='bbox 279 709 338 748; x_wconf 87' lang='lat' dir='ltr'>ita</span> <span class='ocrx_word' id='word_1_60' title='bbox 358 725 398 748; x_wconf 92' lang='lat' dir='ltr'>se</span> <span class='ocrx_word' id='word_1_61' title='bbox 419 710 684 759; x_wconf 76' lang='lat' dir='ltr'>habentibus,</span> <span class='ocrx_word' id='word_1_62' title='bbox 705 727 799 753; x_wconf 89' lang='lat' dir='ltr'>cum</span> <span class='ocrx_word' id='word_1_63' title='bbox 818 713 1056 753; x_wconf 87' lang='lat' dir='ltr'>immanitas</span> <span class='ocrx_word' id='word_1_64' title='bbox 1077 721 1118 752; x_wconf 91' lang='lat' dir='ltr'>et</span> <span class='ocrx_word' id='word_1_65' title='bbox 1139 713 1358 752; x_wconf 83' lang='lat' dir='ltr'>crudelitas</span> <span class='ocrx_word' id='word_1_66' title='bbox 1382 713 1540 752; x_wconf 89' lang='lat' dir='ltr'>Urbani</span> <span class='ocrx_word' id='word_1_67' title='bbox 1559 727 1720 764; x_wconf 87' lang='lat' dir='ltr'>semper</span> <span class='ocrx_word' id='word_1_68' title='bbox 1739 727 1827 752; x_wconf 87' lang='lat' dir='ltr'>eae-</span> 
     </span>
     <span class='ocr_line' id='line_1_9' title="bbox 131 769 1827 823; baseline 0.002 -17"><span class='ocrx_word' id='word_1_69' title='bbox 131 769 224 808; x_wconf 86' lang='lat' dir='ltr'>dem</span> <span class='ocrx_word' id='word_1_70' title='bbox 240 777 389 816; x_wconf 84' lang='lat' dir='ltr'>essent,</span> <span class='ocrx_word' id='word_1_71' title='bbox 407 777 448 807; x_wconf 87' lang='lat' dir='ltr'>et</span> <span class='ocrx_word' id='word_1_72' title='bbox 465 784 516 807; x_wconf 82' lang='lat' dir='ltr'>ex</span> <span class='ocrx_word' id='word_1_73' title='bbox 532 769 577 808; x_wconf 87' lang='lat' dir='ltr'>iis</span> <span class='ocrx_word' id='word_1_74' title='bbox 597 785 701 820; x_wconf 88' lang='lat' dir='ltr'>quae</span> <span class='ocrx_word' id='word_1_75' title='bbox 719 779 928 821; x_wconf 83' lang='lat' dir='ltr'>postremo</span> <span class='ocrx_word' id='word_1_76' title='bbox 945 772 986 810; x_wconf 90' lang='lat' dir='ltr'>in</span> <span class='ocrx_word' id='word_1_77' title='bbox 1002 787 1074 811; x_wconf 84' lang='lat' dir='ltr'>sex</span> <span class='ocrx_word' id='word_1_78' title='bbox 1091 773 1177 811; x_wconf 91' lang='lat' dir='ltr'>illos</span> <span class='ocrx_word' id='word_1_79' title='bbox 1197 772 1421 811; x_wconf 83' lang='lat' dir='ltr'>cardinales</span> <span class='ocrx_word' id='word_1_80' title='bbox 1439 780 1699 823; x_wconf 88' lang='lat' dir='ltr'>perpetrarat</span> <span class='ocrx_word' id='word_1_81' title='bbox 1716 772 1827 823; x_wconf 90' lang='lat' dir='ltr'>apud</span> 
     </span>
     <span class='ocr_line' id='line_1_10' title="bbox 131 828 1826 882; baseline 0.002 -16"><span class='ocrx_word' id='word_1_82' title='bbox 131 828 317 868; x_wconf 89' lang='lat' dir='ltr'>Genuam</span> <span class='ocrx_word' id='word_1_83' title='bbox 332 828 479 878; x_wconf 86' lang='lat' dir='ltr'>conjici</span> <span class='ocrx_word' id='word_1_84' title='bbox 493 828 609 867; x_wconf 84' lang='lat' dir='ltr'>facile</span> <span class='ocrx_word' id='word_1_85' title='bbox 625 839 762 880; x_wconf 87' lang='lat' dir='ltr'>posset</span> <span class='ocrx_word' id='word_1_86' title='bbox 778 831 877 869; x_wconf 89' lang='lat' dir='ltr'>alios</span> <span class='ocrx_word' id='word_1_87' title='bbox 893 845 1055 881; x_wconf 86' lang='lat' dir='ltr'>quoque</span> <span class='ocrx_word' id='word_1_88' title='bbox 1070 840 1311 882; x_wconf 85' lang='lat' dir='ltr'>experturos</span> <span class='ocrx_word' id='word_1_89' title='bbox 1338 831 1555 872; x_wconf 87' lang='lat' dir='ltr'>saevitiam</span> <span class='ocrx_word' id='word_1_90' title='bbox 1574 831 1677 881; x_wconf 90' lang='lat' dir='ltr'>ejus,</span> <span class='ocrx_word' id='word_1_91' title='bbox 1694 831 1826 870; x_wconf 90' lang='lat' dir='ltr'>Pileus</span> 
     </span>
     <span class='ocr_line' id='line_1_11' title="bbox 130 887 1826 941; baseline 0.002 -16"><span class='ocrx_word' id='word_1_92' title='bbox 130 887 165 925; x_wconf 91' lang='lat' dir='ltr'>ei</span> <span class='ocrx_word' id='word_1_93' title='bbox 181 902 221 926; x_wconf 89' lang='lat' dir='ltr'>se</span> <span class='ocrx_word' id='word_1_94' title='bbox 239 887 439 926; x_wconf 85' lang='lat' dir='ltr'>subduxit</span> <span class='ocrx_word' id='word_1_95' title='bbox 455 902 563 926; x_wconf 89' lang='lat' dir='ltr'>anno</span> <span class='ocrx_word' id='word_1_96' title='bbox 581 889 784 939; x_wconf 80' lang='lat' dir='ltr'>sequenti,</span> <span class='ocrx_word' id='word_1_97' title='bbox 801 898 856 937; x_wconf 87' lang='lat' dir='ltr'>et,</span> <span class='ocrx_word' id='word_1_98' title='bbox 875 899 922 928; x_wconf 87' lang='lat' dir='ltr'>ut</span> <span class='ocrx_word' id='word_1_99' title='bbox 938 905 1076 941; x_wconf 88' lang='lat' dir='ltr'>supra,</span> <span class='ocrx_word' id='word_1_100' title='bbox 1094 906 1133 941; x_wconf 87' lang='lat' dir='ltr'>p.</span> <span class='ocrx_word' id='word_1_101' title='bbox 1159 890 1274 938; x_wconf 81' lang='grc'>1358,</span> <span class='ocrx_word' id='word_1_102' title='bbox 1302 890 1495 938; x_wconf 83' lang='lat' dir='ltr'>vidimus,</span> <span class='ocrx_word' id='word_1_103' title='bbox 1515 890 1768 930; x_wconf 85' lang='lat' dir='ltr'>Avenionem</span> <span class='ocrx_word' id='word_1_104' title='bbox 1786 905 1826 928; x_wconf 89' lang='lat' dir='ltr'>se</span> 
     </span>
    </p>
   </div>
   <div class='ocr_carea' id='block_1_3' title="bbox 129 946 1889 1000">
    <p class='ocr_par' dir='ltr' id='par_1_4' title="bbox 129 946 1889 1000">
     <span class='ocr_line' id='line_1_12' title="bbox 129 946 1889 1000; baseline 0.002 -16"><span class='ocrx_word' id='word_1_105' title='bbox 129 946 317 985; x_wconf 87' lang='lat' dir='ltr'>contulit.</span> <span class='ocrx_word' id='word_1_106' title='bbox 348 947 539 986; x_wconf 87' lang='lat' dir='ltr'>Urbanus</span> <span class='ocrx_word' id='word_1_107' title='bbox 566 962 663 986; x_wconf 86' lang='lat' dir='ltr'>vero</span> <span class='ocrx_word' id='word_1_108' title='bbox 689 963 784 988; x_wconf 90' lang='lat' dir='ltr'>eum</span> <span class='ocrx_word' id='word_1_109' title='bbox 809 963 923 988; x_wconf 88' lang='lat' dir='ltr'>sacra</span> <span class='ocrx_word' id='word_1_110' title='bbox 949 964 1131 1000; x_wconf 88' lang='lat' dir='ltr'>purpura</span> <span class='ocrx_word' id='word_1_111' title='bbox 1158 959 1198 988; x_wconf 90' lang='lat' dir='ltr'>et</span> <span class='ocrx_word' id='word_1_112' title='bbox 1224 950 1580 1000; x_wconf 85' lang='lat' dir='ltr'>archiepiscopatu</span> <span class='ocrx_word' id='word_1_113' title='bbox 1610 950 1826 988; x_wconf 84' lang='lat' dir='ltr'>Ravenna·</span> <span class='ocrx_word' id='word_1_114' title='bbox 1886 946 1889 949; x_wconf 47' lang='lat'>¹</span> 
     </span>
    </p>
   </div>
   <div class='ocr_carea' id='block_1_4' title="bbox 125 1005 1826 2773">
    <p class='ocr_par' dir='ltr' id='par_1_5' title="bbox 129 1005 1825 1294">
     <span class='ocr_line' id='line_1_13' title="bbox 129 1005 1822 1059; baseline 0.002 -16"><span class='ocrx_word' id='word_1_115' title='bbox 129 1005 234 1044; x_wconf 89' lang='lat' dir='ltr'>tensi</span> <span class='ocrx_word' id='word_1_116' title='bbox 249 1005 432 1056; x_wconf 87' lang='lat' dir='ltr'>privavit</span> <span class='ocrx_word' id='word_1_117' title='bbox 447 1006 574 1045; x_wconf 88' lang='lat' dir='ltr'>literis</span> <span class='ocrx_word' id='word_1_118' title='bbox 591 1006 698 1045; x_wconf 86' lang='lat' dir='ltr'>datis</span> <span class='ocrx_word' id='word_1_119' title='bbox 721 1008 891 1055; x_wconf 89' lang='lat' dir='ltr'>Perusii,</span> <span class='ocrx_word' id='word_1_120' title='bbox 908 1023 989 1058; x_wconf 87' lang='lat' dir='ltr'>quo</span> <span class='ocrx_word' id='word_1_121' title='bbox 1005 1009 1146 1058; x_wconf 86' lang='lat' dir='ltr'>sejam</span> <span class='ocrx_word' id='word_1_122' title='bbox 1167 1024 1187 1047; x_wconf 92' lang='lat' dir='ltr'>e</span> <span class='ocrx_word' id='word_1_123' title='bbox 1205 1010 1346 1047; x_wconf 89' lang='lat' dir='ltr'>Genua</span> <span class='ocrx_word' id='word_1_124' title='bbox 1363 1009 1610 1056; x_wconf 86' lang='lat' dir='ltr'>contulerat,</span> <span class='ocrx_word' id='word_1_125' title='bbox 1628 1009 1744 1046; x_wconf 90' lang='lat' dir='ltr'>nonis</span> <span class='ocrx_word' id='word_1_126' title='bbox 1766 1009 1822 1059; x_wconf 87' lang='lat'>[7]</span> 
     </span>
     <span class='ocr_line' id='line_1_14' title="bbox 130 1065 1824 1118; baseline 0.002 -16"><span class='ocrx_word' id='word_1_127' title='bbox 130 1065 307 1104; x_wconf 88' lang='lat' dir='ltr'>octobris</span> <span class='ocrx_word' id='word_1_128' title='bbox 324 1079 432 1103; x_wconf 87' lang='lat' dir='ltr'>anno</span> <span class='ocrx_word' id='word_1_129' title='bbox 449 1066 607 1106; x_wconf 88' lang='lat' dir='ltr'>decimo</span> <span class='ocrx_word' id='word_1_130' title='bbox 629 1066 781 1116; x_wconf 77' lang='lat'>[1387],</span> <span class='ocrx_word' id='word_1_131' title='bbox 799 1082 900 1117; x_wconf 87' lang='lat' dir='ltr'>quas</span> <span class='ocrx_word' id='word_1_132' title='bbox 918 1083 957 1105; x_wconf 88' lang='lat' dir='ltr'>se</span> <span class='ocrx_word' id='word_1_133' title='bbox 976 1068 1125 1106; x_wconf 82' lang='lat' dir='ltr'>vidisse</span> <span class='ocrx_word' id='word_1_134' title='bbox 1141 1077 1322 1106; x_wconf 86' lang='lat' dir='ltr'>testatur</span> <span class='ocrx_word' id='word_1_135' title='bbox 1348 1067 1623 1118; x_wconf 86' lang='lat' dir='ltr'>Hieronymus</span> <span class='ocrx_word' id='word_1_136' title='bbox 1644 1068 1824 1106; x_wconf 84' lang='lat' dir='ltr'>Rubeus.</span> 
     </span>
     <span class='ocr_line' id='line_1_15' title="bbox 130 1124 1824 1176; baseline 0.002 -14"><span class='ocrx_word' id='word_1_137' title='bbox 130 1125 184 1162; x_wconf 83' lang='lat' dir='ltr'>At</span> <span class='ocrx_word' id='word_1_138' title='bbox 202 1124 455 1163; x_wconf 88' lang='lat' dir='ltr'>Contelorius</span> <span class='ocrx_word' id='word_1_139' title='bbox 479 1125 532 1176; x_wconf 91' lang='lat' dir='ltr'>[p.</span> <span class='ocrx_word' id='word_1_140' title='bbox 553 1125 644 1175; x_wconf 81' lang='lat'>108]</span> <span class='ocrx_word' id='word_1_141' title='bbox 664 1125 705 1164; x_wconf 89' lang='lat' dir='ltr'>id</span> <span class='ocrx_word' id='word_1_142' title='bbox 722 1126 881 1165; x_wconf 86' lang='lat' dir='ltr'>facturn</span> <span class='ocrx_word' id='word_1_143' title='bbox 897 1127 950 1164; x_wconf 91' lang='lat' dir='ltr'>ab</span> <span class='ocrx_word' id='word_1_144' title='bbox 970 1127 1137 1165; x_wconf 87' lang='lat' dir='ltr'>Urbano</span> <span class='ocrx_word' id='word_1_145' title='bbox 1154 1126 1213 1165; x_wconf 90' lang='lat' dir='ltr'>ait</span> <span class='ocrx_word' id='word_1_146' title='bbox 1232 1126 1248 1149; x_wconf 79' lang='lat'>2</span> <span class='ocrx_word' id='word_1_147' title='bbox 1264 1126 1327 1165; x_wconf 83' lang='lat' dir='ltr'>die</span> <span class='ocrx_word' id='word_1_148' title='bbox 1355 1141 1426 1165; x_wconf 83' lang='lat' dir='ltr'>xm</span> <span class='ocrx_word' id='word_1_149' title='bbox 1452 1127 1637 1176; x_wconf 89' lang='lat' dir='ltr'>ejusdem</span> <span class='ocrx_word' id='word_1_150' title='bbox 1661 1126 1824 1167; x_wconf 90' lang='lat' dir='ltr'>mensis.</span> 
     </span>
     <span class='ocr_line' id='line_1_16' title="bbox 130 1183 1825 1237; baseline 0.001 -16"><span class='ocrx_word' id='word_1_151' title='bbox 130 1183 230 1222; x_wconf 89' lang='lat' dir='ltr'>Vide</span> <span class='ocrx_word' id='word_1_152' title='bbox 250 1184 406 1222; x_wconf 87' lang='lat' dir='ltr'>bullam</span> <span class='ocrx_word' id='word_1_153' title='bbox 427 1184 584 1222; x_wconf 90' lang='lat' dir='ltr'>Urbani</span> <span class='ocrx_word' id='word_1_154' title='bbox 601 1184 900 1225; x_wconf 82' lang='lat' dir='ltr'>amarissimam</span> <span class='ocrx_word' id='word_1_155' title='bbox 921 1195 961 1224; x_wconf 92' lang='lat' dir='ltr'>et</span> <span class='ocrx_word' id='word_1_156' title='bbox 980 1186 1070 1224; x_wconf 92' lang='lat' dir='ltr'>bilis</span> <span class='ocrx_word' id='word_1_157' title='bbox 1088 1186 1369 1237; x_wconf 89' lang='lat' dir='ltr'>plenissimam</span> <span class='ocrx_word' id='word_1_158' title='bbox 1387 1186 1583 1224; x_wconf 89' lang='lat' dir='ltr'>adversus</span> <span class='ocrx_word' id='word_1_159' title='bbox 1602 1201 1696 1226; x_wconf 90' lang='lat' dir='ltr'>eum</span> <span class='ocrx_word' id='word_1_160' title='bbox 1714 1186 1825 1236; x_wconf 88' lang='lat' dir='ltr'>apud</span> 
     </span>
     <span class='ocr_line' id='line_1_17' title="bbox 129 1243 1823 1294; baseline 0.001 -12"><span class='ocrx_word' id='word_1_161' title='bbox 129 1243 350 1283; x_wconf 92' lang='lat' dir='ltr'>Odoricum</span> <span class='ocrx_word' id='word_1_162' title='bbox 370 1243 648 1293; x_wconf 85' lang='lat' dir='ltr'>Raynaldum,</span> <span class='ocrx_word' id='word_1_163' title='bbox 666 1258 730 1283; x_wconf 89' lang='lat' dir='ltr'>an.</span> <span class='ocrx_word' id='word_1_164' title='bbox 751 1245 865 1292; x_wconf 80' lang='lat'>1389,</span> <span class='ocrx_word' id='word_1_165' title='bbox 889 1246 905 1294; x_wconf 62' lang='grc' dir='ltr'><strong>ἓ</strong></span> <span class='ocrx_word' id='word_1_166' title='bbox 923 1245 958 1284; x_wconf 84' lang='lat'>9.</span> <span class='ocrx_word' id='word_1_167' title='bbox 978 1245 1077 1283; x_wconf 86' lang='lat' dir='ltr'>Vide</span> <span class='ocrx_word' id='word_1_168' title='bbox 1094 1245 1222 1285; x_wconf 89' lang='lat' dir='ltr'>etiam</span> <span class='ocrx_word' id='word_1_169' title='bbox 1235 1245 1451 1293; x_wconf 87' lang='lat' dir='ltr'>Bzovium,</span> <span class='ocrx_word' id='word_1_170' title='bbox 1467 1259 1534 1284; x_wconf 91' lang='lat' dir='ltr'>an.</span> <span class='ocrx_word' id='word_1_171' title='bbox 1553 1245 1668 1292; x_wconf 83' lang='lat'>1385,</span> <span class='ocrx_word' id='word_1_172' title='bbox 1691 1245 1707 1294; x_wconf 61' lang='grc' dir='ltr'>ξ</span> <span class='ocrx_word' id='word_1_173' title='bbox 1724 1245 1747 1283; x_wconf 85' lang='grc'>9</span> <span class='ocrx_word' id='word_1_174' title='bbox 1763 1259 1823 1294; x_wconf 89' lang='lat' dir='ltr'>sq.</span> 
     </span>
    </p>

    <p class='ocr_par' dir='ltr' id='par_1_6' title="bbox 125 1302 1825 2290">
     <span class='ocr_line' id='line_1_18' title="bbox 185 1302 1824 1354; baseline 0.001 -13"><span class='ocrx_word' id='word_1_175' title='bbox 185 1302 356 1353; x_wconf 78' lang='lat' dir='ltr'>Insignis</span> <span class='ocrx_word' id='word_1_176' title='bbox 381 1311 442 1341; x_wconf 89' lang='lat' dir='ltr'>est</span> <span class='ocrx_word' id='word_1_177' title='bbox 464 1303 575 1341; x_wconf 89' lang='lat' dir='ltr'>locus</span> <span class='ocrx_word' id='word_1_178' title='bbox 599 1303 778 1342; x_wconf 90' lang='lat' dir='ltr'>auctoris</span> <span class='ocrx_word' id='word_1_179' title='bbox 801 1318 924 1354; x_wconf 90' lang='lat' dir='ltr'>supra</span> <span class='ocrx_word' id='word_1_180' title='bbox 947 1304 1107 1343; x_wconf 89' lang='lat' dir='ltr'>laudati</span> <span class='ocrx_word' id='word_1_181' title='bbox 1135 1305 1247 1343; x_wconf 90' lang='lat' dir='ltr'>Vitae</span> <span class='ocrx_word' id='word_1_182' title='bbox 1272 1304 1414 1343; x_wconf 89' lang='lat' dir='ltr'>Karoli</span> <span class='ocrx_word' id='word_1_183' title='bbox 1444 1304 1514 1352; x_wconf 89' lang='lat' dir='ltr'>VI,</span> <span class='ocrx_word' id='word_1_184' title='bbox 1539 1304 1609 1354; x_wconf 89' lang='lat' dir='ltr'>qui</span> <span class='ocrx_word' id='word_1_185' title='bbox 1631 1318 1824 1342; x_wconf 90' lang='lat' dir='ltr'>enarrans</span> 
     </span>
     <span class='ocr_line' id='line_1_19' title="bbox 127 1362 1824 1414; baseline 0.001 -15"><span class='ocrx_word' id='word_1_186' title='bbox 127 1377 210 1412; x_wconf 90' lang='lat' dir='ltr'>quo</span> <span class='ocrx_word' id='word_1_187' title='bbox 244 1362 367 1400; x_wconf 90' lang='lat' dir='ltr'>modo</span> <span class='ocrx_word' id='word_1_188' title='bbox 402 1362 535 1400; x_wconf 91' lang='lat' dir='ltr'>Pileus</span> <span class='ocrx_word' id='word_1_189' title='bbox 568 1363 783 1413; x_wconf 82' lang='lat' dir='ltr'>transfuga</span> <span class='ocrx_word' id='word_1_190' title='bbox 817 1364 869 1401; x_wconf 92' lang='lat' dir='ltr'>ad</span> <span class='ocrx_word' id='word_1_191' title='bbox 906 1378 1059 1414; x_wconf 87' lang='lat' dir='ltr'>papam</span> <span class='ocrx_word' id='word_1_192' title='bbox 1093 1364 1345 1403; x_wconf 84' lang='lat' dir='ltr'>Clementem</span> <span class='ocrx_word' id='word_1_193' title='bbox 1389 1378 1429 1402; x_wconf 90' lang='lat' dir='ltr'>se</span> <span class='ocrx_word' id='word_1_194' title='bbox 1463 1363 1639 1402; x_wconf 90' lang='lat' dir='ltr'>contulit</span> <span class='ocrx_word' id='word_1_195' title='bbox 1662 1362 1690 1410; x_wconf 85' lang='lat'>3,</span> <span class='ocrx_word' id='word_1_196' title='bbox 1723 1363 1782 1401; x_wconf 88' lang='lat' dir='ltr'>ait</span> <span class='ocrx_word' id='word_1_197' title='bbox 1816 1379 1824 1401; x_wconf 89' lang='grc'>;</span> 
     </span>
     <span class='ocr_line' id='line_1_20' title="bbox 128 1421 1825 1473; baseline 0 -14"><span class='ocrx_word' id='word_1_198' title='bbox 128 1421 245 1460; x_wconf 89' lang='lat' dir='ltr'>Circa</span> <span class='ocrx_word' id='word_1_199' title='bbox 283 1422 403 1471; x_wconf 74' lang='lat' dir='ltr'>finem</span> <span class='ocrx_word' id='word_1_200' title='bbox 438 1422 559 1471; x_wconf 83' lang='lat' dir='ltr'>hujus</span> <span class='ocrx_word' id='word_1_201' title='bbox 595 1422 694 1460; x_wconf 88' lang='lat' dir='ltr'>anni</span> <span class='ocrx_word' id='word_1_202' title='bbox 734 1423 1155 1472; x_wconf 83' lang='lat' dir='ltr'>(MCCCLXXXVII)</span> <span class='ocrx_word' id='word_1_203' title='bbox 1194 1422 1515 1473; x_wconf 78' lang='lat' dir='ltr'>archiepiscopus</span> <span class='ocrx_word' id='word_1_204' title='bbox 1552 1421 1825 1460; x_wconf 86' lang='lat' dir='ltr'>Ravennensis</span> 
     </span>
     <span class='ocr_line' id='line_1_21' title="bbox 129 1480 1825 1532; baseline 0 -14"><span class='ocrx_word' id='word_1_205' title='bbox 129 1481 287 1518; x_wconf 89' lang='lat' dir='ltr'>natione</span> <span class='ocrx_word' id='word_1_206' title='bbox 314 1481 492 1528; x_wconf 71' lang='lat' dir='ltr'>Italicus,</span> <span class='ocrx_word' id='word_1_207' title='bbox 518 1480 577 1518; x_wconf 80' lang='lat' dir='ltr'>vir</span> <span class='ocrx_word' id='word_1_208' title='bbox 600 1489 739 1519; x_wconf 84' lang='lat' dir='ltr'>cautus</span> <span class='ocrx_word' id='word_1_209' title='bbox 765 1482 1000 1520; x_wconf 87' lang='lat' dir='ltr'>mirabiliter</span> <span class='ocrx_word' id='word_1_210' title='bbox 1023 1491 1056 1519; x_wconf 91' lang='lat' dir='ltr'>et</span> <span class='ocrx_word' id='word_1_211' title='bbox 1079 1490 1246 1530; x_wconf 85' lang='lat' dir='ltr'>astutus,</span> <span class='ocrx_word' id='word_1_212' title='bbox 1272 1482 1338 1532; x_wconf 80' lang='lat' dir='ltr'>qui</span> <span class='ocrx_word' id='word_1_213' title='bbox 1362 1482 1412 1520; x_wconf 92' lang='lat' dir='ltr'>ab</span> <span class='ocrx_word' id='word_1_214' title='bbox 1436 1482 1634 1532; x_wconf 78' lang='lat' dir='ltr'>antipapa</span> <span class='ocrx_word' id='word_1_215' title='bbox 1664 1481 1825 1520; x_wconf 89' lang='lat' dir='ltr'>Urbano</span> 
     </span>
     <span class='ocr_line' id='line_1_22' title="bbox 127 1539 1825 1591; baseline 0 -13"><span class='ocrx_word' id='word_1_216' title='bbox 127 1541 178 1578; x_wconf 86' lang='lat' dir='ltr'>ad</span> <span class='ocrx_word' id='word_1_217' title='bbox 205 1540 498 1578; x_wconf 76' lang='lat' dir='ltr'>cardinalatum</span> <span class='ocrx_word' id='word_1_218' title='bbox 524 1549 755 1591; x_wconf 86' lang='lat' dir='ltr'>assumptus</span> <span class='ocrx_word' id='word_1_219' title='bbox 781 1542 922 1591; x_wconf 78' lang='lat' dir='ltr'>fuerat,</span> <span class='ocrx_word' id='word_1_220' title='bbox 952 1550 985 1579; x_wconf 92' lang='lat' dir='ltr'>et</span> <span class='ocrx_word' id='word_1_221' title='bbox 1013 1541 1079 1591; x_wconf 80' lang='lat' dir='ltr'>qui</span> <span class='ocrx_word' id='word_1_222' title='bbox 1107 1541 1157 1579; x_wconf 87' lang='lat' dir='ltr'>ab</span> <span class='ocrx_word' id='word_1_223' title='bbox 1184 1542 1315 1579; x_wconf 87' lang='lat' dir='ltr'>eodem</span> <span class='ocrx_word' id='word_1_224' title='bbox 1342 1542 1492 1591; x_wconf 83' lang='lat' dir='ltr'>legatus</span> <span class='ocrx_word' id='word_1_225' title='bbox 1520 1540 1754 1579; x_wconf 88' lang='lat' dir='ltr'>constitutus</span> <span class='ocrx_word' id='word_1_226' title='bbox 1783 1539 1825 1578; x_wconf 90' lang='lat' dir='ltr'>in</span> 
     </span>
     <span class='ocr_line' id='line_1_23' title="bbox 128 1599 1825 1650; baseline 0 -13"><span class='ocrx_word' id='word_1_227' title='bbox 128 1600 310 1649; x_wconf 85' lang='lat' dir='ltr'>partibus</span> <span class='ocrx_word' id='word_1_228' title='bbox 335 1599 543 1637; x_wconf 90' lang='lat' dir='ltr'>Alemanie</span> <span class='ocrx_word' id='word_1_229' title='bbox 567 1600 790 1638; x_wconf 82' lang='lat' dir='ltr'>electionem</span> <span class='ocrx_word' id='word_1_230' title='bbox 814 1601 907 1638; x_wconf 84' lang='lat' dir='ltr'>dicti</span> <span class='ocrx_word' id='word_1_231' title='bbox 939 1600 1093 1639; x_wconf 80' lang='lat' dir='ltr'>Urbani</span> <span class='ocrx_word' id='word_1_232' title='bbox 1116 1601 1278 1650; x_wconf 88' lang='lat' dir='ltr'>justam,</span> <span class='ocrx_word' id='word_1_233' title='bbox 1304 1608 1493 1647; x_wconf 82' lang='lat' dir='ltr'>sanctam,</span> <span class='ocrx_word' id='word_1_234' title='bbox 1519 1600 1825 1650; x_wconf 79' lang='lat' dir='ltr'>canonicamque</span> 
     </span>
     <span class='ocr_line' id='line_1_24' title="bbox 127 1658 1825 1710; baseline -0.001 -14"><span class='ocrx_word' id='word_1_235' title='bbox 127 1660 360 1697; x_wconf 79' lang='lat' dir='ltr'>censendam</span> <span class='ocrx_word' id='word_1_236' title='bbox 376 1659 533 1709; x_wconf 83' lang='lat' dir='ltr'>publice</span> <span class='ocrx_word' id='word_1_237' title='bbox 549 1659 829 1709; x_wconf 65' lang='lat' dir='ltr'>predicaverat,</span> <span class='ocrx_word' id='word_1_238' title='bbox 848 1661 899 1697; x_wconf 91' lang='lat' dir='ltr'>ad</span> <span class='ocrx_word' id='word_1_239' title='bbox 915 1675 1066 1710; x_wconf 87' lang='lat' dir='ltr'>papam</span> <span class='ocrx_word' id='word_1_240' title='bbox 1084 1659 1320 1697; x_wconf 82' lang='lat' dir='ltr'>Clementem</span> <span class='ocrx_word' id='word_1_241' title='bbox 1336 1674 1510 1697; x_wconf 88' lang='lat' dir='ltr'>reversus</span> <span class='ocrx_word' id='word_1_242' title='bbox 1527 1667 1593 1698; x_wconf 87' lang='lat' dir='ltr'>est.</span> <span class='ocrx_word' id='word_1_243' title='bbox 1613 1659 1717 1697; x_wconf 90' lang='lat' dir='ltr'>Cum</span> <span class='ocrx_word' id='word_1_244' title='bbox 1735 1658 1825 1696; x_wconf 89' lang='lat' dir='ltr'>inde</span> 
     </span>
     <span class='ocr_line' id='line_1_25' title="bbox 129 1718 1825 1769; baseline 0 -14"><span class='ocrx_word' id='word_1_245' title='bbox 129 1718 439 1756; x_wconf 88' lang='lat' dir='ltr'>innumerabiles</span> <span class='ocrx_word' id='word_1_246' title='bbox 463 1718 714 1767; x_wconf 76' lang='lat' dir='ltr'>mirarentur,</span> <span class='ocrx_word' id='word_1_247' title='bbox 741 1719 904 1757; x_wconf 84' lang='lat' dir='ltr'>memini</span> <span class='ocrx_word' id='word_1_248' title='bbox 929 1733 986 1757; x_wconf 91' lang='lat' dir='ltr'>me</span> <span class='ocrx_word' id='word_1_249' title='bbox 1009 1719 1129 1757; x_wconf 89' lang='lat' dir='ltr'>etiam</span> <span class='ocrx_word' id='word_1_250' title='bbox 1151 1719 1200 1757; x_wconf 89' lang='lat' dir='ltr'>ab</span> <span class='ocrx_word' id='word_1_251' title='bbox 1224 1718 1460 1769; x_wconf 80' lang='lat' dir='ltr'>officialibus</span> <span class='ocrx_word' id='word_1_252' title='bbox 1491 1718 1654 1768; x_wconf 87' lang='lat' dir='ltr'>papalis</span> <span class='ocrx_word' id='word_1_253' title='bbox 1677 1731 1825 1756; x_wconf 90' lang='lat' dir='ltr'>camere</span> 
     </span>
     <span class='ocr_line' id='line_1_26' title="bbox 127 1776 1824 1827; baseline -0.001 -13"><span class='ocrx_word' id='word_1_254' title='bbox 127 1777 319 1815; x_wconf 86' lang='lat' dir='ltr'>reiteratis</span> <span class='ocrx_word' id='word_1_255' title='bbox 351 1778 504 1815; x_wconf 88' lang='lat' dir='ltr'>vicibus</span> <span class='ocrx_word' id='word_1_256' title='bbox 536 1786 638 1816; x_wconf 87' lang='lat' dir='ltr'>tante</span> <span class='ocrx_word' id='word_1_257' title='bbox 684 1777 959 1816; x_wconf 79' lang='lat' dir='ltr'>instabilitatis</span> <span class='ocrx_word' id='word_1_258' title='bbox 993 1778 1180 1816; x_wconf 86' lang='lat' dir='ltr'>motivum</span> <span class='ocrx_word' id='word_1_259' title='bbox 1213 1778 1480 1827; x_wconf 72' lang='lat' dir='ltr'>investigasse.</span> <span class='ocrx_word' id='word_1_260' title='bbox 1506 1777 1584 1827; x_wconf 80' lang='lat' dir='ltr'>Qui</span> <span class='ocrx_word' id='word_1_261' title='bbox 1617 1791 1750 1814; x_wconf 89' lang='lat' dir='ltr'>omnes</span> <span class='ocrx_word' id='word_1_262' title='bbox 1783 1776 1824 1814; x_wconf 84' lang='lat' dir='ltr'>in</span> 
     </span>
     <span class='ocr_line' id='line_1_27' title="bbox 128 1835 1825 1887; baseline 0 -13"><span class='ocrx_word' id='word_1_263' title='bbox 128 1851 253 1874; x_wconf 85' lang='lat' dir='ltr'>unum</span> <span class='ocrx_word' id='word_1_264' title='bbox 269 1837 549 1875; x_wconf 75' lang='lat' dir='ltr'>conveniebant</span> <span class='ocrx_word' id='word_1_265' title='bbox 566 1838 733 1875; x_wconf 87' lang='lat' dir='ltr'>dicentes</span> <span class='ocrx_word' id='word_1_266' title='bbox 752 1854 759 1875; x_wconf 79' lang='lat' dir='ltr'><strong><em>z</em></strong></span> <span class='ocrx_word' id='word_1_267' title='bbox 782 1837 832 1875; x_wconf 92' lang='lat' dir='ltr'>In</span> <span class='ocrx_word' id='word_1_268' title='bbox 849 1838 1040 1887; x_wconf 82' lang='lat' dir='ltr'>legatione</span> <span class='ocrx_word' id='word_1_269' title='bbox 1064 1837 1239 1887; x_wconf 89' lang='lat' dir='ltr'>predicta</span> <span class='ocrx_word' id='word_1_270' title='bbox 1257 1837 1432 1886; x_wconf 79' lang='lat' dir='ltr'>ingentes</span> <span class='ocrx_word' id='word_1_271' title='bbox 1456 1836 1537 1874; x_wconf 86' lang='lat' dir='ltr'>sibi</span> <span class='ocrx_word' id='word_1_272' title='bbox 1562 1835 1825 1874; x_wconf 69' lang='lat' dir='ltr'>accumulavit</span> 
     </span>
     <span class='ocr_line' id='line_1_28' title="bbox 126 1895 1823 1947; baseline -0.001 -13"><span class='ocrx_word' id='word_1_273' title='bbox 126 1896 336 1946; x_wconf 84' lang='lat' dir='ltr'>pecunias3</span> <span class='ocrx_word' id='word_1_274' title='bbox 351 1897 419 1934; x_wconf 88' lang='lat' dir='ltr'>sed</span> <span class='ocrx_word' id='word_1_275' title='bbox 431 1896 512 1934; x_wconf 81' lang='lat' dir='ltr'>hiis</span> <span class='ocrx_word' id='word_1_276' title='bbox 527 1897 690 1934; x_wconf 87' lang='lat' dir='ltr'>minime</span> <span class='ocrx_word' id='word_1_277' title='bbox 704 1899 919 1944; x_wconf 61' lang='lat' dir='ltr'>conteram,</span> <span class='ocrx_word' id='word_1_278' title='bbox 935 1897 1117 1947; x_wconf 80' lang='lat' dir='ltr'>perhanc</span> <span class='ocrx_word' id='word_1_279' title='bbox 1131 1896 1421 1934; x_wconf 72' lang='lat' dir='ltr'>conversionem</span> <span class='ocrx_word' id='word_1_280' title='bbox 1434 1895 1644 1946; x_wconf 87' lang='lat' dir='ltr'>vulpinam</span> <span class='ocrx_word' id='word_1_281' title='bbox 1656 1895 1823 1945; x_wconf 85' lang='lat' dir='ltr'>amplio-</span> 
     </span>
     <span class='ocr_line' id='line_1_29' title="bbox 126 1953 1824 2006; baseline 0 -14"><span class='ocrx_word' id='word_1_282' title='bbox 126 1969 184 1992; x_wconf 90' lang='lat' dir='ltr'>res</span> <span class='ocrx_word' id='word_1_283' title='bbox 212 1955 380 1993; x_wconf 84' lang='lat' dir='ltr'>intendit</span> <span class='ocrx_word' id='word_1_284' title='bbox 404 1956 614 2006; x_wconf 81' lang='lat' dir='ltr'>acquirere.</span> <span class='ocrx_word' id='word_1_285' title='bbox 644 1956 756 2006; x_wconf 82' lang='lat' dir='ltr'>Quod</span> <span class='ocrx_word' id='word_1_286' title='bbox 780 1964 813 1994; x_wconf 90' lang='lat' dir='ltr'>et</span> <span class='ocrx_word' id='word_1_287' title='bbox 838 1956 894 1993; x_wconf 90' lang='lat' dir='ltr'>rei</span> <span class='ocrx_word' id='word_1_288' title='bbox 919 1956 1046 1993; x_wconf 71' lang='lat' dir='ltr'>exitus</span> <span class='ocrx_word' id='word_1_289' title='bbox 1071 1955 1350 2006; x_wconf 87' lang='lat' dir='ltr'>comprobavit.</span> <span class='ocrx_word' id='word_1_290' title='bbox 1382 1956 1492 1993; x_wconf 86' lang='lat' dir='ltr'>Tunc</span> <span class='ocrx_word' id='word_1_291' title='bbox 1517 1969 1556 1992; x_wconf 87' lang='lat' dir='ltr'>re</span> <span class='ocrx_word' id='word_1_292' title='bbox 1581 1969 1670 1992; x_wconf 87' lang='lat' dir='ltr'>vera</span> <span class='ocrx_word' id='word_1_293' title='bbox 1694 1953 1824 1992; x_wconf 86' lang='lat' dir='ltr'>docuit</span> 
     </span>
     <span class='ocr_line' id='line_1_30' title="bbox 126 2012 1823 2053; baseline -0.001 -1"><span class='ocrx_word' id='word_1_294' title='bbox 126 2015 347 2052; x_wconf 84' lang='lat' dir='ltr'>cardinales</span> <span class='ocrx_word' id='word_1_295' title='bbox 367 2029 497 2052; x_wconf 84' lang='lat' dir='ltr'>cavere</span> <span class='ocrx_word' id='word_1_296' title='bbox 518 2015 562 2052; x_wconf 91' lang='lat' dir='ltr'>de</span> <span class='ocrx_word' id='word_1_297' title='bbox 581 2023 699 2053; x_wconf 86' lang='lat' dir='ltr'>cetero</span> <span class='ocrx_word' id='word_1_298' title='bbox 719 2015 769 2053; x_wconf 87' lang='lat' dir='ltr'>ab</span> <span class='ocrx_word' id='word_1_299' title='bbox 789 2015 1061 2053; x_wconf 82' lang='lat' dir='ltr'>accedentibus</span> <span class='ocrx_word' id='word_1_300' title='bbox 1082 2015 1125 2052; x_wconf 93' lang='lat' dir='ltr'>in</span> <span class='ocrx_word' id='word_1_301' title='bbox 1144 2014 1383 2052; x_wconf 87' lang='lat' dir='ltr'>vestimentis</span> <span class='ocrx_word' id='word_1_302' title='bbox 1402 2014 1547 2052; x_wconf 88' lang='lat' dir='ltr'>ovium.</span> <span class='ocrx_word' id='word_1_303' title='bbox 1571 2012 1679 2051; x_wconf 89' lang='lat' dir='ltr'>Nam</span> <span class='ocrx_word' id='word_1_304' title='bbox 1697 2012 1747 2051; x_wconf 89' lang='lat' dir='ltr'>ab</span> <span class='ocrx_word' id='word_1_305' title='bbox 1767 2012 1823 2050; x_wconf 88' lang='lat' dir='ltr'>eis</span> 
     </span>
     <span class='ocr_line' id='line_1_31' title="bbox 126 2073 1824 2124; baseline 0 -14"><span class='ocrx_word' id='word_1_306' title='bbox 126 2074 338 2123; x_wconf 74' lang='lat' dir='ltr'>honorifice</span> <span class='ocrx_word' id='word_1_307' title='bbox 363 2082 537 2124; x_wconf 87' lang='lat' dir='ltr'>receptus</span> <span class='ocrx_word' id='word_1_308' title='bbox 562 2082 596 2112; x_wconf 90' lang='lat' dir='ltr'>et</span> <span class='ocrx_word' id='word_1_309' title='bbox 620 2075 812 2112; x_wconf 85' lang='lat' dir='ltr'>adductus</span> <span class='ocrx_word' id='word_1_310' title='bbox 837 2075 889 2112; x_wconf 88' lang='lat' dir='ltr'>ad</span> <span class='ocrx_word' id='word_1_311' title='bbox 913 2074 1065 2112; x_wconf 89' lang='lat' dir='ltr'>domini</span> <span class='ocrx_word' id='word_1_312' title='bbox 1091 2088 1195 2124; x_wconf 89' lang='lat' dir='ltr'>pape</span> <span class='ocrx_word' id='word_1_313' title='bbox 1221 2073 1432 2111; x_wconf 88' lang='lat' dir='ltr'>Clementis</span> <span class='ocrx_word' id='word_1_314' title='bbox 1457 2073 1710 2124; x_wconf 87' lang='lat' dir='ltr'>presentiam,</span> <span class='ocrx_word' id='word_1_315' title='bbox 1736 2086 1824 2110; x_wconf 88' lang='lat' dir='ltr'>cum</span> 
     </span>
     <span class='ocr_line' id='line_1_32' title="bbox 125 2132 1825 2183; baseline -0.001 -13"><span class='ocrx_word' id='word_1_316' title='bbox 125 2133 205 2170; x_wconf 87' lang='lat' dir='ltr'>sibi</span> <span class='ocrx_word' id='word_1_317' title='bbox 230 2133 432 2171; x_wconf 80' lang='lat' dir='ltr'>humiliter</span> <span class='ocrx_word' id='word_1_318' title='bbox 456 2133 674 2182; x_wconf 85' lang='lat' dir='ltr'>postulanti</span> <span class='ocrx_word' id='word_1_319' title='bbox 700 2134 744 2171; x_wconf 89' lang='lat' dir='ltr'>de</span> <span class='ocrx_word' id='word_1_320' title='bbox 768 2133 990 2171; x_wconf 87' lang='lat' dir='ltr'>commissis</span> <span class='ocrx_word' id='word_1_321' title='bbox 1015 2133 1172 2171; x_wconf 90' lang='lat' dir='ltr'>veniam</span> <span class='ocrx_word' id='word_1_322' title='bbox 1198 2133 1472 2183; x_wconf 86' lang='lat' dir='ltr'>impetrassent</span> <span class='ocrx_word' id='word_1_323' title='bbox 1495 2140 1529 2170; x_wconf 83' lang='lat' dir='ltr'>et</span> <span class='ocrx_word' id='word_1_324' title='bbox 1553 2139 1594 2169; x_wconf 92' lang='lat' dir='ltr'>ut</span> <span class='ocrx_word' id='word_1_325' title='bbox 1617 2132 1669 2169; x_wconf 89' lang='lat' dir='ltr'>ad</span> <span class='ocrx_word' id='word_1_326' title='bbox 1691 2144 1825 2169; x_wconf 88' lang='lat' dir='ltr'>eorum</span> 
     </span>
     <span class='ocr_line' id='line_1_33' title="bbox 125 2190 1823 2239; baseline -0.001 -10"><span class='ocrx_word' id='word_1_327' title='bbox 125 2200 389 2230; x_wconf 86' lang='lat' dir='ltr'>assumeretur</span> <span class='ocrx_word' id='word_1_328' title='bbox 406 2192 596 2239; x_wconf 86' lang='lat' dir='ltr'>ordinem,</span> <span class='ocrx_word' id='word_1_329' title='bbox 615 2193 773 2230; x_wconf 89' lang='lat' dir='ltr'>tandem</span> <span class='ocrx_word' id='word_1_330' title='bbox 788 2206 894 2230; x_wconf 90' lang='lat' dir='ltr'>anno</span> <span class='ocrx_word' id='word_1_331' title='bbox 913 2206 992 2230; x_wconf 88' lang='lat' dir='ltr'>non</span> <span class='ocrx_word' id='word_1_332' title='bbox 1009 2201 1138 2230; x_wconf 74' lang='lat' dir='ltr'>exacto</span> <span class='ocrx_word' id='word_1_333' title='bbox 1156 2192 1272 2229; x_wconf 86' lang='lat' dir='ltr'>donis</span> <span class='ocrx_word' id='word_1_334' title='bbox 1290 2191 1539 2229; x_wconf 86' lang='lat' dir='ltr'>uberioribus</span> <span class='ocrx_word' id='word_1_335' title='bbox 1556 2191 1658 2228; x_wconf 90' lang='lat' dir='ltr'>clam</span> <span class='ocrx_word' id='word_1_336' title='bbox 1676 2190 1823 2228; x_wconf 86' lang='lat' dir='ltr'>illicen-</span> 
     </span>
     <span class='ocr_line' id='line_1_34' title="bbox 126 2251 884 2290; baseline 0.001 -2"><span class='ocrx_word' id='word_1_337' title='bbox 126 2251 247 2289; x_wconf 87' lang='lat' dir='ltr'>tiatus</span> <span class='ocrx_word' id='word_1_338' title='bbox 264 2252 440 2289; x_wconf 88' lang='lat' dir='ltr'>recedens</span> <span class='ocrx_word' id='word_1_339' title='bbox 457 2251 574 2289; x_wconf 88' lang='lat' dir='ltr'>rediit</span> <span class='ocrx_word' id='word_1_340' title='bbox 589 2252 641 2289; x_wconf 89' lang='lat' dir='ltr'>ad</span> <span class='ocrx_word' id='word_1_341' title='bbox 664 2251 884 2290; x_wconf 88' lang='lat' dir='ltr'>Urbanum.</span> 
     </span>
    </p>

    <p class='ocr_par' dir='ltr' id='par_1_7' title="bbox 127 2307 1824 2655">
     <span class='ocr_line' id='line_1_35' title="bbox 180 2307 1823 2360; baseline -0.001 -13"><span class='ocrx_word' id='word_1_342' title='bbox 180 2310 298 2348; x_wconf 90' lang='lat' dir='ltr'>Anno</span> <span class='ocrx_word' id='word_1_343' title='bbox 334 2309 737 2358; x_wconf 84' lang='lat' dir='ltr'>MCCCLXXXVII,</span> <span class='ocrx_word' id='word_1_344' title='bbox 772 2310 834 2348; x_wconf 92' lang='lat' dir='ltr'>die</span> <span class='ocrx_word' id='word_1_345' title='bbox 870 2310 1014 2360; x_wconf 86' lang='lat' dir='ltr'>quinta</span> <span class='ocrx_word' id='word_1_346' title='bbox 1050 2309 1242 2357; x_wconf 87' lang='lat' dir='ltr'>octobris,</span> <span class='ocrx_word' id='word_1_347' title='bbox 1276 2323 1422 2347; x_wconf 88' lang='lat' dir='ltr'>venere</span> <span class='ocrx_word' id='word_1_348' title='bbox 1457 2317 1636 2347; x_wconf 86' lang='lat' dir='ltr'>oratores</span> <span class='ocrx_word' id='word_1_349' title='bbox 1671 2307 1823 2346; x_wconf 89' lang='lat' dir='ltr'>civium</span> 
     </span>
     <span class='ocr_line' id='line_1_36' title="bbox 128 2366 1822 2419; baseline -0.001 -13"><span class='ocrx_word' id='word_1_350' title='bbox 128 2369 382 2419; x_wconf 85' lang='lat' dir='ltr'>Aquensium</span> <span class='ocrx_word' id='word_1_351' title='bbox 405 2377 446 2407; x_wconf 91' lang='lat' dir='ltr'>et</span> <span class='ocrx_word' id='word_1_352' title='bbox 470 2369 837 2409; x_wconf 90' lang='lat' dir='ltr'>Tarasconensium</span> <span class='ocrx_word' id='word_1_353' title='bbox 860 2370 912 2408; x_wconf 89' lang='lat' dir='ltr'>ad</span> <span class='ocrx_word' id='word_1_354' title='bbox 937 2368 1109 2408; x_wconf 89' lang='lat' dir='ltr'>Mariam</span> <span class='ocrx_word' id='word_1_355' title='bbox 1131 2368 1314 2419; x_wconf 83' lang='lat' dir='ltr'>reginam</span> <span class='ocrx_word' id='word_1_356' title='bbox 1338 2367 1494 2406; x_wconf 90' lang='lat' dir='ltr'>Siciliae</span> <span class='ocrx_word' id='word_1_357' title='bbox 1517 2375 1559 2405; x_wconf 88' lang='lat' dir='ltr'>et</span> <span class='ocrx_word' id='word_1_358' title='bbox 1583 2366 1714 2406; x_wconf 88' lang='lat' dir='ltr'>filium</span> <span class='ocrx_word' id='word_1_359' title='bbox 1735 2366 1822 2415; x_wconf 88' lang='lat' dir='ltr'>ejus</span> 
     </span>
     <span class='ocr_line' id='line_1_37' title="bbox 129 2426 1822 2478; baseline -0.002 -12"><span class='ocrx_word' id='word_1_360' title='bbox 129 2429 385 2468; x_wconf 77' lang='lat' dir='ltr'>Ludovicum</span> <span class='ocrx_word' id='word_1_361' title='bbox 399 2429 511 2478; x_wconf 88' lang='lat' dir='ltr'>apud</span> <span class='ocrx_word' id='word_1_362' title='bbox 527 2429 897 2475; x_wconf 87' lang='lat' dir='ltr'>Villamnovam,ut</span> <span class='ocrx_word' id='word_1_363' title='bbox 912 2427 1173 2478; x_wconf 90' lang='lat' dir='ltr'>sponsionem</span> <span class='ocrx_word' id='word_1_364' title='bbox 1188 2427 1283 2466; x_wconf 84' lang='lat' dir='ltr'>fidei</span> <span class='ocrx_word' id='word_1_365' title='bbox 1296 2435 1338 2466; x_wconf 87' lang='lat' dir='ltr'>et</span> <span class='ocrx_word' id='word_1_366' title='bbox 1354 2426 1611 2465; x_wconf 85' lang='lat' dir='ltr'>obedientiae</span> <span class='ocrx_word' id='word_1_367' title='bbox 1627 2426 1822 2464; x_wconf 89' lang='lat' dir='ltr'>facerent.</span> 
     </span>
     <span class='ocr_line' id='line_1_38' title="bbox 128 2484 1824 2537; baseline -0.002 -13"><span class='ocrx_word' id='word_1_368' title='bbox 128 2488 312 2526; x_wconf 85' lang='lat' dir='ltr'>Aderant</span> <span class='ocrx_word' id='word_1_369' title='bbox 333 2501 427 2525; x_wconf 88' lang='lat' dir='ltr'>cum</span> <span class='ocrx_word' id='word_1_370' title='bbox 447 2487 586 2537; x_wconf 81' lang='lat' dir='ltr'>regina</span> <span class='ocrx_word' id='word_1_371' title='bbox 606 2496 648 2526; x_wconf 89' lang='lat' dir='ltr'>et</span> <span class='ocrx_word' id='word_1_372' title='bbox 672 2487 754 2526; x_wconf 86' lang='lat' dir='ltr'>filio</span> <span class='ocrx_word' id='word_1_373' title='bbox 775 2488 862 2537; x_wconf 86' lang='lat' dir='ltr'>ejus</span> <span class='ocrx_word' id='word_1_374' title='bbox 885 2486 1110 2525; x_wconf 86' lang='lat' dir='ltr'>cardinales</span> <span class='ocrx_word' id='word_1_375' title='bbox 1134 2485 1392 2533; x_wconf 87' lang='lat' dir='ltr'>Albanensis,</span> <span class='ocrx_word' id='word_1_376' title='bbox 1414 2484 1659 2523; x_wconf 87' lang='lat' dir='ltr'>Cusentinus</span> <span class='ocrx_word' id='word_1_377' title='bbox 1681 2492 1722 2522; x_wconf 91' lang='lat' dir='ltr'>et</span> <span class='ocrx_word' id='word_1_378' title='bbox 1746 2484 1824 2522; x_wconf 84' lang='lat' dir='ltr'>Ra-</span> 
     </span>
     <span class='ocr_line' id='line_1_39' title="bbox 127 2543 1824 2597; baseline -0.001 -14"><span class='ocrx_word' id='word_1_379' title='bbox 127 2546 407 2593; x_wconf 83' lang='lat' dir='ltr'>vennatensis,</span> <span class='ocrx_word' id='word_1_380' title='bbox 436 2546 681 2585; x_wconf 88' lang='lat' dir='ltr'>camerarius</span> <span class='ocrx_word' id='word_1_381' title='bbox 709 2560 856 2597; x_wconf 89' lang='lat' dir='ltr'>papae,</span> <span class='ocrx_word' id='word_1_382' title='bbox 884 2545 1097 2596; x_wconf 89' lang='lat' dir='ltr'>episcopus</span> <span class='ocrx_word' id='word_1_383' title='bbox 1126 2544 1400 2591; x_wconf 89' lang='lat' dir='ltr'>Carnotensis,</span> <span class='ocrx_word' id='word_1_384' title='bbox 1432 2543 1703 2594; x_wconf 87' lang='lat' dir='ltr'>Raymundus</span> <span class='ocrx_word' id='word_1_385' title='bbox 1729 2543 1824 2581; x_wconf 89' lang='lat' dir='ltr'>Ber·</span> 
     </span>
     <span class='ocr_line' id='line_1_40' title="bbox 127 2602 1506 2655; baseline -0.001 -12"><span class='ocrx_word' id='word_1_386' title='bbox 127 2605 245 2643; x_wconf 89' lang='lat' dir='ltr'>nardi</span> <span class='ocrx_word' id='word_1_387' title='bbox 269 2613 311 2643; x_wconf 85' lang='lat' dir='ltr'>et</span> <span class='ocrx_word' id='word_1_388' title='bbox 331 2605 466 2655; x_wconf 88' lang='lat' dir='ltr'>plures</span> <span class='ocrx_word' id='word_1_389' title='bbox 493 2605 580 2651; x_wconf 78' lang='lat' dir='ltr'>alii3</span> <span class='ocrx_word' id='word_1_390' title='bbox 598 2620 649 2644; x_wconf 88' lang='lat' dir='ltr'>ex</span> <span class='ocrx_word' id='word_1_391' title='bbox 663 2605 808 2643; x_wconf 88' lang='lat' dir='ltr'>Diario</span> <span class='ocrx_word' id='word_1_392' title='bbox 839 2605 1018 2655; x_wconf 92' lang='lat' dir='ltr'>episcopi</span> <span class='ocrx_word' id='word_1_393' title='bbox 1042 2604 1301 2643; x_wconf 89' lang='lat' dir='ltr'>Carnotensis</span> <span class='ocrx_word' id='word_1_394' title='bbox 1325 2603 1379 2654; x_wconf 91' lang='lat' dir='ltr'>[p.</span> <span class='ocrx_word' id='word_1_395' title='bbox 1397 2602 1506 2652; x_wconf 57' lang='lat'>432}</span> 
     </span>
    </p>

    <p class='ocr_par' dir='ltr' id='par_1_8' title="bbox 126 2659 1826 2773">
     <span class='ocr_line' id='line_1_41' title="bbox 184 2659 1824 2713; baseline -0.003 -11"><span class='ocrx_word' id='word_1_396' title='bbox 184 2664 254 2702; x_wconf 87' lang='lat' dir='ltr'>Die</span> <span class='ocrx_word' id='word_1_397' title='bbox 289 2672 437 2702; x_wconf 87' lang='lat' dir='ltr'>octava</span> <span class='ocrx_word' id='word_1_398' title='bbox 469 2664 655 2713; x_wconf 86' lang='lat' dir='ltr'>ejusdem</span> <span class='ocrx_word' id='word_1_399' title='bbox 687 2663 850 2711; x_wconf 89' lang='lat' dir='ltr'>mensis,</span> <span class='ocrx_word' id='word_1_400' title='bbox 883 2677 977 2701; x_wconf 91' lang='lat' dir='ltr'>cum</span> <span class='ocrx_word' id='word_1_401' title='bbox 1009 2663 1095 2701; x_wconf 84' lang='lat' dir='ltr'>dux</span> <span class='ocrx_word' id='word_1_402' title='bbox 1124 2661 1353 2701; x_wconf 89' lang='lat' dir='ltr'>Borbonius</span> <span class='ocrx_word' id='word_1_403' title='bbox 1385 2662 1516 2700; x_wconf 85' lang='lat' dir='ltr'>redux</span> <span class='ocrx_word' id='word_1_404' title='bbox 1543 2676 1592 2700; x_wconf 86' lang='lat' dir='ltr'>ex</span> <span class='ocrx_word' id='word_1_405' title='bbox 1624 2659 1824 2710; x_wconf 89' lang='lat' dir='ltr'>Hispania</span> 
     </span>
     <span class='ocr_line' id='line_1_42' title="bbox 126 2718 1826 2773; baseline -0.004 -11"><span class='ocrx_word' id='word_1_406' title='bbox 126 2723 310 2773; x_wconf 85' lang='lat' dir='ltr'>reginam</span> <span class='ocrx_word' id='word_1_407' title='bbox 338 2723 560 2761; x_wconf 87' lang='lat' dir='ltr'>salutasset</span> <span class='ocrx_word' id='word_1_408' title='bbox 587 2723 699 2773; x_wconf 89' lang='lat' dir='ltr'>apud</span> <span class='ocrx_word' id='word_1_409' title='bbox 729 2722 1047 2769; x_wconf 87' lang='lat' dir='ltr'>Villamnovam,</span> <span class='ocrx_word' id='word_1_410' title='bbox 1076 2736 1117 2760; x_wconf 88' lang='lat' dir='ltr'>se</span> <span class='ocrx_word' id='word_1_411' title='bbox 1141 2720 1307 2770; x_wconf 84' lang='lat' dir='ltr'>trajecit</span> <span class='ocrx_word' id='word_1_412' title='bbox 1330 2720 1599 2767; x_wconf 86' lang='lat' dir='ltr'>Avenionem,</span> <span class='ocrx_word' id='word_1_413' title='bbox 1626 2718 1826 2758; x_wconf 87' lang='lat' dir='ltr'>comitan-</span> 
     </span>
    </p>
   </div>
   <div class='ocr_carea' id='block_1_5' title="bbox 126 2875 1826 3184">
    <p class='ocr_par' dir='ltr' id='par_1_9' title="bbox 177 2875 701 2919">
     <span class='ocr_line' id='line_1_43' title="bbox 177 2875 701 2919; baseline 0 -9"><span class='ocrx_word' id='word_1_414' title='bbox 177 2878 208 2910; x_wconf 84' lang='grc'>1.</span> <span class='ocrx_word' id='word_1_415' title='bbox 238 2876 389 2917; x_wconf 86' lang='lat' dir='ltr'>Baluze,</span> <span class='ocrx_word' id='word_1_416' title='bbox 418 2881 445 2910; x_wconf 93' lang='lat' dir='ltr'>t.</span> <span class='ocrx_word' id='word_1_417' title='bbox 472 2887 524 2916; x_wconf 88' lang='lat' dir='ltr'>1v,</span> <span class='ocrx_word' id='word_1_418' title='bbox 553 2887 588 2919; x_wconf 93' lang='lat' dir='ltr'>p.</span> <span class='ocrx_word' id='word_1_419' title='bbox 620 2875 701 2910; x_wconf 77' lang='lat'>298.</span> 
     </span>
    </p>

    <p class='ocr_par' dir='ltr' id='par_1_10' title="bbox 178 2927 1219 2962">
     <span class='ocr_line' id='line_1_44' title="bbox 178 2927 1219 2962; baseline -0.003 0"><span class='ocrx_word' id='word_1_420' title='bbox 178 2931 207 2962; x_wconf 79' lang='lat'>2.</span> <span class='ocrx_word' id='word_1_421' title='bbox 237 2928 427 2962; x_wconf 85' lang='lat' dir='ltr'>Contelori</span> <span class='ocrx_word' id='word_1_422' title='bbox 453 2935 532 2961; x_wconf 88' lang='lat' dir='ltr'>met</span> <span class='ocrx_word' id='word_1_423' title='bbox 556 2929 592 2960; x_wconf 91' lang='lat' dir='ltr'>la</span> <span class='ocrx_word' id='word_1_424' title='bbox 618 2928 706 2961; x_wconf 88' lang='lat' dir='ltr'>date</span> <span class='ocrx_word' id='word_1_425' title='bbox 733 2928 783 2960; x_wconf 90' lang='lat' dir='ltr'>du</span> <span class='ocrx_word' id='word_1_426' title='bbox 810 2928 853 2961; x_wconf 84' lang='lat'>23</span> <span class='ocrx_word' id='word_1_427' title='bbox 880 2927 1086 2960; x_wconf 84' lang='lat' dir='ltr'>novembre</span> <span class='ocrx_word' id='word_1_428' title='bbox 1113 2927 1219 2960; x_wconf 80' lang='lat'>1389.</span> 
     </span>
    </p>

    <p class='ocr_par' dir='ltr' id='par_1_11' title="bbox 126 2977 1826 3184">
     <span class='ocr_line' id='line_1_45' title="bbox 176 2977 1825 3025; baseline -0.004 -9"><span class='ocrx_word' id='word_1_429' title='bbox 176 2984 208 3016; x_wconf 90' lang='grc'>3.</span> <span class='ocrx_word' id='word_1_430' title='bbox 232 2983 440 3025; x_wconf 87' lang='lat' dir='ltr'>Bellaguet‚</span> <span class='ocrx_word' id='word_1_431' title='bbox 471 2987 498 3015; x_wconf 92' lang='lat' dir='ltr'>t.</span> <span class='ocrx_word' id='word_1_432' title='bbox 527 2993 551 3021; x_wconf 92' lang='lat'>1,</span> <span class='ocrx_word' id='word_1_433' title='bbox 581 2993 617 3025; x_wconf 92' lang='lat' dir='ltr'>p.</span> <span class='ocrx_word' id='word_1_434' title='bbox 641 2982 722 3014; x_wconf 84' lang='lat'>502.</span> <span class='ocrx_word' id='word_1_435' title='bbox 741 3000 790 3004; x_wconf 84' lang='lat'>——</span> <span class='ocrx_word' id='word_1_436' title='bbox 811 2980 912 3014; x_wconf 87' lang='lat' dir='ltr'>Pileo</span> <span class='ocrx_word' id='word_1_437' title='bbox 933 2992 978 3012; x_wconf 85' lang='lat' dir='ltr'>ne</span> <span class='ocrx_word' id='word_1_438' title='bbox 1000 2979 1121 3023; x_wconf 87' lang='lat' dir='ltr'>partit</span> <span class='ocrx_word' id='word_1_439' title='bbox 1142 2991 1208 3023; x_wconf 88' lang='lat' dir='ltr'>pas</span> <span class='ocrx_word' id='word_1_440' title='bbox 1230 2978 1575 3012; x_wconf 85' lang='lat' dir='ltr'>clandestinement</span> <span class='ocrx_word' id='word_1_441' title='bbox 1592 2977 1825 3020; x_wconf 85' lang='lat' dir='ltr'>d&#39;Avignou‚</span> 
     </span>
     <span class='ocr_line' id='line_1_46' title="bbox 126 3029 1824 3078; baseline -0.004 -10"><span class='ocrx_word' id='word_1_442' title='bbox 126 3047 272 3068; x_wconf 88' lang='lat' dir='ltr'>comme</span> <span class='ocrx_word' id='word_1_443' title='bbox 293 3035 326 3068; x_wconf 89' lang='lat' dir='ltr'>le</span> <span class='ocrx_word' id='word_1_444' title='bbox 348 3034 601 3078; x_wconf 88' lang='lat' dir='ltr'>chroniqueur</span> <span class='ocrx_word' id='word_1_445' title='bbox 620 3034 652 3067; x_wconf 92' lang='lat' dir='ltr'>le</span> <span class='ocrx_word' id='word_1_446' title='bbox 674 3033 835 3078; x_wconf 77' lang='lat' dir='ltr'>pretend</span> <span class='ocrx_word' id='word_1_447' title='bbox 857 3046 863 3066; x_wconf 78' lang='lat' dir='ltr'><em>z</em></span> <span class='ocrx_word' id='word_1_448' title='bbox 887 3033 1058 3066; x_wconf 82' lang='lat' dir='ltr'>Clement</span> <span class='ocrx_word' id='word_1_449' title='bbox 1076 3032 1150 3065; x_wconf 94' lang='lat' dir='ltr'>VII</span> <span class='ocrx_word' id='word_1_450' title='bbox 1167 3031 1219 3065; x_wconf 90' lang='lat' dir='ltr'>lui</span> <span class='ocrx_word' id='word_1_451' title='bbox 1241 3031 1358 3071; x_wconf 86' lang='lat' dir='ltr'>avait,</span> <span class='ocrx_word' id='word_1_452' title='bbox 1381 3043 1429 3064; x_wconf 89' lang='lat' dir='ltr'>au</span> <span class='ocrx_word' id='word_1_453' title='bbox 1451 3030 1651 3070; x_wconf 87' lang='lat' dir='ltr'>contraire,</span> <span class='ocrx_word' id='word_1_454' title='bbox 1674 3029 1824 3063; x_wconf 76' lang='lat' dir='ltr'>confere</span> 
     </span>
     <span class='ocr_line' id='line_1_47' title="bbox 127 3083 1826 3132; baseline -0.003 -11"><span class='ocrx_word' id='word_1_455' title='bbox 127 3089 178 3122; x_wconf 88' lang='lat' dir='ltr'>les</span> <span class='ocrx_word' id='word_1_456' title='bbox 192 3087 371 3132; x_wconf 89' lang='lat' dir='ltr'>pouvoirs</span> <span class='ocrx_word' id='word_1_457' title='bbox 387 3088 431 3120; x_wconf 91' lang='lat' dir='ltr'>de</span> <span class='ocrx_word' id='word_1_458' title='bbox 444 3088 546 3131; x_wconf 78' lang='lat' dir='ltr'>legat</span> <span class='ocrx_word' id='word_1_459' title='bbox 559 3099 605 3120; x_wconf 87' lang='lat' dir='ltr'>en</span> <span class='ocrx_word' id='word_1_460' title='bbox 620 3086 730 3120; x_wconf 82' lang='lat' dir='ltr'>Italic</span> <span class='ocrx_word' id='word_1_461' title='bbox 748 3086 781 3130; x_wconf 88' lang='grc'>(9</span> <span class='ocrx_word' id='word_1_462' title='bbox 795 3086 932 3120; x_wconf 76' lang='lat' dir='ltr'>sevrier</span> <span class='ocrx_word' id='word_1_463' title='bbox 946 3091 984 3119; x_wconf 86' lang='lat' dir='ltr'>et</span> <span class='ocrx_word' id='word_1_464' title='bbox 997 3086 1018 3118; x_wconf 84' lang='lat'><strong>4</strong></span> <span class='ocrx_word' id='word_1_465' title='bbox 1032 3085 1107 3118; x_wconf 90' lang='lat' dir='ltr'>mai</span> <span class='ocrx_word' id='word_1_466' title='bbox 1127 3085 1255 3128; x_wconf 82' lang='lat'>1388);</span> <span class='ocrx_word' id='word_1_467' title='bbox 1272 3084 1354 3118; x_wconf 92' lang='lat' dir='ltr'>voir</span> <span class='ocrx_word' id='word_1_468' title='bbox 1369 3084 1412 3118; x_wconf 92' lang='lat' dir='ltr'>N.</span> <span class='ocrx_word' id='word_1_469' title='bbox 1428 3083 1557 3118; x_wconf 89' lang='lat' dir='ltr'>Valois</span> <span class='ocrx_word' id='word_1_470' title='bbox 1576 3084 1616 3127; x_wconf 86' lang='lat' dir='ltr'>(t.</span> <span class='ocrx_word' id='word_1_471' title='bbox 1630 3095 1669 3123; x_wconf 90' lang='lat'>11,</span> <span class='ocrx_word' id='word_1_472' title='bbox 1685 3095 1720 3128; x_wconf 93' lang='lat' dir='ltr'>p.</span> <span class='ocrx_word' id='word_1_473' title='bbox 1737 3083 1826 3116; x_wconf 83' lang='lat'>146-</span> 
     </span>
     <span class='ocr_line' id='line_1_48' title="bbox 126 3138 1154 3184; baseline -0.004 -9"><span class='ocrx_word' id='word_1_474' title='bbox 126 3142 207 3181; x_wconf 85' lang='lat'>147,</span> <span class='ocrx_word' id='word_1_475' title='bbox 238 3141 406 3184; x_wconf 82' lang='lat'>163-164)</span> <span class='ocrx_word' id='word_1_476' title='bbox 435 3146 472 3173; x_wconf 88' lang='lat' dir='ltr'>et</span> <span class='ocrx_word' id='word_1_477' title='bbox 499 3140 618 3173; x_wconf 88' lang='lat' dir='ltr'>Eubel</span> <span class='ocrx_word' id='word_1_478' title='bbox 647 3140 890 3183; x_wconf 74' lang='lat' dir='ltr'>(Hierarchia,</span> <span class='ocrx_word' id='word_1_479' title='bbox 918 3145 944 3172; x_wconf 91' lang='lat' dir='ltr'>t.</span> <span class='ocrx_word' id='word_1_480' title='bbox 969 3151 993 3178; x_wconf 87' lang='lat'>1,</span> <span class='ocrx_word' id='word_1_481' title='bbox 1020 3151 1054 3182; x_wconf 90' lang='lat' dir='ltr'>p.</span> <span class='ocrx_word' id='word_1_482' title='bbox 1082 3138 1154 3182; x_wconf 81' lang='lat'>28).</span> 
     </span>
    </p>
   </div>
  </div>
 </body>
</html>
