2083 3458
107 240 258 296 [1399]
626 256 842 281 PAPARUM
878 257 1261 284 AVENIONENSIUM
1708 240 1789 281 911

150 339 193 377 P.
220 338 310 386 520,
334 338 400 388 lig.
428 338 462 377 6.
491 339 664 377 ΡΒυ5ιΕ.
693 339 847 377 Auctor
873 339 1019 387 Magni
1060 339 1232 377 chronici
1258 339 1410 388 Belgica·
1444 339 1522 377 ista
1557 338 1790 377 describens

96 412 135 448 p.
158 397 235 436 349
256 397 353 447 legit
374 397 578 445 Perusiae,
602 406 712 436 certo
734 412 879 436 errore.
906 398 1198 448 Intelligendus
1221 412 1314 448 ergo
1336 398 1400 436 hic
1421 398 1532 436 locus
1556 398 1603 436 de
1628 396 1790 435 Prussia

96 456 322 506 provincia,
350 456 422 494 ubi
448 456 594 506 incipit
621 457 853 495 Germania.

152 516 195 554 P.
222 515 311 562 520,
336 516 403 566 lig.
432 515 492 554 12.
520 516 829 554 SCRIPSERUNT.
858 516 953 553 Voir
977 530 1114 566 supra,
1141 516 1214 554 col.
1243 516 1358 563 1005,
1384 524 1425 554 et
1453 516 1500 554 N.
1528 515 1664 553 Valois
1692 516 1738 564 (t.
1764 529 1792 562 1,

98 589 137 625 p.
166 574 228 619 64,
257 583 352 613 note
380 576 434 623 4).

153 634 196 672 P.
227 633 317 681 521,
346 634 411 683 lig.
443 633 505 672 30.
537 634 710 672 STATUM
743 648 1039 672 cARmNALlUM
1082 648 1392 672 RESTRINGERE.
1428 634 1557 671 Istum
1587 646 1793 671 rumorem

99 692 209 730 miris
239 689 369 730 modis
399 693 642 731 confirmare
672 693 809 731 conati
837 701 933 730 sunt
964 693 1223 739 Urbanistae,
1253 701 1454 742 tanquam
1484 707 1528 731 ea
1558 693 1641 730 sola
1671 705 1793 730 causa

99 751 374 790 abalienasset
405 752 562 789 animos
595 752 864 790 cardinalium
896 752 948 789 ab
991 752 1169 790 Urbano.
1213 752 1330 800 Quod
1367 751 1515 789 falsum
1554 766 1637 789 esse
1672 759 1711 789 et
1742 750 1794 787 ab

102 811 334 849 Urbanistis
368 811 593 849 confictum
625 811 769 849 asserit
801 811 934 849 Guido
967 811 1014 848 de
1048 810 1260 848 Malesicco
1292 810 1579 857 cardinalis,in
1610 823 1796 848 sermone

101 884 223 920 quem
247 870 395 907 habuit
418 870 459 907 in
483 870 640 919 synodo
665 869 961 916 Cameracensi,
985 870 1055 907 ubi
1079 870 1134 908 sic
1158 869 1305 920 legitur
1324 870 1336 892 1
1364 885 1370 906 :
1400 870 1508 906 Idem
1530 869 1799 918 salsissimum

101 937 155 966 est
172 937 204 966 et
222 930 348 966 dolose
366 930 588 978 confictum,
607 929 708 966 sicut
725 937 758 966 et
776 929 1013 979 quamplura
1030 929 1113 966 alia
1131 943 1200 978 que
1228 943 1353 978 supra
1379 929 1482 966 dicta
1506 936 1611 965 sunt.
1632 928 1800 966 Student
1825 932 1830 935 ’

103 1002 240 1038 nempe
259 988 477 1026 adversarii
494 988 569 1025 Det
589 996 622 1025 et
638 988 791 1037 justitie
810 1003 879 1038 per
897 988 1032 1025 omnia
1052 988 1257 1025 mendacia
1284 1002 1354 1037 que
1380 987 1592 1036 excogitari
1617 994 1799 1036 possunt,

104 1048 298 1085 mundum
321 1048 503 1084 deducere
525 1061 593 1084 seu
616 1055 740 1084 tenere
764 1047 806 1084 in
828 1061 1006 1085 errorem.
1406 1049 1409 1053 ”

158 1107 201 1144 P.
224 1106 313 1153 522,
335 1106 401 1155 lig.
424 1107 459 1144 7.
485 1106 735 1144 DEFUNCTO.
760 1107 815 1143 La
837 1106 932 1144 date
955 1106 1061 1143 dela
1083 1114 1191 1143 mort
1212 1105 1259 1143 de
1283 1106 1386 1143 Jean
1408 1105 1598 1143 d’Arckel
1619 1118 1640 1141 a
1662 1104 1800 1141 donne

103 1165 182 1203 lieu
217 1168 238 1203 a
264 1166 333 1203 des
369 1173 665 1203 controverses.
699 1164 751 1202 M.
789 1165 838 1203 Κ.
882 1165 1079 1215 Hanquet
1112 1165 1363 1213 (Documents
1396 1164 1546 1213 relatifs
1578 1178 1631 1201 au
1664 1163 1801 1200 Grandi

102 1224 293 1272 Schisma,
319 1232 347 1262 t.
372 1239 398 1271 1,
424 1239 462 1274 p.
490 1226 580 1273 xm)
607 1238 629 1261 a
654 1224 806 1274 adopte
831 1224 926 1262 celle
952 1224 1006 1261 du
1033 1224 1088 1261 1(ΞΓ
1110 1223 1244 1273 juillet
1269 1223 1381 1262 1378.

155 1283 380 1333 P.522‚lig.
395 1284 455 1322 13.
479 1284 691 1321 EUSTAcm
713 1284 947 1321 PERSANm.
970 1282 1098 1321 Vide2
1124 1282 1389 1332 Radulphum
1415 1282 1462 1320 de
1489 1282 1706 1331 Rivo,cap.
1728 1295 1799 1318 xm

104 1343 158 1394 [p.
177 1342 243 1392 40]
263 1343 322 1380 De
342 1342 458 1392 gestis
477 1342 595 1391 episc.
626 1342 756 1389 Leosl„
776 1350 817 1380 et
837 1342 1132 1380 Theodericum
1150 1355 1172 1379 a
1194 1341 1325 1388 Niem,
1345 1341 1414 1379 lib.
1439 1341 1468 1389 I,
1494 1341 1552 1378 De
1578 1340 1800 1387 schismate,

100 1416 189 1452 cap.
224 1417 312 1440 XXI.

154 1462 197 1500 P.
224 1461 314 1508 525,
340 1460 406 1510 lig.
432 1461 495 1498 37.
524 1461 757 1498 JOHANNES
785 1475 839 1497 DE
867 1461 1081 1497 LINHANO.
1110 1459 1306 1507 Quamvis
1333 1467 1490 1497 certum
1514 1458 1568 1496 sit
1592 1458 1707 1495 illum
1731 1458 1801 1496 do-

100 1520 228 1559 cuisse
254 1535 325 1571 per
352 1520 530 1557 multum
556 1519 647 1557 aevi
671 1519 735 1569 jus
763 1519 1006 1558 canonicum
1031 1527 1073 1556 et
1098 1518 1215 1557 civile
1240 1518 1282 1555 in
1307 1518 1405 1556 urbe
1431 1516 1693 1563 Bononiensi,
1720 1530 1802 1554 non

99 1588 265 1618 constat
299 1587 438 1617 tamen
470 1579 591 1617 fuisse
625 1578 756 1617 civem
788 1578 1102 1616 Bononiensem.
1136 1576 1435 1616 Testimonium
1466 1576 1574 1614 enim
1608 1576 1802 1613 Mantuae

102 1638 309 1686 Patavini,
334 1638 404 1688 qui
428 1638 469 1675 in
492 1638 595 1676 libro
617 1639 677 1675 De
700 1638 797 1675 viris
823 1637 1060 1684 illustribus,
1086 1651 1174 1687 cap.
1197 1651 1350 1683 evan,
1373 1635 1514 1674 scribit
1536 1634 1650 1672 illum
1671 1634 1802 1672 multo

100 1706 286 1748 tempore
310 1697 494 1736 docuisse
518 1697 560 1734 in
582 1697 731 1747 patria,
756 1711 838 1734 non
860 1696 978 1747 ponit
1000 1710 1085 1734 rem
1109 1704 1225 1733 extra
1249 1695 1549 1733 difficultatem.
1579 1693 1737 1744 Quippe
1762 1693 1803 1730 in

101 1757 224 1795 titulo
253 1765 459 1795 tractatus
486 1757 545 1794 De
574 1756 752 1793 censuris
780 1755 1053 1793 ecclesiasticis
1082 1763 1122 1793 et
1151 1755 1192 1792 in
1219 1754 1343 1792 titulo
1372 1761 1577 1792 tractatus
1604 1753 1662 1790 De
1695 1752 1803 1799 bello,

102 1816 164 1854 uti
197 1816 362 1866 quidem
394 1816 551 1853 habent
582 1816 775 1864 vulgatae
808 1830 879 1865 per
909 1815 1190 1864 typographos
1224 1812 1437 1859 editiones,
1471 1812 1620 1850 dicitur
1652 1810 1803 1849 Medio·

102 1875 292 1913 lanensis.
311 1876 525 1912 Praeterea
549 1875 729 1913 Jacobus
754 1874 965 1924 Philippus
989 1872 1300 1919 Tomasinus‚in
1321 1872 1509 1920 Catalogo
1530 1870 1803 1908 bibliothecae

105 1949 178 1973 ms.
225 1934 416 1973 ecclesiae
463 1934 708 1972 cathedralis
749 1933 989 1971 Patavinae.
1027 1932 1085 1970 ait
1132 1932 1247 1969 illum
1285 1931 1405 1969 fuisse
1443 1929 1802 1975 Mediolanensem,

104 2003 308 2043 tanquam
337 1993 369 2031 si
396 1993 437 2030 id
465 2001 571 2031 esset
600 2001 716 2030 extra
746 1991 1081 2030 controversiam.
1116 1990 1312 2029 Inclaruit
1348 1990 1411 2027 ille
1439 1990 1524 2039 jam
1554 1988 1803 2038 pontificatu

109 2052 337 2091 Innocentii
369 2053 439 2099 VI,
471 2061 518 2089 ut
548 2060 666 2101 patet
696 2066 746 2089 ex
775 2059 961 2089 tractatu
989 2052 1048 2088 De
1082 2051 1188 2097 bello,
1221 2064 1343 2099 quem
1374 2047 1647 2097 compositum
1681 2046 1802 2084 fuisse

105 2126 213 2150 anno
239 2111 455 2150 MCCCLX
480 2111 599 2149 docet
623 2111 753 2149 codex
775 2109 852 2148 978
876 2109 1149 2147 bibliothecae
1174 2108 1432 2147 Colbertinae
1450 2105 1478 2154 3,
1502 2106 1573 2143 ubi
1597 2106 1652 2143 sic
1677 2105 1799 2142 habe-

106 2180 174 2210 tur
207 2187 214 2208 :
250 2170 427 2221 Empticit
459 2178 646 2208 tractatus
678 2170 722 2207 de
758 2170 851 2206 bello
883 2169 1010 2206 editus
1043 2168 1279 2218 compilatus
1310 2181 1379 2216 per
1411 2180 1469 2203 me
1504 2165 1728 2202 „Iohannem
1759 2164 1804 2201 de

106 2230 332 2280 LinyhanO,
375 2229 589 2267 minimum
631 2228 834 2278 utriusque
863 2227 969 2277 juris
999 2228 1188 2264 doctorem
1220 2226 1262 2263 in
1303 2225 1433 2263 studio
1464 2223 1656 2270 Bononia,
1697 2235 1803 2260 anno

108 2289 316 2327 millesimo
335 2288 518 2326 CCCLX
535 2288 725 2338 pendente
742 2287 835 2337 forti
854 2287 1023 2324 exercitu
1042 2294 1174 2323 contra
1196 2285 1403 2330 civitatem,
1433 2282 1500 2333 qui
1519 2296 1681 2320 causam
1700 2281 1803 2318 dedit

107 2347 303 2386 tractatui.
334 2348 481 2385 Postea
509 2347 585 2385 sub
616 2347 783 2385 Urbano
813 2347 845 2383 V
873 2345 1036 2396 scripsit
1063 2352 1293 2382 tractatum
1317 2344 1376 2380 De
1404 2341 1630 2391 pluralitate
1662 2340 1800 2389 benefi-

107 2408 272 2454 ciorum,
299 2406 362 2444 uti
388 2420 511 2456 supra
538 2421 577 2456 p.
607 2405 709 2444 1054
737 2405 1002 2442 observatum
1030 2412 1104 2441 est.

162 2467 280 2504 Anno
321 2465 619 2511 MCCCLXXI,
660 2478 752 2503 cum
792 2463 1007 2513 Gregorius
1050 2463 1110 2499 XI
1151 2461 1364 2510 collegium
1405 2459 1514 2508 quod
1547 2458 1668 2507 vulgo
1707 2458 1801 2495 Gre-

109 2525 323 2575 gorianum
377 2532 550 2562 vocatur
597 2524 768 2561 condere
817 2522 1064 2560 instituisset
1111 2521 1221 2571 apud
1268 2518 1497 2557 Bononiam
1545 2517 1585 2554 in
1633 2516 1802 2554 aedibus

110 2584 373 2634 Pepulorum,
409 2583 628 2633 emptionis
662 2596 802 2620 earum
837 2577 1106 2619 ¹instrumenti
1148 2577 1391 2617 conficiendi
1426 2590 1520 2615 cura
1552 2574 1801 2613 demandata

109 2652 171 2681 est
203 2642 354 2681 joanni
388 2643 435 2680 de
469 2642 666 2691 Lignano,
698 2649 743 2678 ut
774 2648 954 2678 testatur
985 2637 1288 2684 Ghirardacius‚
1312 2636 1380 2674 lib.
1418 2636 1471 2672 IV
1495 2634 1601 2672 Hist.
1634 2634 1803 2678 Bonon„

109 2717 148 2753 p.
173 2702 263 2740 303.

164 2762 283 2798 Anno
320 2759 641 2798 MCCCLXXVI
679 2758 935 2808 profecturus
975 2755 1227 2794 Avenionem
1263 2755 1421 2803 legatus
1460 2751 1640 2791 civitatis
1670 2751 1803 2788 Bono-

161 2907 188 2939 1.
216 2906 553 2949 Hefele-Leclercq‚
568 2905 731 2938 Histoire
752 2906 811 2937 des
832 2904 994 2942 concites,
1020 2909 1045 2935 t.
1074 2914 1106 2934 Vl
1129 2900 1152 2940 2,
1173 2913 1206 2944 p.
1231 2900 1323 2932 1507
1344 2912 1351 2938 ;
1374 2897 1455 2930 voir
1485 2896 1584 2929 aussi
1607 2895 1651 2928 N.
1675 2894 1802 2928 Valois

113 2960 182 3004 (op.
209 2960 280 2998 cit„
308 2965 334 2992 t.
359 2971 382 2998 1,
409 2971 444 3002 p.
472 2959 527 2998 67,
554 2964 642 2990 note
669 2958 716 3001 2).

159 3014 190 3045 2.
216 3012 306 3045 Voir
329 3011 511 3055 Hanquet
538 3011 606 3054 (op.
631 3011 702 3050 cit„
726 3016 753 3043 t.
776 3022 800 3049 1,
824 3021 858 3053 p.
884 3007 1128 3050 xxx-xxxm).

159 3067 191 3099 3.
218 3065 258 3097 B.
287 3064 344 3104 N.‚
371 3076 438 3097 ms.
464 3064 561 3096 latin
585 3063 689 3102 3353,
716 3063 778 3096 fol.
806 3063 873 3096 263
901 3066 950 3094 v0.
975 3080 1024 3084 —-
1056 3061 1105 3093 Le
1131 3058 1244 3092 traite
1270 3068 1410 3100 oocupe
1434 3056 1485 3088 les
1505 3054 1612 3087 folios
1633 3054 1702 3086 198
1725 3057 1759 3086 r0
1784 3053 1804 3085 a

112 3119 180 3152 263
209 3122 249 3150 v⁰
276 3118 325 3149 du
352 3117 572 3149 manuscrit.
