2083 3458
0 3072 6 3082 ο

0 3086 5 3102 P

100 207 252 263 [1218]
373 257 374 260 Ἰ
619 224 834 249 PAPARUM
872 222 1253 248 AVENJONENSIUM
1701 203 1784 245 737

86 303 256 351 creavit,
285 303 352 341 sed
382 311 550 340 tantum
579 311 788 353 regentem
817 303 993 341 officium
1023 303 1287 342 cancellariae
1315 303 1355 340 in
1384 300 1570 339 absentia
1600 299 1782 347 ejusdem

87 362 320 409 cardinalis,
344 370 392 399 ut
416 377 538 412 supra
565 378 604 413 p.
631 363 707 401 938
733 370 944 400 ostensum
970 371 1044 400 est.
1076 363 1219 412 Itaque
1246 361 1446 412 quamdiu
1471 361 1615 398 Petrus
1641 358 1719 395 fuit
1743 357 1784 394 in

87 421 291 468 humanis,
319 422 508 459 Urbanus
534 422 820 460 cancellariam
845 421 996 460 nemini
1020 421 1134 459 dedit
1157 422 1198 458 in
1221 421 1406 467 titulum,
1431 419 1500 458 sed
1524 426 1692 456 tantum
1714 430 1785 466 per

85 479 430 527 commissionem,
469 489 515 517 ut
554 481 671 518 aiunt
710 480 895 530 practici,
938 481 1186 530 Raynulpho
1225 481 1272 519 de
1313 481 1455 525 Gorsa,
1495 475 1634 527 nepoti
1674 474 1783 513 Petri

85 539 302 577 cardinalis
336 540 673 589 pampilonensis.
708 541 805 577 Post
840 540 1134 589 Raynulphum
1168 539 1405 577 Franciscus
1439 539 1673 586 Pregnamis
1705 533 1784 572 fuit

85 611 225 647 regens
254 598 518 637 cancellariae
545 599 795 648 apostolicae
823 613 894 647 pro
922 599 1064 636 eodem
1101 600 1222 636 Petro
1248 613 1377 647 usque
1412 597 1464 634 ad
1491 609 1644 633 annum
1674 601 1782 632 octa-

85 671 184 695 vum
205 657 475 707 pontificatus
502 658 671 705 Urbani,
693 658 733 695 id
756 665 830 704 est,
853 672 981 707 usque
1004 658 1055 694 ad
1077 672 1230 695 annum
1255 656 1403 695 Christi
1426 652 1782 697 MCOELXXXV,

87 730 166 765 quo
194 717 338 755 Petrus
366 717 498 756 vitam
525 732 618 754 cum
644 725 774 755 morte
803 716 1091 755 commutavit.
1119 717 1224 756 Tum
1250 731 1346 754 vero
1374 715 1564 753 Urbanus
1593 712 1783 751 eumdem

86 775 347 813 Franciscum
379 775 533 814 creavit
556 775 935 814 vicecancellariun'i
952 775 977 813 ¹.
1007 776 1284 814 Observatum
1306 775 1344 813 id
1367 775 1418 812 ab
1436 772 1648 823 Onuphrio
1680 772 1782 808 Pan-

85 833 196 872 vinio
222 835 263 872 in
292 835 473 872 Secunda
499 835 678 884 epitome,
707 850 745 884 p.
775 834 862 872 248.

140 894 182 932 P.
210 894 300 941 438,
326 894 392 943 lig.
421 894 456 932 3.
485 895 578 932 CUM
606 908 833 931 INSTANTIA
863 908 969 930 F112n1
1000 893 1501 942 POSCENTfflUs‘impulsn
1527 899 1570 929 et
1595 888 1782 928 suasione

88 952 257 1000 Urbani,
282 953 350 1002 qui
372 967 581 992 summum
605 953 815 1002 fastigium
849 953 1100 1002 agnoscebat
1122 967 1161 990 se
1196 953 1341 990 debere
1381 950 1602 989 violentiae
1634 949 1781 985 Roma-

87 1025 244 1051 norum.
276 1013 409 1060 Quam
437 1013 487 1050 ob
505 1027 670 1051 causam
698 1028 737 1050 se
760 1011 927 1049 vocavit
959 1012 1185 1058 Urbanum,
1202 1020 1248 1048 ut
1275 1011 1558 1056 tradit-frater
1586 1009 1782 1052 joannes,

85 1071 213 1109 abbas
244 1071 483 1110 monasterii
513 1072 653 1109 Sancti
687 1071 830 1109 Isidori
862 1071 1130 1121 Hispalensis,
1160 1071 1200 1107 in
1229 1085 1301 1108 sua
1325 1069 1595 1119 depositione,
1625 1065 1694 1104 uhi
1723 1065 1781 1102 ait

85 1131 187 1179 quod
205 1131 360 1168 audivit
381 1131 474 1177 clici,
497 1131 617 1168 nescit
634 1146 709 1180 qua
732 1131 807 1177 die,
820 1131 922 1179 quod
937 1138 1130 1179 receperat
1148 1144 1287 1167 nomen
1312 1130 1498 1167 Urbanus
1518 1128 1568 1165 ab
1590 1126 1692 1163 (rbe
1711 1138 1782 1173 pro

84 1203 126 1226 eo
153 1191 254 1239 quod
279 1190 480 1227 occasione
507 1190 778 1227 Romanorum
803 1189 932 1238 fuerat
960 1189 1044 1238 ipse
1070 1204 1191 1238 papa.
1222 1188 1284 1227 Sic
1311 1188 1419 1226 enim
1446 1195 1626 1225 testatur
1655 1185 1779 1221 Anto-

87 1248 175 1286 nius
205 1249 418 1299 episcopus
452 1249 665 1288 Firmanus
696 1249 736 1286 in
765 1263 837 1287 sua
869 1249 1123 1297 depositione
1144 1248 1159 1270 ²
1189 1265 1196 1285 :
1231 1249 1328 1285 Item
1357 1247 1454 1284 vidit
1483 1261 1564 1283 una
1592 1245 1653 1282 (lie
1682 1243 1782 1292 quod

89 1307 291 1345 „lohannes
306 1308 454 1355 Cincii,
471 1317 563 1346 tunc
577 1309 837 1346 cancellarius
859 1308 993 1356 Urbis,
1009 1316 1042 1345 et
1056 1307 1181 1356 aliqui
1199 1306 1369 1344 Rotnani
1384 1305 1667 1355 supplicabant
1681 1302 1781 1339 <licto

86 1367 256 1405 Barensi
286 1367 328 1405 in
356 1382 509 1405 camera
537 1367 773 1417 paramenti,
803 1376 836 1404 et
864 1368 965 1416 quod
992 1367 1118 1404 dictus
1147 1367 1193 1404 Β.
1224 1366 1374 1403 (licebat
1401 1365 1457 1402 eis
1491 1365 1591 1414 quod
1618 1369 1781 1411 params

85 1434 166 1464 erat
191 1427 317 1476 facere
344 1441 415 1476 pro
443 1427 637 1464 Romanis
666 1427 735 1464 illa
763 1441 833 1476 que
848 1427 1012 1475 peteban
1056 1434 1089 1463 et
1117 1426 1282 1473 majora,
1312 1425 1405 1474 quia
1435 1424 1514 1473 ipsi
1542 1431 1575 1460 et
1604 1436 1682 1459 non
1709 1419 1781 1456 alii

86 1494 303 1534 posuerunt
323 1501 412 1523 eum
434 1487 476 1523 in
499 1487 565 1524 illo
586 1494 689 1524 statu
711 1494 744 1523 et
763 1486 936 1534 fecerunt
957 1500 1045 1523 eum
1067 1499 1230 1534 papam.
1254 1484 1316 1522 Sic
1339 1483 1462 1521 etiam
1488 1481 1647 1532 publice
1669 1493 1782 1530 prac-

87 1544 284 1583 dicabant
310 1546 498 1585 Romani.
528 1546 632 1584 Nam
656 1560 749 1583 cum
776 1546 965 1583 Urbanus
990 1553 1083 1594 post
1107 1544 1415 1582 coronationem
1438 1556 1555 1580 suam
1578 1539 1783 1589 equitaret

87 1619 158 1654 per
181 1605 346 1652 Urbem,
368 1613 415 1642 ut
436 1604 556 1643 moris
579 1613 666 1643 erat
680 1604 746 1642 illo
762 1605 911 1651 seculo,
938 1604 1111 1643 Romani
1131 1602 1372 1641 dicebant3:
1397 1602 1512 1639 Vivat
1533 1614 1641 1650 papa
1659 1605 1784 1635 noster

87 1663 181 1713 quia
203 1679 271 1701 nos
291 1664 459 1713 fecimus
479 1679 643 1713 papam,
666 1672 699 1701 et
721 1678 799 1701 non
813 1663 900 1707 alii,
925 1672 958 1701 et
980 1679 986 1701 :
1011 1664 1129 1700 Pater
1148 1671 1292 1708 sancte,
1315 1662 1366 1699 sit
1386 1661 1459 1699 tibi
1477 1658 1785 1697 recommendata

88 1723 226 1770 Roma,
260 1738 349 1761 cum
382 1724 507 1761 Roma
540 1731 572 1760 te
602 1723 746 1772 fecerit.
786 1723 900 1761 Istud
934 1723 1057 1761 refert
1090 1722 1129 1759 in
1164 1721 1417 1771 depositione
1451 1733 1523 1757 sua
1563 1716 1783 1755 Rodericus

91 1782 307 1829 Fernandi,
346 1782 621 1833 portionarius
663 1782 864 1821 Ecclesiae
892 1781 1155 1832 Hispalensis.
1203 1782 1417 1818 Praeterea
1455 1776 1688 1816 Bonifacius
1736 1775 1784 1811 de

90 1841 305 1879 Amanatis
336 1841 612 1891 interrogatus
644 1857 765 1892 super
795 1841 968 1879 articulo
1000 1841 1048 1878 97
1081 1855 1195 1878 casus
1227 1839 1348 1890 primi
1378 1838 1495 1877 electi
1526 1834 1657 1874 dixit4
1686 1834 1786 1884 quod

88 1901 241 1938 audivit
261 1901 340 1939 dici
360 1902 462 1951 quod
482 1902 654 1938 Romani
676 1901 903 1938 institerunt
922 1915 1014 1950 erga
1035 1900 1181 1937 (lictum.
1204 1900 1416 1945 intrusum,
1437 1897 1555 1934 etiam
1577 1903 1785 1943 antequam

88 1974 221 1997 omnes
245 1961 397 1998 domini
423 1961 644 1998 cardinales
668 1960 879 1998 evicissent
905 1960 1021 2005 I'rbe,
1043 1967 1076 1996 et
1094 1959 1275 2009 petebant
1300 1966 1340 1995 ut
1358 1957 1499 2006 faceret
1522 1955 1676 2004 aliquos
1703 1967 1784 1990 car-

89 2019 242 2056 dinales
267 2020 468 2058 Romanos
488 2028 522 2056 et
549 2020 723 2057 Ytalicos
746 2019 787 2056 in
810 2033 953 2067 magno
975 2032 1148 2057 numero,
1172 2018 1222 2055 Et
1242 2017 1396 2055 audivit
1416 2015 1495 2053 dici
1517 2015 1636 2052 Rome
1657 2027 1679 2049 a
1702 2025 1785 2061 pre-

89 2078 204 2115 dictis
223 2079 417 2116 Romanis
434 2079 576 2116 amicis
595 2079 694 2125 suz'S,
715 2080 809 2116 (lum
827 2078 985 2128 publice
1003 2078 1195 2115 diceretur
1213 2077 1333 2113 Rome
1348 2076 1449 2125 quod
1465 2066 1642 2124 prefatus
1663 2071 1793 2108 intru-'

89 2151 157 2174 sus
182 2138 331 2175 volebat
356 2139 410 2175 ire
436 2138 683 2186 Anagniam,
710 2139 811 2187 quod
832 2138 962 2186 suerat
986 2137 1213 2174 ordinatum
1237 2150 1305 2185 per
1330 2135 1529 2172 Romanos
1555 2132 1597 2169 in
1621 2129 1786 2168 consilio

90 2197 191 2246 quod
210 2211 289 2234 non
309 2197 573 2247 permitterent
592 2198 761 2234 recedere
781 2198 825 2234 de
851 2196 954 2234 Urbe
974 2196 1122 2233 dictum
1143 2195 1355 2240 intrusum,
1377 2207 1489 2243 quem
1510 2205 1659 2241 papam
1679 2202 1785 2225 voca-

94 2256 198 2303 bant,
226 2256 307 2293 nisi
332 2265 448 2294 antea
472 2256 614 2305 jaceret
640 2256 682 2293 in
710 2270 852 2305 magno
879 2269 1040 2293 numero
1065 2254 1286 2292 cardinales
1312 2254 1511 2290 Romanos
1536 2258 1570 2287 et
1600 2248 1786 2293 Ytalicos,

90 2323 124 2352 et
145 2316 247 2364 quod
267 2316 319 2353 ad
342 2315 429 2352 illos
450 2315 680 2364 faciendum
702 2315 1006 2364 compelleretur,
1028 2313 1064 2350 si
1086 2321 1223 2363 sponte
1246 2311 1440 2349 Romanis
1463 2311 1505 2347 in
1528 2310 1596 2346 hoc
1618 2306 1787 2356 compla-

91 2388 171 2410 cere
191 2375 320 2421 nollet,
340 2375 524 2412 addentes
546 2390 553 2411 ι
582 2374 643 2411 Ea*
663 2388 735 2424 quo
760 2374 927 2423 jecimus
946 2388 1035 2410 eum
1056 2372 1142 2421 fieri
1162 2386 1326 2421 papam,
1347 2369 1538 2420 oportebit
1556 2367 1657 2418 quod
1676 2364 1789 2402 nobis

90 2433 215 2482 faciat
233 2433 455 2471 cardinales
476 2434 676 2470 Romanos
696 2424 922 2470 et'Ytalicos
942 2440 1031 2481 quot
1051 2432 1234 2469 volemus.
1262 2428 1370 2467 Nam
1388 2429 1501 2466 aliter
1522 2441 1600 2464 non
1619 2437 1790 2463 essemus

91 2492 218 2529 securi
242 2493 344 2542 quod
366 2500 541 2542 papatus
563 2501 777 2529 remaneret
799 2493 910 2540 apud
932 2491 1133 2528 Romanos
1148 2498 1181 2527 et
1205 2489 1391 2527 Ytalicos.
1417 2488 1559 2536 Itaque
1584 2498 1677 2523 cum
1699 2492 1791 2533 post

92 2551 333 2590 electionem
360 2551 446 2601 ejus
464 2550 689 2589 cardinales
717 2551 870 2601 partim
889 2551 995 2588 Urbe
1023 2549 1306 2594 excessissent,
1333 2546 1485 2597 partim
1512 2542 1792 2593 confugissent

142 2716 172 2748 1.
206 2715 420 2758 Rainulphe
445 2715 577 2748 devint
602 2715 910 2748 vice-cliancelier
934 2726 1015 2746 vers
1038 2714 1069 2746 le
1093 2714 1144 2745 ‘1er
1165 2712 1247 2756 juin
1270 2712 1360 2744 1381
1386 2717 1424 2743 et
1446 2716 1511 2742 eut
1534 2721 1628 2752 pour
1649 2720 1794 2741 succes-

91 2779 177 2801 seur
208 2768 384 2810 Francois
418 2768 541 2801 Puccii
567 2768 770 2806 Moricotti,
798 2768 1089 2810 probablement
1119 2768 1225 2809 apres
1256 2776 1324 2797 son
1352 2765 1458 2797 deces
1490 2763 1553 2806 qui
1583 2761 1733 2794 survint
1762 2761 1794 2793 le

97 2822 137 2854 15
155 2822 246 2854 aosit
263 2822 374 2860 1382;
392 2833 437 2853 en
455 2827 541 2853 tout
557 2833 630 2860 cas,
649 2833 696 2853 on
713 2827 847 2853 trouve
866 2820 1043 2861 Franeois
1059 2831 1105 2852 en
1121 2819 1255 2861 charge
1274 2817 1405 2860 depuis
1422 2817 1453 2849 le
1471 2817 1515 2848 22
1531 2815 1684 2848 octobre
1702 2815 1795 2847 1385

92 2874 244 2917 jusqu'a
274 2886 314 2907 sa
344 2880 444 2906 mort
477 2875 510 2915 (6
540 2874 677 2907 sevrier
707 2874 833 2915 ‘1394);
868 2874 905 2905 P.
938 2873 986 2905 M.
1018 2872 1287 2914 Baumgarten,
1324 2870 1404 2902 Von
1433 2869 1492 2902 der
1533 2867 1798 2912 apostoli-scheri

94 2927 280 2966 Kammer,
308 2927 481 2970 Cologne,
509 2927 614 2965 «1908,
642 2938 675 2969 p.
703 2927 873 2959 111-112.

145 2982 175 3014 2.
207 2981 246 3013 B.
273 2980 329 3018 N.,
352 2992 418 3013 ms.
441 2980 537 3012 latin
559 2978 687 3018 11745,
710 2979 772 3012 fol.
796 2979 840 3012 48
865 2984 912 3011 νο.

144 3035 175 3067 3.
207 3033 274 3066 Ms.
300 3028 384 3071 cite,
410 3033 472 3065 fol.
498 3033 567 3065 103
593 3037 642 3064 νο.

144 3087 176 3119 4.
208 3087 274 3119 Ms.
306 3086 391 3125 cite,
422 3086 484 3118 fol.
517 3086 585 3119 187
617 3090 667 3118 v0.

757 3168 904 3191 BALUZE
931 3160 976 3190 II.
997 3177 1043 3181 —
1063 3159 1107 3190 24
