2083 3458
99 188 222 243 [601]
626 202 843 228 PAPARUM
878 202 1265 230 AVENIONENSIUM
1740 192 1789 232 71

87 287 192 326 tituli
213 287 446 324 Sanctorum
466 285 586 323 Nerei
606 294 639 323 et
658 286 829 324 Achillei
851 286 893 324 in
914 287 1024 324 domo
1043 287 1212 336 fratrum
1228 288 1439 326 Minorum
1453 288 1790 328 Avinionensium

89 347 132 384 in
150 345 354 396 sepultura
373 345 526 382 domini
547 345 814 395 Neapoleonis
834 346 1052 383 cardinalis
1074 346 1116 383 in
1134 347 1230 396 sesto
1251 347 1588 385 Annuntiationis
1609 349 1670 386 die
1699 349 1790 387 lune

87 413 173 456 post
186 418 315 442 ramos
326 404 552 454 palmarum
567 419 673 441 anno
683 405 850 442 Domini
866 405 1164 444 MCCCXLII.
1181 406 1456 444 Describenda
1473 416 1568 444 sunt
1586 408 1788 457 quaedam

88 465 316 514 fragmenta
337 477 387 501 ex
406 477 451 501 eo
472 477 670 510 sermone,
692 478 742 501 ex
762 464 910 514 quibus
931 464 1047 503 facile
1068 473 1262 514 agnoscet
1281 466 1407 503 lector
1441 466 1529 515 quis
1556 475 1789 516 quantusve

88 523 208 561 fuerit
228 522 292 560 hic
316 522 533 572 Neapoleo.
557 522 654 560 Fuit
673 522 793 570 enim,
814 523 950 573 inquit
972 524 1115 562 Petrus
1140 524 1302 574 Rogerii
1320 525 1346 572 ¹,
1370 539 1510 574 magne
1532 525 1725 564 industrie
1747 527 1790 564 in

85 583 325 631 agendorum
347 581 668 619 consideratione.
694 582 792 619 Fuit
817 597 957 632 magne
991 583 1188 621 clementie
1224 584 1266 621 in
1287 584 1538 635 singulorum
1573 585 1788 624 dilectione.

87 641 183 679 Fuit
201 655 341 690 magne
359 641 528 691 potentie
548 641 591 678 in
613 641 800 678 bonorum
819 642 1054 691 operatione.
1088 643 1185 680 Fuit
1204 657 1344 692 magne
1362 644 1531 693 potentie
1552 644 1594 681 in
1613 645 1789 682 adverso·

29 700 33 705 ”
86 715 174 738 rum
190 700 424 738 toleratione.
444 700 499 737 Et
515 700 637 750 paulo
654 708 748 750 post
767 716 774 737 t
795 700 905 738 Sicut
920 701 1039 749 enim,
1057 702 1209 739 domini
1226 703 1315 750 mei,
1346 703 1514 750 vidistis,
1535 703 1618 753 ipse
1635 712 1715 741 erat
1731 704 1790 742 vir

87 760 202 798 totius
221 759 442 810 prudentie,
465 759 508 797 in
527 774 702 797 sermone
723 774 850 807 verast,
875 761 917 797 in
935 761 1088 810 judicio
1106 762 1251 811 justus,
1275 762 1318 799 in
1338 762 1501 799 consilio
1521 763 1723 812 providus,
1748 763 1790 801 in

86 819 290 857 commisso
323 818 463 868 fidelis,
498 819 540 856 in
582 819 859 856 interventione
889 828 1086 867 strenuus,
1120 821 1162 858 in
1201 821 1368 858 bonitate
1399 822 1649 872 conspicuus,
1682 831 1715 860 et
1747 823 1789 860 in

87 878 270 916 universa
299 892 451 915 morum
480 878 674 915 honestate
701 878 914 928 preclarus.
947 879 1121 918 Mortem
1151 879 1238 929 ejus
1260 880 1523 931 praecessisse
1548 881 1787 919 diuturnam

85 937 371 976 infirmitatem
400 945 441 975 et
468 937 510 975 in
539 951 585 975 ea
613 937 728 975 illum
757 937 853 976 forti
881 938 1018 976 animo
1048 940 1226 977 tenuisse
1255 939 1502 990 patientiam
1531 941 1651 979 docet
1678 941 1787 979 idem

86 1011 229 1043 sermo,
249 996 414 1046 singulis
433 1004 573 1035 autem
592 996 733 1035 diebus
753 997 965 1035 dominicis
984 998 1306 1037 communicasse
1325 1000 1523 1049 quamdiu
1541 1014 1586 1038 ea
1606 1000 1785 1048 duravit,

86 1063 126 1095 et
151 1056 317 1094 demum
342 1064 436 1106 post
456 1064 646 1106 suscepta
672 1056 808 1094 omnia
831 1057 1034 1096 Ecclesiae
1060 1066 1316 1096 sacramenta
1343 1066 1540 1096 vocatum
1566 1073 1588 1097 a
1610 1059 1786 1097 Domino

85 1130 126 1153 eo
151 1123 318 1165 tempore
344 1129 417 1165 quo
444 1115 528 1165 ipse
553 1115 721 1153 transire
746 1116 868 1153 voluit
892 1131 937 1154 ex
962 1117 1031 1154 hoc
1047 1117 1194 1155 mundo
1219 1118 1271 1155 ad
1285 1126 1447 1167 patrem.
1472 1119 1648 1156 Demum
1669 1119 1786 1157 addit

87 1175 229 1213 Petrus
252 1189 345 1212 eum
367 1182 463 1212 ante
486 1182 661 1213 mortem
683 1175 885 1225 accepisse
908 1175 1236 1214 benedictionem
1258 1177 1527 1227 apostolicam
1550 1193 1643 1216 cum
1664 1179 1784 1228 plena

84 1233 351 1284 indulgentia.
371 1234 481 1272 Haec
503 1242 599 1272 sunt
621 1234 708 1284 ejus
724 1235 849 1272 verba
863 1234 877 1257 2
893 1250 900 1272 :
919 1235 1097 1285 Septima
1113 1243 1147 1273 et
1165 1236 1304 1273 ultima
1319 1251 1439 1274 causa
1453 1245 1507 1274 est
1527 1237 1638 1287 plene
1655 1237 1784 1275 indul-

86 1293 210 1342 gentie
229 1307 346 1343 quam
366 1293 445 1330 sibi
465 1293 649 1331 dominus
672 1309 782 1344 papa
801 1293 910 1332 misit
929 1294 1135 1344 efficientia
1153 1303 1187 1332 et
1206 1296 1388 1345 qualitas.
1408 1296 1548 1334 Devote
1562 1297 1668 1334 enim
1688 1311 1782 1334 rece-

84 1352 144 1402 pit
170 1353 270 1390 hanc
301 1352 616 1400 benedictionem,
645 1367 714 1403 per
741 1368 859 1403 quam
887 1354 1073 1391 dominus
1099 1369 1210 1404 papa
1237 1369 1283 1392 ea:
1309 1355 1509 1405 potestatis
1537 1356 1784 1406 plenitudine

83 1411 162 1449 sibi
178 1412 316 1450 collata
330 1427 355 1449 a
370 1411 526 1450 Christo
540 1412 620 1450 sibi
636 1413 822 1450 concessit
840 1413 999 1463 plenam
1024 1413 1314 1463 indulgentiam
1330 1414 1509 1453 omnium
1524 1423 1780 1465 peccatorum.

30 1482 33 1485 '
85 1470 198 1508 Vixit
224 1471 340 1509 annis
370 1485 449 1508 Lvn
477 1471 519 1509 in
547 1471 817 1519 cardinalatu,
846 1480 893 1509 ut
921 1473 1114 1511 observat
1140 1473 1249 1511 idem
1279 1474 1422 1512 Petrus
1440 1473 1455 1496 3
1485 1490 1492 1511 :
1523 1475 1616 1512 Non
1643 1474 1783 1524 legitur

83 1530 229 1580 aliquis
252 1530 294 1568 in
315 1531 564 1568 cardinalatu
585 1539 737 1569 tantum
759 1531 903 1569 vixisse
923 1532 1018 1582 quia
1038 1532 1166 1570 LVII
1185 1533 1306 1570 annis
1327 1533 1384 1570 vel
1403 1533 1518 1572 circa.

137 1589 200 1627 Ex
230 1589 356 1628 literis
387 1589 505 1628 istius
540 1590 810 1641 Neapoleonis
844 1591 950 1629 datis
984 1606 1092 1630 anno
1126 1592 1394 1630 MCCCXXX
1427 1592 1490 1631 die
1524 1607 1599 1630 xlx
1631 1593 1782 1643 aprilis,

84 1662 257 1698 quarum
285 1649 533 1687 breviarium
561 1658 678 1688 extat
705 1650 816 1700 apud
844 1651 1051 1689 Andream
1082 1651 1360 1689 Duchesnium
1387 1651 1494 1690 inter
1520 1652 1783 1702 probationes

82 1707 284 1746 Historiae
309 1708 558 1746 dominorum
583 1710 627 1747 de
652 1709 917 1757 illonteacuto,
944 1718 1117 1761 apparet
1142 1711 1282 1748 villam
1309 1711 1357 1749 de
1377 1711 1580 1750 Balneolis
1601 1711 1723 1749 sitam
1742 1711 1783 1749 in

83 1767 344 1806 seneschallia
364 1767 579 1806 Bellicadri
600 1768 634 1806 ei
656 1769 805 1806 dudum
827 1769 969 1807 datam
991 1769 1113 1808 fuisse
1134 1785 1203 1820 per
1223 1785 1349 1820 regem
1370 1771 1623 1821 Philippum,
1645 1771 1686 1808 id
1708 1779 1782 1818 est,

82 1827 311 1876 pulchrum,
324 1835 371 1864 ut
391 1827 546 1877 opinor.
566 1828 671 1865 Nam
686 1829 809 1878 paulo
822 1836 918 1867 ante
935 1829 1093 1876 ibidem,
1109 1844 1147 1880 p.
1166 1829 1253 1877 156,
1273 1830 1505 1868 referuntur
1522 1830 1663 1868 literae
1679 1829 1783 1879 ejus-

83 1885 175 1924 dem
203 1886 393 1936 Philippi,
423 1887 545 1925 datae
572 1901 679 1925 anno
703 1888 923 1935 MCCCIII,
943 1888 1091 1938 quibus
1120 1888 1379 1927 considerans
1408 1889 1635 1927 dilectionis
1664 1889 1782 1927 affec-

83 1952 172 1982 tum
195 1959 316 1995 quem
339 1945 511 1984 dilectus
534 1954 574 1984 et
597 1946 780 1996 specialis
803 1947 957 1985 amicus
981 1962 1076 1986 suus
1101 1948 1320 1999 Neapoleo,
1345 1948 1484 1987 Sancti
1507 1948 1676 1986 Adriani
1699 1948 1782 1986 dia-

83 2018 206 2042 conus
235 2004 464 2052 cardinalis,
493 2005 545 2043 ad
574 2020 666 2043 eum
696 2007 875 2056 gerebat,
904 2007 1035 2045 eidem
1064 2007 1251 2046 concedit
1280 2007 1386 2046 mille
1418 2008 1590 2046 florenos
1618 2007 1705 2045 auri
1734 2008 1782 2045 de

85 2063 288 2101 Florentia
311 2064 437 2101 annui
460 2064 644 2103 redditus
667 2064 708 2103 in
732 2066 924 2103 thesauro
948 2081 1020 2104 suo
1044 2081 1116 2117 pro
1140 2081 1180 2105 se
1204 2075 1245 2105 et
1268 2066 1354 2116 ejus
1379 2067 1608 2105 heredibus.
1635 2067 1781 2104 Postea

83 2130 235 2169 autem,
263 2131 310 2160 ut
337 2138 376 2161 se
404 2123 595 2162 liberaret
622 2125 674 2162 ab
702 2139 747 2162 ea
768 2125 1059 2175 praestatione,
1089 2125 1123 2163 ei
1151 2126 1260 2163 haud
1284 2126 1406 2164 dubie
1430 2126 1543 2164 dedit
1570 2127 1704 2164 locum
1733 2126 1780 2163 de

81 2181 281 2220 Balneolis
307 2182 394 2220 vice
419 2182 603 2232 ejusdem
628 2183 811 2222 redditus
837 2184 976 2222 annui.
1005 2185 1068 2222 Ex
1093 2199 1175 2234 quo
1200 2185 1480 2235 conjecturam
1505 2200 1662 2223 sumere
1686 2184 1782 2222 licet

82 2239 229 2279 falsum
247 2256 331 2280 esse
351 2242 460 2291 quod
480 2242 677 2280 Odoricus
698 2243 952 2292 Raynaldus,
972 2258 1037 2282 an.
1059 2244 1172 2292 1316,
1198 2245 1214 2293 ἓ
1234 2245 1296 2292 21,
1332 2259 1382 2283 ex
1400 2245 1581 2295 quadam
1600 2244 1781 2282 oratione

80 2299 308 2349 legatorum
336 2300 549 2339 Benedicti
593 2301 700 2339 XIII
743 2302 794 2340 acl
828 2302 1027 2341 Karolum
1058 2303 1129 2350 VI,
1171 2318 1306 2353 regem
1338 2304 1601 2351 Francorum,
1643 2302 1780 2349 refert,

80 2358 272 2397 nimirum
302 2374 437 2409 regem
469 2360 676 2409 Franciae,
707 2369 754 2398 ut
784 2362 892 2400 hunc
921 2362 1224 2413 Neapoleonem
1250 2363 1479 2401 dimoveret
1515 2377 1538 2401 a
1571 2361 1781 2412 proposito

81 2418 300 2456 reducendi
322 2419 498 2457 Romam
518 2419 673 2458 curiam
692 2434 906 2458 romanam
920 2421 949 2467 4,
970 2421 1127 2460 dedisse
1148 2421 1224 2460 sibi
1244 2430 1284 2460 et
1303 2422 1520 2460 heredibus
1541 2421 1621 2459 suis
1642 2420 1781 2458 villam

81 2477 305 2516 notabilem
333 2478 381 2516 de
407 2479 623 2518 Balneolis.
655 2480 766 2518 Haec
793 2487 889 2518 sunt
916 2481 1040 2519 verba
1066 2481 1173 2519 illius
1201 2481 1372 2519 oratoris
1403 2497 1409 2518 :
1438 2480 1661 2518 Attendatis
1687 2479 1782 2530 quid

80 2540 251 2582 fecerunt
281 2538 564 2587 predecessores
596 2539 711 2576 vestri
743 2553 822 2577 non
854 2547 908 2577 est
939 2540 1010 2578 diu
1042 2540 1201 2578 cuidam
1232 2539 1430 2578 cardinali
1462 2547 1591 2577 vocato
1623 2538 1781 2576 domino

82 2593 279 2646 Neapoleo
306 2597 350 2634 de
377 2597 503 2634 Roma
529 2597 586 2635 vel
611 2598 656 2635 de
685 2597 817 2636 Italia.
844 2598 952 2636 Nam
978 2613 1066 2636 cum
1093 2599 1200 2637 vellet
1225 2599 1378 2637 curiam
1404 2599 1580 2636 reducere
1599 2598 1779 2645 Romam,

81 2653 265 2692 dominus
281 2669 346 2693 rex
360 2655 531 2693 Francie
546 2656 614 2706 qui
629 2664 722 2694 tunc
736 2665 817 2695 erat
832 2657 936 2695 dedit
950 2657 1030 2695 sibi
1046 2665 1080 2695 et
1096 2658 1302 2696 heredibus
1317 2657 1403 2696 suis
1420 2657 1554 2695 villam
1571 2656 1782 2695 notabilem

81 2712 125 2750 de
155 2713 369 2752 Balneolis.
404 2715 560 2753 Eadem
594 2715 673 2754 fide
705 2730 775 2754 seu
806 2716 944 2767 potius
977 2716 1188 2767 diligentia
1221 2717 1391 2767 quidam
1425 2717 1635 2754 Romanus
1668 2714 1780 2763 civis,

127 2862 160 2895 1.
184 2862 231 2894 Ut
246 2874 342 2906 sup.,
361 2862 386 2896 f.
407 2864 476 2897 256
493 2867 537 2897 1⁸⁰.

128 2916 159 2948 2.
193 2915 240 2948 Ut
253 2927 349 2959 sup.‚
368 2915 392 2949 f.
412 2917 480 2950 258
498 2913 551 2950 v0.

126 2969 160 3001 3.
193 2969 240 3001 Ut
257 2980 353 3013 sup.,
375 2969 399 3002 f.
423 2970 490 3003 255
510 2974 555 3003 1⁸⁰.

125 3019 159 3054 4.
184 3021 234 3054 Le
256 3022 310 3055 roi
333 3022 592 3066 d’Angleterre
615 3024 666 3061 lui
688 3024 830 3057 servait
852 3037 924 3058 une
947 3025 1105 3068 pension
1128 3025 1300 3057 annuelle
1325 3024 1368 3072 de
1393 3024 1437 3057 50
1460 3034 1582 3057 mares
1609 3023 1777 3067 (Rymer‚

79 3073 250 3115 Foedera,
268 3081 295 3108 t.
312 3074 350 3116 1⁴,
368 3087 403 3119 p.
421 3074 495 3119 92).
