2083 3458
295 226 377 267 850
947 237 1098 261 NOTAE
1133 237 1193 261 AD
1228 236 1356 261 VITAs
1852 219 2004 274 [1475]

296 339 462 371 novam,
479 331 527 361 ut
544 322 738 369 diximus,
756 321 801 360 iis
816 335 920 371 quae
933 328 1027 359 acta
1045 329 1142 359 sunt
1158 320 1267 358 inter
1278 334 1433 371 papam
1445 320 1700 360 Clementem
1715 319 1772 357 VI
1792 328 1834 358 et
1848 319 2005 369 legatos

295 385 406 423 urbis
434 381 670 421 Assisiensis
695 381 956 431 postulantes
982 394 1004 418 3
1031 394 1139 430 papa
1165 380 1466 419 relaxationem
1491 379 1702 418 interdicti
1728 379 1792 418 cui
1817 378 2005 428 subjecta

294 453 382 483 erat
402 443 546 482 eadem
566 442 678 489 urbs,
701 440 796 490 quia
819 440 981 478 Mucias
1001 440 1045 478 de
1065 440 1225 477 Assisio
1245 448 1279 477 et
1299 439 1414 477 multi
1433 439 1508 477 alii
1526 439 1592 477 sui
1614 439 1657 477 in
1677 439 1748 476 hac
1766 446 1877 488 parte
1906 452 2005 476 com-

295 504 429 554 plices,
467 502 534 552 qui
571 509 663 538 tunc
698 508 881 550 preerant
915 499 1105 549 regimini
1141 499 1314 537 civitatis
1349 499 1532 549 predicte,
1569 499 1799 537 thesaurum
1834 497 2008 536 Ecclesie

296 564 472 601 Romane
499 561 739 611 jamdudum
767 559 991 610 depositum
1021 559 1063 596 in
1099 559 1284 597 sacristia
1324 559 1424 596 beati
1454 559 1664 597 Francisci
1693 558 1791 596 dicte
1818 557 2006 605 civitatib,

292 637 365 673 que
391 622 536 660 dicitur
565 620 746 670 cappella
773 619 986 669 apostolice
1015 619 1144 666 Sedis,
1171 619 1331 668 juerant
1358 618 1573 669 depredati.
1605 618 1765 657 Dicitur
1792 625 1933 656 autem
1963 616 2004 654 in

296 683 341 721 iis
368 681 471 720 actis
497 688 631 719 rector
660 678 865 718 Ecclesiae
893 678 941 717 de
969 678 1196 716 Samatano
1218 677 1520 717 Lomhariensis
1544 677 1738 716 dioecesis
1758 686 1800 716 et
1820 690 2005 717 camerae

293 740 452 781 >domini
478 754 611 791 papae
640 739 808 778 clericus
837 747 878 777 et
906 738 1105 777 notarius.

350 802 469 839 Anno
496 798 823 838 MCCCXLVIII
850 798 1091 836 nominatur
1115 797 1234 836 testis
1261 797 1302 835 in
1328 797 1607 838 instrumento
1629 796 1879 835 venditionis
1907 795 2005 834 civi-

293 861 393 899 tatis
415 858 713 898 Avenionensis
731 858 844 909 apud
862 858 1079 905 Bzovium‚
1098 871 1165 895 an.
1187 857 1303 904 1348,
1330 858 1346 906 ἓ
1367 857 1430 905 10,
1448 872 1490 908 p.
1512 857 1628 905 1043,
1648 856 1719 894 ubi
1737 872 1809 907 per
1827 869 2005 896 errorem

252 949 254 952 ψ
295 929 468 959 vocatur
496 918 752 958 Bertrandus
784 918 833 956 de
865 917 1072 956 Camiaco.
1107 916 1250 955 Melius
1281 917 1393 967 apud
1427 916 1738 967 Nouguierium,
1768 931 1809 966 p.
1834 915 1932 962 141,
1964 923 2005 954 et

296 979 561 1026 Fantonium,
580 993 619 1029 p.
638 978 729 1025 226,
746 977 819 1015 ubi
836 977 1038 1028 scriptum
1056 985 1118 1015 est
1136 977 1180 1014 de
1198 977 1427 1015 Channaw.
1450 977 1550 1015 Erat
1567 984 1710 1015 autem
1725 984 1819 1016 tum
1836 975 2005 1014 clericus

290 1053 478 1079 camerae
507 1038 759 1089 apostolicae
789 1045 831 1076 et
860 1037 1080 1076 canonicus
1111 1036 1392 1075 Tornacensis.

348 1101 467 1137 Anno
498 1098 669 1136 MCCCL
702 1098 879 1136 Romam
906 1096 1131 1147 profectus,
1160 1105 1252 1134 tum
1281 1096 1593 1134 archidiaconus
1624 1094 1886 1145 Agathensis,
1915 1093 2004 1132 lite-

292 1174 356 1197 ras
381 1158 528 1197 habuit
551 1172 574 1195 a
597 1158 807 1197 Clemente
833 1156 904 1204 VI,
929 1156 1078 1206 quibus
1102 1155 1321 1194 mandavit
1345 1155 1551 1194 canonicis
1576 1155 1717 1194 Sancti
1742 1154 1853 1193 Petri
1874 1163 1922 1193 ut
1948 1153 2006 1191 illi

293 1220 458 1258 vultum
473 1225 667 1257 sanctum
682 1231 754 1255 seu
770 1216 1017 1255 Veronicam
1033 1215 1277 1263 ostendant3
1294 1215 1388 1253 vide
1404 1215 1620 1262 Bzovium,
1637 1229 1704 1254 an.
1723 1214 1839 1262 1216,
1854 1229 1895 1265 p.
1913 1213 2002 1252 248.

348 1279 466 1317 Anno
495 1276 818 1316 MCCCLXXIV
845 1275 979 1315 factus
1005 1284 1067 1314 est
1093 1275 1425 1326 archiepiscopus
1450 1274 1732 1322 Bituricensis,
1759 1282 1807 1312 ut
1832 1282 2005 1312 notatur

295 1339 336 1376 in
359 1336 610 1375 Patriarclzio
632 1336 891 1374 Bituricensi.
919 1335 982 1373 Ita
1005 1335 1132 1374 etiam
1155 1335 1395 1374 Chenutius.

350 1399 468 1435 Anno
500 1396 851 1435 MCCCLXXXII
884 1397 947 1445 (ut
976 1395 1118 1434 scribit
1150 1394 1361 1445 Ughellus)
1394 1395 1577 1434 Clemens
1610 1394 1689 1432 VII
1720 1408 1814 1432 eum
1848 1385 2032 1432 creavit

293 1457 575 1508 patriarcham
600 1455 1040 1505 Hierosolymitanum,
1070 1454 1260 1504 Philippo
1280 1454 1503 1493 Alenconio
1525 1463 1780 1504 transgresso
1803 1453 1844 1496 in
1864 1460 2003 1503 partes

298 1516 454 1555 Urbani
476 1516 532 1554 Vl
555 1524 596 1554 et
619 1516 729 1554 facto
761 1514 982 1553 cardinale.
1016 1514 1146 1553 Simul
1176 1514 1318 1553 relicta
1350 1513 1386 1552 ei
1417 1522 1479 1552 est
1510 1513 1818 1553 administratio
1849 1512 2002 1551 archie-

292 1577 530 1627 piscopatus
578 1574 845 1613 Bituricensis
874 1574 903 1622 1,
954 1588 1037 1612 non
1086 1589 1182 1612 vero
1234 1573 1474 1622 Aniciensis,
1523 1573 1588 1612 cui
1636 1572 1861 1624 praefuisse
1909 1586 2002 1613 eum

290 1645 388 1674 ante
439 1635 767 1685 assumptionem
806 1634 858 1672 ad
897 1633 1230 1685 patriarchatum
1272 1633 1697 1683 Hierosolymitanum
1737 1632 1839 1671 falso
1878 1640 2002 1682 putat

296 1696 503 1745 Ughellus.

348 1757 467 1793 Anno
495 1754 831 1793 MCCCLXXXI.
848 1753 1016 1791 habitus
1042 1761 1104 1791 est
1129 1753 1242 1803 apud
1263 1753 1564 1803 compendium
1590 1749 1818 1791 conventus
1849 1751 2002 1802 episco-

293 1829 440 1865 porum
468 1814 636 1861 Galliae,
663 1813 715 1851 ad
742 1827 867 1863 quem
891 1812 1004 1853 missi
1029 1821 1126 1851 sunt
1152 1826 1174 1850 a
1202 1812 1413 1851 Ludovico
1440 1812 1622 1851 Andium
1649 1811 1750 1850 duce
1784 1811 2002 1861 archiepis-

294 1889 418 1924 copus
446 1872 710 1912 Bituricensis
739 1882 779 1911 et
807 1872 1001 1922 magister
1030 1873 1174 1910 Petrus
1204 1872 1388 1919 Gerardi,
1415 1881 1558 1922 postea
1586 1871 1819 1918 cardinalis,
1847 1871 1917 1921 qui
1947 1870 2002 1909 eis

291 1934 476 1972 dicerent
503 1933 663 1980 ducem,
691 1933 760 1982 qui
785 1933 1046 1971 intellexerat
1073 1932 1281 1971 Joannam
1306 1932 1490 1981 reginam
1517 1931 1693 1978 Siciliae,
1720 1945 1741 1968 a
1769 1945 1849 1981 qua
1876 1931 2001 1981 adop-

293 2002 406 2031 tatus
434 2001 556 2030 antea
584 1993 733 2039 fuerat,
760 1991 1025 2030 concordiam
1050 1991 1186 2029 iniisse
1213 2005 1307 2029 cum
1336 1991 1488 2029 Karolo
1506 1991 1554 2029 de
1579 1990 1770 2038 Duracio,
1794 2004 1875 2028 non
1895 1990 2000 2040 cogi-

292 2061 380 2090 tare
403 2052 592 2102 deinceps
616 2051 663 2089 de
685 2051 851 2101 negotio
873 2050 1021 2098 Siculo,
1043 2051 1228 2100 adeoque
1249 2051 1409 2088 nullum
1429 2050 1660 2088 subsidium
1679 2059 1818 2100 petere
1838 2064 1860 2087 3
1880 2050 1999 2088 clero.

293 2112 357 2150 Sic
378 2112 486 2149 enim
508 2111 701 2149 scribitur
722 2111 763 2148 in
781 2110 926 2149 Diario
959 2111 1013 2161 [p.
1038 2110 1105 2160 11]
1133 2111 1305 2149 Joannis
1346 2110 1467 2148 Fabri
1500 2109 1681 2160 episcopi
1707 2109 1968 2148 Carnotensis
1993 2125 2000 2146 ε

295 2172 444 2220 Mat-dy
470 2171 639 2221 premier
664 2171 756 2220 jozir
783 2170 1012 2208 d’octembre
1034 2170 1317 2219 Farclaevesque
1346 2170 1389 2207 de
1417 2170 1595 2218 Boitrges
1621 2177 1655 2207 et
1683 2169 1841 2206 maistre
1867 2169 2002 2206 Pierre

301 2230 448 2268 Gerar-d
466 2230 594 2268 dirent
612 2245 686 2268 aiis
706 2230 926 2268 Cordeliers
944 2233 968 2268 ὰ
987 2229 1230 2279 Compiegne
1248 2244 1324 2267 aas
1342 2230 1473 2279 prelas
1492 2230 1531 2267 ἰὰ
1549 2229 1766 2266 assamble's
1785 2243 1855 2278 que
1875 2243 2000 2266 mons.

295 2290 474 2339 d’ilnjozt
494 2291 577 2327 leur
597 2290 702 2327 avoir:
720 2290 777 2327 dit
797 2304 867 2339 que
888 2289 1131 2339 l’eritreprise
1152 2289 1251 2338 qu’il
1268 2289 1374 2326 avoit
1392 2303 1439 2326 eu
1462 2303 1510 2326 en
1537 2303 1682 2338 propos
1706 2303 1807 2338 pour
1834 2280 2001 2337 l’Eglise

295 2358 327 2386 et
354 2350 392 2386 la
418 2349 526 2386 roine
554 2350 597 2386 de
624 2349 751 2387 Ce'cile
779 2349 808 2386 il
834 2348 1074 2386 n'entendoit
1099 2348 1213 2398 point
1238 2348 1442 2398 poursair,
1469 2357 1503 2385 et
1529 2362 1630 2398 pour
1656 2362 1694 2385 ce
1721 2362 1821 2397 pour
1847 2348 1924 2385 [ονε
1954 2362 2001 2385 ne

295 2409 569 2461 demandoient
592 2408 699 2446 riens
722 2412 746 2446 ὰ
770 2417 897 2446 nostre
922 2408 1040 2446 Saint
1062 2408 1173 2455 Pere,
1199 2422 1252 2445 au
1275 2408 1429 2456 clergie,
1453 2408 1534 2456 fors
1559 2422 1629 2457 que
1653 2407 1811 2445 conseil.
1847 2407 1898 2445 Et
1924 2407 2001 2444 [ον-8

292 2469 337 2516 sit
356 2468 514 2505 messire
532 2468 742 2517 Raymoml
764 2469 1013 2505 Bernardau
1030 2467 1187 2505 conseil.

350 2527 466 2564 Anno
496 2527 871 2566 MCCCLXXXHI
899 2526 935 2565 ei
961 2541 983 2564 a
1012 2527 1220 2566 Clemente
1250 2526 1330 2564 VII
1358 2526 1576 2565 commissa
1603 2534 1665 2564 est
1692 2525 2000 2565 administratio

299 2586 497 2624 Ecclesiae
524 2586 764 2634 Aniciensis,
789 2595 836 2624 ut
859 2595 977 2638 patet
1001 2601 1052 2624 ex
1076 2586 1217 2624 Odone
1244 2585 1427 2635 Gisseyo,
1447 2586 1515 2623 lib.
1546 2586 1622 2632 ΙΙΙ,
1645 2599 1734 2635 cap.
1761 2600 1863 2632 xxv,
1891 2585 1998 2623 Hist.

296 2645 540 2693 Aniciensis,
562 2660 636 2695 pro
653 2660 734 2695 quo
750 2646 958 2693 mendose,
980 2654 1027 2683 ut
1048 2645 1239 2692 arbitror,
1261 2645 1462 2694 scriptum
1481 2653 1542 2683 est
1558 2645 1593 2681 A
1603 2644 1835 2690 brincensis,
1857 2644 1898 2681 in
1917 2644 1999 2694 epi-

294 2704 456 2753 taphio,
486 2704 525 2741 in
553 2720 634 2754 quo
664 2705 858 2755 Ughcllus
885 2704 1016 2743 edidit
1046 2705 1277 2743 Aniciensts
1302 2719 1376 2754 pro
1405 2703 1678 2741 Abrincensis.
1711 2704 1801 2741 Non
1828 2703 2000 2741 retinuit

297 2771 435 2801 tamen
455 2763 523 2800 diu
545 2764 949 2803 administrationem
970 2764 1095 2802 illam.
1120 2764 1285 2803 Etenim
1305 2778 1414 2801 anno
1433 2763 1447 2785 2
1468 2763 1834 2801 MCCCLXXXIV
1856 2764 1999 2800 Petrus

349 2909 372 2940 l.
408 2910 436 2941 Il
455 2911 570 2951 garda
587 2912 928 2945 l⁷administration
946 2913 996 2944 du
1014 2912 1159 2944 diocese
1178 2912 1222 2944 de
1240 2912 1406 2954 Bourges
1425 2912 1519 2943 dont
1532 2911 1630 2943 dean
1643 2912 1686 2943 de
1706 2911 1999 2943 Rochechouart

296 2962 345 2991 sut
372 2966 521 2996 nonime
542 2966 684 3007 eveque
705 2966 735 2997 le
756 2967 800 2998 30
821 2966 896 2997 mai
916 2966 1022 3004 1382,
1043 2967 1129 3009 jour
1148 2966 1285 3008 auquel
1305 2965 1499 2997 lui-meme
1520 2964 1700 2997 devenait
1719 2964 1933 3007 patriarche
1954 2963 1998 2995 de

292 3014 505 3048 ,Ιώ-0531010
531 3024 568 3049 ct
594 3018 768 3051 obtcnait
793 3030 838 3051 en
864 3020 1087 3051 commende
1112 3019 1279 3052 l⁷eveche
1306 3025 1355 3050 du
1385 3018 1465 3060 Puy
1494 3018 1641 3060 (Eubel,
1669 3017 1901 3056 Ifflterarclzia,
1921 3023 1946 3049 t.
1973 3029 1996 3056 1,

294 3078 325 3107 p.
354 3069 409 3106 (11,
439 3068 503 3101 1:39
528 3077 565 3103 et
590 3072 685 3114 276).

346 3123 373 3152 ·.’.
406 3121 509 3153 Liscz
530 3124 559 3154 le
582 3125 624 3157 ‘17
646 3124 769 3167 juillet
790 3126 883 3158 1385
907 3126 1054 3168 (Eubel,
1079 3131 1116 3159 ut
1133 3137 1175 3165 s.,
1198 3132 1223 3158 t.
1243 3138 1267 3165 1,
1290 3137 1324 3168 p.
1347 3125 1420 3167 91).
