2083 3458
232 224 313 264 200
881 233 1031 259 NOTAE
1068 232 1127 256 AD
1162 231 1290 256 VITAs
1814 216 1939 271 [705]

235 324 346 361 nefas
372 322 574 360 descruit?
600 322 716 359 Certe
740 334 833 357 eum
858 318 980 355 fuisse
1006 316 1205 354 Minorem
1229 315 1280 353 ab
1315 328 1424 352 anno
1447 316 1593 353 saltem
1619 315 1801 354 MCCCX
1824 323 1943 366 patet

234 397 282 420 ex
303 381 558 419 collectaneis
580 380 688 418 Petri
708 377 882 416 Puteani
898 377 957 413 De
980 375 1147 413 dissidio
1165 374 1371 423 Bonifacii
1395 374 1509 411 VIII
1534 383 1567 412 et
1584 374 1773 425 Philippi
1790 375 1942 428 Pulcri,

235 457 272 491 p.
297 441 384 482 554.
407 441 446 478 id
468 448 529 477 est
549 447 644 477 ante
665 452 793 476 annos
816 437 961 474 saltem
983 435 1123 472 decem
1143 441 1184 471 et
1204 441 1363 483 septem
1385 447 1510 483 quam
1529 433 1571 471 in
1592 434 1685 472 sede
1708 434 1818 472 Petri
1837 434 1944 472 1003-

236 509 346 538 retur
364 500 415 537 ab
434 500 692 549 imperatore.

290 558 436 607 Quaeri
458 558 501 596 in
523 558 598 595 hoc
621 558 709 594 loco
734 570 815 593 non
838 553 1013 592 absurde
1037 560 1176 603 posset
1199 565 1338 589 annon
1361 551 1410 590 de
1433 552 1509 590 hoc
1534 552 1656 591 Petro
1678 552 1944 602 intelligenda

236 619 318 656 sint
338 632 382 655 ea
404 632 507 666 quae
526 617 717 666 leguntur
735 615 777 652 in
796 613 924 651 veteri
949 612 1085 650 0001100
1111 610 1454 661 paenitentiariae
1479 625 1674 650 romanae
1695 611 1743 650 de
1763 607 1944 661 quodam

237 678 305 726 qui
331 691 422 714 011111
448 676 667 713 dimisisset
690 687 860 711 uxorem
883 679 1052 722 propter
1067 670 1332 718 adulterium,
1352 670 1404 708 ad
1429 671 1613 709 ordinem
1629 671 1801 709 fratrem
1817 670 1944 709 Mino-

236 751 326 774 rum
349 751 388 773 se
411 734 637 773 transtulit.
664 733 781 781 Quod
812 732 844 769 si
867 731 914 769 de
937 745 983 769 eo
1004 730 1301 780 intelligeretur
1322 730 1386 767 hic
1407 730 1532 778 locus,
1556 744 1699 768 verum
1722 744 1818 769 sane
1841 738 1946 769 esset

236 796 349 833 illum
378 795 536 832 factum
565 793 686 831 fuisse
717 792 916 829 Minorem
937 790 1111 828 vivente
1142 797 1182 827 et
1210 788 1343 828 invita
1371 803 1511 837 uxore,
1541 804 1625 827 non
1652 797 1794 828 tamen
1822 790 1946 828 recla-

238 862 389 900 mante,
412 853 605 890 nimirum
624 859 792 902 propter
811 850 1009 901 probrum
1030 848 1140 899 quod
1161 848 1196 886 ei
1217 848 1416 898 objectari
1436 856 1613 899 poterat.
1638 849 1731 887 Una
1750 863 1811 887 res
1833 848 1947 887 diffe-

238 913 412 951 rentiam
435 912 565 949 facere
586 918 737 961 potest,
762 910 871 959 quod
893 923 996 946 uxor
1016 908 1134 946 istius
1157 907 1307 946 dicitur
1328 907 1380 945 ad
1401 908 1580 946 secunda
1602 916 1702 947 vota
1723 908 1946 956 transiisse,

238 972 346 1009 haud
388 971 509 1009 dubie
550 978 773 1020 postquam
812 968 985 1006 maritus
1026 967 1218 1005 emiserat
1257 967 1553 1017 professionem
1592 968 1832 1017 regularem.
1875 967 1947 1005 Cui

237 1040 376 1068 tamen
404 1029 626 1080 objectioni
660 1028 896 1079 responderi
923 1041 1007 1065 non
1030 1027 1252 1076 incongrue
1279 1034 1417 1076 potest
1443 1027 1561 1065 nobis
1587 1027 1707 1065 hodie
1735 1034 1947 1077 comperta

238 1105 319 1127 non
337 1104 419 1127 esse
439 1103 542 1139 quae
563 1089 707 1126 Petrus
727 1088 775 1126 de
795 1086 988 1125 Corbario
1006 1086 1150 1124 afferre
1168 1093 1333 1136 poterat
1351 1086 1546 1124 adversus
1564 1087 1778 1136 postulata
1795 1086 1947 1133 uxoris,

239 1163 331 1187 cum
350 1148 556 1186 sententia
575 1148 770 1185 adversus
790 1161 884 1185 eum
910 1154 1113 1196 tanquam
1147 1153 1434 1183 contumacem
1451 1145 1536 1183 lata
1556 1145 1691 1183 fuerit.
1712 1145 1948 1195 Utcumque

238 1223 277 1246 se
296 1223 356 1246 res
376 1207 541 1255 habeat,
561 1207 661 1245 haec
679 1214 776 1244 sunt
794 1206 921 1244 verba
938 1205 1125 1255 rescripti
1142 1204 1184 1242 in
1203 1204 1340 1242 codice
1357 1204 1459 1242 449]
1478 1204 1750 1243 bibliothecae
1769 1205 1901 1255 regiae
1920 1204 1948 1252 1,

237 1268 278 1305 in
297 1281 377 1317 quo
396 1267 660 1305 continentur
677 1265 792 1303 varia
809 1265 1007 1315 rescripta
1025 1264 1366 1314 poenitentiariae
1385 1264 1634 1314 apostolicae
1653 1278 1675 1302 a
1693 1264 1948 1315 temporibus

237 1326 435 1364 Bonifacii
467 1326 570 1363 VIII
599 1339 728 1375 usque
757 1325 809 1362 301
836 1324 1049 1362 Benedicti
1081 1323 1165 1361 XII
1201 1323 1509 1373 pontificatum.
1545 1323 1605 1360 De
1632 1337 1674 1360 eo
1702 1323 1769 1373 qui
1798 1323 1951 1361 dimisit

241 1400 397 1423 uoeorem
429 1393 585 1435 propter
615 1384 930 1433 fornicationem.
965 1382 1255 1421 EPISCOPO.
1288 1382 1421 1420 Habet
1451 1383 1626 1431 assertiO,
1660 1391 1741 1431 eta,
1777 1383 1879 1433 quod
1909 1396 1950 1420 eo

240 1445 333 1482 olim
353 1445 395 1482 in
412 1445 539 1481 seculo
557 1444 752 1491 existente,
773 1458 862 1481 cum
882 1457 978 1481 uxor
995 1442 1080 1492 ejus
1099 1442 1252 1479 thorum
1269 1456 1389 1479 suum
1406 1442 1622 1492 polluisset,
1642 1456 1688 1480 ea
1705 1442 1886 1489 dimissa,
1908 1442 1950 1479 in

241 1504 474 1541 monasterio
497 1503 716 1553 assumpsit
738 1502 918 1540 habitum
941 1502 1160 1551 regularem
1182 1509 1216 1539 et
1240 1501 1283 1538 in
1305 1515 1346 1538 eo
1370 1509 1501 1539 votum
1523 1501 1784 1551 professionis
1807 1500 1950 1548 emisit,

240 1572 274 1601 et
294 1563 448 1601 tandem
470 1562 649 1607 arctioris
670 1562 876 1611 religionis
897 1561 1053 1599 obtentu
1073 1561 1126 1598 ad
1145 1560 1323 1598 ordinem
1341 1560 1511 1610 fratrum
1532 1560 1745 1598 Minorum
1765 1574 1804 1598 se
1825 1569 1951 1598 trans-

241 1623 341 1669 tulit,
378 1630 411 1659 et
444 1621 694 1672 aliquamdiu
729 1621 877 1659 mansit
912 1620 1070 1659 ibidem.
1112 1620 1258 1657 Verum
1292 1634 1381 1658 cum
1414 1620 1554 1669 fratres
1589 1620 1763 1669 ejusdem
1798 1619 1952 1657 ordinis

241 1690 397 1731 propter
430 1695 586 1719 uxorem
616 1681 674 1718 sic
706 1680 914 1718 dimissam
942 1680 1076 1730 ipsum
1107 1679 1270 1717 retinere
1299 1687 1485 1727 recusent,
1519 1680 1571 1716 ad
1606 1679 1719 1717 Sedis
1742 1678 1953 1729 apostolice

242 1740 419 1789 confugit
449 1740 690 1788 subsidium,
724 1739 925 1779 humiliter
956 1739 1193 1789 supplicans
1224 1738 1311 1788 ejus
1342 1738 1422 1776 sibi
1454 1738 1702 1789 providentia
1733 1738 1949 1777 subveniri.

243 1800 372 1850 Quare
394 1814 457 1836 vos
480 1800 524 1836 de
543 1799 644 1849 facto
675 1807 709 1836 et
728 1799 823 1848 facti
854 1798 1164 1837 circumstantiis
1194 1806 1259 1836 etc.
1294 1797 1575 1836 committimus
1606 1806 1797 1848 quatenus
1821 1797 1951 1848 inqui-

243 1859 331 1896 sitis
360 1873 478 1908 super
507 1858 586 1896 hiis
616 1873 685 1908 que
713 1858 862 1907 fuerint
892 1858 1142 1908 inquirenda,
1172 1857 1209 1894 si
1238 1857 1282 1894 de
1311 1857 1502 1895 adulterio
1531 1857 1761 1906 hujusmodi
1790 1865 1824 1895 et
1852 1857 1955 1907 quod

244 1919 421 1955 adultera
440 1918 492 1955 ad
509 1918 682 1955 secunda
702 1926 788 1955 vota
807 1917 1008 1955 transierit
1027 1917 1079 1954 acl
1097 1918 1260 1967 plenum
1281 1916 1389 1954 vobis
1409 1916 1623 1954 constiterit
1641 1916 1789 1954 litteras
1810 1924 1953 1954 vestras

245 1977 368 2014 eidem
392 1977 434 2014 in
457 1977 724 2015 testimonium
746 1977 976 2024 concedatis,
1000 1984 1157 2026 propter
1179 1990 1276 2025 quas
1299 1975 1502 2013 memorati
1522 1975 1662 2025 fratres
1685 1975 1888 2025 certificati
1911 1975 1955 2012 de

245 2036 346 2085 facto
371 2036 504 2086 ipsum
526 2050 663 2074 secura
685 2036 921 2073 conscientia
947 2037 1100 2073 valeant
1122 2036 1295 2073 retinere.

303 2095 344 2133 P.
369 2095 455 2142 143,
476 2095 542 2144 lig.
575 2095 636 2133 32.
661 2095 892 2133 ELECTIONI
921 2109 966 2132 IN
997 2109 1255 2133 ANTIPAPAM.
1290 2094 1481 2132 Nicolaus
1512 2093 1705 2132 Minorita
1723 2093 1750 2142 2,
1781 2094 1850 2131 fol.
1873 2092 1922 2131 45
1945 2108 1952 2131 :

245 2154 397 2191 Deinde
423 2154 599 2204 prefatus
626 2154 836 2204 imperator
861 2168 1038 2192 asserens
1064 2154 1284 2191 cardinales
1311 2168 1416 2191 nunc
1439 2167 1686 2191 summorum
1710 2152 1954 2202 Pontificum

249 2214 422 2250 electores
443 2213 599 2251 heretici
618 2214 802 2263 fautores,
827 2213 1009 2262 infames,
1031 2221 1065 2251 et
1085 2212 1451 2260 excommunicatos,
1467 2220 1501 2250 et
1521 2212 1630 2250 omni
1648 2212 1736 2262 jure
1756 2211 1955 2250 electionis

250 2272 423 2322 privatos
442 2287 486 2309 ess
504 2287 545 2309 eo
565 2272 658 2322 quia
677 2273 776 2310 dicto
796 2272 954 2310 domino
976 2272 1155 2310 Johanni
1174 2272 1336 2310 heretico
1356 2271 1504 2309 notorio
1523 2279 1558 2309 et
1574 2285 1643 2321 per
1660 2285 1750 2309 eum
1769 2271 1813 2309 de
1831 2270 1955 2308 heresi

250 2331 530 2368 sententialiter
564 2332 846 2382 condempnato
882 2331 1099 2381 multifarie
1134 2331 1342 2381 multisque
1377 2331 1503 2368 modis
1535 2331 1715 2380 faverant
1747 2338 1956 2381 postquam

252 2390 329 2437 fuit
353 2390 508 2439 publice
531 2399 564 2428 et
589 2391 735 2428 notorie
759 2392 803 2428 cle
826 2390 1011 2441 pluribus
1035 2390 1235 2428 heresibus
1259 2390 1504 2440 diffamatus,
1530 2390 1733 2439 volensque
1755 2388 1956 2439 providere

255 2449 423 2485 Ecclesie
445 2450 488 2486 de
508 2450 587 2486 alio
607 2464 761 2487 summo
781 2450 976 2499 Pontifice
997 2464 1100 2487 more
1120 2450 1341 2500 antiquitus
1362 2449 1572 2496 observato,
1596 2463 1677 2486 una
1698 2463 1786 2486 cum
1806 2449 1903 2486 clero
1924 2456 1957 2485 et

255 2509 400 2557 populo
418 2508 595 2545 Romano
615 2509 657 2546 in
675 2509 736 2546 die
753 2509 1011 2546 Ascensionis
1031 2508 1211 2557 Domini,
1231 2522 1301 2558 que
1325 2508 1404 2557 fuit
1418 2507 1515 2545 XII
1532 2508 1614 2545 dies
1639 2507 1738 2545 maii
1755 2507 1855 2545 anni
1871 2520 1958 2557 pre-

256 2566 361 2609 dic-ti,
390 2567 548 2614 fratrem
576 2567 737 2605 Petrum
761 2568 804 2605 de
825 2567 1030 2619 Corbaria,
1061 2568 1214 2605 ordinis
1239 2567 1409 2617 fratrum
1433 2567 1656 2614 NIinorum,
1687 2566 1730 2604 in
1756 2580 1958 2604 summum

264 2625 501 2673 Pontificem,
530 2626 570 2663 id
592 2635 646 2664 est
668 2641 867 2664 surnmum
893 2628 1072 2664 cuculum
1098 2627 1293 2675 elegerunt
1309 2626 1324 2648 3
1348 2634 1382 2663 et
1405 2625 1620 2664 Nicolaum
1644 2625 1826 2675 quintum
1850 2639 1957 2662 voca-

310 2730 335 2761 1.
368 2729 405 2761 lJ.
432 2729 488 2768 N
513 2741 578 2762 ms.
602 2730 696 2763 latin
719 2731 823 2770 4323,
847 2730 870 2764 f.
895 2732 941 2764 84
962 2734 1013 2764 VO.

308 2785 335 2813 .
364 2782 398 2814 .
426 2782 480 2821 N
505 2794 569 2815 ms.
594 2783 687 2815 latin
709 2784 813 2823 5154,
836 2784 859 2817 s.
883 2785 928 2817 45
950 2788 1000 2817 v0.

306 2839 336 2866 35.
362 2835 531 2867 Dixcrses
551 2848 698 2869 sources
717 2837 916 2880 indiquent
936 2838 970 2870 la
990 2838 1076 2870 date
1098 2838 1146 2869 du
1166 2838 1211 2869 12
1230 2836 1306 2869 11131
1324 2837 1417 2869 1328
1437 2847 1582 2869 comme
1601 2836 1689 2868 celle
1710 2836 1753 2868 de
1772 2835 1958 2869 l'election

260 2888 301 2916 lv
329 2888 471 2920 &nolas
494 2888 534 2921 V.
562 2889 618 2921 Un
639 2891 908 2923 ambassadcur
928 2890 1123 2934 aragonais
1144 2889 1301 2923 ecrivait
1320 2890 1351 2922 le
1373 2890 1415 2922 27
1437 2901 1445 2921 z
1463 2889 1535 2922 Die
1554 2889 1765 2922 duodecima
1782 2889 1960 2932 presentis

262 2941 393 2972 mmsis
414 2942 527 2973 madii
549 2943 662 2974 (lictus
681 2943 849 2975 Bavarus
868 2955 949 2976 cum
968 2944 1068 2976 omni
1087 2943 1176 2976 clero
1196 2948 1226 2976 et
1245 2942 1380 2986 populo
1399 2942 1578 2985 elegerunt
1599 2942 1637 2975 in
1656 2953 1795 2985 papam
1811 2941 1960 2985 fratrem

263 2992 302 3023 ).
326 2994 365 3023 d.
384 2994 553 3026 emmo-[0
578 2995 717 3034 (Finkc,
739 2996 831 3028 Acta
849 2996 1116 3039 .h(1gonensia,
1139 3002 1164 3029 t.
1184 3008 1207 3035 1,
1230 3008 1263 3040 p.
1285 2996 1382 3039 438).
1405 2995 1454 3028 Le
1474 2996 1530 3035 19,
1551 2995 1601 3028 105
1623 2994 1834 3028 Florentius
1854 3005 1959 3027 man-

263 3045 384 3076 dam-111
409 3047 426 3075 (
448 3048 543 3077 ,101111
565 3046 681 3079 XXII
704 3060 708 3079 :
731 3048 935 3082 Bawarus...
968 3050 1025 3083 die
1042 3049 1223 3092 s[sancta]
1247 3049 1491 3082 Adcensionis
1518 3048 1672 3081 Domini
1690 3048 1879 3091 quemdam
1897 3047 1960 3091 qui

263 3098 393 3129 dirimi
414 3099 521 3139 frater
544 3100 671 3131 Petrus
694 3102 734 3133 de
757 3102 791 3133 la
814 3102 985 3142 Cor-bara,
1009 3103 1150 3136 ordinis
1165 3102 1369 3141 ,-(11,
1387 3102 1495 3134 erevit
1518 3102 1554 3134 in
1574 3101 1722 3144 ydolum
1747 3100 1957 3144 (Schwalm,
