2083 3458
253 226 338 269 384
905 237 1058 263 NOTAE
1093 237 1153 262 AD
1188 237 1316 262 vlTAs
1814 217 1959 274 [1425]

257 326 394 364 Prima
421 325 507 375 ejus
534 339 637 361 uxor
663 322 743 360 fuit
770 321 897 359 Maria
927 321 1010 358 filia
1037 320 1237 359 Guidonis
1268 320 1345 368 III,
1372 320 1625 360 vicecomitis
1654 318 1978 366 Lemovicensisy

258 400 362 436 quae
400 383 560 435 peperit
600 382 833 421 Guidonem
870 379 1158 419 vicecomitem
1196 380 1546 419 Combornensem
1583 388 1625 418 et
1661 377 1978 417 Brunissendim.

256 458 427 483 uxorem
455 441 651 481 Chatardi
679 441 727 479 de
755 440 945 478 Thierno.
975 439 1162 478 Secunda
1189 453 1294 477 uxor
1320 438 1616 477 Archambaldi
1642 438 1722 476 fuit
1748 436 1973 487 Margarita

258 504 314 542 de·
328 504 457 541 Ponte
479 501 562 539 filia
582 499 794 539 Godefridi
813 499 862 537 de
882 499 1014 537 Ponte
1033 498 1190 537 domini
1209 498 1258 536 de
1278 498 1409 536 Ponte
1428 506 1470 537 et
1489 498 1538 537 de
1557 498 1848 548 Montagnaco,
1880 510 1974 535 cum

260 577 339 612 qua
369 561 578 600 contraxit
605 559 918 598 matrimonium
946 572 1055 596 anno
1083 557 1294 596 MCCCLV
1323 557 1386 596 die
1414 557 1558 597 martis
1584 565 1681 608 post
1707 555 1973 607 epiphaniam

260 621 326 671 [12
346 620 545 671 janvier].
570 620 634 657 Ex
653 619 734 656 ista
755 632 882 656 uxore
903 618 1039 668 plures
1060 617 1177 655 liberi
1198 616 1398 667 prodiere,
1420 616 1751 656 Archambaldus
1778 614 1977 654 nimirum

257 689 445 720 mortuus
465 687 561 717 ante
582 692 738 717 annum
758 677 1008 715 MCCXCIX
1027 677 1212 727 sepultus
1232 676 1343 726 apud
1360 676 1531 715 Brivam
1548 676 1591 714 in
1609 675 1777 714 ecclesia
1796 675 1974 712 fratrum

258 739 610 785 Praedicatorum,
632 737 867 775 Bernardus
895 736 957 773 III
981 735 1208 775 vicecomes
1232 735 1547 775 Combornensis
1569 743 1666 786 post
1689 726 1973 780 Eustachiam,

257 800 318 837 uti
346 806 490 849 postea
518 797 766 843 videbimus,
795 795 966 845 Agassia
993 803 1126 845 nupta
1153 795 1384 833 Bertrando
1413 795 1462 833 de
1490 794 1734 841 Montealto,
1764 793 1975 843 Superana

257 873 360 896 uxor
382 856 637 907 Ramnulphi
660 855 801 894 Heliae
823 855 872 893 de
893 854 1180 905 Pompedorio,
1202 863 1243 893 et
1263 854 1366 892 aliae
1387 854 1569 904 quinque
1589 861 1664 892 aut
1683 852 1880 891 moniales
1901 859 1976 889 aut

259 932 435 967 quarum
460 924 595 955 status
622 915 848 965 ignoratur.
880 913 1211 951 Archambaldus
1239 914 1320 951 VII
1352 913 1454 951 obiit
1483 928 1591 952 anno
1621 911 1974 958 MCCLXXVIII,

259 985 306 1014 ut
345 985 406 1015 est
444 976 485 1013 in
529 975 656 1012 Veteri
696 974 891 1012 Chronico
939 973 1076 1011 Sancti
1116 973 1325 1010 Illartialis
1377 972 1431 1023 [p.
1481 972 1598 1023 804}
1647 972 1703 1009 At
1751 970 1974 1021 Margarita

260 1036 295 1075 ei
310 1035 541 1086 supervixit
556 1049 685 1084 usque
702 1034 755 1071 ad
771 1047 927 1071 annum
943 1033 1091 1082 saltem
1107 1032 1370 1080 MCCXCIX,
1388 1032 1458 1082 qui
1474 1031 1660 1071 condidit
1673 1038 1983 1070 testamentum,

260 1095 323 1134 die
346 1094 535 1133 mercurii
559 1101 655 1131 ante
679 1093 833 1131 festum
856 1091 1198 1131 Annuntiationis
1222 1092 1370 1130 beatae
1394 1091 1546 1130 Mariae
1571 1090 1638 1141 [18
1660 1090 1808 1141 mars].
1841 1088 1976 1128 Guido

259 1154 559 1208 primogenitus
591 1151 887 1191 Archambaldi
919 1152 1000 1189 duo
1032 1165 1196 1201 quoque
1227 1151 1493 1191 matrimonia
1524 1158 1718 1201 expertus
1741 1157 1815 1188 est.
1844 1147 1978 1186 Duxit

261 1214 369 1253 enim
388 1213 520 1264 primo
540 1212 745 1251 Amiciam
766 1211 894 1249 filiam
914 1210 1129 1249 Eschivati
1148 1211 1197 1249 de
1217 1210 1487 1258 Chabanes'io,
1508 1225 1558 1249 ex
1577 1224 1658 1260 qua
1677 1209 1809 1247 nullos
1828 1208 1984 1246 liberosv

259 1273 421 1320 habuit,
441 1272 587 1311 deinde
604 1286 701 1310 vero
720 1271 957 1309 Almodiam
976 1270 1104 1308 filiam
1122 1270 1310 1308 Gaufridi
1328 1270 1376 1308 de
1394 1270 1605 1317 Thouvaz,
1625 1267 1979 1319 quemadmodum

258 1332 408 1382 legitur
422 1332 465 1370 in
480 1332 624 1370 eodem
640 1330 835 1368 Chronico
852 1330 990 1368 Sancti
1006 1329 1216 1367 Martialis
1232 1328 1287 1380 [p.
1304 1329 1412 1379 804].
1435 1329 1523 1367 Hoc
1541 1343 1692 1368 nomen
1714 1326 1978 1378 gentilitium,

262 1392 357 1442 quia
378 1392 502 1441 vulgo
523 1398 671 1428 notum
691 1404 774 1428 non
793 1398 869 1437 est,
891 1389 1076 1427 Andreas
1100 1388 1356 1427 Duchesnius
1378 1397 1419 1427 et
1439 1388 1757 1438 Christophorus
1780 1385 1985 1425 Justellus

261 1450 526 1501 interpretati
556 1457 654 1488 sunt
685 1450 734 1487 de
764 1448 1019 1487 nobilissima
1051 1456 1172 1498 gente
1202 1447 1463 1486 Thoarcensi.
1497 1447 1586 1486 Scio
1617 1455 1760 1485 tamen
1789 1445 1982 1485 eumdem

264 1510 546 1548 Duchesnium
574 1509 858 1559 conjecturam
885 1508 1027 1546 fecisse
1056 1508 1105 1546 de
1134 1516 1253 1557 gente
1282 1508 1487 1557 Thonnay
1514 1507 1599 1546 sive
1628 1504 1902 1544 Tauniacensi
1928 1503 1985 1542 ad

261 1584 426 1608 amnem
454 1569 737 1607 Carantonum
763 1567 805 1605 in
831 1581 938 1618 pago
966 1567 1287 1617 Engolismensi3
1315 1581 1489 1617 eamque
1515 1566 1736 1605 lectionem
1769 1579 1842 1615 ego
1876 1571 1983 1614 puto

262 1644 347 1667 esse
374 1629 598 1675 meliorem,
625 1627 750 1665 aliam
775 1627 1008 1677 profectam
1033 1641 1084 1665 ex
1109 1626 1317 1677 imperitia
1342 1626 1499 1664 librarii
1523 1626 1588 1664 vel
1613 1625 1789 1664 lectoris.
1819 1623 1980 1674 Quippe

263 1689 304 1726 in
341 1688 619 1726 instrumento
658 1686 870 1724 divisionis
908 1686 1113 1725 bonorum
1149 1694 1420 1736 paternorum
1457 1694 1498 1724 et
1536 1693 1820 1723 maternorum
1868 1682 1980 1720 facta

264 1762 372 1786 anno
396 1747 686 1786 MCCXCVIII
717 1746 825 1784 inter
848 1745 1120 1784 Eustachiam
1142 1753 1183 1783 et
1215 1745 1389 1784 Mariam
1422 1744 1525 1783 filias
1549 1744 1748 1782 Guidonis
1772 1751 1813 1781 et
1842 1742 1980 1781 Almo-

264 1807 354 1845 diae
379 1815 523 1857 portus
550 1806 598 1845 de
623 1806 798 1855 Tonnay
823 1820 944 1855 super
969 1805 1172 1843 Charente
1198 1804 1464 1854 adjudicatur
1489 1803 1642 1842 Mariae
1666 1818 1740 1853 pro
1764 1809 1882 1852 parte
1907 1814 1980 1839 sua

264 1867 467 1904 bonorum
483 1873 768 1905 maternorum
786 1880 793 1902 :
813 1864 912 1902 Item
928 1864 972 1901 de
991 1864 1103 1901 bonis
1120 1864 1309 1902 maternis
1325 1863 1467 1901 Maria
1482 1863 1623 1901 habeat
1637 1871 1779 1900 terram
1795 1862 1839 1899 de
1854 1861 1988 1898 Alone*

264 1934 298 1963 et
331 1934 474 1963 terram
508 1933 683 1963 vocatam
719 1923 903 1961 Insulam
938 1924 982 1960 de
1015 1923 1114 1973 Roy,
1149 1931 1307 1973 portam
1341 1924 1385 1961 de
1422 1923 1591 1972 Tonnay
1623 1936 1743 1972 saper
1776 1920 1981 1971 Char-ente.

267 1986 365 2023 Post
393 1984 667 2023 constitutam
694 1984 801 2021 hanc
829 1982 1105 2030 concordiam,
1135 1997 1228 2021 cum
1256 1982 1495 2021 castellania
1523 1980 1838 2021 Combornensis
1866 1979 1983 2029 adju-

267 2044 403 2082 dicata
426 2043 570 2081 fuisset
593 2042 857 2090 Eustachiae,
878 2041 967 2092 ipsa
989 2056 1030 2080 se
1052 2042 1233 2080 vocabat
1254 2041 1600 2080 vicecomitissam
1622 2040 1982 2079 Combornensem.

268 2104 322 2141 Et
357 2118 455 2142 mox
489 2104 598 2140 hunc
634 2101 975 2141 vicecomitatum
1008 2109 1246 2151 ceterasque
1276 2101 1452 2139 ditiones
1489 2115 1581 2139 suas
1619 2099 1843 2137 donatione
1877 2097 1986 2135 inter

267 2162 384 2200 vivos
424 2161 641 2200 transtulit
680 2161 824 2200 eodem
864 2175 972 2198 anno
1012 2160 1075 2198 die
1116 2160 1305 2199 mercurii
1343 2169 1438 2210 post
1478 2168 1647 2198 octavas
1683 2156 1984 2209 purificationis

268 2222 388 2260 beate
418 2221 571 2259 Mariae
600 2220 665 2270 [12
693 2219 858 2270 sevrier]
890 2220 931 2257 in
959 2220 1219 2258 Bernardum
1249 2220 1297 2258 de
1327 2219 1575 2257 Combornio
1612 2226 1811 2269 patruum
1850 2230 1983 2262 suum,

271 2281 402 2319 filium
425 2280 618 2318 videlicet
642 2279 938 2318 Archambaldi
962 2279 1044 2316 VII
1069 2287 1110 2317 et
1135 2279 1382 2329 Margaritae
1408 2279 1455 2317 de
1482 2279 1632 2325 Ponte,
1657 2277 1764 2315 salvo
1788 2284 1821 2314 et
1845 2280 1986 2313 retento

269 2355 337 2390 per
360 2340 577 2390 predictam
600 2339 840 2377 donatricem
863 2338 965 2388 qaod
986 2338 1021 2375 si
1045 2338 1251 2388 contigerit
1275 2338 1406 2388 ipsam
1429 2337 1669 2376 donatricem
1691 2336 1840 2386 prolem
1862 2334 1986 2372 susci-

271 2413 359 2449 pere
384 2413 429 2436 ecc
452 2398 627 2448 legitimo
653 2398 906 2436 matrimonio
931 2412 976 2435 ex
1008 2412 1048 2435 se
1076 2406 1332 2448 procreatam,
1358 2405 1392 2435 et
1425 2397 1528 2435 dicta
1564 2396 1691 2447 proles
1727 2393 1988 2446 supervixerit

271 2458 395 2495 eidem
419 2458 626 2505 donatrici,
651 2458 753 2507 qaod
775 2457 819 2494 in
841 2457 989 2494 dictam
1011 2465 1189 2494 eventum
1212 2457 1316 2494 dicta
1338 2456 1498 2494 donatio
1522 2456 1674 2493 nullius
1705 2455 1757 2492 sit
1788 2452 1987 2499 momenti,

272 2525 305 2554 et
332 2517 435 2554 dicta
462 2518 607 2554 donata
633 2517 684 2554 ad
711 2516 855 2553 dictam
881 2516 1030 2566 prolem
1057 2516 1175 2553 libere
1202 2508 1453 2554 revertantur.
1485 2515 1530 2553 Si
1558 2529 1643 2552 vero
1670 2514 1815 2552 dictam
1841 2512 1988 2563 prolem

273 2576 478 2625 contigerit
499 2576 673 2613 decedere
693 2575 780 2612 sine
801 2575 938 2612 liberis
959 2589 1004 2612 ea:
1025 2575 1200 2624 legitimo
1222 2574 1475 2612 matrimonio
1496 2589 1542 2612 esc
1561 2588 1600 2611 se
1621 2573 1848 2624 procreatis,
1869 2569 1993 2609 voluit

275 2635 377 2672 dicta
409 2635 593 2672 donatriae
624 2635 725 2684 qnod
756 2634 893 2671 omnia
923 2634 1156 2684 supradicta
1187 2635 1238 2671 ad
1268 2634 1416 2671 dictum
1448 2633 1715 2680 donatarium,
1749 2632 1806 2670 vel
1836 2630 1990 2668 heredes

275 2694 449 2742 ejusdem
469 2694 587 2730 libere
607 2701 859 2731 revertantur.
884 2693 1036 2743 Nupsit
1057 2693 1203 2731 deinde
1225 2693 1450 2730 Eustachia
1474 2692 1698 2730 Eschivato
1720 2691 1768 2729 de
1787 2689 1989 2728 Prulliaco

213 2802 217 2805 ι
274 2767 383 2794 fumo
408 2753 613 2790 MCQIII
637 2761 678 2791 et
700 2752 896 2790 decennio
918 2760 1013 2802 post
1036 2752 1139 2790 obiit
1160 2752 1315 2802 absque
1337 2751 1486 2789 liberis.
1511 2752 1616 2788 Tum
1638 2765 1735 2789 vero
1755 2748 1989 2788 Bernardus

278 2827 316 2848 se
347 2812 633 2850 vicccmnitem
662 2812 1010 2850 Combornensem
1039 2811 1145 2848 dixit
1174 2819 1215 2849 et
1243 2825 1333 2849 eani
1363 2811 1563 2849 ditionem
1600 2809 1759 2859 accepit
1794 2808 1836 2845 in
1873 2820 1990 2845 suam

278 2878 543 2919 rumestatmn.
571 2870 743 2909 Mariam
767 2871 1221 2908 sororem.Eustacliiae
1244 2878 1485 2908 contentam
1503 2884 1588 2907 esse
1607 2868 1793 2919 oportuit
1806 2881 1851 2905 ea
1872 2873 1990 2917 parte

281 2930 315 2964 ln
326 2943 434 2966 ‚norm
445 2943 482 2967 ιη
499 2937 767 2977 [alternorum
780 2938 820 2967 et
832 2943 898 2966 ma
908 2937 1115 2967 ternorum
1129 2943 1232 2978 quae
1250 2929 1285 2967 ei
1301 2929 1527 2967 obvenerat
1542 2928 1583 2966 in
1596 2941 1737 2966 eorum
1751 2925 1988 2977 partitione.

283 2988 407 3023 Maria
441 3003 533 3034 ergo
567 2988 706 3037 nupsit
738 2987 993 3025 Guischardo
1029 2989 1067 3025 ΙΙ
1100 2989 1148 3026 de
1181 2987 1427 3026 Combornio
1459 2986 1762 3037 consanguineo
1793 2999 1878 3023 suo.
1913 2982 1991 3021 Sed

283 3054 377 3082 ants:
406 3060 530 3093 quam
557 3046 633 3083 ista
661 3061 925 3096 exequamur,
955 3060 1093 3085 ncesse
1122 3055 1183 3085 est
1217 3055 1264 3084 ut
1293 3046 1444 3085 iterum
1473 3046 1688 3085 redeamus
1715 3045 1768 3082 ad
1794 3042 1990 3093 originem

285 3104 386 3140 illius
422 3105 664 3142 (hiiscbardi
699 3120 820 3154 quem
850 3105 1025 3144 diximus
1058 3104 1352 3144 Archambaldi
1383 3104 1439 3141 VI
1481 3105 1611 3143 filium
1644 3112 1685 3142 et
1715 3101 1916 3141 Bernardi
1951 3100 1991 3137 II
