2083 3458
126 258 253 315 [882]
655 274 873 300 PAPARUM
908 275 1292 301 AVENJONENsmM
1722 257 1809 300 395

115 359 237 397 tianis
271 358 533 397 haberentur.
566 357 726 394 Extant
756 357 848 396 illae
881 358 992 407 apud
1023 357 1245 396 Odoricum
1280 357 1557 407 Raynaldum,
1592 371 1657 396 an.
1694 357 1808 405 1348,

121 417 138 466 ἓ
165 417 226 457 33.
256 416 443 455 Meminit
469 424 609 454 autem
635 429 775 454 earum
802 416 994 454 Albertus
1023 416 1343 466 Argentinensis,
1364 431 1402 466 p.
1432 416 1521 463 264,
1548 417 1609 454 his
1636 416 1770 454 verbis
1799 432 1807 454 ε

114 477 165 514 Et
191 475 376 525 infamati
401 483 494 513 sunt
521 474 640 522 „ludei
666 475 767 524 quod
791 475 1018 524 hujusmodi
1043 475 1309 524 pestilentiam
1332 475 1494 524 jecerint
1525 475 1581 512 vel
1612 475 1809 523 auxerint,

111 535 290 584 fontibus
313 542 347 572 et
369 534 499 584 puteis
524 533 664 582 injecto
688 547 843 571 veneno.
867 534 917 571 Et
940 534 1098 571 cremati
1121 542 1215 571 sunt
1237 549 1261 571 a
1285 535 1386 571 mari
1412 548 1531 583 usque
1554 534 1605 571 ad
1622 534 1809 571 Aleman-

113 594 224 632 niam
251 601 496 643 preterquam
522 592 734 640 Avinione,
765 592 834 629 ubi
861 607 923 629 eos
950 608 1059 642 papa
1079 592 1258 630 Clemens
1276 601 1406 631 sextus
1425 592 1607 642 defendit.
1630 593 1809 631 Joannes

113 652 361 691 Trithemius
378 652 419 689 in
436 651 629 689 Chronico
645 651 946 699 Hirsaugiensi,
965 660 993 690 t.
1012 666 1052 698 11,
1066 666 1103 702 p.
1119 651 1215 690 207:
1233 651 1349 689 Solus
1366 667 1474 701 papa
1486 651 1665 689 Clemens
1680 659 1811 689 sextus

115 712 288 749 Judaeos
310 711 353 748 in
373 710 576 748 Avenione
597 709 817 747 habitantes
838 710 887 746 ab
909 710 980 747 hac
1002 710 1262 748 internecione
1278 719 1410 748 contra
1430 711 1641 748 multorum
1660 718 1810 748 senten-

109 770 208 808 tiam
227 777 399 820 potenter
416 769 595 816 servavit,
618 783 696 806 non
714 769 801 805 sine
819 769 1046 817 suspicione
1066 769 1340 818 pecuniarum.
1363 769 1440 807 Sed
1460 769 1545 819 ipse
1566 769 1671 807 hanc
1692 769 1743 807 ab
1765 784 1810 808 eo

110 829 384 879 suspicionem
407 827 566 866 amoliri
590 828 768 874 videtur,
792 842 831 877 p.
857 825 947 874 214,
973 828 1042 865 ubi
1067 828 1125 865 ait
1151 843 1266 866 nosse
1291 842 1331 866 se
1355 828 1461 866 hanc
1485 828 1810 878 persecutionem

112 888 366 926 Judaeorum
413 887 600 924 Romano
646 886 838 926 Pontifici
884 886 970 923 viro
1016 886 1352 925 christianissimo
1397 887 1508 924 haud
1553 887 1812 925 mediocriter

109 947 376 997 displicuisse,
398 960 489 984 eam
509 960 630 996 porro
651 945 774 983 fuisse
796 945 1021 982 multorum
1039 945 1288 983 sententiam
1309 953 1356 983 ut
1377 945 1663 984 existimarent
1681 945 1811 984 Chris-

110 1005 244 1044 tianos
276 1005 345 1055 qui
375 1005 480 1043 hanc
510 1004 837 1055 persecutionem
868 1004 1036 1041 Judaeis
1067 1012 1287 1042 moverunt
1315 1004 1489 1042 avaritia
1517 1012 1651 1042 motos
1674 1004 1811 1054 potius

111 1078 236 1114 quam
260 1065 416 1115 pietate
441 1063 644 1113 religionis
670 1063 733 1101 vel
759 1063 844 1101 zelo
868 1063 1067 1111 justitiae.
1095 1063 1366 1101 Theodericus
1393 1077 1414 1100 a
1442 1063 1574 1110 Niem,
1600 1064 1667 1101 lib.
1700 1063 1730 1110 I,
1753 1063 1812 1100 De

108 1123 329 1170 schismate,
356 1137 444 1173 cap.
473 1137 594 1160 xxxv
622 1121 676 1172 [p.
705 1121 776 1172 67]
799 1121 941 1159 irridet
962 1136 1029 1159 eos
1050 1122 1119 1171 qui
1144 1122 1379 1171 ignorantes
1399 1136 1534 1159 rerum
1560 1121 1811 1160 naturalium

110 1197 253 1220 causas
276 1182 450 1220 credunt
472 1182 605 1220 fontes
629 1189 670 1219 et
691 1189 837 1231 puteos
859 1181 919 1218 ita
942 1180 1215 1218 contaminari
1236 1195 1354 1230 posse
1376 1195 1534 1219 veneno
1557 1189 1604 1218 ut
1627 1181 1696 1230 qui
1718 1181 1812 1218 hinc

110 1241 260 1279 bibunt
278 1240 517 1279 inficiantur
537 1248 578 1278 et
596 1240 637 1278 in
658 1240 800 1278 mortis
820 1239 1046 1290 periculum
1066 1240 1263 1278 incidant.

164 1301 206 1339 P.
226 1300 314 1347 252,
330 1300 396 1349 lig.
416 1300 476 1338 14.
495 1300 669 1338 CAMPUS
687 1313 910 1337 FLORIDUS.
928 1299 1130 1348 Campum
1149 1298 1331 1336 ssoritum
1346 1298 1424 1336 levi
1442 1298 1672 1336 mutatione
1690 1306 1813 1336 vocat

109 1359 344 1397 Bonifacius
370 1359 419 1397 de
444 1358 660 1396 Amanatis
685 1358 726 1395 in
752 1358 948 1396 Clement.
976 1358 1055 1394 Eos
1080 1357 1160 1407 qui,
1187 1357 1235 1395 de
1260 1357 1494 1407 sepulturis,
1520 1357 1590 1394 ubi
1615 1357 1673 1394 ait
1697 1357 1812 1394 illum

110 1417 232 1456 fuisse
252 1426 368 1457 extra
388 1418 560 1467 antiqua
580 1417 739 1455 moenia
759 1417 940 1454 civitatis
960 1416 1269 1454 Avenionensis.

131 1496 133 1499 ·
165 1477 207 1515 P.
222 1477 389 1527 252‚lig.
407 1476 743 1514 25.N1cn0LA1JM
759 1476 1010 1513 LAURENTH.
1025 1475 1088 1513 Sic
1103 1475 1260 1513 dictum
1274 1475 1368 1524 quia
1384 1475 1488 1512 filius
1501 1483 1589 1512 erat
1602 1475 1812 1513 Laurentii

110 1537 319 1586 cauponis,
341 1544 388 1573 ut
408 1536 550 1574 scribit
570 1536 748 1573 Thomas
771 1534 1015 1573 Fortifiocca
1036 1535 1077 1572 in
1104 1534 1195 1571 Vita
1215 1534 1301 1583 ejus
1325 1532 1415 1583 [col.
1438 1533 1537 1583 399]
1561 1548 1630 1571 seu
1660 1534 1811 1571 molen-

110 1594 270 1642 dinarii,
302 1603 349 1633 ut
380 1595 560 1633 Joannes
586 1594 839 1641 Hocsemius,
862 1594 930 1632 lib.
960 1594 1013 1640 ΙΙ,
1048 1608 1136 1643 cap.
1170 1607 1273 1640 xxv,
1302 1593 1361 1629 De
1392 1593 1508 1641 gestis
1537 1592 1812 1642 episcoporum

109 1654 388 1692 Leodiensium
417 1653 472 1704 [p.
501 1653 616 1704 494]
650 1654 738 1704 Ipse
767 1668 807 1691 se
835 1653 945 1703 apud
972 1653 1265 1702 imperatorem
1295 1652 1494 1690 Karolum
1526 1651 1578 1688 IV
1616 1651 1810 1701 gloriatus

109 1721 171 1751 est
191 1721 441 1763 prognatum
461 1727 546 1751 esse
567 1728 587 1751 e
611 1713 692 1750 filio
714 1712 851 1762 spurio
875 1712 1039 1750 Henrici
1061 1712 1141 1749 VII
1162 1711 1276 1761 imp,
1298 1710 1365 1748 avi
1390 1710 1543 1757 Karoli,
1565 1718 1612 1747 ut
1633 1717 1812 1748 testatur

107 1771 217 1811 idem
244 1772 501 1811 Fortifiocca.
528 1772 591 1809 Ad
616 1786 709 1811 eum
733 1779 851 1809 extat
873 1771 975 1808 liber
998 1770 1251 1808 hortatorius
1278 1770 1538 1815 petrarchae,
1563 1769 1679 1818 cujus
1702 1783 1810 1807 mcn-

109 1831 265 1870 tionem
294 1832 394 1869 facit
421 1831 506 1882 ipse
537 1831 771 1878 Petrarcha‚
801 1830 870 1867 lib.
902 1830 981 1867 VII
1012 1830 1100 1867 Rer.
1131 1829 1260 1876 senil„
1290 1828 1408 1879 epist.
1440 1843 1508 1876 vn,
1539 1828 1589 1865 ad
1621 1828 1810 1866 eumdem

110 1890 338 1928 Tribunum
374 1890 538 1940 scripta.

163 1949 206 1987 P.
236 1949 324 1996 252,
351 1949 417 1999 lig.
446 1948 507 1987 30.
538 1949 714 1986 Mumos
743 1962 1009 1994 1NTERFEC1T,
1041 1947 1244 1986 Joannem
1278 1946 1470 1984 videlicet
1497 1946 1809 1983 Columnensem

112 2007 241 2047 filium
262 2008 474 2058 Stephani,
496 2008 753 2058 Stephanum
790 2007 939 2057 ipsum,
960 2014 1001 2044 et
1024 2007 1192 2045 Petrum
1213 2006 1451 2055 Agapitum,
1473 2013 1520 2042 ut
1540 2004 1681 2042 scribit
1701 2004 1809 2042 idem

110 2067 367 2106 Fortifiocca.
406 2067 537 2106 Immo
569 2067 653 2117 ipse
689 2066 879 2104 Nicolaus
913 2065 1118 2103 Tribunus
1151 2063 1396 2115 epistolam1
1431 2064 1479 2102 de
1513 2078 1652 2102 eorum
1687 2063 1807 2101 caede

109 2126 270 2176 scripsit
304 2126 357 2164 ad
393 2126 658 2175 Raynaldum
694 2125 889 2163 Ursinum
929 2124 1263 2162 archidiaconum
1299 2123 1578 2169 Leodiensem,
1609 2136 1712 2171 quae
1747 2130 1808 2160 est

108 2184 219 2223 edita
247 2185 358 2235 apud
388 2186 591 2223 Joannem
621 2183 885 2222 Hocsemium
909 2183 962 2234 [p.
985 2181 1090 2231 496],
1115 2183 1154 2220 in
1179 2196 1259 2232 qua
1280 2182 1380 2220 haec
1408 2182 1599 2231 leguntur
1623 2197 1629 2218 :
1657 2180 1706 2217 In
1735 2194 1806 2230 quo

110 2243 173 2280 IV
194 2244 239 2281 cle
265 2244 480 2293 tirampnis
505 2243 869 2293 Columpnensibus
895 2243 1109 2292 perierunt,
1128 2241 1335 2291 superstite
1362 2240 1512 2288 infelici
1542 2254 1631 2276 sene
1649 2239 1806 2276 domino

109 2302 308 2352 Stephano
328 2304 372 2340 de
392 2302 618 2352 Columpna
636 2302 899 2340 semimortuo.
916 2301 979 2338 Ad
1000 2315 1094 2339 eum
1114 2308 1331 2351 propterea
1353 2299 1587 2344 Petrarcha,
1602 2298 1670 2336 lib.
1687 2298 1805 2344 VIII,

107 2361 225 2411 epist.
251 2377 263 2399 1
292 2362 380 2401 Rer.
408 2362 616 2411 familiar„
644 2361 806 2411 scripsit
841 2360 1171 2406 consolatoriam,
1199 2359 1396 2408 scriptam
1423 2372 1516 2396 cum
1546 2371 1682 2395 recens
1719 2364 1806 2394 erat

108 2420 249 2458 caedes
274 2420 464 2468 filiorum,
487 2428 583 2459 ante
606 2434 731 2470 quam
752 2419 837 2470 ipse
861 2419 1094 2469 Stephanus
1117 2425 1361 2463 moreretur3
1385 2430 1507 2466 quem
1530 2415 1642 2453 brevi
1663 2422 1806 2465 postea

109 2479 345 2518 occubuisse
370 2480 567 2530 gloriatur
589 2479 699 2518 idem
725 2479 928 2517 Nicolaus.
957 2477 1058 2515 Vide
1086 2476 1373 2515 Fortifioccam
1396 2475 1438 2512 in
1468 2475 1560 2512 Vita
1584 2474 1684 2523 ejus.
1705 2473 1806 2512 Vide

108 2537 234 2577 etiam
262 2539 466 2578 Joannem
492 2538 728 2585 Villanium,
755 2537 824 2576 lib.
859 2537 958 2584 XII,
986 2550 1073 2586 cap.
1103 2550 1130 2573 x
1159 2534 1388 2585 [Muratori,
1415 2542 1445 2572 t.
1474 2547 1559 2580 x111,
1588 2533 1661 2571 col.
1690 2532 1805 2582 982],

110 2596 180 2646 qui
201 2611 272 2635 sex
294 2598 582 2636 Columnenses
605 2605 696 2634 tum
719 2610 855 2634 caesos
880 2603 1032 2633 narrat.

163 2656 206 2695 P.
227 2655 316 2703 252,
335 2656 400 2706 lig.
421 2656 482 2694 31.
507 2656 553 2693 IN
575 2669 745 2694 CONCHA
767 2655 1159 2693 CONSTANTINIANA.
1182 2652 1361 2690 Joannes
1380 2650 1592 2696 Villanius,
1615 2649 1683 2688 lib.
1706 2649 1804 2696 XII,

110 2728 198 2764 cap.
225 2729 390 2752 LXXX1x
417 2714 646 2765 [Muratori,
670 2723 699 2752 t.
727 2728 812 2761 xm,
838 2714 911 2751 col.
938 2712 1037 2762 969]
1065 2727 1072 2749 :
1096 2726 1115 2749 e
1133 2710 1267 2761 prima
1289 2723 1356 2759 per
1372 2709 1565 2758 grandeza
1580 2709 1616 2745 si
1639 2708 1765 2756 hagno
1781 2720 1806 2744 a

109 2772 304 2810 Laterano
319 2774 421 2811 nella
436 2788 554 2811 conca
568 2774 628 2811 del
641 2787 854 2823 paragone,
871 2772 936 2809 che
955 2771 1011 2808 v⁷e
1026 2785 1090 2807 ove
1104 2770 1139 2807 si
1169 2769 1295 2818 hagno
1316 2767 1547 2805 Gostantino
1564 2767 1806 2816 imperadore

110 2832 265 2881 quando
290 2847 365 2870 san
393 2832 584 2870 Salvestro
611 2847 720 2882 papa
747 2832 776 2868 il
803 2831 919 2880 guari
946 2830 1046 2867 della
1071 2828 1216 2866 lebbra.
1246 2826 1458 2864 Excitavit
1483 2826 1595 2864 istud
1623 2825 1805 2874 querelas

110 2891 385 2940 quorumdam
420 2891 615 2929 adversus
650 2891 799 2941 ipsum,
837 2890 951 2927 velut
986 2901 1169 2926 summae
1204 2885 1418 2936 superbiae
1454 2884 1573 2923 nimis
1610 2897 1806 2933 magnum

109 2958 412 2999 argumentum.
450 2950 568 2988 Hanc
599 2949 800 2987 invidiam
833 2948 896 2986 vir
928 2944 1285 2996 eloquentissimus
1318 2943 1469 2993 repulit
1502 2943 1562 2980 his
1597 2942 1731 2980 verbis
1763 2942 1805 2980 in

162 3082 191 3114 1.
209 3081 252 3114 A.
272 3078 460 3118 Gabrielli,
477 3078 700 3122 Epistolario
716 3078 753 3111 di
769 3077 857 3111 Cola
872 3077 909 3109 di
923 3075 1068 3114 Ricnzo,
1085 3074 1214 3113 Rome,
1226 3073 1332 3112 1890,
1348 3084 1384 3116 p.
1397 3073 1454 3112 61,
1470 3083 1505 3105 n.
1524 3072 1581 3111 235
1598 3077 1636 3104 et
1653 3071 1700 3105 K.
1713 3071 1807 3104 Bur-

112 3134 218 3173 dack,
237 3132 488 3176 Brieswechsel
506 3132 565 3165 des
583 3131 673 3165 Cola
691 3131 728 3164 di
746 3130 892 3169 Rienzo,
914 3135 939 3162 t.
958 3126 1012 3167 113,
1033 3140 1068 3171 p.
1089 3127 1169 3160 180.
