2083 3458
98 140 222 196 [593]
626 154 843 180 PAPARUM
878 153 1265 180 AVENIONENSIUM
1738 138 1791 180 59

139 240 182 277 P.
207 239 267 286 13,
289 239 355 288 lig.
379 238 440 276 24.
465 238 750 275 GUICHARDUS
774 252 847 275 EPS
869 238 1122 276 TRECENSIS.
1146 238 1276 275 Extat
1296 236 1338 275 in
1359 236 1525 275 archivo
1546 236 1656 287 regio
1679 237 1787 275 Pari-

86 297 206 336 siensi
230 298 341 336 bulla
368 296 586 335 Clementis
612 296 660 342 V,
688 296 786 334 data
813 296 993 335 Pictavis
1021 313 1044 335 v
1069 296 1160 334 idus
1198 295 1260 346 [9]
1288 295 1466 346 augusti,
1493 310 1573 345 qua
1609 295 1722 334 dedit
1747 296 1786 334 in

85 355 291 395 mandatis
314 355 562 406 archiepisco
586 355 807 394 Senonensi
822 363 863 394 et
884 355 1074 406 episcopo
1096 354 1391 403 Aurelianensi,
1413 362 1504 392 tum
1526 354 1651 393 etiam
1668 356 1789 393 Petro

85 416 212 454 electo
236 414 595 462 Autissiodorensi,
618 422 666 452 ut
687 414 942 464 inquirerent
959 415 973 437 1
997 415 1045 453 de
1069 414 1306 453 criminibus
1331 413 1564 452 Guichardo
1586 413 1786 464 impositis

85 483 125 513 et
153 475 205 513 ad
234 489 273 513 se
311 474 508 513 referrent
547 473 672 524 [Bal.‚
711 481 741 512 t.
771 488 827 521 111,
856 489 894 524 p.
925 474 974 512 83
987 473 1014 524 ].
1055 473 1327 512 Continuator
1366 472 1516 522 Nangii
1543 473 1595 510 ad
1633 487 1788 510 annum

85 534 329 572 MCCCVIII
357 533 401 584 [t.
420 548 447 580 1,
465 548 504 584 p.
528 532 629 583 369]
650 549 657 570 ;
687 532 936 571 Guichardus
951 533 1153 570 Trecensis
1168 532 1377 583 episcopus
1393 546 1464 582 pro
1482 540 1659 582 suspecto
1684 533 1787 569 vehe-

85 601 228 631 menter
239 593 414 640 habetur,
428 593 529 642 quod
547 599 705 629 mortem
724 592 933 630 Johannae
945 592 1103 642 reginae
1118 592 1315 642 quondam
1328 591 1525 629 Franciae
1537 599 1571 628 et
1584 591 1791 629 Navarrae

84 652 322 702 quibusdam
352 659 599 702 procurasset
628 650 842 700 sortilegiis
873 659 943 689 aut
974 665 1131 698 veneno,
1164 658 1322 701 propter
1354 651 1466 701 quod,
1500 649 1640 688 audita
1671 650 1788 687 etiam

83 726 202 762 super
221 711 290 749 hoc
309 711 567 761 quorumdam
586 709 826 760 depositione
845 710 1014 758 testium,
1028 710 1203 748 videlicet
1213 710 1419 759 falsorum,
1440 717 1556 759 prout
1573 710 1789 759 sequentia,

85 770 263 821 quamvis
291 770 405 819 longo
434 778 614 819 tempore,
643 769 918 819 probaverunt,
948 769 1117 820 capitur,
1139 769 1367 819 diutiusque
1386 769 1461 806 sub
1489 768 1654 806 carceris
1681 777 1788 806 arcta

84 829 273 877 custodia,
296 829 414 867 etiam
436 830 480 867 de
502 829 696 866 voluntate
716 828 864 866 summi
885 829 1102 879 pontificis,
1125 836 1242 879 prout
1261 828 1470 878 serebatur,
1494 827 1664 865 maxime
1685 836 1786 877 post-

85 903 202 939 quam
220 889 272 926 ad
288 888 375 938 ejus
394 888 575 926 notitiam
593 887 749 925 testium
770 888 948 938 ipsorum
965 888 1140 938 pervenit
1158 887 1362 938 depositio,
1383 887 1586 925 detinetur.
1611 887 1715 925 Item
1734 887 1786 924 ad

84 962 238 992 annum
265 947 514 986 MCCCXIII
553 947 596 997 [t.
623 962 648 994 1,
674 962 714 997 p.
740 946 841 997 400]
873 963 880 985 :
915 947 1164 985 Guichardus
1202 946 1404 984 Trecensis
1428 945 1649 997 episcopus,
1676 960 1787 996 quem

83 1020 203 1058 super
222 1006 496 1057 procuratione
518 1006 653 1044 mortis
664 1007 860 1056 quondam
882 1006 1041 1056 reginae
1055 1006 1264 1044 Johannae
1279 1005 1643 1056 juissesuspectum
1663 1020 1788 1055 supra

84 1066 308 1114 retulimus;
333 1081 403 1116 per
426 1065 706 1115 consessionem
731 1066 939 1115 cujusdam
955 1065 1169 1103 Lombardi
1193 1065 1423 1115 cognomine
1441 1065 1573 1111 Nosle,
1600 1064 1787 1102 Parisius

83 1126 136 1163 ad
157 1133 315 1163 mortem
336 1125 506 1175 judicati
529 1139 599 1175 pro
622 1139 693 1162 suo
716 1125 881 1162 crimine
904 1133 937 1162 et
958 1125 1158 1175 suspensi,
1185 1124 1374 1163 innoxius
1397 1132 1451 1162 est
1474 1131 1659 1174 repertus.
1686 1123 1789 1162 Vide

84 1184 299 1223 Nicolaum
314 1184 546 1230 Bertrandi,
561 1184 620 1221 De
636 1183 754 1233 gestis
772 1184 1070 1231 Tolosanorum,
1088 1183 1155 1222 fol.
1173 1183 1235 1222 36.

136 1244 180 1282 Ρ.
213 1244 274 1291 13,
303 1243 370 1294 lig.
401 1243 463 1282 30.
498 1244 791 1281 INvocAT10NE
823 1243 1085 1290 daemonum,
1114 1243 1156 1281 id
1196 1250 1258 1281 est
1287 1241 1502 1292 sortilegiS,
1533 1250 1580 1279 ut
1609 1241 1787 1292 explicat

83 1303 347 1341 continuator
381 1302 544 1353 Nangii,
579 1316 683 1353 quae
716 1302 1018 1353 interpretatio,
1048 1301 1201 1352 alioqui
1233 1316 1316 1340 non
1337 1301 1564 1339 admodum
1598 1300 1788 1348 difficilis,

82 1362 351 1401 confirmatur
384 1361 634 1401 auctoritate
656 1362 791 1400 bullae
826 1361 1044 1400 Clementis
1080 1361 1128 1408 V,
1163 1362 1287 1412 paulo
1312 1369 1408 1399 ante
1442 1361 1648 1398 laudatae.
1686 1360 1788 1398 Vide

83 1414 297 1460 Nicolaum
321 1420 524 1471 Eymerici
545 1420 587 1458 in
609 1421 786 1459 secunda
803 1429 920 1472 parte
934 1420 1146 1458 Directorii
1169 1419 1470 1470 Inquisitorum‚
1491 1427 1648 1470 quaest.
1674 1434 1788 1466 xmn,

80 1495 120 1532 p.
142 1480 231 1520 235.

134 1540 178 1579 P.
215 1539 277 1588 15,
311 1539 377 1590 lig.
415 1539 449 1578 1.
498 1539 798 1577 INDULGENTIA
835 1554 999 1577 MAGNA.
1043 1538 1315 1578 Continuator
1343 1537 1493 1588 Nangii
1535 1538 1587 1576 ad
1632 1552 1786 1576 annum

82 1598 326 1638 MCCCVIII
356 1599 401 1651 [t.
426 1613 454 1646 1,
480 1614 519 1650 p.
547 1597 647 1649 371]
669 1615 676 1637 ε
701 1598 949 1648 indulgentia
965 1613 1112 1648 magna
1126 1597 1141 1621 2
1162 1598 1284 1646 valde,
1301 1612 1398 1648 quae
1418 1612 1443 1635 a
1460 1597 1653 1635 Clemente
1678 1612 1787 1647 papa

81 1672 187 1696 anno
218 1651 476 1709 praecedenti,
498 1659 592 1696 dum
623 1666 720 1696 esset
743 1657 933 1706 Pictavis,
966 1656 1313 1708 transfretantibus
1346 1657 1403 1695 vel
1429 1656 1642 1707 pecuniam
1672 1670 1788 1693 suam

82 1717 343 1767 largientibus
369 1717 412 1755 in
426 1717 654 1755 subsidium
672 1718 813 1755 Terrae
836 1718 1002 1756 Sanctae
1022 1731 1202 1755 concessa
1219 1724 1311 1764 erat,
1329 1715 1444 1766 cujus
1457 1724 1705 1762 executorem,
1731 1715 1790 1752 vel

82 1785 312 1827 receptorem
347 1777 581 1826 magistrum
614 1776 841 1827 Hospitalis
875 1776 1190 1814 transmarinum
1223 1775 1486 1823 constituerat,
1522 1789 1590 1825 per
1623 1789 1788 1824 regnum

82 1835 279 1874 Franciae
303 1836 550 1886 publicatur;
571 1836 794 1886 jactumque
817 1844 872 1873 est
904 1843 946 1873 ut
967 1835 1010 1873 in
1042 1835 1201 1873 ecclesia
1232 1835 1377 1873 Beatae
1407 1834 1568 1872 Mariae
1600 1833 1789 1871 Parisius

82 1902 116 1933 et
130 1909 228 1945 pene
247 1895 290 1933 in
305 1895 490 1933 omnibus
506 1895 600 1933 aliis
617 1895 729 1945 regni
746 1894 917 1933 ecclesiis
933 1902 1194 1932 statuerentur
1211 1894 1493 1944 gazophylacia
1508 1894 1560 1931 ad
1575 1893 1788 1943 pecuniam

82 1955 346 2004 reponendam
368 1969 465 2004 quae
488 1954 570 1992 illic
586 1969 610 1992 a
631 1954 829 1992 devotione
849 1954 1004 2004 populi,
1027 1954 1192 1992 durante
1213 1954 1417 1991 dumtaxat
1432 1953 1501 1990 illa
1525 1952 1786 2001 indulgentia,

83 2013 256 2051 videlicet
289 2028 409 2064 usque
441 2014 494 2052 ad
524 2013 841 2064 quinquennium
874 2013 1101 2063 deferretur,·
1141 2013 1183 2050 in
1216 2012 1360 2063 quibus
1393 2011 1520 2059 multi,
1557 2011 1599 2049 in
1631 2010 1786 2049 exordio

85 2072 370 2122 publicationis
387 2072 612 2124 praecipue,
632 2073 757 2111 multa
775 2072 1004 2110 dicebantur
1022 2072 1189 2111 misisse.

137 2131 180 2170 P.
204 2131 266 2179 15,
287 2131 354 2182 lig.
376 2132 412 2170 8.
436 2132 794 2171 PREDICATORUM.
817 2131 1002 2170 Clement
1022 2131 1056 2169 V
1076 2130 1236 2178 habita,
1257 2145 1307 2169 en
1329 2130 1439 2177 effet,
1460 2131 1495 2168 le
1518 2136 1695 2167 couvent
1715 2128 1783 2166 des

86 2189 223 2229 Freres
261 2191 482 2229 Precheurs
519 2194 571 2229 ou
605 2191 633 2228 il
668 2191 801 2229 tenait
828 2189 1065 2229 consistoire
1103 2190 1145 2228 in
1180 2190 1275 2228 aula
1304 2189 1483 2239 inferiori
1521 2188 1709 2238 (Cle‘ment
1740 2186 1787 2234 V,

84 2263 124 2287 n.
151 2249 272 2297 6318;
297 2249 387 2288 voir
411 2250 520 2288 aussi
544 2265 583 2288 n.
607 2250 710 2289 6316
734 2257 774 2288 et
797 2250 840 2288 P.
868 2250 920 2288 M.
946 2250 1239 2299 Baumgarten,
1271 2248 1395 2287 Ueber
1418 2248 1547 2296 einige
1570 2246 1790 2297 papstliche

85 2308 404 2347 Kanzleibearnte
435 2310 500 2347 des
531 2309 583 2347 13
617 2310 699 2347 und
721 2309 774 2347 14
808 2309 1109 2356 Jahrhunderts,
1136 2308 1237 2346 dans
1271 2308 1461 2357 Festgabe
1494 2307 1544 2349 A,
1578 2307 1622 2343 de
1655 2305 1785 2352 VVaal,

85 2367 297 2419 Fribourg,
319 2368 433 2416 1913,
452 2383 492 2419 p.
513 2368 593 2419 96).
614 2369 867 2420 Cependant,
881 2383 931 2407 en
950 2368 1163 2407 decembre
1177 2367 1291 2415 1310,
1310 2366 1339 2405 il
1355 2366 1412 2404 lui
1431 2365 1588 2416 prefera
1607 2363 1784 2402 l'eveche

85 2425 154 2476 qui
171 2426 228 2465 lui
246 2426 465 2478 paraissait
482 2429 692 2478 presenter
709 2427 800 2478 plus
820 2427 869 2466 de
888 2426 1093 2478 garanties
1112 2440 1216 2478 pour
1234 2440 1278 2464 sa
1297 2439 1444 2476 propre
1464 2423 1648 2462 securite.
1669 2423 1786 2472 Papa

83 2485 281 2524 Avinioni
308 2501 388 2525 non
414 2486 610 2525 descendit
636 2486 679 2524 in
705 2487 817 2525 domo
843 2485 1153 2534 Predicatorum‚
1183 2485 1226 2524 in
1251 2499 1329 2535 qua
1354 2483 1500 2522 morari
1526 2489 1787 2528 consueverat,

35 2694 39 2698 ,
131 2653 164 2686 1.
191 2652 392 2686 L'histoire
419 2653 469 2685 du
495 2655 625 2696 proces
652 2664 673 2686 a
698 2655 757 2687 ete
783 2653 896 2686 ecrite
923 2664 991 2696 par
1016 2652 1060 2685 A.
1089 2651 1246 2694 Rigault
1274 2649 1337 2693 (Le
1361 2649 1492 2682 Proces
1518 2649 1558 2681 de
1590 2647 1785 2686 Guichard,

81 2703 209 2749 totque
228 2703 271 2738 de
292 2704 438 2748 Troyes,
464 2706 581 2746 Paris,
605 2706 728 2750 1896).
752 2705 829 2739 J’ai
851 2708 1014 2750 naguere
1038 2704 1165 2749 publie
1195 2715 1248 2736 un
1271 2703 1476 2736 document
1499 2701 1711 2744 important
1724 2711 1786 2732 sur

82 2764 182 2792 cette
199 2758 329 2792 affaire
350 2758 555 2802 (Guichard
571 2760 612 2792 de
630 2760 765 2803 Troyes
781 2764 812 2792 et
828 2759 878 2792 les
893 2759 1108 2792 revelation-s·
1125 2758 1166 2790 de
1183 2756 1218 2790 la
1231 2756 1383 2789 sorciere
1397 2755 1437 2788 cle
1446 2754 1678 2796 Bourdenay,
1694 2754 1785 2785 dans

82 2810 132 2844 Le
154 2811 292 2855 Moyen
312 2812 404 2855 Age,
427 2812 519 2846 serie
545 2813 617 2853 III,
641 2819 668 2846 t.
693 2825 747 2845 ΧΠ
773 2812 909 2856 (1908),
933 2824 968 2856 p.
993 2810 1181 2854 310-316).
1207 2808 1399 2843 Guiehard
1421 2819 1466 2841 ne
1489 2813 1643 2839 mourut
1667 2818 1732 2849 pas
1755 2806 1785 2838 le

85 2864 129 2897 22
140 2865 290 2909 janvier
301 2865 408 2906 1317,
423 2877 568 2899 comme
580 2866 630 2899 l’a
643 2878 708 2899 cru
720 2866 764 2899 A.
781 2865 938 2909 Rigault
954 2865 1024 2908 (op.
1039 2865 1111 2904 cit.,
1126 2875 1161 2907 p.
1178 2862 1258 2906 225)
1273 2875 1280 2902 ;
1294 2862 1317 2894 il
1331 2868 1388 2894 est
1405 2861 1477 2894 cite
1491 2872 1635 2893 comme
1650 2859 1785 2893 decede

84 2928 129 2950 en
152 2917 251 2951 curie
273 2918 305 2951 le
329 2919 349 2951 2
370 2918 520 2962 janvier
540 2919 745 2963 precedent
770 2919 928 2963 (Mollat,
952 2930 988 2951 n.
1013 2916 1135 2960 2411).
1159 2915 1250 2948 Voir
1271 2927 1334 2948 sur
1355 2915 1387 2947 le
1411 2915 1531 2947 meme
1554 2922 1789 2957 personnage

85 2970 245 3005 Clement
261 2971 305 3011 V,
320 2983 356 3005 n.
372 2972 466 3005 1642
481 2978 519 3005 et
533 2972 624 3006 6591
638 2985 645 3011 ;
661 2972 806 3011 Mollat‚
821 2984 857 3005 n.
874 2972 980 3010 2102,
997 2971 1103 3009 2413,
1118 2970 1230 3008 38333
1247 2967 1402 3007 Coulon,
1418 2978 1453 3000 n.
1471 2966 1539 3000 239
1554 2972 1592 2999 et
1606 2966 1688 2999 914.

134 3022 166 3056 2.
183 3021 343 3056 θὶέιηεηί
360 3022 403 3064 V,
420 3034 456 3057 n.
474 3023 579 3064 2981,
596 3023 814 3064 2986-2988,
833 3022 937 3063 2990,
955 3021 1060 3062 2992,
1078 3020 1182 3061 2996,
1200 3019 1304 3059 2997,
1321 3018 1426 3053 3010.
