2083 3458
60 152 183 208 [⁸578]
488 201 492 204 ι
591 167 808 192 PAPARUM
842 161 1228 192 AVENIONENSIUM
1702 150 1754 191 37

49 251 226 289 maxime
244 249 436 289 inclaruit
454 249 496 288 in
515 249 794 288 controversia
814 264 918 299 quae
938 262 1041 286 aevo
1060 245 1264 285 Bonifacii
1282 246 1386 283 VIII
1407 254 1549 284 exorta
1569 255 1630 284 est
1648 247 1754 286 inter

49 310 258 360 episcopos
279 317 320 347 et
341 308 500 347 ordines
522 308 698 346 fratrum
718 307 1045 347 mendicantium
1066 305 1276 344 occasione
1297 304 1605 355 privilegiorum
1626 306 1680 344 eis
1702 308 1753 345 ab

48 368 248 420 postolica
271 368 372 406 Sede
395 382 695 414 concessorum,
718 376 765 405 ut
792 375 910 418 patet
935 381 986 405 ex
1002 364 1140 404 codice
1162 363 1267 402 3266
1290 363 1565 402 bibliothecae
1591 365 1752 403 Colber-

49 427 174 466 tinae.
196 428 329 475 Quare
348 426 498 464 mirum
516 426 647 464 videri
665 441 747 464 non
766 427 889 465 debet
908 425 1018 476 quod
1033 424 1075 462 in
1093 423 1307 474 epitaphio
1327 422 1413 472 ejus
1429 423 1678 461 adnotatum
1692 433 1752 462 est

48 487 163 524 illum
201 486 323 524 fuisse
361 500 518 523 summe
557 485 776 532 famosum,
815 485 1054 531 facundum,
1093 491 1134 521 et
1170 481 1439 532 ingeniosum,
1478 482 1594 532 eique
1633 498 1752 521 curae

49 545 171 584 fuisse
194 544 466 583 ecclesiastica
488 544 580 594 jura
603 544 762 594 integra
786 559 960 583 servare.
986 543 1156 581 Viderat
1180 541 1357 579 Mathias
1383 541 1542 579 Flacius
1570 542 1751 591 Illyricus

48 605 227 655 aliquem
255 603 435 642 codicem
463 603 557 642 huic
586 603 819 642 Colbertino
847 604 957 641 haud
986 601 1228 648 absimilem,
1256 600 1319 637 uti
1346 607 1465 650 patet
1492 615 1541 638 ex
1567 600 1615 638 iis
1649 615 1752 651 quae

47 663 132 714 ipse
153 663 196 701 in
217 663 404 712 Catalogo
426 663 582 700 testium
604 663 778 701 veritatis
808 663 861 712 [p.
886 662 985 712 450]
1009 661 1132 700 refert
1154 675 1205 698 ex
1227 658 1448 698 Godefrido
1468 660 1516 697 de
1541 660 1749 701 Fontanis.

50 722 287 761 Guillelmus
318 730 457 760 autem
488 730 576 760 erat
607 721 824 760 canonicus
856 721 1045 759 ecclesiae
1087 718 1321 758 parisiensis
1353 726 1449 757 ante
1480 733 1605 768 quam
1638 720 1752 758 fieret

49 781 260 832 episcopus
280 780 564 819 Ambianensis
583 781 608 819 1.

102 841 145 879 P.
169 840 205 887 2,
227 841 293 890 lig.
327 840 388 878 20.
423 840 585 878 Murus
619 854 725 878 ALIIS
746 839 853 877 inter
886 854 987 889 quos
1010 838 1274 877 continuator
1305 836 1455 886 Nangii
1491 836 1546 886 [in
1582 845 1694 875 tomo
1724 852 1750 885 1,

47 914 88 950 p.
120 899 210 949 348]
244 907 434 937 numerat
464 899 708 949 magistrum
738 899 1013 936 Bertrandum
1037 898 1085 936 de
1107 897 1257 936 Sancto
1285 895 1482 945 Dionysio
1513 896 1750 946 episcopum

48 958 380 997 Aurelianensem
398 958 425 997 2.
465 959 510 996 In
543 958 686 996 eodem
721 957 910 996 chronico
944 956 1100 995 nomini
1134 955 1338 995 Guillelmi
1372 955 1551 1006 episcopi
1585 955 1751 993 Ambia-

47 1017 180 1056 nensis
201 1017 367 1055 additur
387 1018 532 1055 titulus
551 1017 729 1055 Doctoris
764 1017 807 1055 in
824 1017 912 1067 jure
938 1016 1138 1063 canonico,
1159 1030 1231 1066 pro
1253 1029 1333 1065 quo
1364 1014 1406 1052 in
1427 1014 1607 1064 margine
1629 1014 1751 1065 scrip-

48 1085 138 1114 tum
166 1085 227 1115 est
251 1077 475 1123 Doctorum,
504 1084 706 1127 tanquam
734 1075 766 1114 si
793 1076 919 1114 verba
947 1075 1014 1113 illa
1043 1090 1126 1113 non
1152 1074 1406 1125 pertinerent
1433 1074 1485 1112 ad
1514 1074 1750 1124 episcopum

46 1136 365 1174 Ambianensem
382 1135 410 1174 3.
441 1136 518 1174 Sed
546 1136 656 1174 hunc
684 1143 825 1173 tamen
854 1135 976 1173 fuisse
1006 1135 1217 1172 doctorem
1244 1133 1286 1171 in
1313 1133 1402 1183 jure
1426 1133 1621 1171 canonico
1650 1133 1750 1172 satis

48 1203 222 1234 constat.
252 1195 295 1233 Id
319 1195 426 1233 enim
450 1194 598 1233 diserte
622 1195 821 1245 scriptum
844 1202 906 1232 est
928 1194 969 1231 in
993 1193 1079 1243 ejus
1103 1192 1328 1244 epitaphio.
1355 1193 1409 1230 Et
1433 1192 1678 1230 Godefridus
1701 1192 1750 1231 de

50 1254 245 1292 Fontanis
264 1254 279 1276 4
309 1269 401 1292 eum
433 1262 556 1292 vocat
587 1254 816 1291 maximum
845 1253 1038 1303 juristam
1069 1253 1179 1302 apud
1211 1251 1412 1290 Mathiam
1445 1251 1627 1289 Flacium
1659 1252 1750 1301 Illy-

46 1313 174 1351 ricum
195 1313 238 1352 in
258 1313 445 1362 Catalogo
467 1313 622 1351 testium
643 1313 817 1351 veritatis
850 1313 861 1363 [
882 1328 921 1363 p.
945 1312 1060 1362 450]
1086 1311 1270 1361 Sumpsit
1291 1319 1431 1349 autem
1468 1311 1750 1360 conjecturam

48 1387 164 1410 suam
190 1372 435 1411 clarissimus
472 1372 605 1411 editor
629 1372 753 1422 hujus
780 1371 959 1410 chronici
985 1386 1035 1409 ex
1069 1371 1241 1408 historia
1293 1370 1582 1416 eucharistiae3
1635 1369 1751 1419 cujus

47 1440 190 1470 auctor
216 1446 266 1470 ex
291 1432 368 1470 hoc
395 1431 639 1481 fragmento,
667 1431 738 1469 uhi
765 1432 962 1469 doctorum
991 1431 1033 1468 in
1058 1430 1146 1480 jure
1173 1430 1360 1467 canonico
1387 1429 1562 1479 scripsit,
1592 1429 1753 1478 collegit

48 1490 292 1541 professores
324 1505 486 1540 quoque
518 1490 763 1529 Parisienses
792 1490 893 1539 juris
925 1489 1110 1528 canonici
1140 1497 1309 1527 vocatos
1342 1488 1465 1526 fuisse
1496 1489 1548 1526 ad
1579 1503 1753 1526 examen

48 1550 158 1588 istud
180 1564 261 1588 una
284 1564 377 1588 cum
398 1550 603 1600 magistris
626 1550 879 1599 theologicae
902 1548 1127 1588 facultatis.

102 1609 144 1647 P.
168 1609 203 1656 2,
224 1609 291 1659 lig.
315 1609 376 1647 22.
410 1610 474 1646 AD
509 1624 669 1647 CURIAM
709 1623 924 1647 romanam
947 1624 954 1646 :
977 1608 1061 1655 ubi,
1093 1607 1345 1645 auditoribus
1375 1607 1455 1644 sibi
1477 1607 1592 1653 datis,
1614 1614 1662 1643 ut
1692 1606 1752 1645 ait

49 1668 314 1707 continuator
333 1668 496 1719 Nangii‚
519 1668 659 1718 infecto
678 1668 831 1717 negotio
849 1669 894 1706 de
912 1667 1038 1705 medio
1056 1667 1237 1704 sublatus
1255 1675 1310 1704 est
1336 1667 1390 1716 [p.
1410 1666 1486 1704 348
1499 1665 1526 1716 ].
1560 1666 1664 1704 Sunt
1683 1665 1753 1715 qui

47 1735 200 1777 putant
221 1727 309 1766 heic
330 1742 402 1778 per
422 1742 636 1765 romanam
659 1727 815 1765 curiam
836 1726 1010 1776 intelligi
1031 1726 1163 1776 ipsam
1185 1726 1329 1764 urbem
1354 1726 1543 1772 Romam,
1567 1739 1670 1775 quae
1693 1732 1754 1763 est

48 1787 160 1824 sedes
178 1786 302 1834 Petri,
319 1801 365 1825 ac
381 1794 597 1837 propterea
615 1794 780 1825 censent
796 1787 904 1824 hunc
922 1787 1125 1824 ,Ioannem
1144 1786 1319 1823 Romam
1336 1784 1580 1835 profectum,
1600 1784 1754 1821 Romae

49 1845 205 1884 obiisse.
235 1846 385 1884 Verum
408 1846 510 1884 alius
539 1854 600 1884 est
629 1846 794 1884 omnino
822 1846 968 1883 horum
990 1845 1209 1883 verborum
1237 1859 1390 1882 sensus.
1423 1844 1609 1881 Romana
1639 1843 1748 1881 curia

48 1912 109 1942 est
135 1904 382 1955 ubicumque
411 1919 519 1955 papa
544 1913 617 1943 est.
647 1906 751 1942 Tum
777 1919 873 1943 vero
898 1904 1094 1954 temporis
1124 1918 1232 1954 papa
1261 1918 1344 1942 non
1369 1911 1456 1941 erat
1484 1903 1652 1948 Romae,
1679 1902 1747 1940 sed

47 1963 311 2014 Burdegalae.
346 1964 407 2002 Ibi
442 1979 535 2014 ergo
576 1964 722 2002 obiisse
758 1965 961 2002 Joannem
989 1971 1168 2001 testatur
1196 1971 1341 2001 auctor
1368 1962 1479 2000 omni
1507 1961 1747 2011 exceptione

48 2022 179 2072 major
200 2024 431 2061 Bernardus
460 2023 657 2062 Guidonis
684 2023 726 2061 in
752 2023 1034 2061 additionibus
1068 2022 1120 2060 ad
1151 2022 1302 2060 librum
1329 2021 1528 2072 Stephani
1559 2021 1606 2059 de
1638 2020 1748 2058 Sala-

48 2095 174 2131 gnaco
201 2083 248 2120 de
275 2082 452 2120 exordiis
481 2082 631 2120 ordinis
660 2082 994 2121 praedicatorum
1022 2081 1083 2119 his
1110 2081 1245 2119 verbis
1286 2081 1436 2132 [Ehrle‚
1465 2080 1624 2127 Archiv,
1652 2087 1682 2117 t.
1711 2094 1754 2126 11,

97 2238 128 2271 1.
155 2238 208 2270 La
232 2238 334 2281 piece
358 2238 521 2281 signale'e
545 2250 614 2282 par
636 2238 774 2271 Baluze
797 2239 890 2271 dans
914 2239 945 2271 le
971 2239 1090 2272 codex
1115 2238 1267 2271 Colhert
1290 2236 1398 2278 3266,
1424 2236 1669 2280 aujourd'hui
1681 2246 1750 2268 ms.

46 2291 141 2324 latin
158 2289 264 2330 3120,
284 2291 308 2324 f.
327 2292 372 2324 32
388 2292 535 2331 10-34r0‚
551 2303 572 2325 a
589 2293 648 2325 ete
666 2292 814 2335 publiee
832 2303 900 2335 par
918 2292 1065 2325 Denifle
1082 2298 1120 2325 et
1138 2290 1347 2330 Chatelain,
1364 2290 1652 2329 Chartuhzrium,
1669 2295 1695 2322 t.
1712 2302 1751 2322 11.

47 2356 82 2388 p.
102 2345 224 2384 13-17,
245 2356 280 2378 n.
301 2345 382 2378 543.
400 2364 449 2367 —
466 2345 525 2378 On
542 2351 721 2378 trouvera
740 2346 803 2378 des
823 2345 957 2379 details
975 2357 1039 2378 sur
1055 2346 1090 2378 la
1108 2351 1349 2378 controverse
1369 2344 1463 2376 dont
1481 2343 1505 2375 il
1527 2343 1639 2386 s'agit
1657 2343 1750 2375 dans

44 2396 81 2429 la
101 2397 221 2430 Revue
241 2398 300 2431 des
322 2397 486 2431 Sciences
506 2398 804 2442 philosophiques
823 2404 854 2431 et
883 2399 1134 2442 tlzaeiologiques,
1166 2405 1193 2431 t.
1222 2410 1262 2431 1v
1287 2398 1421 2441 (1910),
1444 2409 1479 2440 p.
1511 2396 1681 2429 480-499.
1703 2414 1751 2419 —

48 2450 119 2484 Sur
141 2450 353 2484 Guillaume
368 2452 412 2484 de
427 2451 573 2491 Mficon,
589 2452 671 2484 voir
683 2452 904 2492 Obituaires,
919 2458 946 2486 t.
959 2465 984 2492 1,
999 2452 1120 2496 partie
1135 2453 1167 2492 1,
1183 2464 1218 2495 p.
1235 2452 1314 2484 231.

98 2505 129 2537 2.
159 2504 189 2537 Il
214 2504 299 2536 faut
324 2504 388 2537 lire
415 2505 584 2537 Bcrtaud
610 2506 654 2538 de
681 2505 925 2538 Saint-Denis
960 2518 1024 2539 sur
1048 2505 1171 2549 lequel
1196 2517 1244 2537 on
1271 2510 1361 2547 peut
1383 2503 1573 2536 consulter
1595 2502 1749 2545 Digard,

48 2568 83 2590 n.
102 2558 183 2597 860,
200 2558 294 2590 3305
311 2564 349 2590 et
364 2558 476 2597 3567;
496 2558 643 2591 Denisse
660 2565 697 2591 et
714 2558 923 2599 Chatelain,
942 2559 1230 2597 Chartularium,
1249 2564 1275 2590 t.
1292 2569 1330 2595 11,
1349 2557 1369 2588 a
1384 2556 1543 2595 l’index;
1558 2555 1748 2595 Glorieux‚

47 2610 103 2643 La
120 2611 317 2644 litterature
334 2611 609 2655 ᾳιιοάῖίόἑίίᾳαε,
630 2624 665 2655 p.
687 2613 858 2652 105-106,
880 2613 944 2656 qui
963 2612 1104 2656 signale
1123 2623 1175 2644 un
1198 2610 1380 2654 quodlibet
1396 2609 1528 2648 incdit,
1547 2608 1697 2652 dispute
1716 2608 1748 2641 le

51 2664 70 2696 5
86 2675 185 2696 mars
201 2665 306 2697 1282.

96 2718 128 2750 3.
151 2717 204 2749 La
222 2717 329 2759 locon
348 2718 530 2750 doctorum
548 2724 605 2751 est
624 2718 659 2751 la
678 2718 880 2759 messleure,
901 2718 994 2751 mais
1015 2730 1054 2751 ce
1074 2718 1162 2750 titre
1183 2728 1254 2760 que
1275 2722 1385 2759 porta
1411 2715 1628 2748 reellement
1649 2714 1751 2747 Guil-

47 2769 171 2803 laume
193 2771 236 2803 de
259 2770 394 2803 Macon
414 2783 458 2803 ne
479 2771 531 2803 lui
552 2777 609 2804 est
630 2783 696 2815 pas
719 2772 897 2815 applique
919 2784 987 2815 par
1006 2772 1037 2804 le
1060 2770 1323 2813 chroniqueur.
1349 2769 1378 2800 Il
1399 2768 1510 2811 s'agit
1530 2767 1576 2800 ici
1599 2768 1642 2799 de
1665 2768 1752 2800 doc-

48 2829 149 2856 teurs
177 2835 223 2856 en
251 2823 351 2856 droit
378 2824 588 2867 canonique
617 2825 680 2868 qui
708 2825 835 2858 furent
863 2826 975 2858 meles
1004 2825 1024 2856 a
1051 2825 1087 2857 la
1114 2830 1367 2860 controverse‚
1396 2832 1541 2854 comme
1568 2821 1750 2864 l’indique

50 2875 213 2909 Mathias
243 2877 397 2909 Flaccus
427 2877 609 2920 Illyricus.

99 2928 132 2962 4.
157 2929 206 2962 Le
229 2930 321 2963 recit
344 2930 388 2963 de
412 2930 617 2963 Godefroid
640 2931 684 2964 de
709 2931 913 2964 Fontaines
937 2942 956 2963 a
979 2932 1037 2964 ete
1061 2929 1187 2973 publie
1218 2940 1286 2971 par
1310 2927 1455 2960 Denisse
1479 2932 1517 2959 et
1540 2926 1749 2966 Chatelain,

51 2981 338 3023 Chartularium,
359 2989 386 3016 t.
405 2996 443 3023 11,
464 2995 499 3027 p.
521 2984 618 3024 8-11,
640 2996 674 3017 n.
697 2985 777 3018 539.
794 3003 842 3007 ——
860 2983 931 3017 Sur
950 2982 1155 3016 Godefroid
1176 2982 1256 3014 voir
1275 2978 1465 3020 Glorieux‚
1480 2980 1537 3012 La
1554 2979 1752 3013 litterature

51 3036 325 3079 quodlibetique‚
341 3048 376 3080 p.
393 3037 564 3070 148-168.
