2083 3458
96 156 220 211 [767]
623 172 839 198 PAPARUM
875 172 1260 198 AVENIONENsmM
1700 157 1782 199 269

81 255 249 294 vacavit
273 254 452 293 Ecclesia
476 254 688 302 Toletana,
717 255 780 294 cui
811 263 903 293 tum
932 254 1164 306 praefectus
1184 255 1197 277 1
1221 262 1282 293 est
1305 269 1327 293 a
1349 255 1573 294 Benedicto
1599 255 1684 293 XII
1718 255 1780 295 vir

80 313 362 353 celeberrimus
404 312 595 363 Aegidius
637 313 916 353 Albornotius.
959 313 1230 364 Praecipuum
1270 321 1411 352 autem
1450 314 1684 364 adjutorem
1724 315 1782 353 illi

80 372 202 411 fuisse
226 373 335 411 hunc
360 373 529 410 Petrum
553 371 789 422 episcopum
815 372 1080 411 Sabinensem
1103 380 1283 411 testatur
1308 372 1490 411 Clemens
1516 373 1587 421 VI,
1612 373 1655 411 in
1680 374 1781 424 epis-

79 431 163 469 tola
188 445 297 469 CXLV
316 430 409 469 libri
431 430 568 481 quarti
590 430 642 468 ad
664 445 757 469 eum
780 431 890 480 data,
913 432 974 470 his
992 432 1151 470 verbis:
1174 431 1348 482 quodque
1369 439 1402 469 te
1418 431 1584 482 prefatis
1599 432 1781 470 cardina-

77 490 196 538 libus,
216 490 282 540 qui
298 489 472 540 ejusdem
494 489 663 527 Ecclesie
680 490 853 528 membra
868 499 961 529 sunt
976 490 1226 528 honorabilia
1239 499 1273 529 et
1289 490 1492 540 presertim
1508 491 1781 540 prenominato

78 549 273 599 episcopo,
291 548 371 598 qui,
388 556 428 586 ut
446 548 721 596 intelleximus,
735 549 778 586 in
794 557 862 587 tua
875 549 1116 599 promotione
1132 557 1223 588 tuus
1237 549 1361 587 extitit
1376 549 1562 599 specialis
1572 557 1781 600 promotor,

80 622 266 657 magnam
290 607 467 645 exhibere
491 607 632 645 teneris
657 607 922 656 reverentiam,
949 616 1025 647 etc.

132 667 250 704 Anno
276 666 491 704 MCCCXL
514 666 709 704 fundavit
725 666 1050 705 anniversarium
1066 667 1109 705 in
1127 666 1306 706 Ecclesia
1327 667 1578 718 Hispalensi3
1602 667 1781 706 Didacus

79 725 192 763 Ortiz
221 725 269 763 de
299 725 453 776 Zuniga
481 724 524 763 in
551 725 784 763 Annalibus
811 725 1126 776 Hispalensibus
1166 726 1219 776 [p.
1252 725 1364 777 197].

131 784 249 822 Anno
272 783 436 822 Domini
457 784 709 831 MCCCXLI,
731 783 852 822 datus
873 784 952 822 fuit
972 785 1136 824 auditor
1156 785 1371 824 Francisco
1392 785 1440 823 de
1462 785 1609 823 Esculo
1630 785 1781 824 ordinis

79 843 283 881 Minorum
314 842 383 893 qui
412 842 602 881 addictus
633 842 768 881 fuerat
797 843 984 893 partibus
1016 843 1215 889 Ludovici
1243 844 1393 882 Bavari
1423 851 1464 882 et
1495 844 1701 882 Michaelis
1733 844 1781 883 de

79 902 269 950 Caesena,
298 901 391 940 vide
417 901 486 940 lib.
520 901 559 939 II
588 901 878 940 Miscellaneor.
908 909 1082 941 nostror
1090 917 1164 953 ,.p
1195 902 1282 941 281.

132 961 311 999 Joannes
337 960 551 1008 Villanius,
574 960 642 999 lib.
672 960 771 1008 XII,
791 975 879 1011 cap.
902 975 983 998 Lvn
1009 961 1237 1011 [Muratori,
1257 970 1287 1000 t.
1311 976 1396 1009 X111,
1418 962 1491 1000 col.
1511 962 1622 1012 936],
1640 962 1780 1000 illius2

80 1019 280 1067 meminit,
304 1027 346 1058 et
368 1034 419 1058 ex
441 1033 486 1058 eo
508 1019 820 1069 Boninsegnius,
843 1034 882 1070 p.
908 1019 996 1058 368.

134 1078 233 1128 Ejus
262 1093 387 1128 nepos
406 1078 421 1100 3
448 1078 570 1117 fuisse
598 1078 764 1117 videtur
792 1078 937 1117 Petrus
967 1079 1145 1117 Gometii
1173 1079 1222 1117 de
1249 1080 1436 1127 Barroso,
1476 1094 1596 1129 quem
1635 1080 1782 1130 Grego-

78 1137 160 1176 rius
180 1137 241 1175 XI
260 1137 357 1176 fecit
375 1137 636 1176 cardinalem.
659 1137 764 1176 Item
782 1137 948 1176 Garcias
968 1137 1172 1176 Fernandi
1190 1138 1238 1176 de
1255 1138 1429 1176 Barroso
1447 1139 1574 1187 miles,
1592 1153 1712 1188 quem
1731 1139 1782 1177 ab

78 1196 247 1234 Alfonso
270 1211 360 1246 rege
385 1196 582 1235 Castellae
612 1197 782 1235 missum
809 1211 893 1235 esse
928 1196 980 1234 ad
1009 1197 1260 1235 Clementem
1283 1197 1341 1234 VI
1372 1204 1552 1236 testatur
1581 1197 1666 1248 ipse
1699 1198 1783 1236 Cle-

78 1269 204 1303 mens,
234 1254 304 1294 lib.
340 1255 408 1303 IV,
439 1255 557 1306 epist.
591 1269 777 1296 CLXXXV.

130 1314 173 1353 P.
205 1313 293 1362 167,
321 1314 387 1364 lig.
417 1313 453 1353 9.
485 1314 729 1352 -JOHANNEM
760 1328 815 1352 DE
845 1315 1098 1363 COLUMPNA,
1124 1322 1260 1352 ortum
1279 1328 1330 1353 ex
1352 1314 1545 1365 primaria
1566 1315 1783 1356 nobilitate

80 1373 280 1421 Romana,
309 1373 456 1421 virum,
485 1380 533 1410 ut
559 1381 733 1424 apparet
759 1388 810 1412 eX
833 1373 1014 1424 epistolis
1034 1374 1293 1422 Petrarchae,
1317 1387 1560 1424 magnarum
1579 1375 1784 1413 virtutum

77 1446 401 1482 magnorumque
441 1432 694 1471 meritorum.
729 1432 835 1470 Eum
874 1432 983 1471 idem
1015 1433 1250 1480 petrarcha,
1281 1432 1350 1471 lib.
1384 1433 1488 1470 VIII
1520 1433 1608 1473 Rer.
1639 1433 1783 1483 famil„

76 1491 194 1541 epist.
216 1506 243 1539 1,
267 1499 390 1529 vocat
411 1491 620 1529 hominem
642 1505 779 1530 sacrae
802 1491 1036 1539 memoriae,
1051 1491 1238 1529 Romani
1261 1491 1382 1530 decus
1406 1491 1581 1531 cardinis
1604 1500 1645 1530 et
1667 1492 1784 1531 fami-

75 1550 152 1589 liae
175 1550 455 1588 Columnensis
477 1549 716 1600 principem,
739 1550 807 1589 lib.
834 1550 934 1588 XIV
955 1551 1044 1589 Rer.
1063 1550 1192 1599 senil„
1211 1550 1328 1601 epist.
1348 1565 1403 1598 lv,
1427 1551 1562 1589 virum
1581 1551 1784 1601 optimum

76 1617 201 1659 atque
221 1609 615 1648 innocentissimum.
639 1609 702 1647 Ad
723 1624 815 1648 eum
834 1617 1047 1660 praeterea
1067 1609 1229 1660 scripsit
1249 1610 1382 1660 plures
1404 1610 1611 1660 epistolas,
1632 1611 1784 1661 praeci-

76 1682 154 1718 pue
181 1682 291 1716 vero,
318 1668 386 1706 lib.
416 1668 496 1705 VII
524 1668 612 1707 Rer.
640 1668 784 1717 famil„
812 1669 930 1719 epist.
960 1683 1045 1717 X111,
1073 1668 1115 1706 in
1142 1683 1223 1719 qua
1250 1668 1471 1719 profitetur
1497 1683 1537 1707 se
1562 1669 1620 1708 illi
1648 1668 1783 1708 omnia

75 1727 235 1775 debere,
262 1726 469 1776 ingenium
491 1726 649 1776 scilicet,
673 1727 822 1777 inquit,
847 1736 881 1766 et
903 1728 1180 1777 corpusculum
1203 1727 1272 1766 hoc
1295 1727 1396 1778 quod
1414 1728 1647 1779 peregrinus
1673 1728 1784 1766 inha-

80 1786 155 1823 bito
172 1794 206 1824 et
221 1785 257 1824 si
275 1786 370 1836 quid
385 1794 631 1824 externorum
647 1786 786 1836 obtigit
806 1786 1006 1825 bonorum.
1026 1785 1162 1837 Neque
1178 1787 1285 1824 enim
1302 1787 1437 1825 minus
1453 1787 1549 1825 aula
1565 1795 1633 1825 tua
1650 1787 1785 1825 animo

77 1859 158 1882 meo
182 1844 346 1883 contulit
370 1859 487 1895 quam
512 1845 678 1896 corpori,
705 1859 822 1896 quam
843 1845 1028 1895 fortunis,
1053 1845 1137 1884 Sub
1162 1854 1195 1884 te
1221 1845 1394 1884 nutritus
1419 1860 1443 1884 a
1465 1845 1666 1896 juventute
1685 1860 1783 1895 mea,

74 1903 148 1941 sub
170 1911 202 1941 te
222 1896 360 1942 auctus
380 1912 492 1954 atque
511 1904 688 1942 eruditus
708 1918 810 1952 sum,
833 1912 1024 1954 quantum
1044 1905 1102 1943 vel
1121 1904 1465 1943 intercurrentium
1485 1919 1650 1943 casuum
1670 1904 1783 1943 mali-

78 1962 208 2011 gnitas
227 1963 284 2000 vel
303 1962 456 2012 ingenii
476 1962 722 2001 mediocritas
740 1977 862 2013 passa
879 1971 945 2002 est.
964 1963 1163 2014 Denique,
1182 1963 1251 2012 lib,
1269 1964 1350 2002 VII
1365 1964 1453 2004 Rer.
1469 1964 1599 2012 senil„
1619 1964 1738 2015 epist.
1755 1979 1782 2013 1,

76 2021 134 2059 ait
154 2021 270 2060 illum
291 2021 368 2060 sibi
389 2036 548 2072 semper
567 2022 771 2061 reverenti
793 2022 965 2072 suspirio
987 2023 1301 2061 memorandum
1322 2037 1420 2062 esse.

131 2080 250 2119 Hunc
276 2088 443 2119 tantum
467 2080 603 2119 virum
629 2081 809 2120 Joannes
837 2081 966 2119 XXII
993 2081 1213 2120 diaconum
1238 2081 1487 2121 cardinalem
1508 2082 1621 2121 tituli
1644 2081 1782 2120 Sancti

77 2139 217 2189 Angeli
241 2139 396 2178 creavit
416 2153 524 2178 anno
546 2139 868 2189 MCCCXXVII,
891 2140 939 2179 de
962 2154 1042 2190 quo
1063 2141 1163 2179 haec
1183 2141 1311 2179 habet
1332 2141 1512 2180 Joannes
1533 2140 1720 2192 Andreae
1740 2140 1782 2178 in

76 2212 164 2248 cap.
188 2198 254 2236 Ad
273 2198 540 2246 succidendos,
561 2200 619 2236 De
639 2198 853 2247 schismat„
872 2198 914 2237 in
929 2199 952 2237 6
970 2215 978 2238 :
1000 2200 1176 2237 Joannes
1196 2199 1336 2238 XXII
1354 2214 1465 2250 papa
1482 2200 1534 2238 ad
1558 2199 1781 2238 cardinala-

75 2265 158 2295 tum
186 2256 352 2306 gratiose
379 2257 571 2307 promovit
597 2258 847 2296 reverendum
875 2257 918 2296 in
945 2257 1100 2296 Christo
1126 2266 1291 2309 patrem,
1319 2272 1432 2309 quem
1458 2258 1667 2308 dignitatis
1693 2257 1781 2296 alti-

76 2316 211 2354 tudine
243 2316 510 2354 commendare
542 2331 621 2354 non
651 2317 817 2367 expedit,
851 2317 1056 2355 dominum
1090 2317 1314 2356 Johannem
1346 2325 1483 2355 natum
1510 2331 1555 2355 ex
1583 2317 1706 2355 milite
1738 2316 1782 2354 in

77 2389 150 2425 quo
173 2374 360 2413 virtutum
383 2375 484 2424 viget
504 2389 663 2413 acervus
686 2376 721 2414 d.
748 2375 957 2426 Stephano,

127 2500 158 2532 1.
188 2498 238 2532 Le
261 2499 305 2532 13
328 2498 404 2532 mai
426 2500 519 2533 1338
546 2499 886 2544 (Vida1,n.5269).

127 2553 158 2585 2.
189 2551 231 2585 G.
258 2551 487 2586 Tomassetti
510 2558 549 2585 et
573 2552 614 2586 G.
640 2552 803 2586 Biasotti
829 2552 897 2596 (La
919 2553 1052 2587 diocesi
1075 2553 1113 2587 di
1137 2552 1280 2587 Sabina
1311 2565 1377 2586 con
1400 2548 1612 2586 documenti
1637 2540 1776 2593 inediti,

81 2605 210 2645 Rome,
236 2605 342 2649 1909)
371 2611 437 2638 ont
460 2605 586 2649 publie
610 2617 662 2638 un
684 2606 894 2649 Registrum
914 2605 1184 2650 jurisdictionis
1215 2607 1445 2650 episcopatus
1469 2604 1686 2639 sabinensis
1706 2617 1778 2649 que

80 2657 200 2691 Pedro
223 2657 361 2691 Gomez
387 2658 430 2691 fit
452 2658 587 2691 etablir
609 2670 656 2692 en
677 2659 783 2699 1343,
807 2670 870 2693 car
891 2659 916 2692 il
939 2659 1072 2693 devint
1094 2661 1236 2703 eveque
1261 2659 1305 2692 de
1328 2658 1464 2692 Sabine
1488 2669 1534 2691 en
1556 2658 1648 2691 aout
1670 2658 1776 2692 1341.

78 2710 129 2744 Le
152 2710 319 2744 cardinal
340 2710 400 2744 fut
422 2711 672 2756 camerlingue
696 2712 746 2745 du
768 2711 879 2746 Sacre
902 2712 1046 2756 College
1070 2713 1121 2745 du
1143 2713 1185 2745 11
1210 2723 1309 2745 mars
1332 2712 1423 2745 1331
1449 2722 1497 2744 au
1519 2712 1539 2745 7
1562 2722 1661 2744 mars
1684 2711 1778 2745 1340

39 2770 45 2773 ’
81 2762 134 2807 (Ρ.
158 2763 206 2797 Μ.
229 2763 496 2808 Baumgarten‚
523 2764 858 2808 Untemuchungen,
880 2777 915 2809 p.
935 2765 1009 2809 Lu.)
1035 2765 1065 2798 Il
1085 2770 1239 2798 mourut
1253 2765 1285 2798 le
1306 2764 1352 2797 14
1371 2764 1495 2808 juillet
1515 2763 1608 2798 1348
1632 2763 1778 2807 (Eubel¹

78 2816 307 2857 Hierarchia‚
333 2821 358 2850 t.
379 2829 403 2857 1,
427 2829 462 2861 p.
486 2817 558 2861 16).
580 2817 656 2851 Son
673 2823 892 2857 testament‚
913 2817 977 2862 qui
1000 2818 1086 2851 date
1110 2818 1160 2850 du
1183 2818 1226 2850 26
1248 2816 1384 2850 fevrier
1404 2817 1510 2857 1348,
1528 2828 1549 2850 a
1570 2817 1629 2851 ete
1650 2816 1778 2861 publi&

78 2880 146 2913 par
169 2869 218 2903 M.
246 2869 285 2903 P.
314 2869 478 2911 Pansier,
505 2871 598 2915 dans
622 2871 789 2904 Annales
813 2870 1034 2913 d'Avignon‚
1061 2876 1088 2904 t.
1112 2881 1153 2902 1v
1180 2869 1315 2913 (1916),
1338 2881 1374 2913 p.
1401 2869 1522 2903 76-84.
1547 2888 1596 2893 —
1618 2868 1690 2903 Sur
1712 2869 1776 2911 lui,

78 2923 268 2956 consulter
292 2922 414 2963 Vidal,
442 2928 468 2956 t.
494 2935 545 2963 111,
573 2936 608 2968 p.
638 2924 723 2964 203;
752 2924 907 2967 Deprez‚
936 2922 1096 2957 Clement
1123 2922 1190 2963 VI,
1217 2934 1253 2956 n.
1278 2922 1364 2962 2343
1385 2921 1528 2965 Anglia
1547 2922 1670 2963 Sacra,
1698 2928 1724 2956 t.
1751 2935 1775 2962 1,

79 2987 113 3019 p.
143 2975 186 3009 20
213 2973 337 3019 [Bal.].

127 3029 159 3062 3.
181 3027 249 3061 Les
268 3027 441 3071 registres
459 3028 698 3072 pontificaux
715 3034 902 3062 attestent
921 3034 1019 3062 cette
1038 3028 1194 3072 parente
1217 3027 1351 3071 (Vidal,
1372 3039 1408 3062 n.
1428 3028 1510 3069 788,
1531 3027 1652 3072 4283).
