2083 3458
101 256 254 313 [1206]
629 275 845 300 PAPARUM
881 275 1264 301 AVENIONENSIUM
1716 261 1794 302 725

86 353 132 393 in
155 370 235 405 quo
258 355 496 394 nominatur
519 356 782 405 Roymnndus
805 357 849 394 de
872 356 1023 394 Βααοιό
1047 357 1090 394 de
1119 357 1294 403 Ursinis,
1321 357 1431 406 filins
1454 358 1607 396 comitis
1631 359 1796 406 Nolani,

88 415 201 452 miles
235 415 535 452 strenuissimus
570 424 700 453 sancte
736 430 894 453 romane
930 416 1113 462 Ecclesie,
1151 425 1183 453 et
1219 417 1362 454 athleta
1398 417 1547 455 Christi
1584 418 1794 456 maximus.

89 474 328 512 Guillelmus
358 474 405 512 de
435 474 571 512 Vouta
602 483 713 512 ortus
743 483 831 512 erat
859 489 909 512 ex
937 474 1209 513 illustrissima
1238 475 1336 513 item
1367 484 1485 525 gente
1516 476 1792 516 Aiidusiorum

87 532 131 570 in
158 533 370 580 Cebennis,
405 532 522 580 filius,
552 542 598 571 ut
628 533 825 583 conjicere
855 533 961 580 licet,
991 534 1213 571 Bermundi
1253 535 1300 572 de
1330 535 1465 573 Vouta
1495 536 1631 574 mariti
1659 537 1792 574 Helio-

89 592 240 639 nordis,
260 606 363 641 quae
385 592 466 629 filia
485 601 573 630 erat
592 592 784 631 Ademari
802 592 850 630 de
871 592 1056 630 Pictavia
1076 593 1235 631 comitis
1256 594 1555 632 Valentinensis
1575 604 1615 633 et
1634 596 1790 634 Diensis

87 658 129 689 et
151 651 327 700 Sibyllae
349 651 397 689 de
416 651 570 689 Baucio
588 651 615 689 1.
643 651 762 689 Istius
779 651 887 690 enim
909 651 1161 699 matrimonii
1182 653 1335 690 mentio
1351 662 1468 691 extat
1483 653 1524 690 in
1542 662 1794 693 testamento

85 710 272 759 ejusdem
291 710 483 748 Ademari
504 710 614 748 edito
631 711 737 748 inter
752 710 1010 748 probationes
1026 711 1211 748 historiae
1231 712 1415 749 comitum
1436 713 1792 760 Valentinensinm,

87 784 126 819 p.
162 769 224 807 37.
264 769 370 808 Hinc
403 784 496 819 ergo
532 770 763 807 ostenditur
806 769 1139 819 consanguinitas
1174 770 1291 808 istius
1327 771 1505 821 episcopi
1548 780 1589 810 et
1633 773 1792 811 comitis

90 828 250 866 Nolani.

140 887 259 925 Anno
292 887 582 934 MCCCLXIV,
616 902 708 927 cum
744 887 1014 936 Raymundus
1048 888 1260 937 episcopus
1295 889 1530 927 Tolonensis
1565 891 1789 929 translatus

89 946 233 984 fuisset
269 947 320 984 ad
350 946 573 985 Ecclesiam
602 946 936 995 Forojuliensem,
967 947 1157 984 Urbanus
1186 947 1218 983 V
1248 947 1516 987 Tolonensem
1555 949 1791 999 episcopum

87 1005 184 1043 fecit
206 1005 466 1044 Guillelmum
490 1006 687 1044 abbatem
709 1005 848 1044 Sancti
870 1005 1075 1043 Vincentii
1098 1006 1247 1043 ordinis
1271 1007 1402 1045 sancti
1420 1008 1645 1055 Benedicti,
1667 1008 1792 1047 literis

86 1064 194 1102 datis
220 1065 444 1111 Avenione,
470 1064 604 1103 idibus
643 1065 730 1114 [13]
759 1064 1006 1110 novembris,
1033 1079 1140 1102 anno
1166 1065 1289 1103 tertio
1326 1066 1466 1115 [1364]
1491 1066 1517 1104 2.

139 1124 258 1161 Anno
291 1124 580 1171 MCCCLXVI,
614 1124 676 1161 die
710 1139 810 1161 xvm
842 1124 1099 1173 septembris,
1133 1124 1371 1163 Guillelmus
1405 1125 1546 1170 Sudre,
1579 1126 1790 1176 episcopus

88 1182 362 1230 Massiliensis,
396 1183 528 1221 factus
559 1191 621 1221 est
654 1183 884 1229 cardinalis,
917 1197 963 1221 ac
995 1192 1210 1233 propterea
1244 1184 1410 1221 vacavit
1444 1185 1620 1223 Ecclesia
1655 1186 1792 1223 Massi-

85 1241 233 1280 liensis.
255 1242 303 1279 Ei
322 1257 431 1289 vero,
450 1250 497 1280 ut
516 1256 638 1292 supra
657 1257 695 1292 p.
716 1242 789 1279 991
811 1242 965 1280 dictum
987 1251 1061 1289 est,
1081 1243 1312 1292 praefectus
1332 1252 1393 1281 est
1415 1244 1623 1294 Philippus
1645 1245 1792 1282 Cabas-

85 1301 184 1339 sola.
204 1301 257 1338 Et
274 1309 414 1340 tamen
430 1301 472 1338 in
488 1301 649 1350 Regesto
666 1301 763 1338 anni
779 1301 942 1351 septimi
962 1301 1117 1338 Urbani
1135 1302 1167 1338 V
1184 1302 1433 1340 adnotatum
1450 1311 1510 1340 est
1535 1317 1626 1342 eam
1643 1317 1791 1342 vacan-

85 1368 170 1398 tem
196 1375 267 1410 per
293 1360 618 1410 assumptionem
641 1360 846 1398 Guillelmi
867 1360 919 1397 ad
940 1360 1241 1399 cardinalatum
1265 1361 1405 1398 datam
1426 1377 1509 1400 esse
1534 1377 1556 1399 v
1579 1363 1657 1400 kal.
1681 1371 1790 1401 octo-

85 1419 166 1457 bris
201 1419 263 1469 [27
286 1419 541 1470 septembre]
567 1420 796 1466 Guillelmo,
819 1419 1009 1469 episcopo
1032 1420 1261 1458 Tolonensi.
1286 1420 1340 1458 At
1362 1435 1434 1470 ego
1456 1430 1557 1470 puto
1580 1430 1759 1459 erratum
1776 1421 1792 1443 3

84 1478 165 1517 illic
190 1493 289 1526 esse,
315 1493 487 1529 eamque
514 1479 758 1517 censendam
785 1494 869 1516 esse
896 1493 1062 1517 vacasse
1089 1494 1159 1529 per
1185 1481 1509 1529 assumptionem
1536 1481 1713 1530 Philippi
1738 1481 1790 1518 ad

84 1537 399 1576 cardinalatum.
442 1538 652 1588 Philippus
693 1538 801 1576 enim
839 1538 962 1588 paulo
1001 1546 1096 1575 ante
1137 1538 1269 1576 factus
1311 1539 1444 1577 fuerat
1484 1540 1698 1577 cardinalis
1738 1540 1789 1577 ab

87 1597 254 1635 Urbano
282 1597 328 1635 V.

136 1656 256 1694 Anno
284 1656 578 1703 MCCCLXXI,
597 1656 810 1706 Gregorius
842 1656 901 1693 XI
930 1656 1191 1703 VVillelmum,
1220 1656 1456 1706 episcopum
1485 1657 1788 1705 Massiliensem,

85 1715 275 1753 nuntium
300 1730 373 1765 pro
398 1715 645 1765 gravissimis
671 1715 873 1753 Ecclesiae
897 1724 938 1753 et
961 1715 1071 1765 regni
1096 1716 1266 1765 negotiis
1290 1716 1331 1753 in
1355 1716 1531 1754 Siciliam
1555 1717 1789 1763 mandavit3

83 1774 224 1822 Bzov.,
254 1788 319 1812 an.
352 1774 465 1822 1371,
501 1776 517 1823 ξ
548 1774 607 1812 10.

137 1834 361 1883 Postquam
396 1833 609 1883 Gregorius
634 1834 694 1870 XI
727 1833 857 1872 vitam
883 1848 974 1870 cum
1005 1843 1135 1872 morte
1161 1834 1448 1881 commutavit,
1482 1849 1570 1872 cum
1603 1843 1790 1884 ageretur

83 1892 132 1930 de
158 1892 354 1931 electione
382 1893 478 1930 novi
502 1893 725 1943 pontificis,
752 1901 792 1931 et
820 1893 962 1930 Petrus
990 1893 1037 1930 dc
1065 1893 1207 1931 Crosso
1234 1893 1271 1931 S.
1302 1894 1348 1931 R.
1379 1894 1423 1931 E.
1452 1894 1710 1941 camerarius,
1737 1894 1788 1931 ad

85 1966 207 2001 quem
223 1952 352 1990 omnis
370 1966 464 1990 cura
482 1952 685 1990 conclavis
702 1952 951 2002 pertinebat,
968 1952 1181 1990 statuisset
1197 1952 1380 1990 secedere
1397 1953 1437 1989 in
1454 1961 1633 1990 castrum
1650 1953 1788 1991 Sancti

84 2011 227 2060 Angeli
252 2020 420 2061 propter
444 2011 673 2050 tumultum
702 2012 996 2058 Romanorum,
1025 2025 1143 2060 quem
1173 2011 1266 2048 oriri
1293 2003 1474 2058 videbat,
1503 2012 1609 2050 hunc
1636 2012 1787 2062 cpisco-

83 2084 183 2120 pum
209 2070 500 2109 Massiliensem
525 2070 687 2120 rogavit
712 2079 759 2108 ut
785 2070 870 2109 vice
897 2084 968 2107 sua
995 2071 1035 2107 in
1061 2085 1100 2108 se
1127 2070 1349 2120 susciperet
1375 2071 1605 2109 custodiam
1631 2071 1787 2109 concla-

83 2128 158 2167 vis.
191 2129 271 2167 Iste
299 2144 409 2176 vero,
439 2129 508 2179 qui
535 2129 633 2167 satis
662 2129 906 2179 intelligeret
934 2144 1016 2167 rem
1046 2144 1129 2167 esse
1158 2130 1318 2179 plenam
1350 2129 1530 2179 periculi,
1561 2144 1659 2167 onus
1688 2130 1787 2167 illud

85 2188 365 2235 detrectabat3
398 2189 577 2239 suscepit
608 2197 748 2228 tamen
779 2203 872 2227 cum
903 2188 943 2225 id
975 2188 1009 2226 ci
1041 2188 1336 2238 persuasissent
1368 2203 1500 2226 comes
1535 2189 1715 2226 Nolanus
1747 2197 1788 2227 et

84 2247 227 2285 Petrus
248 2247 459 2285 Flandrini
478 2247 693 2285 cardinalis
715 2248 854 2286 Sancti
875 2247 1100 2285 Eustachii.
1123 2247 1214 2284 Non
1233 2256 1327 2285 utar
1345 2247 1590 2286 testimoniis
1610 2247 1787 2285 externis

82 2314 125 2344 et
153 2306 387 2356 peregrinis,
419 2307 488 2345 sed
520 2307 747 2345 describam
779 2307 866 2356 ipsa
898 2307 1023 2344 verba
1054 2306 1319 2356 depositionis
1351 2306 1466 2344 istius
1499 2306 1689 2356 episcopi.
1724 2307 1788 2344 Sic

82 2379 177 2415 ergo
200 2365 280 2403 illie
304 2365 504 2415 legitur4:
530 2365 788 2416 «Episcopus
810 2365 1066 2411 Valentinus,
1093 2365 1186 2402 olim
1214 2365 1488 2411 Marsiliensis,
1514 2365 1787 2415 interrogatus

82 2438 128 2462 ac
158 2424 417 2462 examinatus
448 2440 519 2475 per
549 2425 678 2463 dictos
709 2424 1013 2463 ambaxiatores
1044 2424 1172 2474 regios
1204 2424 1309 2461 dixit
1339 2432 1379 2461 et
1409 2424 1582 2461 asseruit
1611 2424 1652 2461 in
1674 2439 1787 2462 cons-

84 2483 232 2521 cientia
259 2497 332 2521 sua
357 2498 441 2522 esse
467 2497 564 2522 vera
589 2484 668 2522 ista
695 2498 772 2533 que
799 2492 1028 2533 sequuntur
1053 2483 1115 2521 die
1142 2483 1284 2520 martis
1312 2491 1459 2520 octava
1485 2483 1623 2521 madii.
1652 2483 1787 2521 Primo

81 2542 187 2580 dixit
213 2542 323 2592 quod
350 2542 593 2581 camerarius
621 2557 725 2593 pape
757 2540 979 2592 rogaverat'
998 2542 1138 2588 istum,
1166 2542 1235 2591 qui
1261 2549 1359 2579 tunc
1386 2550 1473 2579 erat
1499 2542 1711 2592 episcopus
1739 2542 1787 2580 de

129 2710 162 2743 ‘l.
195 2710 354 2754 D'apres
387 2711 771 2744 Albanes-Chevalier
807 2711 948 2754 (Gallia
989 2711 1192 2744 christiana
1225 2710 1436 2749 novissima,
1471 2716 1497 2742 t.
1533 2722 1566 2749 v,
1598 2711 1664 2743 col.
1701 2709 1782 2752 252)

81 2762 298 2796 Guillaume
320 2764 445 2797 aurait
464 2776 510 2797 eu
530 2776 626 2808 pour
646 2767 730 2807 pere
754 2764 966 2797 Guillaume
987 2770 1025 2796 et
1045 2775 1140 2807 pour
1160 2766 1258 2795 mere
1280 2762 1454 2795 Meteline
1477 2763 1520 2795 de
1542 2763 1685 2796 Blacas.

131 2817 162 2849 2.
192 2817 587 2857 Albanes-Chevalier‚
612 2823 649 2850 ut
663 2829 705 2856 s.‚
728 2829 762 2850 n.
781 2818 861 2850 150.
879 2837 927 2840 -—
948 2817 1092 2850 Urbain
1112 2816 1144 2848 V
1163 2816 1194 2848 le
1216 2827 1369 2848 nomma
1385 2816 1481 2849 abbe
1504 2816 1548 2848 de
1568 2815 1785 2849 Saint-Vin-

81 2875 167 2902 cent
188 2870 232 2902 de
253 2869 439 2903 Vulturne
459 2871 491 2903 16
513 2871 556 2902 22
577 2882 676 2903 mars
697 2871 790 2903 1359
815 2864 932 2913 (ibid.‚
954 2881 989 2902 n.
1013 2869 1109 2912 509).

129 2923 161 2955 3.
193 2922 406 2956 Guillaume
431 2923 475 2956 de
497 2923 533 2955 la
554 2923 692 2955 Voulte
715 2923 875 2956 succeda
898 2923 1116 2956 reellement
1138 2922 1159 2953 a
1183 2921 1395 2954 Guillaume
1419 2921 1549 2961 Sudre,
1574 2933 1684 2965 parce
1714 2934 1785 2965 que

82 2974 254 3018 Philippe
274 2976 317 3008 de
337 2975 536 3009 Cabassole
555 2976 660 3008 n'eut
679 2988 749 3019 que
773 2976 804 3008 le
823 2976 911 3008 titre
940 2975 1292 3008 d'administrateur
1323 2975 1366 3006 de
1386 2974 1570 3007 Marseille
1591 2975 1787 3018 (Albanas-

82 3027 288 3067 Chevalier,
306 3040 363 3072 ορ.
381 3029 452 3068 cit„
471 3029 672 3067 Marseille,
690 3040 724 3061 n.
744 3029 841 3071 578).
858 3048 907 3051 —
925 3028 996 3061 Sur
1012 3028 1224 3061 Guillaume
1242 3027 1285 3059 de
1302 3027 1337 3059 la
1353 3027 1502 3067 Voulte,
1522 3028 1604 3060 voir
1619 3028 1784 3061 Albanes

85 3079 155 3124 (op.
174 3081 245 3120 cit,
265 3081 467 3121 Marsez'lle,
485 3082 554 3114 col.
573 3082 746 3120 347-368‚
765 3082 846 3120 688,
864 3087 902 3114 et
920 3080 1073 3120 Toulon,
1093 3080 1161 3113 col.
1181 3080 1368 3123 251-257),
1387 3079 1427 3113 L.
1448 3081 1491 3113 de
1509 3080 1650 3124 Lacger
1671 3074 1787 3124 (Etats

82 3134 379 3178 administratiss,
405 3146 440 3178 p.
467 3134 565 3178 304),
594 3134 637 3167 N.
665 3134 791 3166 Valois
821 3134 859 3177 (t.
886 3146 923 3174 11,
950 3146 984 3177 p.
1013 3133 1110 3177 514).
1429 3158 1431 3160 -

138 3186 171 3220 4.
188 3187 229 3220 Β.
251 3187 309 3226 Ν.,
328 3199 396 3221 ms.
416 3187 514 3220 latin
533 3187 667 3228 11745,
685 3186 750 3219 fol.
771 3187 815 3220 47
836 3192 880 3220 r0.
