2083 3458
67 211 191 266 [753]
595 226 812 251 PAPARUM
848 223 1234 250 AVENIONENSIUM
1679 208 1763 247 255

53 309 289 356 sedentibus,
323 308 424 346 idem
455 308 639 347 dominus
669 309 989 359 archiepiscopus
1020 307 1226 358 proposuit
1256 307 1357 357 quod
1386 315 1543 357 propter
1574 307 1696 344 multa
1726 315 1759 344 et

54 369 180 406 ardua
211 368 365 417 negotia
387 380 483 405 suae
500 367 697 405 Ecclesiae
723 368 951 416 Tolosanae,
970 381 1066 417 quae
1089 366 1222 417 ipsum
1239 365 1421 416 prosequi
1445 366 1655 415 oportebat,
1682 380 1757 402 non

51 435 199 477 poterat
223 426 387 465 ulterius
411 426 539 476 quoad
561 440 746 476 praesens
772 426 968 464 intendere
991 425 1256 476 prosecutioni
1282 424 1557 475 inquisitionis
1582 425 1758 474 praedic-

51 493 121 525 tae.
145 486 310 536 Ideoque
329 485 450 523 voluit
467 493 501 522 et
518 485 670 533 rogavit
689 486 789 534 quod
807 485 900 522 dicti
920 485 995 522 duo
1015 484 1166 522 domini
1185 484 1363 534 episcopi
1381 484 1555 521 eumdem
1577 483 1758 521 habentes

49 558 168 596 super
189 545 258 582 lzoc
280 551 507 582 excusatum
530 544 776 594 procedant
764 559 807 582 ιη
829 544 959 582 eodem
983 543 1135 593 negotio
1157 543 1243 581 sine
1268 543 1354 593 ipso
1376 542 1491 592 juxta
1506 542 1691 580 traditam
1715 543 1757 580 in

50 603 165 642 dictis
196 603 423 654 apostolicis
451 602 591 641 litteris
621 602 701 640 sibi
731 601 912 652 sormam.

103 662 222 700 Anno
251 661 489 709 MCCCXX,
520 675 612 699 cum
642 661 811 711 quidam
840 661 1088 699 philibertus
1117 661 1304 700 sacerdos
1332 660 1573 699 Bisuntinus
1604 674 1755 698 errores

52 720 332 760 VValdensium
375 693 580 759 docuisset
622 719 664 758 in
709 719 881 758 dioecesi
912 720 1136 767 Auxitana,
1173 719 1352 758 Joannes
1393 719 1522 757 XXII
1558 718 1737 757 ,loanni-

51 780 355 830 archiepiscopo
382 779 598 826 Tolosano,
626 778 881 829 proxinciam
909 779 1023 817 dedit
1049 787 1096 817 ut
1121 778 1257 829 ipsum
1284 778 1528 817 sacerdotali
1555 778 1759 829 dignitate

52 847 237 885 exueret;
271 838 393 877 Odor.
429 838 648 888 Raynald.,
681 852 746 876 an
782 837 895 885 1320,
935 838 950 886 ἓ
984 837 1044 877 19,

106 897 225 935 Anno
248 897 546 945 MCCCXXVI,
570 896 679 935 idem
703 897 882 934 „loannes
914 911 1020 947 papa
1044 897 1077 934 ei
1101 905 1141 935 et
1163 897 1359 946 magistro
1385 895 1757 946 Hospitalariorum

52 957 236 1007 injunxit
256 964 304 994 ut
327 956 587 995 concordiam
606 956 620 978 ²
641 956 882 994 reducerent
903 956 1010 994 inter
1033 955 1260 1005 Guigonem
1285 955 1356 1004 VI,
1381 955 1620 1005 delphinum
1637 954 1758 993 Vien-

53 1029 234 1064 nensem,
255 1023 296 1054 et
316 1015 558 1053 Eduardum
578 1015 771 1053 comitem
791 1014 1041 1062 Sabaudiae3
1058 1014 1180 1053 Odor.
1200 1014 1418 1064 Raynald.'‚
1436 1028 1500 1052 an.
1519 1013 1632 1061 1326,
1655 1013 1671 1062 ἓ
1693 1014 1752 1051 17.

106 1074 226 1112 Anno
265 1074 587 1122 MCCCXXVII,
629 1073 692 1112 die
732 1088 832 1111 xvm
874 1073 1112 1121 decembris,
1145 1074 1324 1112 Joannes
1366 1073 1494 1110 XXII
1528 1087 1621 1111 eum
1661 1073 1756 1111 fecit

52 1133 340 1184 presbyterum
369 1132 629 1172 cardinalem.
665 1133 710 1170 Id
739 1147 835 1171 sane
865 1140 1040 1171 constat.
1074 1132 1132 1171 De
1162 1132 1284 1171 titulo
1313 1132 1399 1182 ejus
1430 1131 1529 1169 nihil
1557 1132 1756 1171 hactenus

52 1193 181 1244 reperi
200 1192 227 1232 3.
254 1192 384 1231 Immo
407 1199 504 1230 sunt
526 1193 594 1242 qui
617 1199 768 1242 putent
790 1205 883 1230 eum
906 1191 1049 1229 statim
1072 1191 1194 1230 fuisse
1217 1191 1454 1241 episcopum
1474 1191 1755 1229 portuensem.

55 1251 172 1300 Quod
188 1251 299 1289 nullo
314 1251 436 1289 modo
452 1251 671 1289 subsistere
686 1258 838 1301 potest,
852 1264 945 1288 cum
960 1264 1096 1300 supra,
1112 1264 1150 1300 p.
1169 1249 1256 1296 732,
1274 1249 1571 1288 ostenderimus
1588 1250 1754 1287 Petrum

52 1311 100 1349 de
130 1310 355 1360 Arreblayo
385 1310 507 1348 fuisse
538 1311 775 1360 episcopum
806 1310 1075 1348 portuensem
1104 1323 1212 1347 anno
1243 1308 1589 1355 MCCCXXVHI,
1620 1322 1756 1346 mense

50 1369 169 1408 maio.
204 1369 326 1420 Apud
359 1368 637 1407 Contelorium
680 1369 733 1419 [p.
768 1368 840 1419 30]
876 1368 1025 1406 dicitur
1056 1368 1282 1406 translatus
1315 1368 1366 1405 ab
1402 1367 1755 1417 archiepiscopatu

46 1429 251 1467 Tolosano
279 1428 331 1466 ad
359 1428 644 1478 episcopatum
673 1427 923 1473 Ostiensem;
954 1427 1063 1477 quod
1091 1441 1164 1479 ego
1191 1440 1273 1464 non
1301 1426 1529 1477 imperitiae
1558 1440 1630 1464 nec
1659 1425 1758 1464 osci-

51 1487 209 1526 tantiae
247 1487 466 1526 Contelorii
502 1486 769 1525 tribuendum
805 1494 922 1537 puto,
960 1486 1029 1524 sed
1066 1486 1188 1524 errori
1227 1485 1295 1535 qui
1331 1485 1372 1523 in
1410 1486 1594 1536 quemvis
1632 1485 1757 1523 etiam

51 1548 231 1597 peritum
259 1546 401 1585 cadere
431 1545 547 1584 facile
576 1553 726 1596 potest.

60 1615 63 1618 ”
104 1606 223 1644 Anno
250 1605 592 1653 MCCCXXXIV‚
621 1619 714 1643 cum
740 1613 861 1642 atrox
886 1604 1038 1642 bellum
1064 1612 1169 1642 esset
1195 1604 1301 1642 inter
1328 1603 1576 1653 Adolphum,
1605 1602 1755 1653 episco-

51 1679 126 1715 pus
150 1664 428 1713 Leodiensem,
447 1673 488 1703 et
511 1664 728 1711 Joannem,
746 1663 892 1702 ducem
908 1663 1170 1711 Brabantiae,
1190 1663 1401 1713 Philippus
1424 1677 1519 1700 vero
1542 1676 1612 1700 rex
1634 1662 1755 1699 Fran-

52 1723 136 1762 ciae
164 1724 303 1762 volens
331 1722 438 1761 inter
465 1737 531 1762 eos
559 1737 750 1761 revocare
778 1722 1039 1761 concordiam
1066 1736 1219 1772 papam
1246 1730 1407 1772 rogaret
1435 1721 1496 1759 uti
1522 1721 1755 1770 juramenta

52 1782 199 1832 quibus
226 1796 307 1820 una
333 1796 426 1832 pars
453 1797 493 1821 se
520 1781 784 1832 colligaverat
809 1782 1026 1829 relaxaret,
1054 1795 1201 1830 magna
1225 1780 1303 1830 fuit
1327 1780 1524 1819 altercatio
1553 1780 1651 1818 inter
1676 1794 1759 1817 car-

52 1841 216 1891 dinales,
255 1842 391 1891 inquit
421 1841 600 1880 Joannes
633 1841 872 1880 Hocsemius
906 1840 950 1890 [t.
980 1855 1021 1888 11,
1052 1854 1090 1890 p.
1121 1839 1236 1891 416]‚
1264 1839 1502 1890 quibusdam
1539 1838 1758 1876 dicentibus

51 1900 336 1938 absolutionem
365 1899 445 1937 nisi
473 1899 694 1950 petentibus
723 1899 1019 1949 indulgendam,
1049 1899 1144 1936 aliis
1171 1914 1189 1937 e
1217 1907 1350 1937 contra
1378 1899 1478 1949 quod
1506 1898 1627 1936 multa
1660 1897 1758 1934 bona

52 1966 302 2009 praestantur
331 1959 480 2006 invitis,
511 1959 665 2009 quando
693 1959 826 2009 potius
854 1958 1073 1997 consulitur
1108 1972 1241 1996 eorum
1278 1957 1442 1996 utilitati
1479 1971 1595 2007 quarn
1625 1957 1757 1994 volun-

51 2018 134 2057 tati.
166 2018 279 2056 Tunc
305 2018 463 2068 quidam
490 2017 636 2055 nobilis
660 2018 878 2056 cardinalis
899 2017 1020 2067 frater
1048 2017 1202 2055 comitis
1227 2017 1532 2055 Corwennarum
1556 2016 1757 2053 animose:

51 2077 181 2125 Pater,
210 2076 350 2128 inquit,
379 2076 546 2115 caveatis
574 2076 746 2127 incipere
772 2077 873 2126 quod
896 2076 1083 2126 perficere
1110 2076 1321 2126 nequeatis,
1350 2076 1473 2113 Facta
1499 2083 1622 2112 vestra
1647 2088 1757 2124 prae-

0 2154 2 2156 *
51 2135 164 2174 terita
192 2144 374 2186 poterunt
405 2149 469 2173 vos
500 2136 642 2184 docere,
673 2136 709 2173 si
740 2143 792 2174 tot
821 2135 1025 2186 principes
1057 2135 1255 2172 mandatis
1287 2135 1422 2172 vestris
1454 2148 1532 2171 non
1563 2133 1758 2179 obediant,

51 2195 153 2233 sicut
175 2195 219 2233 de
241 2195 437 2245 plerisque
461 2194 686 2232 civitatibus
710 2194 873 2244 contigit
896 2194 1168 2232 Lombardiae.
1201 2194 1334 2232 Videte
1356 2194 1393 2231 si
1416 2207 1488 2243 quo
1514 2206 1618 2229 nunc
1645 2205 1757 2241 apos-

53 2254 168 2292 tolica
195 2253 296 2303 viget
322 2253 555 2302 obedientia,
578 2253 744 2304 coeperit
770 2254 1018 2291 contumacia
1044 2253 1255 2304 pullulare,
1276 2267 1392 2303 quam
1418 2252 1534 2301 facile
1563 2264 1682 2300 usque
1708 2251 1758 2287 ad

54 2313 256 2350 Bavarum
284 2312 459 2363 repserit,
489 2312 556 2362 qui
585 2327 673 2350 cum
701 2311 753 2350 14
779 2312 977 2362 episcopis
1005 2320 1039 2350 et
1066 2326 1198 2349 eorum
1227 2311 1453 2349 civitatibus
1481 2309 1560 2347 sibi
1588 2309 1758 2346 subditis

55 2380 174 2410 vestro
190 2380 359 2422 tempore
375 2371 510 2409 multis
525 2371 646 2409 annis
664 2372 706 2409 in
722 2371 929 2410 schismate
944 2379 1171 2422 perseverat.
1190 2370 1329 2408 Sancte
1344 2370 1473 2415 Pater,
1492 2368 1590 2405 mihi
1607 2367 1756 2414 credite,

55 2431 162 2480 rigor
183 2431 253 2468 iste
274 2445 353 2468 non
373 2430 539 2481 expedit,
562 2431 718 2469 etiamsi
739 2430 878 2468 liceret.

110 2490 209 2528 Post
228 2489 388 2539 aliquot
406 2488 552 2528 exinde
571 2503 729 2528 menses
748 2503 856 2540 papa
878 2489 1057 2527 Joannes
1079 2488 1207 2526 XXII
1228 2488 1413 2525 sublatus
1438 2494 1499 2524 est
1525 2485 1566 2522 in
1586 2485 1754 2523 caelum.

56 2548 161 2585 Tum
192 2563 290 2586 vero
324 2547 548 2586 cardinales
581 2563 654 2598 pro
687 2548 884 2587 electione
917 2547 1046 2585 futuri
1080 2546 1292 2585 Pontificis
1323 2545 1555 2594 congregati
1588 2556 1757 2581 numero

57 2621 174 2655 xxlv,
200 2615 248 2644 ut
275 2607 454 2645 Joannes
478 2606 692 2654 Villanius,
717 2607 786 2646 lib.
815 2606 891 2655 XI,
917 2620 1003 2656 cap.
1029 2620 1103 2643 XXI
1139 2604 1366 2655 [Muratori,
1390 2611 1419 2643 t.
1446 2618 1530 2650 x111,
1556 2603 1628 2640 col.
1657 2600 1753 2650 766]

104 2761 136 2796 1.
163 2762 316 2803 Douais,
340 2762 510 2796 Practica
532 2762 806 2805 Inquisitionis,
831 2773 866 2805 p.
892 2762 962 2794 120
989 2760 1119 2804 (bulles
1144 2760 1194 2792 du
1218 2760 1238 2792 6
1262 2753 1398 2792 fe'vrier
1421 2757 1541 2800 1320).

105 2816 136 2848 2.
160 2815 196 2849 J.
220 2815 269 2849 M.
293 2815 415 2855 Vidal,
440 2815 532 2848 dans
555 2815 675 2848 Revue
697 2815 756 2847 des
787 2814 979 2858 Questions
1009 2813 1234 2856 historiques,
1258 2817 1285 2845 t.
1311 2823 1428 2843 vam
1455 2810 1588 2854 (1900),
1614 2821 1647 2853 p.
1672 2810 1759 2843 378-

56 2868 211 2902 379.-La
227 2868 382 2901 mission
400 2869 494 2901 dura
511 2869 562 2900 du
579 2869 620 2900 21
640 2868 763 2911 juillet
780 2879 828 2900 au
846 2868 865 2900 7
884 2867 976 2900 aout
993 2866 1097 2899 1320.

104 2922 137 2955 3.
158 2921 188 2954 Il
204 2927 269 2954 eut
284 2921 316 2954 le
333 2920 421 2954 titre
439 2921 483 2954 de
500 2920 741 2960 saint-vital,
759 2920 851 2964 qu⁷il
867 2920 1055 2962 echangea
1072 2929 1118 2951 en
1134 2918 1224 2951 1331
1244 2922 1373 2950 contre
1389 2916 1552 2950 l’eveche
1570 2916 1614 2948 de
1633 2915 1760 2948 Porto.

60 2974 90 3008 Il
113 2973 240 3008 obtint
262 2974 442 3007 toutefois
466 2985 512 3006 en
534 2973 755 3006 commende
777 2973 828 3006 les
852 2971 980 3016 eglises
1004 2971 1049 3004 de
1072 2969 1331 3004 Sainte-Croix
1355 2969 1398 3002 de
1422 2969 1633 3002 Jerusalem
1655 2974 1693 3001 et
1717 2968 1760 3000 de

60 3026 426 3070 Saint-Chrysogone
449 3026 604 3070 (Mollat,
624 3038 659 3060 n.
690 3025 807 3059 58104
825 3031 863 3058 et
878 3025 1024 3072 *58107;
1052 3024 1169 3057 bulles
1189 3023 1239 3055 du
1265 3023 1310 3056 15
1337 3033 1436 3055 mars
1463 3022 1573 3061 1331;
1593 3020 1759 3059 Schafer,

60 3080 212 3113 Johann
229 3079 368 3120 XXII,
389 3091 424 3123 p.
447 3079 543 3122 113).
