2083 3458
251 213 331 255 648
897 229 1049 254 NOTAE
1084 230 1143 254 AD
1178 230 1305 256 VITAs
1799 214 1950 269 [1126]

250 313 519 351 Theodericus
538 326 560 350 a
581 313 712 360 Niem,
731 313 833 363 regis
852 314 1076 364 Hungarici
1092 315 1281 365 potentia
1299 315 1415 353 abuti
1431 315 1598 354 volebat
1615 315 1667 352 ad
1683 313 1954 364 dejiciendam

248 373 427 422 reginam
452 380 500 409 ut
522 380 666 422 postea
690 373 847 411 facilius
871 388 1040 423 regnum
1067 374 1224 413 Siciliae
1248 383 1321 412 aut
1343 382 1504 425 partem
1527 374 1614 424 ejus
1640 374 1883 413 transferret
1913 373 1955 410 in

249 431 549 469 homuncionem
570 431 734 481 ignavia
752 441 786 470 et
804 433 969 471 lascivia
988 434 1198 484 perditum,
1219 442 1267 471 ut
1286 434 1339 471 ad
1358 448 1424 473 an.
1447 433 1561 482 1382,
1588 434 1604 483 ἓ
1625 434 1660 482 1,
1681 433 1740 472 ait
1759 432 1955 471 Wadclin-

250 506 320 541 gus
357 490 401 541 [t.
426 505 484 539 IX,
508 506 548 541 p.
569 491 658 542 50],
676 491 718 529 in
736 493 1067 531 scelestissimum
1085 502 1126 532 et
1143 493 1550 544 impudentissimum
1567 494 1811 532 nebulonem
1831 493 1954 530 Fran-

250 551 398 589 ciscum
436 551 695 600 Pregnanum
729 560 922 602 nepotem
955 566 1088 601 suum,
1122 561 1171 591 ut
1203 553 1407 603 colligitur
1439 567 1490 591 ex
1518 552 1661 592 eodem
1691 552 1953 599 Theoderico,

250 624 337 660 cap.
363 625 445 658 V111,
470 625 544 647 xxl
567 619 608 649 et
630 625 764 648 xxvln
798 611 851 661 [p.
876 611 938 660 23,
962 611 1012 650 40
1034 621 1075 651 et
1096 612 1170 662 55]
1194 612 1378 662 ejusdem
1399 613 1505 660 libri,
1527 613 1569 650 in
1590 612 1807 651 soldanum
1828 611 1954 650 etiam

249 669 501 719 Babyloniae
536 670 651 708 illum
688 670 863 709 libenter
899 680 1120 719 erecturus,
1158 672 1189 709 si
1225 672 1441 723 potuisset,
1477 680 1525 709 ut
1559 672 1601 710 in
1633 672 1818 710 Tractatio
1852 678 1955 708 sexto

251 728 435 767 Nemoris
453 729 629 777 unionis,
649 744 737 780 cap.
757 745 910 778 xxxix,
930 731 989 769 ait
1004 731 1114 771 idem
1127 740 1283 770 auctor.
1300 732 1406 782 Ergo
1421 731 1610 770 Urbanus
1629 731 1683 769 ad
1698 730 1955 770 Ludovicum

251 789 415 827 diversis
445 789 569 826 literis
599 789 764 839 propria
795 805 918 828 manu
948 791 1033 840 ejus
1062 791 1235 841 scriptis,
1266 799 1313 829 ut
1338 791 1427 829 eod.
1458 791 1562 829 libro
1593 791 1623 838 I,
1647 791 1706 828 De
1735 789 1954 837 schismate,

251 862 338 899 cap.
358 863 415 886 xv
434 848 489 899 [p.
508 848 576 899 31]
591 849 650 886 ait
665 849 952 898 Theodericus,
969 850 1004 888 ei
1019 850 1270 900 significavit
1282 850 1507 889 decrevisse
1522 865 1562 889 se
1576 851 1781 888 Joannam
1794 849 1955 901 privare

251 923 375 958 regno
396 922 569 958 eamque
594 909 791 959 projicere
815 909 857 947 in
882 910 1192 958 monasterium,
1215 919 1256 949 et
1279 910 1402 948 misso
1430 910 1482 948 ad
1505 924 1598 948 eum
1620 911 1756 959 legato
1777 909 1957 947 Martino

253 968 550 1016 Tarentinensi,
595 968 817 1007 camerario
861 983 947 1017 suo,
991 970 1220 1020 postulavit
1263 970 1325 1008 uti
1369 970 1558 1009 Carolum
1601 970 1747 1008 ducem
1792 967 1957 1006 Duracii

251 1027 330 1065 sibi
352 1042 441 1065 cum
462 1028 608 1065 decenti
629 1028 915 1078 armigerorum
936 1029 1122 1070 comitatu
1143 1029 1353 1067 destinaret
1373 1030 1424 1067 acl
1450 1029 1606 1076 Urbem,
1630 1028 1724 1078 quia
1744 1043 1834 1066 eum
1858 1027 1958 1065 dicto

253 1101 370 1136 regno
387 1086 585 1125 Siciliain
601 1102 729 1137 regem
744 1088 930 1138 preficere
946 1097 980 1126 et
999 1089 1136 1138 juvare
1162 1089 1268 1127 vellet
1292 1089 1386 1127 adeo
1412 1089 1513 1139 quod
1536 1088 1822 1139 possessionem
1846 1086 1958 1136 regni

252 1146 545 1196 adipisceretur.
584 1147 696 1186 Haec
730 1156 827 1186 sunt
860 1148 968 1186 enim
1001 1148 1203 1198 ipsissima
1237 1148 1363 1187 verba
1397 1148 1634 1187 Theoderici
1668 1148 1716 1186 de
1755 1147 1875 1185 Niem
1908 1160 1958 1185 ex

254 1206 386 1256 capite
405 1221 479 1243 xxl
508 1206 561 1256 [p.
580 1206 654 1257 40]
672 1206 857 1256 ejusdem
872 1207 993 1258 primi
1008 1208 1114 1246 libri.
1134 1208 1197 1245 Ex
1214 1208 1361 1258 quibus
1379 1208 1495 1246 facile
1513 1207 1715 1257 colligitur
1731 1220 1858 1244 vanas
1876 1220 1958 1244 non

255 1266 376 1304 fuisse
404 1267 587 1315 querelas
615 1266 801 1305 Joannae
827 1267 1022 1306 adversus
1051 1268 1279 1316 Urbanum,
1307 1281 1399 1306 cum
1425 1282 1476 1306 ex
1498 1267 1546 1305 iis
1573 1281 1677 1317 quae
1713 1266 1824 1304 dicta
1861 1273 1958 1304 sunt

254 1334 364 1364 certo
385 1333 546 1372 constet
566 1340 659 1364 eum
679 1341 720 1364 re
740 1340 837 1365 vera
858 1326 1083 1366 destinasse
1100 1322 1264 1377 'privare
1283 1328 1397 1365 illam
1416 1341 1539 1377 regno
1561 1327 1707 1374 Siculo,
1730 1326 1791 1363 uti
1814 1332 1958 1376 postea

255 1385 303 1423 de
326 1385 436 1423 facto
459 1385 556 1423 fecit
577 1394 671 1435 post
692 1385 919 1424 adventum
945 1386 1088 1425 Caroli.
1114 1387 1177 1424 Ex
1199 1401 1280 1437 quo
1301 1401 1463 1425 rursum
1485 1386 1688 1436 colligitur
1708 1385 1895 1435 imperite
1917 1392 1959 1422 et

254 1444 429 1483 absurde
452 1444 674 1484 confictam
696 1460 780 1484 esse
803 1446 988 1484 fabulam
1011 1446 1059 1485 de
1081 1446 1233 1496 rejecta
1249 1446 1301 1484 ab
1321 1446 1490 1484 Urbano
1509 1445 1773 1484 coronatione
1794 1443 1957 1483 Ottonis

254 1504 576 1552 Brunsvicensis,
608 1504 723 1554 cujus
754 1506 909 1543 nullam
938 1505 1192 1545 mentionem
1220 1506 1320 1544 facit
1348 1506 1457 1544 idem
1486 1505 1758 1544 Theodericus
1789 1503 1958 1554 diligens

255 1564 407 1613 alioqui
425 1564 599 1614 scriptor
615 1578 750 1603 rerum
767 1579 871 1615 quae
890 1573 981 1604 tum
998 1565 1101 1604 circa
1119 1565 1334 1604 Urbanum
1350 1574 1467 1604 actae
1483 1573 1591 1604 sunt.
1611 1565 1729 1603 Nunc
1744 1564 1957 1602 redeamus

256 1624 308 1661 ad
335 1623 470 1673 ipsum
501 1623 709 1663 Ottonem.
1060 1669 1063 1672 Δ

312 1683 563 1733 Erumpente
593 1682 679 1732 jam
709 1684 927 1722 schismate
956 1685 999 1722 in
1030 1685 1209 1723 Ecclesia
1239 1692 1381 1723 sancta
1414 1684 1501 1732 Dei,
1533 1684 1634 1722 Otto
1665 1683 1829 1733 cupiens
1859 1681 1959 1720 illud

258 1742 492 1781 exscindere
522 1742 565 1779 in
594 1742 683 1793 ipso
715 1743 776 1781 sui
809 1751 913 1792 ortu,
947 1744 1131 1783 Tiburim
1163 1744 1333 1783 accessit
1363 1744 1415 1781 ad
1449 1743 1663 1781 Urbanum
1695 1757 1784 1780 cum
1815 1740 1960 1780 decenti

257 1801 439 1839 comitiva
462 1801 835 1851 jurisconsultorum
860 1811 894 1841 et
920 1803 1093 1841 militum
1118 1804 1162 1841 de
1188 1803 1374 1854 Neapoli,
1396 1811 1442 1840 ut
1467 1803 1527 1841 ait
1552 1803 1659 1841 idem
1687 1801 1958 1840 Theodericus

270 1861 322 1911 [p.
346 1861 434 1911 21],
457 1861 526 1899 sed
547 1876 630 1899 non
650 1862 788 1911 potuit
810 1862 992 1902 obtinere
1014 1863 1065 1900 ab
1088 1863 1269 1902 Urbano.
1296 1863 1440 1913 Itaque
1462 1863 1512 1900 ab
1532 1877 1574 1899 eo
1594 1861 1759 1910 recessit,
1782 1862 1834 1899 ad
1849 1874 1961 1911 quem

259 1929 389 1970 postea
427 1935 505 1958 non
541 1921 695 1959 revenit.
735 1922 839 1959 Tum
876 1937 972 1960 vero
1009 1922 1233 1961 cardinales
1271 1923 1519 1961 Clementem
1554 1922 1633 1959 Vll
1670 1922 1890 1971 elegerunt.
1923 1919 1959 1957 Is

259 1995 351 2030 ergo
372 1994 464 2019 cum
483 1988 625 2030 postea
646 1981 825 2019 venisset
846 1981 1074 2032 Neapolim,
1095 1991 1136 2020 et
1154 1983 1258 2020 male
1279 1990 1474 2032 exceptus
1494 1989 1599 2020 esset
1618 1995 1640 2018 a
1659 1981 1825 2031 populo,
1847 1993 1960 2018 coac-

259 2048 324 2077 tus
353 2048 415 2078 est
443 2040 537 2078 hinc
566 2039 783 2088 discedere,
813 2049 860 2079 ut
889 2041 1009 2080 docet
1039 2042 1270 2092 Stephanus
1300 2041 1512 2092 episcopus
1542 2040 1789 2079 Tudertinus
1818 2040 1860 2077 in
1888 2052 1960 2077 sua

260 2099 526 2149 depositione.
557 2099 629 2137 His
654 2100 713 2137 ita
740 2101 991 2149 constitutis,
1017 2102 1155 2151 regina
1182 2102 1358 2148 Joanna,
1384 2109 1431 2138 ut
1456 2100 1508 2138 ad
1533 2115 1598 2138 an.
1627 2100 1740 2147 1379,
1770 2098 1869 2148 §32,
1901 2098 1961 2135 ait

262 2159 458 2197 Odoricus
476 2159 730 2208 Raynaldus,
750 2160 1023 2210 Neapolitano
1038 2161 1191 2211 populo
1204 2161 1387 2211 pollicita
1406 2169 1468 2198 est
1485 2175 1538 2208 se,
1560 2160 1719 2198 deserto
1741 2160 1960 2204 Clemente,

262 2218 428 2256 Urbano
466 2218 760 2268 obsequentem
788 2220 983 2258 futuram.
1014 2221 1166 2259 Verum
1191 2221 1232 2258 in
1260 2220 1513 2270 depositione
1535 2219 1713 2270 episcopi
1733 2217 1960 2264 Tudertini,

260 2293 309 2316 ex
335 2292 415 2328 qua
436 2278 503 2330 >ille
529 2291 601 2315 sua
627 2279 797 2329 accepit,
824 2280 923 2317 nihil
947 2280 1064 2318 istius
1090 2280 1200 2317 modi
1225 2280 1386 2329 legitur,
1411 2279 1481 2317 sed
1506 2287 1670 2316 tantum
1697 2291 1788 2316 eam
1812 2276 1960 2314 dixisse

259 2338 412 2387 populo
437 2337 711 2387 Neapolitano
735 2339 836 2388 quod
858 2339 1005 2377 volebat
1027 2339 1135 2389 sequi
1159 2339 1371 2376 consilium
1393 2353 1538 2386 eorum,
1563 2346 1605 2376 et
1628 2338 1782 2375 misisse
1805 2337 1959 2386 legatos

261 2397 313 2434 ad
339 2397 553 2435 Urbanum
577 2412 647 2446 pro
671 2398 877 2436 concordia
902 2399 1043 2448 fienda.
1072 2399 1183 2446 Quae
1207 2399 1332 2436 verba
1355 2406 1403 2443 ut
1427 2406 1582 2436 certum
1608 2405 1668 2435 est
1691 2411 1808 2447 posse
1832 2395 1960 2445 accipi

261 2471 307 2494 eo
322 2471 441 2494 sensu
458 2471 539 2507 quo
554 2470 600 2494 ea
618 2456 857 2506 Raynaldus
874 2458 1045 2508 accepit,
1061 2458 1119 2495 ita
1135 2457 1273 2508 negari
1288 2472 1370 2495 non
1384 2465 1522 2508 potest
1538 2456 1637 2506 quin
1649 2456 1708 2494 ita
1724 2454 1961 2506 simpliciter

261 2516 430 2565 intelligi
452 2515 611 2566 possint
636 2524 680 2553 ut
702 2517 832 2555 dicere
855 2517 1031 2556 voluerit
1053 2518 1265 2568 episcopus
1289 2516 1536 2554 Tudertinus
1562 2515 1868 2566 Neapolitanos,
1892 2514 1973 2564 qui·

262 2576 439 2613 naturali
470 2576 621 2613 affectu
652 2575 908 2614 inclinabant
937 2577 979 2614 in
1011 2577 1224 2615 Urbanum
1256 2577 1495 2626 popularem
1527 2589 1659 2623 suum,
1691 2583 1732 2613 et
1762 2573 1961 2612 videbant

262 2635 442 2684 reginam
477 2635 519 2672 in
554 2633 772 2674 Clementis
807 2645 943 2686 partes
980 2636 1201 2684 transiisse,
1238 2636 1272 2674 ei
1307 2635 1479 2673 suasisse
1514 2643 1562 2672 ut
1597 2633 1854 2672 concordiam
1887 2646 1960 2670 sua

263 2694 510 2732 auctoritate
528 2694 635 2732 inter
653 2709 719 2733 eos
739 2703 963 2743 revocaret,
982 2695 1095 2734 illam
1114 2709 1210 2734 vero
1230 2694 1377 2732 dixisse
1397 2709 1436 2733 se
1456 2695 1557 2732 velle
1577 2693 1690 2743 sequi
1709 2706 1847 2731 eorum
1868 2705 1960 2730 con-

263 2752 410 2800 silium,
437 2768 482 2792 ac
506 2754 660 2803 legatos
686 2755 829 2792 statim
853 2755 1008 2793 misisse
1033 2754 1084 2792 ad
1111 2754 1325 2792 Urbanum
1349 2762 1516 2803 propter
1540 2767 1629 2791 eam
1655 2766 1832 2791 causam.
1860 2751 1959 2789 Cum

264 2826 358 2849 vero
380 2812 518 2850 habuit
538 2814 637 2850 nova
657 2814 701 2851 de
722 2814 803 2851 viro
823 2828 906 2862 suo,
928 2814 969 2852 id
990 2822 1065 2861 est,
1087 2828 1180 2852 cum
1201 2828 1251 2851 ex
1273 2813 1436 2851 Ottonis
1458 2812 1596 2850 mariti
1616 2812 1677 2850 sui
1697 2811 1823 2849 literis
1843 2811 1960 2848 intel·

264 2871 362 2908 lexit
384 2872 568 2911 animum
592 2870 747 2911 Urbani
769 2888 850 2911 non
871 2888 988 2924 posse
1010 2873 1117 2911 flecti
1134 2872 1185 2910 ad
1200 2872 1473 2919 concordiam,
1493 2871 1602 2921 quod
1620 2885 1741 2921 supra
1760 2877 1960 2908 testatum

264 2930 440 2969 vidimus
460 2945 481 2968 a
502 2931 752 2971 Theoderico
772 2932 820 2971 de
841 2933 972 2981 Niem,
992 2940 1083 2971 tum
1106 2931 1323 2969 mandaVit
1336 2931 1479 2981 legatis
1499 2931 1579 2968 suis
1594 2938 1642 2967 ut
1660 2929 1712 2967 ad
1731 2945 1770 2968 se
1783 2928 1961 2967 redirent

264 2988 348 3025 sine
374 2990 618 3031 conclusione
642 2992 790 3041 aliqua,
815 2992 952 3042 inquit
975 2992 1187 3042 episcopus
1214 2990 1475 3037 Tudertinus,
1501 2990 1693 3027 nimirum
1719 2988 1814 3038 quia
1839 2988 1961 3038 perti-

266 3048 379 3084 nacia
399 3049 583 3087 Romana
600 3052 707 3090 vinci
723 3066 804 3089 non
815 3059 992 3102 poterat.
1011 3051 1072 3088 Ita
1089 3065 1161 3100 ego
1176 3051 1422 3100 interpretor
1438 3048 1732 3087 obscuritatem
1744 3047 1961 3086 verborum

266 3106 440 3156 &Pi-<copi
468 3108 694 3158 Tudertini,
723 3124 843 3160 quem
871 3118 1034 3148 constat
1060 3110 1181 3148 fuisse
1207 3109 1415 3147 inimicum
1444 3107 1674 3146 Clementis.
