2083 3458
113 248 263 302 [1157]
631 263 847 288 PAPARUM
883 263 1266 288 AVENIONENsmM
1714 248 1793 289 677

99 347 158 385 ait
184 347 499 386 Ambianensem
529 361 610 384 non
636 356 731 385 ante
760 347 858 385 Pisis
887 347 1107 396 digressum
1136 362 1219 385 esse
1247 361 1370 396 quam
1397 346 1609 396 epistolam
1638 346 1794 396 accepit

100 420 179 455 qua
206 406 395 444 Urbanus
420 420 513 444 eum
538 406 673 444 venire
697 406 870 455 jubebat
894 406 935 443 in
961 406 1125 444 Urbem.
1153 406 1330 443 Joannes
1356 420 1450 443 vero
1476 406 1523 443 de
1550 406 1730 455 Lignano
1754 413 1796 443 et

99 473 242 504 auctor
257 465 360 503 illius
379 465 491 502 Facti
511 465 523 487 1
551 465 597 513 (si
623 474 763 503 tamen
779 480 859 502 non
876 465 980 503 idem
999 473 1142 503 auctor
1157 466 1233 509 est)
1253 464 1394 503 dicunt
1409 464 1536 511 illum,
1554 478 1643 502 cum
1662 473 1793 502 certus

99 524 231 562 factus
263 524 405 562 fuisset
436 524 483 562 de
514 524 723 570 electione,
754 524 1098 562 inthronizatione
1143 532 1184 561 et
1214 523 1474 561 coronatione
1507 523 1674 570 Urbani,
1706 537 1795 573 pro-

98 597 258 633 perasse
281 584 333 620 ad
357 583 523 629 Urbem,
547 592 748 632 tanquam
772 583 1008 633 optabiliter
1029 583 1105 620 iter
1127 582 1225 619 illud
1247 582 1380 629 iniret,
1404 582 1509 620 sicut
1530 582 1557 619 ii
1580 582 1648 631 qui
1672 581 1794 619 nimia

98 643 313 692 voluptate
342 642 534 691 gestiunt.
563 643 617 679 At
644 642 675 679 si
702 656 844 680 verum
870 651 931 679 est
957 642 1071 681 illum
1096 650 1322 680 maturasse
1350 641 1473 686 viam,
1501 656 1570 679 cur
1595 650 1681 678 tam
1708 655 1794 678 sero

98 701 267 739 advenit
303 701 354 739 ad
394 701 632 739 Urbanum?
672 701 835 740 Etenim
880 716 901 738 a
941 702 1048 738 Luca
1096 701 1268 738 Romam
1316 709 1582 738 numerantur
1630 708 1792 738 tantum

101 775 315 798 ccxxxvm
343 760 394 798 M.
419 775 458 810 p.
483 760 525 797 in
560 760 769 797 Itinerario
792 760 1002 797 Antonini.
1030 760 1213 797 Pisarum
1245 774 1365 809 porro
1398 759 1541 797 civitas
1575 758 1796 809 proximior

100 828 161 858 est
185 820 408 858 Romanae.
432 820 595 857 Certum
619 828 680 857 est
701 828 840 858 autem
862 819 938 857 iter
958 818 1057 855 illud
1079 818 1208 857 multo
1231 818 1412 856 breviore
1434 817 1627 867 temporis
1662 817 1794 867 spatio

101 879 246 917 confici
275 879 455 929 potuisse
486 878 610 916 etiam
641 878 692 915 ab
723 878 885 917 homine
916 892 995 915 non
1028 878 1260 915 festinante.
1296 878 1439 926 Itaque
1470 877 1600 915 verior
1631 876 1794 914 omnino

101 938 264 976 videtur
279 937 445 988 scriptio
463 937 771 987 VValsinghami,
789 937 960 974 aliorum
978 937 1077 974 falsa
1096 936 1123 974 ².

157 998 361 1046 Ingressus
390 1005 451 1035 est
480 1011 572 1046 ergo
603 997 778 1034 Romam
808 996 870 1034 die
900 1010 1003 1033 xxiv
1032 995 1179 1033 mensis
1209 995 1357 1045 aprilis.
1389 995 1564 1032 Obviam
1593 1002 1731 1032 autem
1760 993 1795 1031 ei

100 1071 329 1106 progressos
363 1071 446 1094 esse
479 1056 576 1094 alios
602 1055 825 1094 cardinales
850 1063 1029 1093 testatur
1054 1055 1196 1092 Petrus
1230 1054 1355 1091 abbas
1388 1053 1525 1091 Sancti
1552 1050 1761 1091 Facundi3
1786 1068 1792 1090 :

100 1115 151 1153 Et
172 1115 324 1153 audivit
346 1116 447 1165 quod
468 1116 622 1165 quando
645 1114 861 1152 cardinalis
884 1113 1170 1151 Ambianensis
1192 1113 1294 1151 venit
1316 1113 1480 1150 Romam
1504 1113 1547 1149 de
1569 1111 1796 1149 ambasciata

100 1189 186 1221 sua,
204 1175 277 1212 alii
294 1175 513 1212 cardinales
529 1174 730 1212 eoeiverzmt
744 1174 823 1210 sibi
840 1174 994 1210 obviam
1012 1187 1130 1222 usque
1146 1173 1197 1209 ad
1212 1172 1490 1209 monasterium
1508 1171 1642 1208 Sancti
1659 1170 1793 1217 Pauli,

101 1242 134 1271 et
158 1234 309 1271 iverunt
332 1248 463 1271 omnes
487 1235 538 1271 ad
560 1234 769 1283 palatium,
795 1241 827 1270 et
851 1232 1003 1269 audivit
1027 1232 1127 1281 quod
1150 1232 1275 1268 dictus
1299 1231 1513 1268 cardinalis
1535 1231 1673 1279 fecerat
1697 1243 1794 1266 reve-

101 1293 267 1330 rentiam
294 1294 392 1330 dicto
418 1294 529 1331 electo
557 1301 598 1330 ut
623 1307 737 1342 pape.
770 1292 870 1330 Rem
898 1291 954 1328 ita
984 1290 1175 1329 describit
1196 1290 1303 1328 idem
1332 1291 1508 1327 Joannes
1538 1290 1585 1326 de
1614 1289 1794 1337 Lignano

102 1352 142 1389 in
171 1352 313 1390 eodem
343 1352 480 1390 Primo
510 1360 673 1390 tractatu
706 1368 712 1389 :
748 1352 917 1400 Itemque
947 1351 1008 1387 die
1037 1358 1128 1387 tunc
1158 1349 1377 1386 immediate
1406 1348 1590 1398 sequenti,
1622 1362 1691 1397 que
1718 1347 1796 1396 suit

103 1411 184 1448 dies
212 1426 298 1450 XXV
326 1411 419 1449 dicti
448 1412 594 1449 mensis
622 1411 778 1460 aprilis,
808 1410 984 1460 prefatus
1012 1409 1195 1446 dominus
1225 1417 1349 1446 noster
1383 1408 1568 1445 Urbanus
1596 1421 1704 1456 papa
1737 1405 1796 1442 VI

102 1485 221 1508 causa
252 1471 463 1520 honorifice
494 1470 711 1520 recipiendi
743 1469 982 1507 cardinalem
1013 1468 1321 1505 Ambianensem
1352 1467 1547 1516 prefatum
1578 1466 1795 1502 redeuntem

102 1538 192 1567 tunc
221 1531 264 1567 de
292 1530 482 1579 legatione
510 1530 696 1580 predicta,
727 1537 767 1566 ut
795 1537 848 1566 est
877 1528 1035 1574 dictum,
1065 1527 1158 1564 hora
1187 1526 1394 1573 matutina,
1423 1541 1467 1563 ac
1496 1539 1597 1562 more
1625 1523 1795 1562 Romani

102 1589 311 1639 Pontificis
346 1590 508 1627 indutus
541 1589 710 1626 vestibus
742 1596 776 1626 et
808 1587 924 1625 mitra
957 1586 1254 1637 pontificalibus
1287 1584 1561 1623 consistorium
1593 1583 1796 1633 publicum

106 1649 241 1695 tenuit,
270 1649 513 1697 congregatis
539 1657 572 1686 et
597 1648 820 1685 sedentibus
849 1647 993 1684 ibidem
1020 1645 1268 1694 collegialiter
1288 1644 1471 1682 omnibus
1498 1643 1590 1680 aliis
1617 1642 1795 1679 cardina-

102 1707 207 1745 libus
225 1708 422 1757 predictis,
443 1708 615 1758 quodque
634 1707 818 1745 dominus
836 1705 1052 1743 cardinalis
1071 1704 1356 1742 Ambianensis
1374 1704 1425 1740 ad
1444 1703 1575 1752 ipsum
1595 1701 1796 1738 dominum

103 1775 277 1804 nostrum
303 1782 452 1817 papam
481 1767 523 1804 in
550 1767 649 1804 dicto
676 1765 917 1811 consistorio,
947 1773 987 1802 ut
1013 1764 1262 1814 premittitur,
1291 1771 1381 1800 tunc
1406 1763 1596 1799 sedentem
1623 1760 1737 1805 venit,
1765 1767 1797 1796 et

101 1826 224 1863 eidem
256 1835 442 1876 tanquam
475 1841 559 1863 vero
590 1841 635 1863 ac
667 1825 851 1863 canonice
882 1832 1083 1873 assumpto
1112 1823 1289 1860 Romano
1317 1821 1505 1869 Pontifici
1539 1819 1796 1869 genuflectens

102 1886 353 1923 reverentiam
375 1886 563 1932 exhibuit,
586 1894 620 1923 et
640 1886 775 1934 pedem
796 1899 841 1922 ac
863 1898 1026 1921 manum
1049 1882 1178 1932 ipsius
1205 1881 1355 1919 domini
1377 1880 1498 1917 nostri
1520 1893 1622 1928 pape
1644 1879 1795 1915 deoscu-

102 1945 204 1982 latus
226 1945 316 1994 fuit,
343 1945 497 1982 demum
520 1945 572 1982 ad
595 1945 770 1982 osculum
795 1943 873 1980 oris
897 1957 965 1993 per
990 1942 1122 1992 ipsum
1146 1941 1349 1978 dominum
1374 1947 1547 1976 nostrum
1571 1951 1731 1987 papam,
1758 1943 1797 1973 ut

102 2003 221 2041 moris
247 2013 313 2051 est,
341 2013 514 2054 receptus
539 2004 629 2053 fuit,
658 2003 916 2053 presentibus,
944 2001 1179 2046 astantibus,
1207 2008 1240 2037 et
1266 1998 1487 2036 videntibus
1513 2006 1603 2034 tunc
1631 1996 1672 2033 in
1700 1995 1797 2032 dicto

102 2063 330 2100 consistorio
359 2064 544 2100 omnibus
572 2063 666 2101 aliis
695 2061 966 2100 cardinalibus
994 2060 1179 2110 predictis
1207 2067 1240 2096 et
1268 2057 1570 2108 quampluribus
1598 2055 1691 2092 aliis
1719 2062 1798 2091 tam

102 2120 262 2172 prelatis
281 2137 397 2172 quam
418 2122 619 2160 nobilibus
637 2137 682 2160 ac
701 2121 858 2170 magnis
876 2129 908 2158 et
927 2119 1096 2157 honestis
1115 2118 1292 2168 personis
1313 2117 1355 2154 in
1374 2115 1622 2153 multitudine
1641 2113 1796 2162 copiosa

106 2182 147 2219 in
164 2182 249 2231 ipso
265 2182 493 2219 consistorio
508 2181 625 2219 etiam
641 2190 732 2219 tunc
746 2179 1012 2218 existentibus.
1031 2178 1131 2216 Vide
1147 2177 1272 2216 etiam
1288 2175 1507 2214 Odoricum
1522 2172 1796 2222 Raynaldum,

102 2255 166 2278 an.
196 2241 309 2288 1378,
343 2242 358 2270 Q
385 2241 446 2279 20.

154 2299 306 2340 Verum
333 2300 456 2350 paulo
479 2308 572 2350 post
600 2299 678 2338 ista
705 2299 745 2336 in
767 2298 973 2336 diversum
991 2304 1152 2335 mutata
1175 2303 1283 2333 sunt.
1306 2294 1434 2331 Ferox
1452 2291 1558 2330 enim
1580 2289 1737 2327 animus
1757 2296 1797 2326 et

105 2359 326 2409 inquietus,
353 2368 443 2397 tum
469 2374 577 2396 novo
603 2358 837 2408 principatu
863 2371 1001 2394 versus
1028 2355 1069 2392 in
1094 2353 1340 2404 superbiam,
1364 2350 1609 2390 cardinalem
1634 2347 1797 2386 Ambia-

102 2432 268 2457 nensem
298 2418 431 2456 verbis
463 2417 766 2456 contumeliosis
797 2416 1003 2454 insecutus
1026 2422 1100 2452 est.
1125 2412 1253 2450 Testis
1279 2412 1468 2448 Alfonsus
1496 2408 1676 2453 eremita,
1704 2405 1798 2444 olim

101 2477 314 2527 episcopus
347 2477 600 2523 Giennensis,
632 2476 742 2526 apud
774 2474 994 2513 Odoricum
1028 2471 1302 2521 Raynaldum,
1334 2484 1398 2507 an.
1433 2468 1545 2514 1379,
1583 2467 1598 2515 ξ
1631 2465 1678 2503 16
1710 2481 1717 2502 2
1749 2465 1799 2501 Et

101 2537 216 2574 semel
242 2536 379 2574 audivi
406 2536 456 2573 ab
482 2550 524 2573 eo
551 2536 652 2585 quod
678 2534 861 2573 dominus
888 2548 996 2583 papa
1023 2532 1210 2569 habuerat
1237 2530 1358 2566 multa
1383 2528 1496 2565 verba
1521 2524 1741 2575 asperrima
1766 2531 1798 2560 el

103 2596 206 2633 irosa
234 2610 320 2633 CUM
350 2609 519 2632 FURORE
547 2603 679 2632 contra
705 2593 944 2631 cardinalem
974 2590 1293 2628 Ambianensem.
1327 2587 1438 2624 Idem
1467 2593 1645 2623 testatur
1672 2581 1798 2621 cardi-

102 2655 203 2692 nalis
226 2654 515 2692 Glandatensis
537 2653 578 2690 in
600 2652 853 2703 depositione
875 2665 946 2689 sua
962 2649 979 2672 4
1000 2666 1006 2687 ε
1034 2650 1129 2686 Item
1151 2648 1221 2685 isto
1241 2654 1412 2696 presente
1444 2642 1658 2693 increpavit
1685 2641 1801 2678 semel

102 2713 342 2751 cardinalem
363 2713 674 2750 Ambianensem
696 2712 759 2749 ille
780 2711 826 2748 Β.
849 2724 967 2760 super
987 2715 1150 2746 tractatu
1171 2720 1281 2756 quem
1299 2706 1438 2754 jecerat
1458 2717 1544 2740 cum
1566 2700 1735 2739 dominis
1756 2699 1800 2736 de

102 2773 275 2819 MilanO,
297 2781 330 2809 et
350 2772 456 2809 alius
476 2771 677 2821 respondit
694 2770 774 2808 sibi
798 2770 1053 2806 irreverenter.
1080 2767 1183 2804 Item
1202 2765 1493 2802 Bonaventura
1515 2758 1728 2800 cardinalis
1751 2758 1798 2795 de

152 2923 184 2956 1.
209 2923 259 2956 Le
290 2922 437 2954 factum
466 2920 565 2953 n'est
595 2931 662 2963 pas
684 2919 842 2952 l'oeuvre
866 2918 909 2950 de
933 2917 1030 2949 Jean
1053 2915 1096 2948 de
1120 2914 1310 2956 Legnano,
1334 2910 1429 2944 mais
1453 2910 1541 2943 celle
1565 2909 1608 2941 de
1634 2908 1798 2950 Jacques

101 2975 306 3062 de2S.eCV’{³·st
324 3028 355 3060 le
376 3026 562 3060 contraire
583 3025 674 3069 qu’il
693 3025 778 3057 faut
796 3023 935 3057 retenir
958 3020 1108 3065 (Valois‚
1130 3026 1156 3052 t.
1176 3031 1199 3059 1,
1220 3031 1254 3062 p.
1277 3017 1349 3059 70).

151 3083 184 3116 3.
208 3082 248 3115 B.
275 3081 332 3121 N.‚
356 3092 423 3114 ms.
447 3079 543 3113 latin
564 3079 694 3118 11745,
717 3077 780 3111 fol.
804 3077 873 3109 143
897 3080 947 3108 v0.

151 3135 183 3168 4.
214 3135 281 3167 Ms.
308 3134 391 3174 cite,
416 3133 479 3166 fol.
504 3133 549 3166 36
572 3136 616 3165 r0.
