2083 3458
94 267 255 323 [1020]
616 284 831 309 PAPARUM
867 285 1251 311 AVENloNENsmM
1698 269 1783 312 537
1834 315 1837 321 ,

87 365 161 404 bus
181 366 268 403 vice
291 379 422 415 papae
438 379 613 415 eumque
630 380 796 403 vocasse
814 367 1023 410 Carolum3
1039 368 1223 405 Clemens
1241 368 1311 414 VI,
1328 368 1396 406 lib.
1418 368 1486 415 IV,
1514 369 1632 418 epist.
1660 382 1762 406 ectu

133 424 267 462 Antea
293 438 389 463 vero
414 424 660 462 interfuerat
685 439 792 463 anno
821 425 1108 470 MCCCXLIV‚
1127 426 1190 464 die
1216 427 1361 465 ultima
1388 428 1566 476 augusti,
1586 427 1777 476 homagio

81 483 191 532 quod
214 484 358 522 eadem
382 483 544 521 Joanna
567 483 781 532 juraverat
804 484 843 520 in
869 485 1058 523 manibus
1082 485 1273 524 Aimerici
1297 486 1345 523 de
1371 486 1624 533 Castrolucii‚
1650 486 1778 524 cardi-

80 542 195 580 nalis.
221 542 322 580 Vide
345 542 664 589 Summontium,
688 556 773 591 par.
803 543 840 579 ll
864 543 969 581 Hist.
994 544 1209 592 Neapolit.‚
1232 544 1300 582 lib.
1329 544 1405 591 ΙΙΙ,
1427 559 1465 594 p.
1490 545 1577 583 418.

133 600 252 649 Anno
274 600 570 648 MCCCXLIX,
589 615 632 638 1v
653 601 732 638 kal.
756 602 851 639 maii
884 601 948 650 [28
969 603 1070 640 avril
1084 602 1111 651 ],
1126 603 1235 640 idem
1256 603 1439 642 Clemens
1461 603 1572 642 misit
1588 604 1777 642 eumdem

80 659 317 710 Philippum
333 660 375 697 in
393 659 667 706 Provinciam,
686 667 733 697 ut
748 660 933 697 inducias
951 661 1058 698 inter
1076 661 1344 700 Massilienses
1363 671 1403 700 et
1420 662 1518 700 alias
1539 662 1777 700 Provinciae

79 726 120 756 et
146 719 368 756 comitatus
398 718 678 768 Forkalquerii
704 719 824 757 urbes
851 720 1046 757 adversus
1073 720 1181 769 ipsos
1209 720 1440 759 foederatas
1466 721 1652 759 inducias
1688 736 1778 771 pro-

78 778 300 827 mulgaret:
323 778 520 815 Odoricus
544 777 799 826 Raynaldus,
821 791 929 815 anno
953 778 1065 825 1349,
1095 779 1110 826 ἓ
1133 779 1192 817 10.

110 850 112 852 ·
133 836 191 874 Ea
212 844 462 886 tempestate
483 834 646 886 scripsit
666 836 789 874 libros
808 836 867 872 De
888 837 968 873 vita
987 845 1021 874 et
1042 838 1247 875 miraculis
1271 838 1401 875 beatae
1421 838 1584 876 Mariae
1606 839 1776 888 lWagda-

78 894 200 942 lenae,
219 909 319 945 quos
338 895 493 933 dicavit
511 895 688 933 Henrico
706 895 754 933 de
772 895 916 933 Villars
934 896 1240 946 archiepiscopo
1258 897 1534 947 Lugdunensi,
1553 898 1779 935 Galliarum

77 954 258 1004 primati.
295 954 384 1002 Quo
416 954 457 992 in
491 969 610 1004 opere
644 954 823 992 multum
856 954 1041 1003 exagitat
1075 956 1296 993 monachos
1332 956 1633 994 Vezeliacenses
1668 956 1778 1006 quod

78 1014 278 1052 auderent
303 1013 465 1063 publice
489 1027 666 1052 asserere
692 1027 837 1063 corpus
864 1013 1049 1062 ejusdem
1074 1022 1240 1052 sanctae
1266 1016 1376 1064 apud
1401 1030 1441 1053 se
1467 1023 1607 1053 extare
1649 1016 1779 1053 Extat

77 1072 153 1110 hoc
179 1072 357 1122 Philippi
383 1086 483 1122 opus
507 1072 549 1109 in
573 1072 822 1111 bibliotheca
849 1072 989 1111 Sancti
1014 1073 1189 1110 Victoris
1216 1074 1464 1112 Parisiensis.
1493 1075 1592 1112 Vide
1621 1075 1781 1112 Petrar·

78 1131 211 1178 cham,
231 1131 299 1169 lib.
324 1131 424 1168 XIV
443 1131 531 1169 Rer.
553 1131 682 1179 senil„
704 1131 821 1181 epist.
845 1146 914 1170 xv,

131 1190 250 1228 Anno
276 1190 518 1229 MCCCLIII
547 1190 810 1229 Innocentius
836 1191 893 1227 VI
919 1191 1156 1241 Philippum
1181 1191 1507 1242 Cavallicensem
1526 1192 1776 1242 episcopum,

79 1249 148 1299 qui
181 1250 403 1288 discordias
435 1250 543 1288 inter
575 1250 816 1300 delphinum
849 1250 1122 1288 Viennensem
1155 1259 1195 1288 et
1229 1251 1468 1289 Sabaudum
1501 1258 1777 1301 componeret,

77 1308 272 1347 nuntium
296 1309 542 1355 destinavit,
567 1309 708 1356 Bzov.,
734 1323 798 1348 an.
827 1309 942 1356 1353,
974 1309 990 1358 ξ
1015 1309 1076 1347 28.

131 1368 250 1406 Anno
280 1368 560 1406 MCCCLVIII
589 1376 629 1406 et
658 1368 846 1419 sequenti
875 1377 963 1406 erat
991 1368 1242 1418 apostolicae
1273 1368 1385 1406 Sedis
1414 1369 1583 1407 nuntius
1613 1369 1654 1407 in
1683 1369 1777 1407 Ger-

78 1427 214 1465 mania
235 1426 262 1474 ¹,
282 1435 329 1465 ut
347 1435 465 1477 patet
484 1442 534 1465 ex
550 1427 718 1475 Bzovio,
739 1442 803 1466 an.
827 1427 941 1475 1358,
968 1428 984 1477 ἓ
1005 1427 1041 1474 6,
1061 1436 1101 1466 et
1126 1427 1301 1465 Odorico
1323 1427 1555 1477 Raynaldo,
1576 1442 1640 1466 an.
1664 1427 1778 1475 1359,

83 1485 101 1534 §
145 1486 205 1524 11.
253 1486 371 1524 Unde
413 1494 533 1537 patet
573 1487 622 1524 de
659 1487 728 1525 illo
765 1487 1031 1536 intelligenda
1080 1501 1164 1525 esse
1203 1501 1306 1537 quae
1344 1487 1535 1525 Nicolaus
1584 1487 1779 1534 Serarius,

77 1545 147 1584 lib.
187 1545 220 1582 V
257 1545 345 1584 Rer.
393 1545 722 1595 Moguntiacczr„¹
751 1561 790 1596 p.
835 1545 925 1593 858,
969 1546 1111 1584 scribit
1158 1546 1206 1583 de
1252 1546 1443 1596 episcopo
1499 1546 1777 1593 Cavellicensi‚

81 1604 195 1643 Sedis
230 1605 483 1654 apostolicae
513 1605 662 1655 legato.
692 1605 793 1643 Vide
825 1605 1098 1643 Trithemium
1127 1605 1170 1642 in
1201 1604 1395 1642 Chronico
1425 1605 1636 1654 Hirsaug.,
1665 1613 1693 1643 t.
1738 1620 1778 1653 11,

77 1677 116 1713 p.
137 1663 214 1701 234
232 1678 291 1713 sq.

132 1722 195 1760 Ex
208 1723 312 1761 libro
328 1722 628 1772 Obligationum
644 1723 775 1773 colligi
788 1738 905 1773 posse
922 1723 1088 1761 videtur
1103 1723 1210 1761 hunc
1229 1723 1467 1773 Philippum
1483 1723 1606 1761 fuisse
1622 1723 1779 1762 factum

75 1782 357 1831 patriarcham
396 1782 822 1831 Hierosolymitanum
858 1797 966 1821 anno
1006 1782 1297 1829 MCCCLXVI,
1336 1796 1472 1820 mense
1510 1783 1733 1833 septembri
1752 1783 1780 1822 2.

78 1841 230 1879 Verum
248 1856 298 1880 ex
315 1841 428 1880 Actis
446 1842 605 1880 concilii
624 1842 755 1880 habiti
775 1841 884 1892 apud
906 1842 1130 1880 Ecclesiam
1149 1842 1375 1892 Aptensem
1388 1856 1496 1879 anno
1512 1842 1778 1887 MCCCLXV,

77 1913 215 1939 mense
239 1901 361 1948 maio,
384 1901 516 1951 liquet
537 1902 654 1941 illum
678 1902 800 1939 fuisse
823 1901 910 1950 jam
933 1909 1024 1941 tum
1049 1909 1242 1939 ornatum
1266 1914 1311 1939 ea
1337 1902 1551 1950 dignitate.
1586 1901 1780 1939 Memoria

77 1974 198 2010 porro
217 1961 356 2010 lapsus
377 1968 438 1998 est
453 1961 645 2008 Bzovius‚
665 1975 730 1999 an.
749 1960 862 2008 1368,
875 1961 890 2010 ἓ
903 1959 939 2007 5,
955 1961 1025 1998 ubi
1041 1975 1134 1999 eum
1149 1968 1272 1999 vocat
1286 1961 1565 2010 patriarcham
1582 1961 1781 1998 Constan-

79 2019 417 2070 tinopolitanum.

130 2079 250 2117 Anno
278 2079 568 2126 MCCCLXVI,
597 2080 660 2118 die
696 2094 830 2117 xxvm
856 2080 1100 2129 septembris
1116 2079 1145 2127 3,
1175 2080 1354 2118 Ecclesia
1373 2079 1647 2125 Massiliensis,
1676 2093 1780 2129 quae

79 2138 258 2177 vacabat
274 2153 346 2189 per
363 2139 667 2189 promotionem
687 2139 891 2177 Guillelmi
912 2139 1039 2177 Sudre
1058 2140 1109 2177 ad
1129 2139 1445 2185 cardinalatum,
1467 2138 1545 2175 fuit
1564 2138 1779 2176 commissa

78 2198 279 2249 Philippo·
297 2199 557 2249 patriarchae
588 2198 986 2247 Hierosolymitan0;
1016 2199 1118 2236 liber
1147 2198 1459 2248 Obligationum.
1487 2198 1610 2235 Rexit
1639 2205 1780 2234 autern

79 2258 304 2297 Ecclesiam
326 2258 439 2296 illam
462 2258 578 2296 annis
603 2258 778 2305 duobus,
802 2266 849 2295 ut
881 2259 1001 2296 docet
1026 2259 1206 2296 Joannes
1223 2258 1459 2295 Guesnaeus
1483 2257 1523 2294 in
1548 2255 1780 2294 Annalibus

78 2317 344 2365 Massiliam„
368 2332 406 2368 p.
431 2317 519 2355 422.

131 2376 250 2414 Anno
285 2376 586 2415 MCCCLXVII
621 2385 709 2415 erat
742 2377 919 2415 vicarius
955 2377 1151 2426 generalis
1187 2377 1447 2426 episcopatus
1483 2373 1778 2414 Ax'enionensis

125 2511 158 2544 1.
188 2510 258 2544 Sur
277 2522 318 2544 sa
338 2511 492 2545 mission
512 2511 576 2555 qui
596 2512 656 2545 fut
677 2512 870 2555 perilleuse
891 2518 930 2545 et
950 2514 1126 2555 marquee
1149 2511 1385 2550 d’incidents,
1409 2510 1489 2542 voir
1511 2509 1556 2542 H.
1581 2509 1623 2542 V.
1646 2508 1780 2542 Sauer-

75 2564 166 2597 land
193 2562 420 2607 (Urkunden
444 2565 520 2598 und
540 2565 714 2608 Regesten
736 2576 800 2598 zur
828 2565 1031 2598 Gesclziclzte
1053 2565 1113 2597 der
1134 2564 1372 2602 Rheinlande,
1398 2563 1516 2602 Bonn,
1544 2562 1648 2601 1910,
1674 2567 1701 2595 t.
1724 2572 1776 2601 lv,

18 2606 23 2614 ¹
77 2628 113 2650 n.
135 2618 217 2657 411,
239 2618 320 2657 412,
344 2618 426 2658 417,
448 2618 529 2657 439,
553 2619 634 2657 506,
657 2619 753 2657 5083,
777 2619 857 2657 544,
881 2618 961 2657 554,
985 2618 1065 2657 571,
1089 2618 1168 2657 572,
1193 2618 1272 2656 577,
1296 2617 1376 2655 588,
1399 2616 1568 2655 599-603,
1592 2615 1671 2655 631,
1695 2614 1776 2654 639,

78 2671 159 2709 675,
180 2671 260 2710 676,
290 2671 370 2710 690,
401 2671 481 2711 696,
511 2671 592 2711 745,
623 2671 703 2710 869,
725 2672 811 2709 870;
831 2678 857 2704 t.
880 2683 914 2710 ν,
935 2682 969 2704 n.
1001 2671 1105 2710 1323,
1139 2670 1257 2712 1324),
1290 2669 1327 2702 F.
1357 2668 1492 2701 Novak
1529 2666 1642 2711 (Acta
1666 2668 1780 2700 Inno-

76 2724 186 2757 centii
212 2723 278 2763 VI,
305 2723 460 2767 Prague,
486 2724 591 2763 1907,
616 2736 651 2758 n.
678 2724 854 2766 634,·650
877 2730 915 2756 et
938 2724 1035 2766 912),
1060 2724 1103 2756 A.
1130 2723 1246 2765 Lang,
1276 2720 1388 2764 (Acta
1412 2720 1778 2763 Salzburgo-Aquile-

76 2775 208 2819 jensia,
232 2776 340 2816 Graz,
362 2777 467 2817 1906,
490 2789 525 2810 n.
548 2778 629 2817 166,
653 2777 721 2811 643
743 2783 780 2810 et
802 2776 898 2820 644),
924 2776 964 2810 E.
990 2776 1139 2819 Hennig
1163 2774 1251 2818 (Die
1270 2775 1498 2818 pctpstliclzen
1522 2774 1682 2806 Zehnten
1710 2784 1780 2806 aus·

74 2829 333 2870 Deatschland,
365 2829 485 2870 Halle,
515 2830 621 2869 1909,
652 2842 686 2874 p.
717 2830 856 2873 31-33)‚
886 2829 942 2862 W.
974 2828 1149 2862 Scheffler
1182 2827 1297 2870 (Karl
1328 2828 1360 2859 V
1390 2828 1465 2860 und
1497 2827 1677 2860 Innocenz
1709 2826 1775 2866 VI,

77 2882 213 2921 Berlin,
232 2883 337 2922 1912,
357 2894 391 2926 p.
411 2883 597 2926 134—145).
614 2902 664 2906 —-
681 2883 850 2926 Philippe
870 2883 913 2915 de
932 2881 1129 2915 Cabassole
1146 2887 1252 2922 recut
1268 2880 1521 2924 ses3pouvoirs
1538 2880 1570 2912 le
1588 2880 1641 2912 1er
1655 2879 1778 2922 juillet

76 2941 116 2969 et
131 2936 163 2968 le
181 2936 234 2967 1er
251 2936 402 2969 octobre
420 2936 513 2969 1357
534 2935 766 2979 (Sauerland,
784 2947 841 2979 op.
862 2936 932 2975 cit„
952 2941 978 2967 t.
996 2946 1047 2973 1v,
1066 2946 1101 2967 n.
1121 2935 1189 2967 417
1208 2939 1246 2966 et
1262 2933 1359 2976 439).
1528 2930 1531 2934 ’

128 2989 159 3022 2.
191 2988 221 3021 ΙΙ
252 2988 311 3021 fut
341 2990 491 3021 nomme
521 2980 733 3032 patriarche
764 2989 795 3021 le
827 2989 872 3021 18
903 2987 995 3020 aofit
1024 2987 1113 3020 1361
1148 2992 1186 3019 et
1216 2986 1331 3029 garda
1360 2985 1696 3019 l'administration
1727 2985 1777 3017 du

80 3040 224 3074 diocese
246 3041 289 3074 de
311 3040 504 3074 Cavaillon
528 3041 672 3083 (Eubel,
694 3041 923 3079 Hierarchz'a,
946 3046 972 3073 t.
993 3052 1017 3079 1,
1039 3051 1074 3082 p.
1097 3039 1166 3072 179
1186 3045 1224 3072 et
1246 3038 1346 3082 276).

127 3095 160 3128 3.
191 3093 295 3127 Lisez
329 3094 361 3126 le
401 3094 445 3127 23
485 3093 887 3136 (Albanas-Chevalien
931 3092 1055 3126 Gallia
1090 3092 1290 3125 christiana
1325 3091 1535 3130 novissima,
1575 3089 1777 3128 Marseilhz,

79 3147 147 3180 col.
173 3146 361 3190 342-346).
