2083 3458
100 268 224 325 [988]
623 286 838 312 PAPARUM
873 285 1256 313 AVENIONENSIUM
1700 263 1782 306 505

90 384 162 419 pro
195 371 338 409 eodem
370 370 724 420 archiepiscopatu
759 371 942 408 debitam
976 385 1158 410 camerae
1192 370 1345 408 domini
1378 383 1509 419 papae
1541 376 1582 405 et
1615 365 1780 414 collegio

91 428 350 468 dominorum
372 429 653 468 cardinalium.
679 430 780 467 Cum
802 444 897 467 vero
920 430 1019 467 Acta
1041 429 1279 466 venditionis
1300 428 1470 466 civitatis
1491 423 1781 463 Avem'onensis

91 487 201 526 edita
225 502 245 525 a
269 488 423 526 Bzovio
447 489 602 526 nullam
626 487 807 525 habeant
832 488 1118 527 difficultatem
1142 488 1375 526 existimare
1400 493 1563 536 oportet
1586 483 1780 523 mendum

91 561 175 584 esse
197 547 239 584 in
261 547 364 585 libro
389 547 654 594 Solutionum,
680 555 719 584 et
743 548 989 585 solutionem
1012 548 1124 586 illam
1149 546 1346 596 Stephani
1370 543 1662 594 archiepiscopi
1686 542 1780 579 Are-

89 606 257 643 latensis
285 606 439 644 factam
467 606 588 643 fuisse
616 619 723 643 anno
750 606 938 654 sequenti
964 614 1143 644 tantum.
1177 606 1281 643 Hinc
1308 612 1427 654 porro
1456 604 1612 641 factum
1639 609 1685 638 ut
1712 599 1780 649 qui

91 664 280 703 dubitare
303 679 384 703 non
406 672 600 715 poterant
624 664 722 714 quin
744 665 775 701 is
800 664 1032 714 Stephanus
1056 665 1124 714 qui
1147 664 1339 702 extremis
1362 662 1579 701 Clementis
1603 660 1658 697 VI
1679 668 1782 697 tem·

90 724 256 774 poribus
272 723 450 774 praefuit
464 723 666 762 Ecclesiae
682 723 909 761 Arelatensi
926 724 1048 761 suerit
1062 724 1187 762 ctiam
1202 737 1333 773 papae
1348 721 1606 767 camerarius,
1624 719 1782 757 nullum

90 791 231 822 autem
260 783 385 821 alium
415 797 459 821 ea
490 790 740 831 tempestate
770 782 1122 832 archiepiscopum
1151 782 1432 820 Arelatensem
1460 780 1576 818 istius
1607 776 1780 815 nominis

90 850 257 880 nossent
283 850 445 892 praeter
471 841 728 891 Stephanum
754 841 802 879 de
830 841 994 888 Ga1dia,
1022 841 1246 879 necessario
1277 839 1407 878 coacti
1433 840 1514 877 sint
1549 837 1781 876 existimare

90 900 206 940 illum
236 901 358 939 fuisse
389 901 659 939 camerarium
688 914 832 950 papae.
866 900 995 938 Aliter
1024 908 1163 938 tamen
1194 915 1234 938 se
1264 914 1324 938 res
1355 899 1493 937 habet.
1526 896 1784 946 Stephanum

91 960 199 998 enim
219 960 456 1010 episcopum
477 959 616 997 Sancti
638 959 775 997 Pontii
795 959 846 996 ad
868 959 1148 997 Arelatensem
1170 959 1409 997 cathedram
1429 957 1678 995 translatum
1698 967 1781 992 esse

91 1027 132 1057 et
150 1019 201 1056 ab
221 1033 266 1057 ea
285 1019 337 1056 ad
357 1019 602 1056 Tolosanam
622 1018 774 1056 evincit
793 1018 903 1055 bulla
927 1018 1155 1056 lnnocentii
1174 1017 1231 1054 VI
1252 1017 1349 1054 data
1380 1015 1581 1054 Avenioni
1610 1028 1664 1050 vn
1691 1012 1781 1050 idus

103 1078 166 1128 [7]
186 1078 365 1128 januarii
385 1092 493 1116 anno
514 1078 646 1127 primo
679 1076 837 1127 [1353],
860 1091 964 1126 quae
986 1077 1095 1115 edita
1118 1085 1179 1114 est
1199 1077 1309 1126 apud
1332 1075 1623 1124 VVa'ddingum,
1645 1081 1674 1110 t.
1699 1085 1784 1117 v111,

91 1152 128 1188 p.
166 1136 239 1175 431
277 1137 432 1185 Regesti
466 1135 678 1186 pontificii.
719 1129 864 1174 Evasit
899 1150 992 1185 ergo
1027 1135 1355 1185 archiepiscopus
1391 1132 1640 1171 Arelatensis
1675 1144 1782 1168 anno

92 1196 387 1243 MCCCXLIX,
426 1204 551 1245 atque
589 1196 647 1233 ita
686 1203 859 1233 vocatur
896 1195 948 1232 ab
985 1195 1073 1244 ipso
1113 1195 1319 1232 Clemente
1356 1207 1464 1243 papa
1497 1207 1523 1228 x
1556 1192 1633 1228 kal.
1666 1189 1781 1239 april.

94 1255 158 1306 [23
186 1255 318 1305 mars]
348 1263 389 1293 et
426 1269 497 1292 xw
527 1255 605 1293 kal.
636 1254 855 1304 septembr.
898 1253 962 1303 [17
991 1253 1115 1303 aout]
1144 1253 1248 1290 illius
1285 1253 1380 1290 anni
1422 1251 1532 1301 apud
1562 1248 1783 1288 Odoricum

93 1314 370 1364 Raynaldum,
394 1328 459 1352 an.
484 1313 599 1361 1349,
630 1313 646 1362 ξ
669 1314 691 1351 5
714 1322 755 1351 et
779 1314 811 1352 7.
838 1313 985 1351 Postea
1009 1326 1101 1351 cum
1131 1326 1238 1350 anno
1261 1312 1447 1361 sequenti
1469 1310 1577 1354 idem
1600 1309 1782 1346 Clemens

93 1374 389 1423 Raymundum
425 1373 472 1411 de
509 1373 728 1411 Canilhaco
764 1372 1116 1422 archiepiscopum
1150 1371 1398 1409 Tolosanum
1431 1367 1702 1419 promovisset
1731 1364 1783 1402 ad

92 1433 339 1483 dignitatem
358 1432 573 1470 cardinalis
595 1432 658 1470 die
680 1446 765 1469 xvn
786 1431 1025 1476 decembris,
1046 1430 1189 1468 statim
1210 1430 1467 1480 Stephanum
1485 1429 1573 1466 loco
1594 1424 1725 1464 movit
1744 1432 1784 1461 et

91 1492 259 1530 vacanti
286 1491 505 1530 cathedrae
534 1491 760 1529 Tolosanae
797 1490 1008 1540 praefecit,
1037 1498 1083 1528 ut
1110 1497 1228 1539 patet
1255 1503 1304 1527 ex
1339 1489 1442 1526 libro
1470 1484 1780 1534 Obligationum.

95 1552 239 1601 Itaque
264 1550 586 1589 existimandum
610 1558 672 1588 est
697 1550 954 1600 Stephanum
978 1549 1026 1587 de
1052 1549 1203 1587 Gardia
1228 1548 1386 1586 factum
1410 1561 1493 1585 esse
1517 1543 1785 1593 archiepisco-

90 1610 493 1661 pum-Arelatensem
513 1609 657 1648 eodem
677 1623 785 1647 anno
808 1608 979 1647 MCCCL
1000 1616 1189 1656 exeunte,
1212 1621 1305 1646 cum
1326 1621 1371 1645 ea
1393 1606 1505 1644 sedes
1527 1610 1694 1641 vacaret
1714 1615 1785 1650 per

91 1669 405 1708 translationem
430 1668 596 1707 alterius
624 1668 821 1718 Stephani
847 1668 898 1705 ad
924 1667 1181 1705 Tolosanam.

146 1729 187 1767 P.
210 1728 298 1776 356,
318 1728 385 1777 lig.
407 1727 441 1766 5.
462 1727 615 1765 REDnT
635 1742 691 1764 AD
713 1741 908 1775 PROPRIA,
925 1727 965 1764 id
986 1735 1061 1774 est,
1079 1727 1252 1776 Pragam
1266 1725 1487 1763 Bohemiae
1508 1720 1784 1770 metropolim,

91 1788 163 1826 ubi
183 1802 276 1826 eum
296 1787 490 1825 convenit
512 1787 655 1825 Petrus
676 1801 746 1825 rex
768 1786 902 1836 Cypri.
926 1786 1027 1824 Vide
1050 1785 1337 1832 Froissartum,
1359 1792 1388 1822 t.
1412 1798 1465 1829 vl,
1486 1797 1524 1832 p.
1546 1781 1608 1819 85.

146 1848 187 1885 Ρ.
207 1846 296 1894 356,
313 1846 380 1895 lig.
398 1846 433 1884 8.
455 1845 651 1883 NATIONE
671 1846 813 1883 VAsco
831 1860 900 1883 seu
917 1845 1054 1895 potius
1074 1843 1430 1893 petragoricensis,
1448 1850 1495 1879 ut
1512 1853 1634 1890 supra
1653 1853 1690 1888 p.
1710 1835 1788 1874 946

93 1915 303 1944 ostensum
323 1913 396 1944 est.
420 1905 496 1943 Sed
518 1913 607 1942 tum
628 1905 809 1955 plerique
830 1919 896 1943 eos
918 1918 1056 1942 omnes
1078 1903 1286 1941 vocabant
1306 1903 1525 1947 Vascones,
1547 1899 1616 1948 qui
1636 1897 1784 1934 Vasco-

90 1966 180 2003 niae
203 1973 320 2003 erant
342 1964 477 2003 vicini.

146 2025 187 2063 P.
215 2023 303 2072 356,
328 2024 394 2073 lig.
422 2023 456 2063 9.
484 2023 716 2062 ALSATIAM.
745 2023 937 2061 Albertus
971 2021 1278 2072 Argentinensis
1297 2021 1311 2043 1
1347 2020 1400 2070 [p.
1429 2018 1528 2068 293]
1563 2017 1621 2054 ait
1646 2014 1785 2052 Archi-

90 2083 378 2134 presbyterum
397 2082 587 2121 habuisse
607 2096 743 2121 seeum
763 2082 979 2120 duodecim
998 2082 1123 2119 millia
1143 2093 1342 2130 equorum
1361 2079 1388 2126 ²,
1408 2087 1455 2116 ut
1473 2075 1785 2119 aestimabatur,

92 2151 132 2182 et
156 2143 308 2180 incolas
333 2142 481 2179 harum
505 2142 717 2191 regionum
741 2141 843 2179 adeo
868 2141 953 2179 vim
977 2148 1018 2179 et
1042 2148 1240 2179 terrorem
1265 2139 1350 2188 ejus
1377 2137 1569 2175 metuisse
1595 2143 1642 2172 ut
1667 2133 1786 2181 fugae

91 2201 341 2252 praesidium
357 2209 610 2251 quaererent.
629 2200 876 2252 Trithemius
892 2200 932 2237 in
948 2199 1142 2237 Chronico
1156 2197 1457 2247 Hirsaugiensi‚
1473 2204 1502 2234 t.
1520 2208 1602 2244 11,p.
1621 2192 1696 2230 246
1711 2205 1788 2239 sq,⁷

90 2261 206 2299 illum
240 2268 364 2298 vocat
398 2260 659 2298 archiducem
693 2260 903 2297 latronum
938 2267 979 2297 et
1014 2259 1248 2296 fabulosum
1284 2255 1709 2305 Archipresbyterum,
1745 2258 1786 2288 et

91 2320 335 2358 vastitatem
366 2319 552 2357 intulisse
585 2319 643 2356 ait
674 2318 716 2356 in
748 2319 983 2357 universam
1017 2318 1229 2355 Alsatiam.
1266 2316 1370 2353 Tum
1402 2314 1566 2364 periisse
1598 2309 1788 2349 incendio

92 2378 435 2427 Truttenhusium
458 2378 700 2416 coenobium
723 2378 1013 2415 canonicorum
1036 2376 1282 2425 regularium
1306 2375 1341 2413 S.
1368 2372 1585 2423 Augustini
1608 2376 1789 2408 testatur

90 2437 310 2476 Bruschius
335 2437 376 2474 in
401 2436 666 2485 Chronologia
689 2437 1015 2474 monasteriorum
1045 2434 1289 2473 Germaniae.

146 2497 188 2535 P.
215 2496 304 2544 356,
329 2497 394 2545 lig.
423 2496 481 2534 13.
509 2496 808 2534 CONNIVENTIA
834 2510 943 2533 DICTI
972 2495 1275 2532 IMPERATORIS.
1302 2492 1493 2530 Albertus
1519 2487 1786 2537 Argentinen-

93 2555 145 2594 sis
162 2553 178 2576 3
210 2554 263 2605 [p.
292 2555 392 2605 293]
418 2571 425 2593 ε
450 2555 597 2592 Eodem
620 2563 789 2604 tempore
812 2554 916 2592 venit
937 2553 1105 2591 Carolus
1128 2553 1172 2589 de
1193 2551 1408 2597 Avinz'one,
1433 2557 1475 2587 ut
1496 2549 1642 2586 dictum
1665 2553 1731 2591 est,
1755 2552 1791 2581 et

93 2614 320 2652 morabatur
355 2628 422 2663 per
455 2614 605 2663 aliquot
638 2614 719 2651 dies
756 2613 798 2651 in
833 2613 979 2662 oppido
1016 2612 1146 2650 Seltze.
1184 2611 1264 2648 Hic
1298 2607 1546 2657 congregavit
1579 2605 1788 2643 exercitum

94 2687 284 2722 magnum
307 2673 359 2710 ad
382 2673 652 2721 expulsionem
676 2673 871 2710 societatis
895 2672 1054 2721 prefate.
1083 2670 1195 2719 Quod
1218 2669 1441 2718 percipiens
1465 2663 1790 2714 Archipresbyter

141 2832 174 2866 1.
206 2832 272 2866 Ed.
292 2832 385 2865 citee
404 2832 448 2864 de
465 2831 637 2865 Bahmer.

143 2886 183 2924 2.4
203 2885 271 2918 Les
303 2885 572 2928 chroniqueurs
603 2884 751 2918 varient
781 2885 976 2927 beaucoup
1008 2882 1218 2926 d'opinions
1250 2892 1298 2914 au
1328 2880 1428 2923 sujet
1459 2880 1508 2912 du
1538 2878 1693 2911 nombre
1725 2877 1789 2910 des

93 2938 252 2972 routiers
283 2937 347 2981 qui
377 2939 638 2980 composerent
666 2937 717 2970 les
748 2937 890 2970 bandes
921 2936 983 2969 (ΓΡ,
995 2935 1116 2968 rnaud
1147 2935 1190 2968 de
1223 2933 1385 2967 Cervole.
1418 2932 1488 2965 Sur
1516 2932 1552 2964 la
1582 2941 1787 2974 campagne

95 2991 276 3030 d’Alsace,
291 2990 372 3024 voir
392 2989 537 3023 Denifle
563 2988 637 3032 (La
656 2990 863 3029 desolation,
886 2995 911 3022 t.
932 3001 969 3029 11,
992 3000 1026 3032 p.
1049 2987 1219 3030 481-484)
1243 2992 1281 3019 et
1302 2984 1528 3018 Delachenal
1548 2982 1730 3027 (Histoire
1749 2983 1791 3015 de

95 3043 243 3077 Charles
267 3044 309 3084 V,
332 3050 358 3077 t.
379 3055 430 3083 111,
453 3055 488 3086 p.
512 3043 591 3083 222,
615 3043 799 3086 229-233).

142 3098 174 3131 3.
206 3089 306 3130 Edit.
333 3096 425 3130 citee
452 3096 495 3129 de
519 3096 691 3129 Biihmer.
716 3115 765 3118 —
788 3095 858 3129 Sur
880 3095 930 3128 les
957 3094 1118 3128 desseins
1144 3093 1187 3126 de
1211 3090 1537 3135 l'empereur‚voir
1562 3088 1788 3122 Delachenal

99 3148 176 3193 (op.
199 3151 270 3190 cit„
292 3155 319 3183 t.
339 3161 390 3189 111,
413 3160 447 3193 p.
471 3149 655 3186 229-233).
