2083 3458
83 247 235 301 [1349]
606 263 822 288 PAPARUM
859 263 1241 288 Ax'ENloNENsmM
1690 248 1777 288 863-

69 346 347 392 satisfecisset,
362 354 403 383 et
418 346 586 385 Petrum
603 347 650 384 de
667 347 828 396 Tureyo
846 347 1064 385 Viennensi
1080 347 1284 385 Ecclesiae
1300 347 1577 397 praefecisset,
1592 356 1637 385 ut
1654 347 1768 386 facile

69 405 273 455 colligitur
288 420 338 443 ex
353 405 440 453 ejus
457 405 582 443 literis
609 406 661 443 ad
676 406 868 446 eumdem
893 407 1039 445 ducem
1063 406 1169 444 datis
1186 406 1249 444 die
1274 406 1503 456 penultima
1528 406 1767 445 decembris.

124 465 328 504 Eumdem
359 464 480 502 fuisse
513 465 758 514 magistrum
788 465 1018 504 libellorum
1049 465 1281 515 supplicum
1312 466 1352 503 in
1383 466 1490 515 regia
1526 465 1666 503 Karoli
1698 467 1768 512 VI,

67 524 169 573 regis
194 525 457 569 Francorum,
480 532 643 561 constat
664 538 713 561 ex
732 525 875 561 Diario
901 525 954 575 [p.
978 524 1043 573 22]
1069 525 1240 562 Joannis
1263 525 1383 562 Fabri
1413 524 1592 574 episcopi
1621 526 1769 562 Carno-

67 583 212 629 tensis;
234 583 273 620 in
296 597 376 632 quo
396 582 460 620 ille
481 583 702 620 adnotavit
722 583 785 621 die
805 583 970 621 sabbati
990 583 1122 633 prima
1145 584 1283 621 martii
1302 584 1399 621 anni
1420 584 1767 622 MCCCLXXXII

66 643 177 692 apud
198 642 451 680 Avenionem
468 642 509 678 in
523 642 756 691 praesentia
773 657 904 692 papae
917 651 958 680 et
975 642 1072 680 XIV
1086 643 1355 682 cardinalium
1373 643 1587 682 dominum
1602 644 1769 682 Petrum

66 701 115 739 de
139 701 279 748 Thuri,
303 701 518 739 custodem
542 701 872 750 Lugdunensem,
896 701 1139 750 magistrum
1162 711 1447 751 requestarum
1469 702 1636 752 hospitii
1658 702 1769 751 regii⁷

66 769 107 798 et
128 761 343 800 dominum
366 760 630 799 Guillelmum
653 761 953 807 Gaillonellum,
977 761 1220 809 magistrum
1241 761 1409 810 hospitii
1430 761 1546 810 regis,
1569 762 1767 799 allocutos

66 835 150 858 esse
172 820 332 870 publice
357 819 630 857 provinciales
652 828 693 857 et
722 820 833 870 apud
854 835 919 858 eos
953 820 1116 859 nomine
1138 820 1239 870 regis
1273 821 1579 859 commendasse
1602 834 1768 858 causam

65 893 196 930 papae
211 888 252 917 et
265 878 378 917 ducis
396 879 715 928 Andegavensis.
1597 875 1599 878 Α

120 939 237 976 Anno
271 938 595 976 MCCCLXXXI
628 947 715 975 erat.
747 938 858 988 apud
890 938 1096 977 Medinam
1127 939 1396 988 Campensem
1426 938 1465 975 in
1506 938 1694 984 Castella‚
1727 938 1766 974 in

66 998 212 1035 celebri
230 998 296 1035 illo
313 1006 520 1035 conventu
536 1012 660 1046 quem
677 998 856 1035 Joannes
873 1012 942 1035 rex
959 997 1157 1035 Castellae
1174 997 1305 1047 coegit
1320 1006 1367 1035 ut
1382 997 1569 1047 sepositis
1585 997 1768 1047 partium

64 1057 281 1095 affectibus
320 1057 371 1094 ad
409 1057 613 1096 trutinam
651 1057 837 1094 veritatis
877 1057 1213 1095 examinarentur
1250 1056 1465 1095 electiones
1505 1057 1680 1094 duorum
1718 1057 1765 1094 de

64 1131 225 1156 summo
250 1116 500 1166 pontificatu
526 1116 843 1162 decertantium,
869 1125 909 1154 et
934 1116 975 1153 in
1000 1131 1079 1165 quo
1104 1124 1199 1165 post
1223 1116 1433 1165 negotium
1459 1115 1765 1165 diligentissime

65 1184 106 1213 et
121 1190 215 1214 cum
230 1189 390 1214 summa
407 1175 651 1214 maturitate
669 1175 898 1213 discussum
915 1189 1035 1213 causa
1054 1175 1272 1213 Clementis
1290 1175 1375 1213 visa
1393 1183 1454 1213 est
1469 1190 1554 1213 esse
1570 1174 1710 1212 melior
1725 1182 1766 1212 et

63 1235 224 1284 justior.
251 1234 396 1272 Adfuit
418 1249 511 1284 ergo
533 1234 626 1272 huic
650 1235 873 1272 conventui
895 1234 1022 1273 etiam
1046 1235 1188 1272 Petrus
1212 1235 1259 1271 de
1282 1235 1422 1283 Thury
1443 1243 1580 1272 custos
1604 1233 1765 1282 Lugdu-

66 1294 214 1339 nensis,
245 1303 286 1331 et
317 1294 546 1332 orationem
576 1294 723 1331 habuit
755 1308 834 1343 qua
867 1294 1047 1331 ostendit
1078 1293 1319 1332 electionem
1348 1293 1655 1331 Bartholomaei
1686 1307 1766 1329 non

65 1354 214 1400 valere,
236 1353 479 1392 electionem
501 1353 719 1391 Clementis
742 1368 826 1391 esse
849 1353 1102 1391 canonicam.
1129 1354 1287 1390 Extant
1307 1352 1348 1389 in
1369 1352 1505 1391 codice
1526 1351 1603 1389 814
1623 1351 1765 1389 biblio-

64 1413 206 1451 thecae
232 1413 489 1450 Colbertinae
509 1413 521 1435 ¹
549 1413 817 1461 Allegationes
851 1413 1048 1449 reverendi
1073 1413 1238 1449 doctoris
1261 1412 1413 1448 domini
1438 1412 1544 1448 Petri
1575 1412 1617 1448 cle
1644 1412 1769 1460 Tury,

65 1472 270 1522 utriusque
293 1472 399 1521 juris
426 1472 672 1522 professoris,
701 1472 873 1509 custodis
900 1472 1070 1509 Ecclesie
1097 1471 1392 1520 Lugdunensis,
1416 1471 1520 1520 sacta
1548 1470 1589 1507 in
1616 1470 1765 1520 capella

65 1531 217 1569 domini
242 1532 346 1579 regis
371 1532 537 1569 Ccistelle
562 1540 654 1569 tunc
678 1531 853 1568 absentis
877 1532 988 1581 apud
1012 1531 1223 1568 lWedinam
1248 1530 1308 1568 det
1331 1530 1496 1579 Camp0‚
1524 1529 1764 1567 Salamanti-

64 1591 191 1628 censis
205 1591 385 1638 diocesis,
400 1606 471 1640 pro
485 1600 594 1640 parte
609 1590 762 1628 domini
777 1590 900 1628 nostri
914 1605 1017 1640 pape
1032 1589 1244 1627 Clementis
1257 1589 1416 1639 septimi
1430 1597 1562 1626 contra
1576 1589 1622 1626 Β.
1640 1589 1763 1625 intru-

62 1651 221 1698 sumvde
247 1659 281 1687 et
306 1664 426 1700 super
450 1651 551 1699 jacto
578 1650 777 1687 scismatis
805 1665 910 1687 nunc
937 1649 1127 1686 currentis
1155 1650 1199 1686 de
1225 1663 1331 1686 anno
1364 1648 1529 1685 Domini
1559 1647 1765 1685 millesimo

64 1709 167 1747 CCC
187 1709 451 1758 octuagesimo
474 1710 603 1759 primo
624 1718 658 1746 et
679 1710 723 1746 de
746 1723 874 1746 mense
896 1709 1042 1758 aprilis
1062 1710 1231 1746 secunda
1256 1708 1329 1746 die.
1356 1708 1535 1746 Eaedem
1556 1715 1702 1744 extant
1724 1706 1763 1743 in

64 1768 200 1807 codice
219 1768 234 1791 ²
258 1767 336 1806 815
360 1777 402 1807 et
428 1769 468 1805 in
495 1783 636 1807 earum
663 1769 770 1807 calce
797 1768 874 1806 ista
902 1768 1127 1814 adduntur,
1156 1782 1258 1817 quae
1295 1775 1568 1805 consentanea
1596 1774 1692 1803 sunt
1719 1765 1763 1802 iis

67 1842 170 1878 quae
191 1828 396 1877 descripta
415 1828 502 1877 jam
520 1837 614 1865 sunt
636 1842 685 1865 ex
705 1827 783 1865 alio
804 1827 940 1865 codice
963 1844 968 1865 :
991 1827 1215 1865 Predictam
1234 1827 1472 1876 questionem
1490 1826 1557 1863 XI
1574 1824 1766 1862 sustinuit

62 1887 247 1925 dominus
284 1888 437 1931 Petrus,
476 1895 602 1924 custos
640 1887 936 1935 Lugdunensis,
974 1887 1101 1924 doctor
1139 1886 1340 1935 utriusque
1369 1885 1492 1934 juris,
1530 1885 1591 1922 die
1628 1883 1765 1921 martis

62 1946 250 1996 predicta,
274 1961 344 1996 que
365 1947 443 1995 suit
465 1947 547 1984 dies
568 1947 741 1983 secunda
763 1946 856 1983 dicti
881 1946 1027 1983 mensis
1048 1946 1206 1995 aprilis,
1232 1945 1274 1982 in
1297 1945 1399 1982 dicta
1421 1944 1584 1994 capella,
1608 1944 1764 1980 absente

63 2020 161 2054 rege.
198 2005 378 2045 Eaedem
408 2020 571 2045 rursum
602 2014 750 2043 extant
781 2005 821 2042 in
853 2005 989 2043 codice
1021 2003 1096 2042 81]
1129 2004 1314 2054 ejusdem
1345 2003 1617 2041 bibliothecae
1634 2001 1662 2049 3,
1694 2001 1763 2039 sed

63 2065 217 2114 absque
237 2065 319 2102 ulla
340 2073 437 2102 nota
458 2065 636 2103 auctoris
658 2065 720 2102 vel
740 2064 952 2114 temporis,
973 2063 1048 2101 nisi
1069 2064 1178 2113 quod
1198 2063 1238 2100 in
1259 2063 1392 2101 fronte
1413 2062 1543 2112 operis
1564 2061 1714 2110 scriptu
1725 2075 1763 2097 m

61 2132 123 2162 est
139 2124 378 2174 simpliciter
395 2141 403 2161 :
421 2124 574 2162 Custos.

116 2184 234 2221 Anno
259 2182 608 2221 MCCCLXXXII
635 2183 767 2220 factus
791 2182 1030 2232 perhibetur
1053 2182 1265 2231 episcopus
1292 2179 1581 2218 Malleacensis.

116 2243 234 2280 Anno
256 2243 612 2287 MCCCLXXXV,
633 2242 696 2279 die
719 2257 773 2278 xn
793 2241 897 2290 julii,
918 2242 1101 2279 Clemens
1122 2255 1230 2291 papa
1250 2240 1378 2286 illum,
1394 2247 1485 2278 tum
1503 2246 1761 2288 praesentem

61 2300 102 2339 in
117 2301 242 2347 curia,
259 2301 414 2339 creavit
429 2302 718 2351 presbyterum
734 2301 983 2339 cardinalem
999 2299 1109 2337 tituli
1125 2300 1298 2337 Sanctae
1315 2299 1538 2336 Susannae.
1556 2297 1759 2334 Vocatum

61 2369 203 2400 autem
232 2360 377 2400 statim
407 2360 529 2398 fuisse
561 2360 811 2399 cardinalem
844 2360 1152 2397 Malleacensem
1183 2367 1299 2409 patet
1331 2372 1380 2395 ex
1407 2356 1551 2399 Dianio
1580 2355 1760 2405 episcopi

61 2419 322 2457 Carnotensis
346 2420 399 2469 [p.
417 2420 522 2469 142]
542 2420 677 2457 Mense
696 2419 790 2457 dein
808 2418 965 2456 octobri
986 2418 1171 2467 ejusdem
1188 2417 1286 2454 anni·
1306 2416 1425 2454 ivisse
1441 2416 1555 2453 illum
1572 2415 1762 2452 Tolosam

62 2492 155 2516 cum
188 2479 289 2519 duce
323 2478 568 2516 Bituricensi
601 2478 730 2527 liquet
763 2492 813 2515 ex
845 2492 937 2527 pag.
974 2477 1048 2514 148
1082 2476 1372 2513 Memorz'aram
1400 2474 1590 2512 *historiae
1623 2473 1760 2510 occita-

63 2537 174 2575 nicae
192 2539 350 2584 Catelli,
367 2537 438 2575 ubi
454 2552 524 2587 per
540 2551 717 2575 errorem
733 2545 907 2575 vocatur
923 2535 1140 2574 cardinalis
1158 2535 1205 2573 de
1223 2536 1362 2572 Turre.

115 2596 309 2634 Mansisse
352 2611 446 2635 eum
494 2596 703 2633 Avenione
748 2596 801 2633 ab
833 2610 878 2633 eo
923 2603 1106 2644 tempore
1153 2608 1281 2643 usque
1326 2593 1377 2630 ad
1410 2606 1563 2630 annum
1612 2591 1760 2629 saltem

62 2655 474 2693 MCCCLXXXVIII
497 2655 612 2693 facile
633 2654 837 2704 colligitur
856 2668 906 2692 ex
925 2653 1068 2692 eodem
1086 2653 1243 2691 Diario.
1269 2651 1438 2690 Interim
1457 2665 1550 2690 cum
1570 2650 1632 2687 die
1655 2664 1758 2686 xxm

60 2714 209 2754 mensis
239 2714 482 2764 septembris
513 2728 620 2751 anno
653 2713 1039 2751 MCCCLXXXVII
1073 2711 1199 2749 Maria
1228 2710 1366 2760 regina
1396 2709 1553 2748 Siciliae
1583 2709 1758 2747 celebra-

61 2782 122 2812 ret
149 2773 477 2812 anniversarium
506 2772 704 2811 Ludovici
742 2772 859 2822 regis,
888 2771 1025 2810 mariti
1052 2770 1127 2817 sui,
1155 2770 1265 2820 apud
1293 2768 1585 2807 Carthusianos
1614 2767 1758 2805 Villae—

60 2847 206 2878 novae,
242 2832 459 2870 cardinalis
495 2832 543 2869 de
580 2833 771 2880 Thureyo
805 2830 972 2869 missam
1018 2828 1256 2876 celebravit,
1291 2841 1598 2876 convenereque
1633 2825 1761 2864 etiam

60 2891 285 2929 cardinales
322 2891 525 2941 [Journal‚
551 2905 589 2940 p.
617 2890 726 2939 421}

238 3024 295 3063 N„
319 3035 385 3056 ms.
408 3023 504 3056 latin
524 3023 629 3063 1469,
653 3024 715 3056 fol.
739 3023 808 3056 159
829 3024 951 3055 r0-172
972 3027 1015 3055 r0.

238 3077 294 3115 N.‚
318 3088 384 3109 ms.
408 3077 503 3109 latin
524 3076 629 3116 1470,
652 3076 715 3109 fol.
739 3077 808 3109 176
829 3080 872 3109 r⁰.

237 3130 293 3169 N„
316 3141 383 3162 ms.
405 3130 501 3162 latin
521 3129 625 3169 1462,
648 3129 710 3162 fol.
734 3129 778 3162 59
798 3129 891 3162 r0-71
916 3133 959 3161 r0.

171 3078 199 3109 B

171 3131 199 3162 B

107 3025 140 3164 5030?

172 3025 211 3057 B.
