2083 3458
265 230 345 271 834
914 242 1065 267 NOTAE
1101 243 1161 266 AD
1197 243 1324 268 VITAS
1821 229 1974 284 [1318]

323 330 363 366 P.
395 327 485 371 490.
515 326 581 376 lig.
612 325 674 363 20.
708 326 891 363 PETRUM
925 340 979 362 DE
1012 326 1246 364 FITINIAco.
1283 326 1328 363 In
1371 334 1508 364 vetere
1538 327 1700 376 Regesto
1728 325 1977 378 parlamenti

268 386 504 426 Parisiensis
524 386 537 408 1
578 385 776 435 inscripto
820 385 1018 423 Manuale
1058 385 1306 423 Placitoram
1344 385 1423 424 ista
1476 387 1669 436 leguntur
1719 387 1770 425 ad
1821 402 1976 425 annum
1998 419 2003 426 ,

268 445 641 485 MCCCLXXXIII
668 453 709 482 et
736 444 844 482 diem
871 459 978 482 XXIX
1006 444 1232 483 decembris
1261 461 1268 483 :
1297 445 1350 483 Ce
1377 445 1469 494 jour
1502 461 1526 483 a
1560 448 1636 484 este'
1661 447 1827 484 novelles
1857 461 1904 484 en
1939 448 1977 485 la

266 515 373 545 court
395 507 439 544 (Ie
461 508 576 543 ceans
599 518 669 554 que
692 504 852 543 maistre
875 504 1012 541 Pierre
1035 505 1079 541 sle
1101 504 1305 554 Fisstgny,
1328 506 1491 543 advocat
1512 520 1560 542 en
1582 506 1621 543 la
1643 514 1754 543 court
1779 507 1823 544 de
1845 509 1979 554 οέαηε,

266 575 320 604 est
336 565 518 604 cardinal
534 578 741 614 pronunca
759 565 810 601 du
831 563 951 602 Saint
967 563 1082 613 Siege
1099 565 1143 601 de
1161 564 1300 611 Rome;
1320 573 1356 602 et
1371 573 1437 602 ont
1453 567 1507 602 ἑτέ
1523 580 1747 615 pronuncez
1765 566 1832 604 disc
1849 566 1975 604 cardi-

268 627 355 664 nals
375 633 479 663 entre
499 624 663 674 Zesquels
682 632 770 661 sont
791 623 1079 673 messeigneurs
1100 624 1153 661 les
1173 638 1353 674 evesques
1374 625 1418 662 de
1439 625 1560 662 Paris
1580 633 1615 662 et
1631 623 1678 662 'de
1699 625 1811 663 Laon
1832 634 1867 663 et
1886 626 1981 664 ledit

269 686 426 724 maistre
453 684 589 721 Pierre
617 684 661 721 de
692 683 890 733 Fzsstigny.

322 744 416 782 Fuit
448 745 592 782 Petrus
612 742 627 765 2
656 742 718 781 vir
748 757 922 792 magnae
945 743 1168 795 &bonaeque
1200 743 1349 790 famae,
1380 752 1427 781 ut
1459 744 1578 782 docet
1609 744 1672 782 hic
1703 744 1891 794 scriptor.
1928 745 1973 782 In

264 805 407 843 Diario
438 803 492 854 [p.
514 802 553 853 9]
590 802 761 841 Joannis
784 802 907 840 Fabri
925 802 1107 853 episcopi
1127 802 1388 841 Carnotensis
1409 803 1566 853 reperio
1585 818 1678 841 eum
1699 803 1740 841 in
1760 804 1977 844 consilium

266 873 463 903 vocatum
488 877 510 900 a
538 862 749 900 Ludovico
777 862 878 900 duce
906 862 1196 911 Andegavensi
1223 862 1476 901 deliberante
1503 863 1551 901 de
1578 863 1840 913 expeditione
1869 864 1973 902 Nea-

266 924 465 974 politana.
491 922 597 959 Nam
624 936 717 959 cum
741 922 840 969 dux7
865 921 935 971 qui
956 930 1057 960 tunc
1081 930 1168 960 erat
1193 922 1470 960 Caesaroduni
1494 923 1720 969 Turonum,
1762 923 1976 961 Lutetiam

268 983 444 1022 misisset
470 991 650 1032 quatuor
675 996 694 1019 e
721 981 960 1020 consiliariis
986 981 1083 1026 suis,
1115 990 1156 1019 et
1181 981 1288 1020 inter
1313 982 1385 1020 hos
1412 981 1651 1032 episcopum
1677 983 1976 1021 Carnotensem

267 1042 556 1082 cancellarium
584 1055 719 1088 suum,
747 1041 886 1091 illique
914 1041 1181 1079 advenissent
1211 1041 1422 1080 Lutetiam
1450 1041 1513 1079 die
1540 1042 1646 1091 jovis
1676 1057 1782 1080 XXIX
1810 1042 1977 1092 augusti

267 1118 374 1141 anno
402 1102 616 1141 millesimo
643 1101 929 1139 CCCLXXXI
955 1101 1153 1151 postridie
1180 1101 1372 1139 adunatis
1401 1101 1624 1140 consiliaris
1647 1101 1779 1151 regiis,
1801 1116 1978 1152 quorum

267 1178 371 1200 unus
400 1170 489 1200 erat
518 1162 663 1199 Petrus
693 1161 742 1199 de
773 1160 1016 1210 Fitigniaco‚
1045 1160 1260 1211 episcopus
1291 1161 1552 1199 Carnotensis
1581 1161 1773 1211 exposuit
1794 1176 1840 1200 ea
1871 1176 1975 1212 quae
2014 1200 2017 1203 ,

268 1236 404 1261 coram
427 1222 528 1260 duce
549 1221 637 1259 visa
658 1220 824 1259 fuerant
844 1220 1036 1270 expedire
1057 1221 1167 1270 apud
1191 1221 1542 1268 Caesarodunum,
1564 1221 1759 1261 nimirum
1778 1235 1873 1259 eum
1894 1236 1977 1259 non

268 1297 384 1332 posse
416 1280 574 1331 ingredi
604 1280 682 1318 iter
712 1281 788 1318 hac
820 1288 1087 1330 tempestate,
1115 1280 1261 1318 debere
1294 1288 1435 1320 tamen
1468 1289 1728 1330 quantocyus
1763 1280 1978 1331 suppetias

270 1342 369 1380 ferre
392 1341 554 1391 reginae
579 1341 780 1387 Joannae,
803 1354 849 1378 ac
870 1348 1089 1390 propterea
1113 1339 1339 1378 mittendos
1362 1355 1447 1378 esse
1470 1340 1522 1377 ad
1545 1340 1691 1379 ducem
1712 1341 1977 1390 Burgundiae

270 1401 339 1451 qui
364 1401 399 1439 ei
424 1400 705 1450 significarent
732 1413 915 1449 quonam
940 1399 982 1436 in
1008 1407 1122 1437 statu
1148 1415 1208 1437 res
1236 1408 1372 1437 essent
1397 1399 1439 1436 in
1464 1414 1588 1450 regno
1617 1400 1905 1450 Neapolitano.
1935 1409 1977 1438 et

269 1461 484 1510 consilium
522 1460 609 1509 ejus
648 1468 903 1509 expeterent.
946 1460 1096 1497 Omnes
1136 1459 1419 1509 approbavere
1459 1474 1550 1497 eam
1589 1459 1853 1505 sententiam,
1894 1474 1977 1497 uno

268 1529 441 1570 excepto
464 1521 585 1557 Petro
608 1519 656 1557 de
680 1519 922 1569 Fitigniaco,
946 1519 1015 1568 qui
1036 1519 1204 1556 nolebat
1227 1519 1373 1557 ducem
1388 1518 1429 1556 in
1444 1534 1484 1557 se
1506 1533 1711 1557 assumere
1727 1519 1839 1558 istud
1855 1534 1974 1569 nego-

271 1581 386 1619 tium.
422 1580 606 1617 Aderant
636 1579 678 1616 in
709 1594 755 1617 eo
787 1587 997 1617 conventu
1031 1578 1222 1617 Nicolaus
1256 1579 1309 1616 du
1340 1579 1443 1617 Bosc
1475 1578 1689 1629 episcopus
1721 1578 1976 1629 Bajocensis,

271 1640 414 1678 Petrus
440 1638 615 1685 Girardi‚
641 1638 711 1688 qui
735 1638 813 1676 fuit
837 1646 980 1689 postea
1003 1638 1235 1683 cardinalis,
1258 1639 1402 1676 Petrus
1423 1639 1471 1676 de
1490 1638 1802 1685 Bournonsello‚
1825 1638 1973 1676 Mauri-

270 1699 352 1737 cius
374 1699 421 1737 de
441 1698 692 1748 Treseguidi,
710 1712 833 1747 quem
852 1698 1101 1736 Froissartus
1127 1698 1205 1747 [ed.
1230 1698 1414 1747 Kervyn,
1431 1706 1461 1736 t.
1482 1713 1602 1745 XXIII,
1618 1713 1657 1748 p.
1679 1690 1772 1748 216]
1792 1706 1915 1736 vocat
1931 1699 1976 1735 de

273 1758 530 1808 Trissiquidi‚
558 1759 738 1796 Joannes
766 1758 813 1796 de
842 1757 1037 1804 Maresiis,
1064 1757 1260 1807 magister
1286 1758 1431 1795 Petrus
1459 1757 1507 1796 de
1537 1757 1765 1807 Fitigniaco
1789 1757 1975 1795 nondum

271 1818 502 1865 cardinalis,
530 1826 571 1856 et
599 1817 795 1867 magister
823 1818 968 1855 Petrus
998 1817 1045 1855 de
1074 1817 1264 1855 Castello.
1295 1818 1396 1855 Cum
1424 1817 1485 1855 his
1513 1826 1631 1855 erant
1658 1817 1786 1855 etiam
1813 1816 1925 1854 missi
1952 1831 1974 1854 a

272 1878 481 1916 Ludovico
500 1877 601 1915 duce
621 1878 801 1915 Joannes
819 1877 1034 1927 episcopus
1053 1876 1331 1924 Carnotensis,
1352 1877 1532 1915 Joannes
1550 1877 1597 1915 de
1613 1876 1744 1924 Bueil,
1764 1877 1975 1925 Raymun-

271 1938 344 1975 dus
370 1936 568 1975 Bernardi
594 1945 634 1974 et
660 1937 897 1987 Arnulp‘hus
922 1936 960 1973 la
987 1936 1108 1974 Caille
1134 1936 1375 1975 secretarius
1402 1936 1528 1988 ducis.

323 1997 442 2035 Anno
479 1996 619 2046 itaque
658 1996 1033 2034 MCCCLXXXIII
1071 2005 1247 2034 exeunte
1286 1996 1420 2034 factus
1458 2004 1520 2034 est
1558 1995 1774 2034 cardinalis
1813 1995 1974 2033 absens.

274 2057 418 2094 Postea
440 2056 614 2093 intravit
636 2056 792 2094 curiam
813 2056 876 2094 die
899 2070 973 2092 XXI
995 2055 1230 2093 novembris
1252 2055 1350 2092 anni
1371 2055 1594 2105 sequentis,
1616 2070 1667 2093 ex
1686 2055 1790 2093 libro
1813 2054 1973 2103 Obliga·

269 2116 432 2154 tionum.
802 2144 807 2152 s
1453 2120 1458 2125 “

323 2176 441 2213 Anno
484 2175 849 2213 MCCCLXXXVI
892 2189 985 2212 cum
1027 2174 1154 2212 Maria
1196 2174 1334 2224 regina
1377 2174 1548 2221 Siciliae,
1591 2173 1716 2211 vidua
1762 2173 1974 2219 Ludovici‚

270 2235 448 2272 venisset
467 2235 517 2271 ad
538 2234 843 2273 Villamnovam
861 2249 987 2284 prope
1007 2234 1276 2281 Avenionem‚
1296 2233 1359 2272 die
1379 2233 1584 2272 dominica
1603 2233 1778 2283 septima
1795 2233 1974 2282 januarii

269 2294 319 2330 ad
342 2308 432 2331 eam
454 2293 718 2331 salutandam
740 2308 887 2331 venere
909 2293 1135 2331 cardinales
1161 2293 1383 2343 Hispanus,
1406 2293 1679 2339 Florentium,
1703 2292 1973 2338 Saluciarum‚

269 2353 317 2391 de
356 2353 626 2400 Novocastro,
664 2354 711 2391 de
749 2353 986 2402 Fetigniaco
1021 2361 1062 2390 et
1099 2353 1145 2390 de
1180 2353 1331 2391 Sancto
1368 2352 1567 2390 Martiale.
1608 2353 1671 2390 lta
1694 2351 1821 2390 etiam
1846 2352 1974 2389 fecere

269 2412 447 2462 episcopi
470 2412 694 2450 Aeduensis
714 2420 753 2449 et
776 2412 1021 2458 Aniciensis3
1042 2427 1092 2449 ex
1113 2412 1255 2451 eodem
1271 2412 1416 2449 Diafrio
1447 2412 1500 2461 [p.
1522 2411 1631 2461 219}

324 2472 366 2509 Ι).
396 2472 484 2518 490,
513 2472 577 2520 lig.
608 2472 669 2509 28.
701 2471 832 2509 DUCIS
859 2472 1175 2509 BITURICENSIS.
1215 2472 1463 2521 Quanquam
1499 2470 1669 2509 historia
1710 2484 1813 2520 quae
1853 2469 1974 2508 isthic

269 2530 442 2568 refertur
479 2546 560 2568 non
596 2531 803 2580 pertineat
839 2531 891 2568 ad
927 2545 1083 2568 annum
1122 2530 1502 2577 MCCCLXXXIV,
1538 2530 1601 2568 uti
1637 2544 1734 2567 mox
1771 2528 1976 2567 ostensuri

269 2603 422 2636 sunnis,
446 2590 657 2627 adnotabo
680 2599 818 2627 tamen
844 2591 1048 2628 joannem
1071 2590 1217 2628 ducem
1238 2590 1535 2627 Bituricensem
1559 2589 1682 2628 fuisse
1704 2603 1842 2626 mense
1865 2587 1974 2625 maio

269 2649 453 2696 ejusdcm
485 2650 581 2686 anni
613 2650 723 2699 apud
758 2649 1026 2696 wauionem,
1061 2663 1235 2698 cumque
1269 2664 1314 2687 eo
1347 2649 1426 2687 illic
1468 2648 1590 2686 fuisse
1634 2648 1760 2686 etiam
1804 2647 1972 2685 comites

270 2708 516 2755 Armauiaci,
545 2709 832 2746 Convmmrum
858 2717 899 2746 et
929 2709 1101 2746 Insulae.
1131 2706 1349 2746 Testatum
1374 2708 1413 2745 id
1440 2708 1606 2757 reliquit
1626 2707 1817 2756 Aegidius
1842 2706 1971 2744 Bella-

272 2779 395 2806 Incra.
416 2766 452 2802 in
476 2782 563 2816 cap.
587 2768 734 2814 Sacris,
752 2770 811 2805 Ile
830 2768 892 2804 his
911 2782 1008 2817 quae
1027 2768 1063 2804 νί
1085 2776 1252 2804 metusve
1270 2782 1391 2805 causa
1411 2768 1526 2816 fiunt,
1547 2767 1614 2805 fol.
1637 2767 1698 2814 75,
1719 2766 1792 2804 col.
1813 2766 1848 2804 3.

325 2825 362 2861 Ι).
395 2825 482 2871 490,
513 2826 576 2873 lig.
608 2826 669 2864 29.
702 2827 883 2864 PETRUM
916 2841 970 2863 DE
1003 2827 1318 2864 LUCEMBORCH.
1352 2826 1522 2864 Difficile
1551 2834 1613 2864 est
1641 2834 1752 2864 certo
1794 2833 1974 2863 statuere

271 2891 429 2932 ternpus
451 2899 530 2932 qno
552 2886 684 2923 sactus
705 2894 766 2923 est
787 2886 1019 2924 cardinalis.
1043 2886 1279 2935 Onuphrius
1302 2885 1527 2923 Panvinius
1547 2885 1587 2922 in
1608 2885 1791 2922 Secunda
1809 2884 1975 2933 epitome

324 3018 347 3049 1.
382 3020 561 3052 Arvlnwfs
586 3021 817 3061 Nationalcs,
841 3022 876 3054 X
898 3022 937 3052 ‘1³¹
961 3020 1150 3060 1472,1'01.
1173 3022 1280 3053 1710.

319 3074 346 3101 2.
380 3073 449 3103 5111·
471 3073 590 3105 l'icrrc·
612 3076 655 3105 <lc
678 3074 849 3117 Fi'wigny7
869 3074 950 3106 voir
971 3074 1013 3106 R.
1037 3074 1267 3106 Dclachenal
1285 3074 1462 3117 (Histoire
1481 3075 1540 3106 [les
1558 3079 1700 3106 awocats
1713 3073 1762 3105 du
1774 3072 1974 3115 parlemenl

269 3123 308 3153 fle
327 3123 446 3160 Paris„
473 3126 584 3165 Puris,
612 3128 710 3166 1885,
732 3139 765 3170 p.
787 3128 885 3170 459),
908 3127 951 3159 N.
972 3127 1100 3159 ValOiS
1123 3129 1161 3170 (t.
1181 3140 1218 3167 11,
1240 3139 1273 3170 p.
1295 3128 1367 3171 15).
