2083 3458
120 290 245 346 [974]
646 305 863 331 PAPARUM
898 304 1283 330 AVENIONENsmM
1722 288 1802 330 491

162 385 204 423 Ρ.
226 383 314 431 346,
334 385 399 434 lig.
421 383 456 422 9.
479 383 830 422 TALAYRANDUM.
854 383 907 421 Le
928 383 970 421 P.
995 381 1153 420 Denisse
1175 382 1250 431 <La
1273 383 1500 430 desolation,
1524 390 1552 421 t.
1580 397 1620 430 11,
1648 397 1686 432 p.
1711 382 1801 431 193)

108 458 130 481 a
151 445 306 493 prouve
328 442 570 492 qu’Arnaud
593 443 640 480 de
662 442 828 480 Cervole
853 442 975 479 n’alla
998 456 1046 479 en
1069 441 1275 478 provence
1308 441 1345 478 ni
1377 455 1475 479 avec
1504 442 1805 480 l’assentiment

108 503 157 540 de
182 503 220 540 13
247 516 343 540 cour
368 501 620 552 pontificale,
637 501 677 538 ni
699 515 797 539 avec
818 502 873 539 les
898 507 1260 550 encouragements
1283 500 1337 538 du
1357 500 1536 537 cardinal
1559 500 1804 549 Talleyrand

110 561 158 599 de
181 561 372 611 Perigord
395 561 500 611 (voir
520 575 569 599 en
591 575 633 598 ce
655 575 744 598 sens
770 560 1034 607 Delachenal,
1055 567 1085 598 t.
1107 573 1133 606 1,
1155 574 1192 608 p.
1216 558 1418 607 309-312).

162 620 203 658 Ρ.
226 620 315 667 349,
335 621 401 670 lig.
426 620 458 658 1.
478 620 824 658 GABALLITANUS.
842 620 1009 657 Certum
1026 626 1087 657 est
1105 618 1239 656 varias
1258 632 1341 656 esse
1358 626 1545 657 veterum
1559 619 1805 657 recentium-

108 693 186 729 que
215 680 462 730 scriptorum
491 679 700 729 opiniones
731 679 779 716 de
808 678 943 728 patria
974 677 1129 716 Urbani
1160 677 1208 723 V,
1233 685 1273 715 et
1303 690 1392 715 eam
1422 677 1473 714 ab
1504 678 1693 716 omnibus
1725 678 1806 715 fere

108 739 301 788 praeferri
323 753 426 788 quae
445 739 561 777 illum
581 738 867 776 Lemovicibus
888 745 1088 776 accenset.
1112 737 1167 774 Et
1195 744 1335 774 tamen
1355 736 1618 774 nihilominus
1648 745 1806 774 certum

108 805 170 836 est
190 805 327 837 ortum
341 796 355 820 1
373 798 489 836 illum
503 812 587 836 esse
602 798 643 835 in
660 797 832 835 dioecesi
850 796 1099 844 Mimatensi,
1118 796 1159 833 in
1180 809 1260 845 qua
1280 795 1500 833 comitatus
1519 796 1805 834 Gabalitanus.

108 857 210 894 Cum
235 872 329 895 vero
354 870 591 907 quaererem
614 857 721 895 unde
747 864 835 894 orta
860 865 966 895 esset
988 856 1030 893 in
1054 855 1199 893 animis
1224 854 1438 893 hominum
1462 869 1507 892 ea
1533 854 1806 904 discrepantia

110 916 363 966 opinionum,
381 916 563 954 viderem
580 924 721 954 autem
738 916 860 954 fuisse
878 915 1109 965 antiquitus
1127 913 1238 964 apud
1257 913 1493 951 Lemovices
1513 922 1675 962 gentem
1693 913 1807 950 nobi-

108 976 188 1013 lem
203 975 553 1022 Grimoardorum,
569 975 684 1025 cujus
700 976 808 1013 clara
823 975 1071 1013 documenta
1087 981 1233 1011 extant
1247 974 1358 1022 apud
1374 973 1627 1010 Gaufredum
1641 972 1807 1010 Vosien—

110 1048 195 1072 sem
218 1034 321 1072 etin
344 1034 611 1072 Cliartnlariis
634 1035 978 1072 monasteriorum
996 1032 1215 1079 Vosiensis,
1236 1032 1468 1075 Usercensis
1493 1040 1532 1069 et
1553 1031 1807 1078 Dalonensis,

110 1094 313 1143 putabam
350 1094 575 1132 existimari
614 1109 695 1131 non
732 1094 937 1132 immerito
975 1107 1091 1142 posse
1130 1105 1220 1130 eam
1258 1099 1421 1140 gentem
1459 1105 1479 1128 a
1523 1090 1808 1129 Lemovicibus

111 1153 358 1191 translatam
378 1168 461 1191 6556
483 1154 534 1191 ad
557 1154 748 1200 Gabalos,
764 1161 811 1190 ut
831 1167 951 1202 saepe
967 1152 1118 1199 evenit,
1136 1159 1176 1189 et
1190 1151 1282 1188 hinc
1305 1151 1462 1188 factum
1477 1158 1522 1187 ut
1545 1150 1613 1199 qui
1634 1149 1809 1199 proximi

110 1212 274 1250 illorum
290 1220 526 1261 temporum
544 1227 633 1251 eam
652 1212 836 1250 sciebant
856 1212 976 1249 fuisse
995 1211 1174 1249 nobilem
1191 1210 1231 1247 in
1247 1209 1546 1256 Lemovicibus,
1565 1208 1811 1247 crediderint

114 1271 328 1308 Urbanum
358 1286 534 1321 quoque,
565 1272 637 1322 qui
665 1286 714 1310 ex
742 1286 787 1310 ea
816 1271 1049 1321 prodiisset,
1078 1270 1158 1307 illic
1187 1284 1350 1318 quoque
1378 1276 1536 1306 natum.
1568 1267 1675 1305 Nam
1704 1268 1811 1305 Gau-

114 1330 250 1368 fredus
273 1331 492 1378 vosiensis,
514 1346 552 1381 p.
574 1331 663 1375 301,
684 1332 854 1380 loquens
876 1330 924 1368 dc
947 1330 1047 1367 4111(
1053 1330 1169 1367 berto
1190 1329 1321 1378 priore
1337 1327 1564 1374 Usercensi,
1580 1327 1649 1376 qui
1668 1334 1809 1375 postea

114 1389 193 1426 fuit
215 1389 343 1427 abbas
367 1390 551 1439 ejusdem
574 1391 826 1438 monasterii,
848 1390 907 1427 ita
931 1389 1105 1427 scribit:
1129 1388 1209 1426 Hic
1229 1388 1308 1437 full
1330 1402 1375 1424 ea*
1399 1359 1595 1423 mtlztlhiis
1621 1386 1664 1422 (Ie
1688 1385 1813 1433 Segni·

112 1448 180 1497 qui
216 1448 441 1486 Grimoardi
470 1450 811 1498 cognominantur.
845 1450 949 1487 Sane
977 1449 1018 1486 in
1049 1447 1302 1485 chartulario
1332 1446 1561 1483 monasterii
1596 1444 1812 1490 Ioszensis,

115 1507 181 1546 fol.
207 1507 268 1555 63,
290 1508 439 1558 legitur
458 1509 500 1546 in
523 1510 704 1558 quadam
726 1510 868 1547 charta
892 1522 1039 1545 nomen
1062 1506 1287 1545 Audeberti
1311 1504 1556 1552 Grimoardi,
1584 1512 1623 1541 et
1646 1504 1712 1541 fol.
1740 1503 1813 1540 104

117 1567 259 1605 Petrus
285 1568 549 1606 Grimoardus
575 1569 812 1606 monachus.
843 1568 887 1605 In
912 1566 1165 1604 Clmrtzilario
1188 1581 1284 1604 vero
1309 1564 1538 1602 monasterii
1558 1562 1813 1609 balonensis,

116 1626 184 1664 fol.
212 1626 272 1674 11,
295 1627 335 1664 in
357 1627 471 1665 Actis
492 1628 589 1665 anni
613 1627 914 1666 MCLXXXIV
937 1627 995 1664 ita
1019 1627 1219 1676 scriptum
1242 1633 1303 1662 est
1329 1640 1335 1661 ε
1359 1624 1445 1660 Hoc
1467 1622 1655 1660 concessit
1686 1621 1814 1658 Guiclo

115 1684 228 1733 filius
246 1685 482 1724 vicecomitis
499 1688 610 1736 apud
628 1687 766 1735 Segnr,
782 1694 957 1736 presente
975 1694 1085 1735 patre
1102 1700 1186 1732 sno,
1205 1684 1279 1721 snb
1298 1683 1460 1721 testibus
1478 1682 1591 1719 Petro
1610 1682 1654 1717 (Ie
1672 1680 1814 1717 Cham-

114 1744 223 1781 lazac
246 1753 279 1782 et
303 1745 500 1783 Ademaro
524 1747 568 1784 de
593 1747 737 1784 Biozac
760 1745 953 1795 fratribus
974 1744 1283 1789 Dalonensibus,
1300 1751 1333 1780 et
1358 1742 1560 1779 Bernardo
1588 1741 1631 1777 (le
1659 1740 1817 1776 ι1111111116

115 1811 150 1840 et
174 1803 368 1841 Willelmo
398 1803 623 1843 Grimoardi·
646 1807 690 1843 (Ie
713 1806 850 1854 Segnr.
880 1805 925 1842 In
948 1805 1092 1842 eodem
1115 1801 1382 1849 Chartzilario,
1408 1802 1474 1839 fol.
1500 1800 1562 1847 62,
1588 1799 1814 1836 Ademarus

119 1862 348 1901 Grimoardi
384 1864 432 1902 de
468 1865 740 1903 Chamblazac
776 1865 847 1902 dat
892 1864 1096 1913 quaedam
1140 1863 1247 1899 bona
1291 1859 1540 1897 monasterio
1578 1857 1814 1895 Dalonensi.

120 1921 186 1968 Et,
209 1922 276 1961 fol.
302 1923 362 1970 71,
384 1923 424 1961 111
445 1923 591 1962 Literis
615 1924 779 1962 Henrici
805 1924 858 1971 Il,
880 1923 982 1973 regis
1005 1922 1189 1971 Angliae,
1221 1936 1293 1970 pro
1324 1918 1572 1958 monasterio
1597 1915 1816 1954 Dalonensi

118 1980 234 2018 testis
271 1995 364 2020 cum
402 1982 636 2022 Raimundo
671 1983 977 2033 archiepiscopo
1011 1980 1304 2030 Burdegalcnsi
1340 1987 1380 2017 et
1417 1977 1591 2016 Geraldo
1627 1976 1816 2026 episcopo

120 2039 413 2087 Lemovicensi,
438 2043 677 2081 nominatur
715 2043 858 2081 Petrus
897 2041 1127 2079 Grimoardi
1165 2038 1384 2078 canonicus
1422 2036 1562 2075 Sancti
1601 2033 1817 2073 Frontonis

121 2098 474 2150 Petragoricensis.
516 2101 693 2140 Demum
728 2102 769 2139 in
807 2101 1059 2138 Chartnlario
1097 2098 1326 2136 monasterii
1369 2095 1609 2142 Usercensis,
1648 2093 1714 2132 fol.
1754 2092 1816 2139 21,

118 2157 160 2195 in
176 2158 317 2196 charta
333 2159 626 2199 Archambaldi
642 2160 893 2199 vicecomitis
910 2158 1222 2197 Combornensis
1239 2157 1389 2206 scripta
1406 2170 1513 2193 anno
1532 2151 1815 2191 DCCCCXCII

123 2216 231 2256 inter
258 2226 397 2265 testes,
428 2233 528 2269 quos
559 2234 698 2258 omnes
728 2220 835 2258 viros
864 2219 1079 2285 primarios
1110 2217 1231 2255 fuisse
1260 2215 1562 2260 animadverto,
1581 2212 1818 2249 nominatur

123 2276 292 2325 quidam
320 2278 598 2317 Grimoardus.
628 2280 818 2317 Ceterum
846 2279 1080 2328 opinionem
1107 2289 1248 2315 eorum
1275 2275 1343 2324 qui
1372 2274 1587 2311 Urbanum
1614 2271 1647 2307 V
1676 2270 1817 2307 Lemo-

124 2334 255 2373 vieem
275 2336 396 2375 fuisse
417 2338 674 2376 contendunt
694 2353 775 2376 non
796 2353 879 2376 esse
899 2337 1102 2375 novitiam
1121 2335 1321 2385 probatur
1340 2332 1588 2371 auctoritate
1611 2327 1818 2394 Radulphi

125 2394 172 2432 de
206 2394 324 2442 RiVO,
355 2396 498 2434 decani
528 2397 788 2447 Tungrensis,
819 2398 894 2434 hac
924 2397 1011 2446 ipsa
1042 2402 1291 2444 tempestate
1320 2391 1519 2436 viventis3
1551 2389 1619 2438 qui
1648 2389 1817 2436 loquens

126 2453 173 2491 de
192 2462 322 2492 morte
341 2455 426 2504 ejus
445 2456 504 2493 ait
521 2456 578 2494 illi
596 2457 836 2495 successisse
854 2455 1095 2505 Gregorium
1115 2453 1174 2490 XI
1194 2461 1234 2490 et
1252 2466 1344 2489 611111
1363 2463 1525 2500 quoque
1545 2446 1710 2485 Lemov'
1701 2459 1818 2492 leem,

124 2512 164 2549 id
188 2520 267 2559 est,
292 2528 341 2551 ex
363 2515 505 2552 eadem
530 2515 662 2565 patria
687 2530 737 2554 ex
760 2529 840 2565 qua
864 2514 1073 2578 prodierat
1096 2512 1222 2551 etiam
1247 2510 1450 2548 Urbanus.
1479 2508 1589 2544 Haec.
1612 2513 1709 2543 sunt
1732 2504 1817 2553 eJ'us

126 2571 249 2609 verba
282 2571 294 2621 [
315 2587 351 2621 p.
377 2573 480 2623 17];
499 2574 693 2622 Defuncto
719 2574 881 2612 Urbano
900 2580 1085 2611 successit
1111 2570 1323 2619 Gregorius
1345 2567 1589 2612 undecimus,
1612 2564 1766 2612 origine
1785 2570 1819 2599 et

129 2629 162 2666 is
191 2644 338 2679 qnoque
365 2631 562 2680 Lemovzoe,
592 2648 638 2671 eo
666 2634 788 2671 modo
817 2647 898 2682 quo
928 2630 1250 2681 Symphorianus
1273 2626 1537 2676 Champierus
1565 2624 1606 2663 in
1634 2623 1736 2660 libro
1762 2621 1820 2657 De

123 2689 294 2726 summis
315 2690 582 2739 Pontificibus
609 2692 747 2739 Gallis,
769 2693 938 2741 loquens
961 2691 1008 2728 de
1030 2689 1134 2727 hoc
1124 2703 1212 2738 ipso
1235 2687 1416 2732 Urbano,
1438 2684 1509 2731 ait,
1531 2682 1664 2732 patria
1684 2689 1717 2718 et
1738 2693 1822 2729 lpse

124 2746 427 2797 Lemovzcensis,
455 2758 495 2788 et
522 2751 702 2789 joannes
727 2751 889 2797 Baleus
917 2758 1072 2787 centur
1101 2748 1148 2794 V,
1177 2760 1264 2796 cap.
1297 2757 1476 2790 LXXXIX,
1498 2741 1652 2780 scribit:
1695 2738 1821 2777 Urba-

129 2820 203 2843 nus
243 2806 276 2843 V
309 2816 443 2856 patria
477 2817 511 2846 et
545 2824 629 2858 ipse
664 2809 963 2848 Lemovicenszsss
1002 2807 1118 2844 Adde
1153 2813 1336 2843 veterem
1373 2800 1682 2850 inseliptionem
1718 2811 1821 2846 quae

129 2864 297 2904 Tolosae
320 2866 426 2903 sub
416 2868 592 2917 imagine
605 2869 690 2918 ejus
704 2869 872 2907 extatin
886 2868 995 2905 claus
1000 2875 1063 2903 tio
1079 2863 1485 2914 Augustinianorum,
1499 2859 1638 2897 ubiita
1651 2857 1820 2906 legitur:

626 2933 887 2971 URBANUS
928 2931 1069 2969 PAPA
1110 2927 1353 2977 QUINTUS

775 2988 1180 3029 LEMOVICENSIS

684 3050 929 3089 SANCTAE
972 3045 1270 3086 MEMORIAE

181 3118 212 3150 1.
242 3118 451 3152 Guillaume
480 3119 677 3154 Grimoard
705 3121 848 3165 naquit‚
874 3133 919 3153 en
946 3120 1049 3159 1310,
1072 3131 1118 3151 311
1149 3118 1307 3150 611ἐ1ῐ6311
1327 3116 1371 3148 de
1391 3114 1518 3148 Grisac
1543 3111 1723 3156 (Lozere);
1747 3109 1827 3143 voir

131 3170 180 3204 M.
199 3170 366 3204 Chaillan
389 3172 450 3215 (Le
471 3172 710 3207 bienheureux
731 3174 873 3208 Urbain
895 3174 937 3213 V,
955 3173 1068 3211 Paris,
1085 3171 1204 3213 1911).
