2083 3458
113 253 254 310 [1205]
628 270 844 295 PAPARUM
907 268 1297 294 AVENIONENsmM
1718 248 1800 290 723

101 348 266 387 natione
293 348 557 394 Alemannus,
585 348 625 385 in
652 348 905 398 depositione
931 361 1018 395 sua,
1037 347 1108 385 ubi
1133 347 1188 385 sic
1214 346 1413 396 seriptum
1437 344 1522 383 est1
1546 361 1552 382 :
1582 345 1678 382 Item
1705 344 1806 394 quod

102 408 194 445 dum
231 407 474 444 venerandus
511 408 570 444 vir
607 407 791 444 dominus
828 407 1003 444 Poncius
1041 406 1215 452 Beraldi,
1259 406 1460 442 literarum
1498 404 1804 454 apostolicarum

101 474 295 513 corrector,
322 474 355 503 et
380 466 506 503 dictus
533 467 728 516 deponens
757 466 856 503 irent
882 467 925 503 de
951 466 1077 503 Roma
1103 479 1234 502 versus
1262 464 1419 502 Fundis
1446 463 1711 501 transiverunt
1736 477 1805 512 per

100 534 270 563 castrum
306 525 573 572 Taillacossie,
609 525 677 562 ubi
711 525 862 563 domini
897 524 1165 570 FlorentinuS,
1197 522 1511 561 Mediolanensis
1544 530 1577 559 et
1610 522 1653 559 de
1693 521 1803 559 Ursi-

101 585 164 622 nis
196 584 415 622 cardinales
448 584 681 631 residebant,
715 593 749 622 et
779 584 940 633 suerunt
971 598 1039 633 per
1071 584 1221 620 eosdem
1254 582 1432 619 dominos
1465 582 1573 618 valde
1607 588 1804 630 gratanter

102 643 254 693 recepti.
289 643 390 681 Vide
432 644 646 692 sequentia
691 657 812 693 supra
853 658 892 693 p.
930 642 1042 680 1096.
1078 642 1234 680 Obiisse
1279 649 1443 680 constat
1477 640 1673 678 Poncium
1706 647 1801 676 ante

100 717 254 741 annum
280 703 614 749 MCCCXCVHI,
641 717 721 752 quo
748 702 886 741 Simon
912 702 959 739 de
987 701 1216 739 Cramaudo
1242 700 1403 750 scripsit
1429 707 1657 737 tractatum
1682 712 1804 748 supra

103 762 330 800 laudatum.

152 821 195 859 P.
224 820 313 867 432,
341 820 407 870 lig.
439 820 498 858 13.
528 822 777 858 Cusmmffl
808 834 1038 857 PORTARUM
1070 834 1119 855 ET
1158 833 1362 855 PONTIUM.
1400 818 1576 855 Thomas
1606 817 1653 854 de
1682 816 1804 853 Ama-

99 880 219 927 natis,
240 879 566 929 archiepiscopus
591 880 900 930 Neapolitanus,
922 879 962 916 in
982 892 1054 916 sua
1076 877 1329 927 depositione
1348 876 1362 898 ²
1387 893 1393 914 :
1418 877 1513 914 Item
1541 884 1626 926 post
1646 883 1804 912 mortem

98 939 248 976 domini
292 939 468 987 Gregorii
507 938 668 988 interfui
705 939 918 988 aliquando
955 938 1109 987 quando
1146 936 1296 974 domini
1334 936 1565 981 cardinales,
1596 942 1805 984 antequam

99 997 391 1047 ingrederentur
424 999 613 1044 conclave,
649 998 927 1035 conveniebant
962 997 1003 1033 in
1039 1011 1163 1033 unum
1196 996 1247 1032 ad
1280 995 1525 1032 tractandum
1559 994 1602 1031 a'e
1637 992 1803 1042 negotiis

97 1071 240 1095 eorum.
268 1058 319 1095 Et
345 1057 412 1094 hoc
436 1057 514 1106 fuit
539 1058 654 1094 semel
679 1058 789 1107 apud
815 1057 1003 1094 Sanctum
1030 1056 1202 1101 Petrum,
1230 1063 1263 1092 et
1289 1050 1490 1103 aliquibus
1517 1053 1668 1090 vicibus
1694 1052 1803 1102 apud

99 1116 283 1154 Sanctam
310 1116 491 1154 Mariam
518 1131 670 1163 novam,
693 1125 726 1154 et
751 1116 866 1153 semel
891 1116 1000 1165 apud
1022 1115 1211 1151 Sanctum
1238 1113 1448 1163 Spiritum.
1470 1113 1518 1149 Et
1545 1111 1625 1149 vidi
1652 1111 1801 1161 aliquo-

97 1175 202 1213 ciens
225 1176 501 1213 Bandarenses
523 1184 556 1213 et
579 1175 709 1225 capita
734 1175 952 1224 regionum.
976 1182 1008 1211 et
1031 1174 1183 1223 aliquos
1206 1172 1306 1210 alios
1329 1172 1510 1222 officiales
1530 1170 1669 1221 populi
1693 1170 1803 1208 urbis

97 1235 216 1272 Rome
247 1235 400 1284 ingredi
430 1235 481 1272 ad
510 1235 630 1272 dictos
659 1234 838 1271 dominos
867 1233 1088 1271 cardinales
1117 1240 1367 1281 congregatos
1398 1231 1440 1268 in
1471 1245 1607 1267 unum.
1640 1230 1689 1267 Et
1718 1229 1804 1266 ticet

98 1309 301 1344 nunquam
344 1294 588 1343 interfuerim
633 1293 862 1331 tractatibus
904 1293 1095 1330 dictorum
1137 1291 1385 1329 dominorum
1427 1289 1693 1327 cardinalium
1737 1302 1804 1325 nec

97 1353 422 1403 requisitionibus
450 1353 506 1390 eis
534 1353 650 1402 factis
679 1367 747 1402 per
776 1353 988 1398 Romanos,
1019 1359 1148 1389 tamen
1176 1350 1332 1400 publice
1361 1340 1507 1386 dictum
1535 1348 1613 1397 suit
1641 1356 1674 1385 et
1702 1347 1801 1384 dice-

100 1412 223 1459 batur,
242 1421 275 1450 et
293 1412 350 1450 sic
367 1412 484 1450 etiam
503 1412 639 1449 ciudivi
659 1412 708 1449 ab
728 1426 805 1448 uno
823 1426 868 1448 ea:
888 1411 1065 1461 ipsismet
1084 1409 1276 1447 Romanis
1294 1408 1528 1457 officialibus
1547 1407 1613 1457 qui
1633 1406 1802 1455 ingressi

94 1471 253 1520 fuerant
276 1472 327 1509 ad
352 1471 459 1521 ipsos
485 1471 663 1508 dominos
688 1471 922 1517 cardinales,
949 1470 1049 1519 quoil
1065 1468 1235 1506 Romani
1257 1468 1448 1517 petierant
1473 1466 1690 1504 custodiam
1714 1480 1801 1502 con-

96 1530 216 1568 clavis
233 1539 266 1568 et
286 1531 399 1580 burgi
419 1530 554 1568 Sancti
573 1530 680 1568 Petri
698 1538 731 1567 et
748 1538 950 1580 portarum
975 1529 1074 1578 eJ'uS,
1092 1527 1315 1578 specialiter
1336 1526 1468 1576 pontis
1486 1525 1622 1563 Sancti
1643 1524 1804 1573 Angeli,

95 1598 128 1627 et
166 1591 266 1640 quod
303 1589 565 1640 promiserant
606 1597 639 1627 et
677 1589 905 1638 juraverant
932 1588 975 1625 in
1019 1587 1206 1625 manibus
1251 1586 1499 1623 dominorum
1539 1583 1805 1621 cardinalium

96 1650 197 1698 quod
224 1663 286 1686 eos
317 1649 458 1686 liberos
486 1657 520 1687 et
557 1663 711 1686 securos
732 1656 900 1686 tenerent
929 1663 951 1685 a
974 1660 1214 1697 quacumque
1245 1645 1432 1691 molestia,
1455 1644 1512 1681 sic
1533 1644 1633 1694 quod
1652 1656 1749 1692 pure
1775 1650 1808 1679 et

95 1707 213 1745 libere
229 1708 383 1758 possint
399 1708 538 1757 eligere
564 1716 678 1758 prout
705 1708 854 1754 vellent,
872 1715 905 1745 et
923 1708 1023 1756 quod
1040 1706 1086 1743 ob
1104 1706 1172 1743 lzoc
1189 1704 1442 1742 obtinuerunt
1459 1719 1483 1740 a
1501 1702 1616 1740 dictis
1634 1701 1807 1739 dominis

97 1767 369 1805 cardinalibus
395 1767 518 1805 dictas
543 1767 740 1805 custodias
766 1766 973 1812 conclavis,
1003 1765 1116 1814 burgi
1143 1764 1279 1802 Sancti
1306 1763 1427 1809 Petri,
1454 1771 1487 1799 et
1512 1761 1644 1811 pontis
1671 1760 1806 1798 Sancti

96 1826 254 1876 Angeli.

150 1886 192 1923 P.
217 1885 307 1931 432,
331 1885 397 1935 lig.
423 1885 485 1923 22.
512 1885 704 1922 Nomas
732 1898 1036 1922 EXPULERUNT.
1066 1883 1178 1920 Idem
1202 1882 1379 1919 Thomas
1413 1879 1740 1929 archiepiscopus
1757 1877 1772 1899 ³
1798 1893 1805 1915 z

100 1944 195 1982 Item
222 1953 365 1982 certum
393 1953 426 1982 et
453 1959 584 1981 verum
611 1952 665 1982 est
692 1945 794 1994 quod
820 1952 908 1981 ante
937 1943 1161 1991 ingressum
1190 1941 1440 1978 dominorum
1468 1938 1735 1976 cardinalium
1765 1936 1807 1973 in

95 2003 267 2041 conclavi
295 2018 364 2053 per
391 2012 464 2041 tres
493 2004 574 2041 dies
603 2004 659 2040 vel
686 2003 789 2041 circa
826 2017 897 2053 pro
925 2010 1035 2052 parte
1064 2000 1204 2051 populi
1241 1999 1587 2048 romani-,fuerunt
1616 1995 1806 2034 licentiati

95 2063 213 2100 etiam
241 2077 309 2112 per
338 2063 505 2100 edictum
534 2063 739 2112 publicum
780 2076 912 2099 omnes
945 2062 1105 2098 barones
1135 2059 1290 2096 romani
1321 2058 1387 2108 qui
1417 2066 1509 2095 tunc
1538 2057 1658 2094 Rome
1697 2063 1807 2092 erant

96 2130 286 2171 quatenus
310 2122 383 2159 sub
409 2136 554 2170 magna
580 2136 684 2171 pena
720 2122 933 2159 recederent
957 2120 1007 2157 ab
1034 2120 1126 2156 urbe
1152 2119 1284 2155 Rome.
1312 2118 1361 2155 Et
1386 2117 1472 2154 licet
1497 2115 1611 2153 dictis
1637 2113 1807 2152 licentiis

97 2194 174 2218 non
191 2180 448 2230 interfuerim,
465 2189 594 2218 tamen
610 2181 677 2218 hoc
691 2181 768 2230 fuit
784 2180 989 2230 publicum
1004 2187 1037 2216 et
1054 2178 1250 2215 notorium
1266 2177 1400 2222 Rome,
1416 2184 1448 2213 et
1463 2175 1520 2212 sic
1535 2175 1653 2212 etiam
1668 2172 1805 2210 audivi

95 2255 120 2277 a
138 2240 446 2289 quamplurimis
466 2240 671 2278 Romanis.
692 2240 904 2289 Propterea
924 2247 1067 2275 certum
1086 2245 1140 2274 est
1159 2237 1259 2286 quod
1277 2249 1409 2272 omnes
1432 2235 1592 2272 barones
1620 2232 1686 2282 qui
1714 2240 1806 2269 tunc

96 2299 215 2336 Rome
239 2307 349 2336 erant
372 2307 621 2337 recesserunt.
649 2300 825 2337 Causam
849 2306 990 2336 autem
1024 2296 1146 2345 hujus
1181 2294 1306 2333 edicti
1331 2293 1462 2344 aperit
1495 2290 1729 2329 Bonifacius
1756 2290 1804 2327 de

100 2357 310 2396 Amanatis
344 2358 619 2408 interrogatus
653 2372 775 2408 super
809 2371 903 2395 casu
937 2355 1056 2406 primi
1089 2354 1220 2393 electi.
1249 2353 1318 2390 Ait
1347 2352 1455 2391 enim
1487 2367 1529 2390 se
1553 2349 1757 2388 audivisse
1783 2362 1805 2385 a

97 2417 344 2466 quibusdam
365 2417 560 2456 Romanis
580 2416 719 2455 amicis
740 2416 820 2455 suis
840 2416 940 2466 quod
957 2414 1131 2464 predicta
1144 2411 1405 2463 preconizatio
1416 2411 1520 2460 sacta
1530 2409 1608 2459 suit
1619 2409 1670 2446 ad
1688 2408 1807 2457 finem

96 2476 197 2525 quod
217 2475 415 2525 presentia
438 2476 628 2513 dictorum
652 2475 847 2513 nobilium
870 2483 903 2512 et
924 2473 1157 2524 principum
1186 2471 1306 2509 Urbis
1331 2484 1408 2507 non
1432 2468 1636 2519 impediret
1659 2467 1804 2504 dictum

95 2535 289 2584 populum
318 2534 360 2571 in
387 2548 520 2572 eorum
547 2534 747 2584 proposito
776 2542 808 2571 et
838 2534 881 2571 in
908 2532 1103 2570 coactione
1131 2546 1176 2568 ac
1204 2538 1319 2576 metu,
1341 2543 1434 2578 quos
1463 2527 1639 2565 volebant
1662 2525 1806 2574 inferre

97 2593 370 2631 cardinalibus
398 2608 469 2643 pro
498 2593 674 2630 habendo
702 2607 853 2643 papam
881 2591 1052 2641 aliquem
1081 2590 1307 2627 Romanum
1335 2588 1393 2625 vel
1419 2587 1556 2624 saltem
1590 2584 1802 2622 Ytalicum.

97 2652 205 2690 Nam
230 2652 392 2702 quilibet
416 2653 459 2689 de
484 2652 599 2690 dictis
624 2652 826 2689 nobilibus
854 2649 1110 2701 principibus
1140 2648 1260 2686 Urbis
1287 2647 1451 2684 habebat
1473 2645 1516 2682 in
1539 2644 1686 2694 populo
1710 2657 1805 2680 suas

96 2711 356 2761 particulares
379 2710 553 2758 notitias,
574 2725 643 2761 per
665 2725 760 2760 quas
783 2711 826 2748 de
846 2709 958 2759 sacili
980 2707 1198 2758 potuissent
1220 2706 1412 2743 manendo
1436 2704 1478 2741 in
1500 2704 1593 2741 urbe
1615 2702 1805 2752 impedire

96 2771 333 2808 voluntatem
361 2777 394 2807 et
421 2769 739 2807 deliberationem
766 2768 981 2806 antedictas
1009 2766 1103 2804 dicti
1130 2765 1284 2815 populi.

152 2829 198 2866 In
226 2828 482 2879 depositione
512 2829 681 2866 Joannis
711 2828 758 2866 de
785 2828 905 2874 Baro,
934 2824 1176 2864 subdiaconi
1202 2837 1348 2874 papae,
1377 2822 1434 2860 ita
1462 2819 1640 2871 legitur⁴¹
1668 2835 1676 2857 z
1708 2819 1805 2857 Item

146 2971 181 3004 1.
208 2971 248 3004 B.
278 2970 338 3009 N.‚
364 2981 431 3003 ms.
458 2970 554 3002 latin
578 2969 708 3009 11745,
734 2969 796 3002 fol.
823 2969 867 3001 52
892 2973 934 3000 1¹0.

146 3024 181 3057 2.
212 3023 279 3057 Ms.
306 3023 390 3062 cite,
416 3023 478 3056 fol.
505 3023 550 3056 45
574 3027 618 3056 ΓΟ.

145 3077 181 3110 3.
213 3076 279 3109 Ms.
306 3076 391 3115 cite,
416 3076 479 3109 fol.
506 3076 551 3109 45
575 3080 618 3109 r0.

146 3130 182 3162 4.
213 3129 280 3162 Ms.
307 3129 391 3168 cite,
417 3129 479 3162 fol.
506 3129 550 3162 52
575 3133 624 3162 v0.
