2083 3458
143 259 293 314 [1289]
662 276 878 301 PAPARUM
913 275 1297 301 AVENIONENSIUM
1746 257 1829 298 807

128 358 314 396 canonici
350 360 551 398 Ecclesiae
586 360 888 407 Lateranensis,
924 360 1042 398 Fredi
1075 360 1122 398 de
1156 359 1297 398 Canali
1330 359 1485 397 ostiarii
1517 372 1663 409 papae,
1698 356 1829 395 Alexii

130 417 240 454 Petri
264 417 382 455 Pauli
408 419 573 457 Henrici
597 419 695 458 civis
723 419 913 467 Romani,
940 419 1144 457 Francisci
1168 419 1216 457 de
1239 419 1277 456 la
1303 419 1405 456 Fara
1431 418 1608 456 doctoris
1638 417 1679 454 in
1703 416 1827 454 medi-

128 475 233 523 cina,
263 477 410 515 Jacobi
439 478 651 517 camerarii
681 478 897 517 cardinalis
929 478 1069 517 Sancti
1100 477 1224 525 Petri,
1256 477 1366 516 Petri
1395 477 1444 515 de
1474 476 1612 515 Surdis
1643 474 1828 514 canonici

129 535 303 573 Sanctae
348 536 560 584 Caeciliae,
605 537 811 575 Guillelmi
854 537 1019 575 Tenoris
1063 537 1241 587 capellae
1286 536 1442 575 domini
1480 550 1610 586 papae
1656 534 1827 580 Urbani,

128 593 313 632 Valtheri
337 595 385 633 de
411 596 650 644 Argentina,
674 596 819 635 Buchii
845 596 954 635 Petri
980 596 1139 644 Jacobi,
1164 596 1300 634 fratris
1328 595 1493 634 Henrici
1519 595 1565 632 de
1590 594 1706 632 Buda
1734 607 1827 643 pae-

128 653 356 691 nitentiarii
371 668 501 704 papae
521 655 690 702 Urbani,
709 655 879 694 Joannis
896 656 944 694 de
963 655 1195 705 Papazaris,
1211 655 1527 693 Bonaventurae
1545 653 1760 692 cardinalis
1778 652 1826 690 de

130 712 286 760 Padua,
329 713 485 751 Nicolai
526 714 742 753 cardinalis
787 714 957 761 Urbani,
997 714 1238 764 ‘Raynulphi
1279 713 1494 752 cardinalis
1536 711 1826 759 Sistaricensis,

130 771 328 821 Stephani
350 772 530 823 episcopi
552 773 781 822 Tudertini,
804 773 984 824 episcopi
1009 773 1186 820 Reatini,
1213 774 1394 812 Thomae
1417 771 1597 822 episcopi
1625 769 1825 817 Lucerini,

131 830 300 869 Joannis
332 831 511 881 episcopi
542 832 781 879 Castrensis,
814 832 913 870 Lelli
942 832 1173 882 Magdaleni
1204 832 1301 871 civis
1332 831 1520 878 Romani,
1547 830 1684 868 fratris
1718 830 1828 879 Ray-

129 890 272 928 mundi
291 890 339 928 de
359 891 498 941 Capua
519 892 704 941 magistri
724 891 919 941 generalis
941 891 1091 930 ordinis
1112 892 1288 930 fratrum
1308 891 1659 936 praedicatorum,
1688 889 1824 927 fratris

127 949 431 988 Bertholomaei
462 950 509 988 de
541 951 727 989 Cucurno
759 951 910 989 ordinis
942 951 1116 989 fratrum
1148 950 1365 996 Minorum,
1396 958 1437 988 et
1467 950 1647 988 Thomae
1680 949 1824 986 Petrae

128 1008 313 1046 canonici
340 1009 610 1048 Patracensis.
1397 1047 1399 1051 .

192 1066 294 1117 [Fol.
323 1068 371 1106 97
400 1068 460 1118 v0]
492 1068 636 1107 Finitis
664 1069 836 1107 tandem
865 1068 1189 1118 depositionibus
1221 1068 1392 1106 testium
1428 1067 1642 1116 utriusque
1679 1065 1824 1116 partis,

129 1125 417 1165 describuntur
431 1127 555 1164 dubia
571 1128 868 1178 archiepiscopi
883 1128 1070 1166 Toletani
1087 1128 1184 1165 data
1203 1128 1352 1165 Alvaro
1368 1126 1559 1177 episcopo
1577 1123 1824 1170 Zamorensi,

128 1185 198 1235 qui
214 1185 304 1223 ibat
325 1186 484 1224 Niciam
502 1187 554 1224 ad
573 1187 797 1225 cardinales
819 1187 1102 1225 Florentinum
1121 1195 1161 1224 et
1180 1187 1227 1224 de
1248 1186 1490 1224 Mediolano.
1514 1186 1566 1223 Et
1584 1199 1681 1222 mox
1698 1182 1823 1233 subji-

127 1243 292 1283 ciuntur
323 1245 407 1295 [fol.
435 1245 483 1283 97
504 1245 562 1295 νο]
587 1245 868 1296 responsiones
893 1247 945 1283 ad
970 1246 1079 1284 dicta
1108 1245 1232 1283 dubia
1256 1245 1411 1282 domini
1437 1244 1625 1282 Toletani
1648 1243 1823 1293 scriptae

126 1318 198 1353 per
228 1318 396 1342 manum
429 1305 585 1344 domini
620 1305 857 1343 Florentini.

192 1362 294 1412 [Fol.
329 1363 379 1402 98
412 1364 572 1402 νο·109
606 1364 664 1413 v0]
701 1365 940 1414 Sequuntur
981 1363 1255 1414 depositiones
1291 1363 1494 1413 generales
1534 1362 1824 1400 nonnullarum

127 1437 395 1472 personarum
425 1424 621 1462 tredecim
654 1438 823 1461 numero
855 1438 958 1473 quae
992 1424 1038 1461 de
1072 1423 1269 1461 mandato
1303 1422 1458 1460 domini
1488 1421 1589 1471 regis
1621 1435 1666 1458 ac
1699 1420 1822 1469 depu-

129 1489 314 1519 tatorum
349 1483 657 1533 praedictorum
686 1483 889 1521 dederunt
919 1498 990 1532 per
1019 1482 1265 1532 scripturam
1294 1496 1339 1519 ea
1371 1482 1419 1519 (16
1461 1481 1608 1531 quibus
1639 1479 1823 1517 recorda—

128 1540 282 1578 bantur
317 1542 420 1579 circa
457 1542 674 1581 materiam
710 1542 863 1592 primae
899 1542 1121 1580 electionis.
1161 1542 1313 1580 Eorum
1349 1540 1514 1578 nomina
1551 1540 1649 1577 haec
1682 1546 1778 1576 sunt
1815 1552 1822 1574 τ

130 1599 256 1638 frater
283 1601 426 1639 Petrus
454 1601 503 1638 de
532 1601 842 1651 Guadalfajara,
872 1601 997 1639 frater
1026 1601 1230 1639 Ferrarius
1259 1601 1306 1638 de
1336 1600 1485 1648 Vergos
1517 1598 1668 1636 ordinis
1698 1597 1823 1634 Mino-

129 1673 232 1705 rum,
261 1660 404 1704 Petrus
431 1660 589 1698 Alfonsi
614 1661 832 1698 canonicus
862 1660 1128 1710 Hispalensis,
1155 1661 1334 1697 Joaiines
1360 1659 1487 1696 abbas
1514 1657 1654 1696 Sancti
1683 1654 1825 1694 Isidori

131 1717 397 1768 Hispalensis,
452 1719 672 1758 Rodericus
726 1719 928 1758 Fernandi
978 1717 1253 1769 portionarius
1303 1717 1504 1757 Ecclesiae
1558 1714 1824 1766 Hispalensis,

131 1777 255 1815 frater
284 1778 474 1816 Alfonsus
504 1779 551 1817 de
582 1778 725 1817 Melide
753 1779 866 1818 tertii
894 1778 1044 1817 ordinis
1074 1778 1205 1816 sancti
1235 1777 1453 1824 Francisci,
1483 1775 1644 1815 Garsias
1673 1774 1825 1812 electus

130 1836 350 1884 Auriensis,
388 1838 513 1876 frater
549 1838 720 1876 Michael
755 1837 992 1876 monasterii
1028 1837 1167 1876 Sancti
1201 1835 1507 1875 Bartholomaei
1542 1835 1589 1873 de
1625 1833 1825 1883 Lupiana,

133 1896 309 1934 ,Joannes
335 1897 506 1945 Remigii
522 1898 570 1945 de
589 1898 775 1936 Guzman
792 1897 1103 1936 archidiaconus
1122 1897 1187 1934 del
1207 1896 1326 1934 Alcor
1342 1896 1382 1933 in
1400 1894 1578 1933 Ecclesia
1597 1891 1826 1937 Palentina,

132 1955 303 1993 Alvarus
333 1956 498 1994 Martini
525 1957 668 1994 doctor
694 1957 967 2002 decretorum,
997 1956 1234 1994 Fernandus
1263 1955 1409 1993 Gudiel
1435 1954 1648 2004 episcopus
1688 1950 1826 2000 Legio-

129 2014 277 2061 nensis,
308 2014 499 2053 Alfonsus
532 2016 735 2054 Fernandi
763 2017 979 2066 presbyter
1010 2014 1276 2065 Hispalensis,
1306 2022 1348 2052 et
1376 2014 1553 2052 Thomas
1584 2008 1827 2049 Gundisalvi

132 2074 408 2112 thesaurarius
437 2075 804 2124 Compostellanus.

193 2133 294 2171 lFoL
335 2134 409 2171 110
447 2134 595 2172 r0-192
634 2135 693 2184 W]
735 2135 881 2172 Postea
933 2133 1221 2171 describuntur
1260 2131 1534 2182 depositiones
1584 2129 1625 2166 in
1663 2125 1828 2178 speciali

128 2206 250 2241 super
273 2206 367 2230 casu
392 2193 511 2243 primi
539 2194 653 2231 electi
682 2194 848 2231 habitae
873 2201 912 2231 et
935 2201 1121 2242 receptae
1144 2207 1215 2242 per
1242 2191 1372 2229 dictos
1394 2190 1614 2239 deputatos
1650 2186 1826 2225 Metinae

128 2264 151 2287 a
177 2251 345 2289 diversis
374 2252 554 2301 personis
584 2252 716 2290 medio
740 2253 974 2301 juramento
1000 2250 1184 2301 superius
1210 2250 1361 2300 scripto
1384 2247 1642 2287 examinatis.
1675 2247 1828 2283 Eorum

131 2309 423 2360 quispeciales
457 2311 730 2361 depositiones
764 2311 948 2349 fecerunt
978 2311 1076 2348 haec
1110 2318 1206 2348 sunt
1232 2309 1396 2347 nomina
1424 2324 1430 2345 ε
1472 2308 1596 2345 frater
1622 2304 1827 2343 Ferrarius

130 2368 178 2406 de
200 2369 349 2418 Vergos
370 2369 520 2408 ordinis
542 2370 715 2408 fratrum
740 2370 956 2416 Minorum,
979 2370 1121 2407 Petrus
1144 2368 1300 2406 Alfonsi
1322 2366 1543 2405 canonicus
1562 2362 1828 2414 Hispalensis,

114 2427 303 2466 >Alvarus
330 2428 571 2467 Gundisalvi
594 2429 811 2467 canonicus
835 2428 1120 2474 Cordubensis,
1149 2427 1368 2465 Rodericus
1396 2424 1598 2463 Fernandi
1621 2422 1829 2474 portiona-

130 2486 211 2525 rius
238 2487 441 2526 Ecclesiae
463 2487 729 2538 Hispalensis,
754 2489 932 2525 „loannes
953 2487 1117 2525 Garsiae
1140 2487 1317 2524 decanus
1334 2483 1682 2533 Calagurritanus,
1705 2481 1830 2519 frater

86 2547 90 2551 ”
130 2545 321 2584 Alfonsus
345 2546 393 2584 de
417 2547 560 2585 Melide
586 2546 695 2585 tertii
717 2546 867 2584 ordinis
896 2545 1035 2584 Sancti
1059 2544 1274 2592 Francisci,
1300 2543 1461 2582 Garsias
1489 2541 1655 2580 Martini
1678 2541 1829 2578 electus

130 2604 350 2652 Auriensis,
382 2605 509 2643 frater
551 2606 722 2644 Michael
751 2605 955 2655 professus
998 2604 1147 2641 ordinis
1186 2603 1318 2641 sancti
1360 2600 1613 2650 Hieronymi,
1651 2601 1830 2637 ,Ioannes

132 2663 305 2713 Remigii
326 2664 374 2702 de
398 2664 583 2703 Guzman
599 2664 909 2703 archidiaconus
928 2664 991 2701 del
1008 2663 1127 2701 Alcor
1144 2662 1185 2700 in
1203 2661 1381 2700 Ecclesia
1400 2659 1630 2705 Palentina,
1653 2658 1831 2695 Didacus

130 2722 297 2760 Martini
323 2723 371 2761 (16
399 2723 569 2761 Urduna
596 2723 814 2761 canonicus
843 2723 1079 2768 Toletanus,
1112 2722 1285 2758 Alvarus
1321 2718 1488 2758 Martini
1520 2719 1664 2756 doctor
1697 2717 1831 2755 decre-

128 2789 281 2828 torum,
316 2781 442 2820 frater
468 2781 691 2820 Menendus
719 2781 869 2819 ordinis
894 2781 1068 2819 fratrum
1094 2780 1297 2818 Minorum
1321 2779 1534 2829 episcopus
1558 2774 1832 2815 Cordubensis

131 2839 263 2878 factus
287 2855 359 2890 per
394 2840 573 2890 primurn
607 2841 797 2887 electum,
836 2841 979 2877 Petrus
1015 2839 1142 2877 abbas
1184 2837 1323 2877 Sancti
1359 2836 1556 2883 Facundi,
1594 2834 1833 2874 Fernandus

102 2918 106 2921 ¹
130 2898 343 2949 episcopus
368 2898 642 2948 Legionensis,
660 2899 851 2937 Alfonsus
870 2899 996 2936 Azero
1018 2897 1328 2935 archidiaconus
1350 2896 1397 2934 de
1414 2894 1567 2934 Metina
1589 2894 1630 2931 in
1653 2892 1831 2932 Ecclesia

132 2957 460 3004 Salmanticensi,
488 2958 632 2995 Petrus
657 2957 845 2995 Roderici
875 2956 1093 2995 canonicus
1117 2955 1404 3001 Cordubensis,
1429 2954 1555 2992 frater
1574 2954 1717 2991 Petrus
1739 2952 1832 2990 Cor-

130 3015 323 3054 dubensis
363 3024 590 3054 conventus
629 3016 768 3054 Sancti
806 3014 1113 3053 Bartholomaei
1153 3015 1200 3052 de
1242 3013 1442 3064 Lupiana,
1483 3012 1609 3050 frater
1654 3012 1832 3049 Joannes

135 3074 322 3112 Roderici
344 3074 558 3125 episcopus
581 3075 629 3112 (16
654 3075 900 3124 Neupatras,
926 3073 1163 3111 Franciscus
1187 3072 1392 3111 Fernandi
1412 3080 1557 3110 cantor
1579 3069 1833 3115 Palentinus‚

132 3133 291 3171 Marcus
346 3131 549 3171 Fernandi
588 3134 716 3171 abbas
762 3133 809 3171 de
843 3133 880 3170 la
915 3133 1053 3169 Vanza
1095 3132 1136 3169 in
1172 3131 1350 3170 Ecclesia
1383 3130 1613 3176 Palentina,
1653 3129 1833 3166 ,Ioannes
