2083 3458
249 235 334 277 430
901 253 1051 278 NOTAE
1085 251 1146 277 AD
1180 238 1307 277 viTAs
1829 236 1955 294 [915]

308 337 350 375 Ρ.
379 337 467 385 292,
492 338 558 388 lig.
585 338 646 376 26.
674 338 966 385 AUXITANEN.,
995 337 1080 375 sive
1113 336 1408 375 Oceitanensis.
1438 336 1566 387 Saepe
1592 336 1631 375 in
1656 338 1733 376 hoo
1759 338 1956 376 errabant

251 395 419 444 librarii,
435 405 476 435 et
501 398 801 435 Auxitanenses
826 397 1062 435 scribebant
1087 410 1180 434 oum
1204 395 1377 434 scribere
1392 395 1630 434 debuissent
1647 396 1952 436 Occitanenses.

254 455 332 494 Res
354 456 517 506 probari
540 465 678 507 posset
716 456 855 494 multis
894 455 1103 505 exemplis.

306 515 348 553 P.
377 515 466 563 292,
492 516 557 566 lig.
587 516 647 554 27.
678 515 924 553 ALBAROCA.
955 515 1013 553 De
1040 515 1117 552 hae
1142 513 1405 564 expeditione
1432 513 1488 552 sic
1516 514 1666 564 legitur
1690 515 1732 552 in
1759 514 1955 554 Chronico

254 574 458 622 Aymerici
487 575 535 614 de
565 575 758 624 Peyraco,
788 574 952 612 abbatis
981 573 1292 623 Moyssiacensis
1311 572 1351 611 1:
1370 573 1429 611 Eo
1457 581 1624 624 tempore
1655 574 1896 612 Gallicoruvn
1921 583 1957 614 et

253 633 516 682 Anglicornm
528 634 607 683 fait
619 634 767 682 factum
785 634 926 671 bellum
939 633 1116 682 campale
1131 632 1174 670 in
1186 632 1405 682 Albarupe,
1419 632 1584 670 diocesis
1601 633 1956 683 Petragorieensis,·

255 692 324 729 ubi
346 693 425 741 suit
447 694 684 731 senescallus
712 694 944 740 Tolosanus,
972 706 1096 729 eomes
1123 691 1271 739 Insule,
1296 692 1644 740 Petragorieensis,
1664 693 1828 730 etmulti
1847 701 1954 732 nota-

256 751 350 789 biles
373 752 460 790 viri.
487 753 537 790 Et
556 752 718 801 Angliei
734 752 989 789 obtinuerunt
1004 751 1252 801 triumphum
1266 765 1372 788 anno
1386 751 1554 788 Domini
1570 751 1767 792 MCCC...
1787 761 1820 790 et
1843 752 1954 791 illius

253 811 447 861 triumphi
469 811 548 860 fuit
570 811 814 861 principalis
838 812 882 849 de
905 819 1015 860 parte
1039 810 1142 859 regis
1165 810 1390 859 Anglorum
1414 811 1493 848 dux
1516 810 1754 859 Lencastrie,
1781 811 1848 861 qai
1871 820 1954 850 tum

252 870 463 908 vocabatur
488 885 612 908 comes
636 870 912 918 Eboraeensis,
938 870 1160 907 avunculus
1185 869 1288 918 regis
1312 869 1508 916 Eduarcll.
1532 870 1599 919 qui
1624 879 1776 920 ceperat
1799 871 1952 921 Eraga-

251 929 404 967 riacum
428 930 554 967 locam.
578 930 687 967 valde
711 929 924 967 notabilem
948 929 985 966 vi
1008 943 1210 967 armorum
1232 943 1304 978 pro
1327 928 1492 966 tuitione
1517 929 1628 966 illius
1652 929 1726 967 loci
1749 944 1820 980 pro
1843 939 1954 980 parte

250 989 354 1038 regis
382 989 641 1036 Francorum,
671 988 770 1026 inter
797 1003 891 1039 quos
916 988 996 1037 fuit
1021 1002 1145 1026 eomes
1168 988 1504 1037 Petragorieensis
1529 997 1562 1026 et
1581 989 1820 1027 senescallus
1842 990 1952 1028 Tolo-

248 1062 384 1087 sanus,
1042 1079 1044 1081 ψ

305 1107 347 1145 Ρ.
375 1107 464 1154 292,
490 1108 555 1157 lig.
584 1107 645 1145 28.
673 1107 935 1145 AYMONEUS.
964 1107 1072 1145 C'est
1099 1106 1220 1144 Louis
1247 1106 1295 1144 de
1321 1106 1508 1154 Poitiers,
1535 1115 1669 1145 comte
1695 1107 1743 1145 de
1769 1108 1952 1147 Valenti-

251 1166 352 1214 nois,
377 1167 446 1216 qui
468 1167 532 1204 fut
554 1169 624 1204 tue
648 1166 840 1215 (Denifle,
863 1166 923 1204 La
940 1166 1185 1213 Desolation,
1209 1173 1238 1204 t.
1261 1180 1302 1214 Π,
1326 1180 1364 1216 p.
1388 1165 1467 1215 26).

305 1227 346 1264 Ρ.
375 1226 463 1273 292,
489 1226 556 1275 lig.
584 1225 644 1264 32.
677 1226 940 1263 RICONETUS.
971 1226 1045 1264 Les
1071 1233 1206 1263 textes
1233 1240 1282 1263 ne
1309 1225 1437 1263 citent
1462 1225 1594 1275 parmi
1620 1225 1676 1264 les
1702 1225 1951 1276 prisonniers

252 1286 581 1335 qu’Hautecoeur
612 1293 653 1323 et
683 1284 855 1334 Aymar,
889 1285 989 1323 frere
1023 1284 1071 1323 de
1105 1284 1226 1322 Louis
1260 1284 1454 1334 (Histoire
1476 1285 1520 1322 de
1546 1285 1796 1334 Langueoloe,
1829 1294 1859 1324 t.
1890 1301 1950 1335 1x,

250 1360 288 1395 p.
316 1344 518 1392 576-577).

305 1404 347 1442 Ρ.
368 1403 458 1452 292,
477 1404 543 1453 lig.
564 1404 626 1442 34.
648 1404 970 1441 PICTAVENSEM.
993 1403 1046 1441 Le
1065 1403 1088 1440 4
1107 1403 1274 1441 octobre
1295 1402 1395 1441 1346
1415 1403 1606 1453 (Denisse,
1627 1417 1687 1452 op.
1710 1412 1789 1452 eit„
1808 1419 1848 1455 p.
1869 1404 1949 1455 29).

305 1464 347 1501 Ρ.
364 1462 453 1510 292,
469 1463 535 1513 lig.
553 1463 614 1501 34.
634 1463 671 1501 S.
691 1455 923 1501 JonANle.
943 1463 1005 1500 En
1020 1462 1253 1512 septembre
1270 1461 1371 1500 1346
1387 1462 1578 1511 <Denisse,
1597 1463 1725 1512 ibid).

304 1523 346 1560 P.
383 1522 471 1570 292,
507 1523 572 1572 lig.
610 1522 671 1560 35.
709 1522 932 1560 TUTELAM.
976 1522 1127 1559 Veteres
1162 1521 1370 1559 memoriae
1408 1521 1632 1559 Tutelenses
1666 1536 1757 1560 eam
1792 1523 1950 1561 cladem

250 1590 447 1620 revocant
463 1582 514 1619 ad
531 1595 610 1619 ann
620 1596 687 1618 um
704 1581 967 1619 millesimum
985 1581 1265 1619 CCCXLVIII
1282 1580 1396 1619 falso.
1417 1581 1523 1618 Nam
1540 1596 1590 1619 ex
1606 1581 1732 1619 literis
1749 1582 1801 1619 ad
1818 1597 1950 1621 senes-

250 1641 429 1679 challum
449 1641 699 1678 Tolosanum
720 1640 881 1691 seriptis
903 1655 925 1677 a
948 1641 1121 1687 Joanne,
1145 1640 1293 1677 comite
1314 1640 1638 1687 Armaniacensi,
1661 1641 1731 1690 qui
1751 1649 1842 1679 tum
1863 1650 1951 1680 erat

249 1700 290 1737 in
324 1700 466 1738 eastris
502 1708 598 1738 ante
633 1700 838 1747 Tutelam,
874 1707 1048 1750 apparet
1080 1699 1205 1737 istam
1240 1699 1495 1737 obsidionem
1531 1708 1641 1737 certo
1676 1700 1831 1738 factam
1865 1715 1968 1746 esse„

248 1774 357 1797 anno
381 1759 671 1798 MCCCXLVI.

304 1819 346 1856 P.
382 1818 470 1866 292,
502 1819 568 1868 lig„
604 1818 665 1857 35.
699 1819 1048 1856 BREGERYACUM.
1083 1818 1282 1867 Bergerae
1315 1817 1379 1854 fut
1412 1817 1517 1868 prise
1549 1818 1584 1856 16
1618 1818 1668 1856 24
1700 1821 1800 1856 aofit
1834 1819 1949 1867 1345,

250 1878 366 1925 mais,
394 1893 484 1916 vers
512 1892 619 1915 mars
649 1877 764 1925 1346,
791 1878 827 1915 16
856 1885 990 1915 comte
1018 1877 1066 1915 de
1096 1877 1235 1926 Derby
1260 1877 1459 1915 l'evaeua.
1492 1877 1577 1915 Elle
1605 1877 1669 1914 fut
1697 1880 1873 1928 occupe'e
1901 1878 1950 1918 de

251 1951 441 1975 nouveau
463 1951 537 1987 par
556 1938 611 1975 les
634 1937 800 1986 Anglais
823 1952 872 1974 en
893 1939 994 1974 aofit
1016 1936 1210 1981 (Histoire
1231 1936 1274 1973 cle
1294 1936 1545 1985 Languecloc,
1565 1945 1594 1974 t.
1620 1951 1660 1984 x,
1683 1936 1816 1984 Kotes,
1838 1952 1877 1987 p.
1901 1937 1951 1975 94

250 2005 292 2034 et
316 1997 488 2043 Denisse,
512 1996 571 2033 La
590 1996 834 2043 Desolatzon,
858 2004 887 2034 t.
911 2011 952 2043 11,
976 2010 1013 2045 p.
1039 1995 1104 2032 25-
1110 1995 1189 2044 33).

305 2056 347 2094 Ρ.
368 2055 456 2104 293,
474 2028 541 2106 sig.
562 2055 737 2093 0.me
756 2028 1036 2093 ANiBALoum.
1058 2055 1159 2092 Vide
1183 2054 1406 2092 Odoricum
1435 2054 1714 2104 Raynaldum,
1738 2069 1803 2094 an.
1833 2056 1949 2104 1345,

256 2115 355 2163 §11,
379 2114 440 2162 12,
462 2129 527 2153 an.
552 2058 666 2162 1346,
694 2114 794 2163 ξ39,
816 2114 878 2161 40,
901 2128 965 2152 an.
991 2114 1105 2161 1347,
1134 2113 1232 2162 ξ24.

304 2175 345 2212 P.
369 2147 543 2223 293,119,.
566 2174 627 2212 20.
650 2174 871 2211 CREMATA.
895 2174 925 2211 Ι
931 2188 952 2211 a
972 2181 1067 2211 tour
1087 2145 1135 2211 de
1156 2173 1370 2220 Trouillas,
1392 2173 1568 2211 aehevee
1588 2187 1663 2223 par
1684 2172 1870 2212 Clement
1891 2174 1948 2212 VI

250 2248 298 2271 en
330 2233 444 2281 1347,
477 2233 588 2271 subit
619 2248 674 2270 un
704 2233 890 2271 incendie
922 2247 970 2270 en
993 2232 1126 2282 juillet
1157 2231 1259 2270 1354
1285 2232 1437 2281 (Erhle,
1464 2232 1648 2270 Historia
1677 2233 1948 2281 bibliothecae,

251 2301 279 2331 t.
306 2307 332 2340 1,
359 2307 396 2342 p.
427 2292 613 2339 647-651,
641 2292 716 2330 653
743 2300 783 2330 et
811 2292 930 2330 L.-H.
961 2291 1229 2338 Labande,Le
1263 2291 1396 2341 palais
1423 2292 1486 2328 des
1511 2306 1650 2341 papes,
1687 2300 1714 2330 t„
1745 2307 1771 2339 Ι,
1797 2307 1837 2342 p.
1865 2292 1947 2342 89).

304 2352 346 2389 P.
367 2351 456 2398 294,
476 2352 542 2401 lig.
564 2351 598 2389 2.
620 2351 865 2388 MUTUAVIT.
889 2351 953 2388 Du
973 2350 1021 2387 26
1040 2350 1262 2388 novembre
1284 2350 1384 2388 1345
1404 2352 1425 2388 a
1444 2351 1482 2388 la
1507 2350 1562 2387 fin
1588 2350 1636 2388 de
1661 2351 1809 2389 sevrier
1833 2351 1947 2399 1350,

250 2410 419 2448 592000
446 2410 583 2448 florins
609 2419 649 2448 et
673 2410 790 2448 5000
816 2413 907 2448 eous
934 2410 1072 2447 furent
1095 2412 1229 2459 pretes
1255 2423 1307 2446 au
1331 2409 1390 2446 roi
1414 2410 1462 2447 de
1489 2410 1643 2447 Franee
1670 2410 1739 2459 (M.
1767 2411 1947 2458 Faueon,

249 2470 360 2507 Prits
381 2470 476 2518 faits
499 2484 579 2507 alm
601 2469 681 2506 rois
704 2470 747 2506 (le
769 2469 923 2506 Franee
946 2484 1020 2518 par
1036 2468 1211 2506 Cle'ment
1239 2468 1310 2515 VI,
1329 2468 1430 2506 dans
1448 2468 1721 2519 Bibliotlzeque
1737 2469 1781 2506 de
1803 2462 1949 2507 l’Ecole

250 2530 314 2565 (les
343 2529 519 2576 Chai—tes,
550 2537 578 2566 t.
612 2543 665 2565 xi.
697 2528 847 2577 (1879),
877 2543 916 2578 p.
949 2528 1054 2577 571).
1088 2528 1141 2565 Le
1172 2536 1305 2565 comte
1344 2527 1391 2565 de
1431 2528 1688 2578 Comminges
1727 2537 1947 2579 emprunta

249 2588 394 2626 32.00()
422 2588 559 2625 florius
587 2587 648 2636 (Α.
677 2588 878 2637 (Ilergeac,
904 2587 1005 2624 dans
1030 2586 1160 2623 Rewue
1184 2587 1227 2624 cle
1258 2586 1470 2635 Gaseogne,
1496 2595 1524 2624 t.
1552 2602 1576 2623 v
1601 2586 1750 2636 (1905),
1775 2602 1813 2637 p.
1839 2587 1946 2638 308).

252 2647 303 2684 Le
323 2647 449 2683 detail
469 2647 537 2684 des
557 2649 667 2697 prets
689 2647 783 2683 faits
805 2649 826 2683 a
847 2646 1035 2696 Philippe
1056 2646 1125 2692 Vl,
1147 2659 1197 2682 au
1219 2645 1403 2695 dauphin
1423 2654 1463 2683 et
1483 2648 1504 2683 a
1524 2646 1592 2684 des
1617 2646 1822 2696 seigneurs
1842 2660 1864 2684 a
1884 2648 1947 2685 ete

248 2706 378 2743 relevo*
412 2720 484 2755 par
519 2706 562 2742 F..
600 2706 734 2743 Goller
769 2705 1061 2754 (Itwentarium
1095 2704 1444 2741 instrumentorum
1477 2704 1665 2742 Gamerae
1696 2705 1946 2754 apostolicae,

249 2764 348 2801 {lans
378 2765 584 2801 Hamis-che
614 2764 931 2814 (lam-talsehrist,
962 2772 991 2801 t.
1024 2778 1128 2801 xxm
1161 2763 1309 2812 (1909),
1340 2778 1377 2813 p.
1413 2763 1543 2808 71-73,
1575 2763 1776 2813 105-109).

303 2823 345 2860 P.
373 2823 461 2869 295,
486 2823 550 2872 lig.
578 2824 637 2861 21..
666 2824 827 2861 PACEM.
855 2824 907 2860 Le
932 2831 1045 2861 texte
1071 2823 1118 2859 (16
1142 2823 1179 2859 la
1204 2822 1300 2872 paix
1324 2822 1371 2860 de
1397 2822 1572 2860 Sarzana
1606 2837 1645 2860 se
1672 2831 1817 2861 trouve
1842 2823 1942 2861 dans

254 2882 422 2928 1521112411,
452 2883 571 2919 ltalia
593 2897 719 2929 sacra,
745 2891 773 2920 t.
798 2897 853 2929 IV,
879 2883 951 2919 col.
978 2881 1161 2919 222-249.
1189 2881 1264 2918 Sur
1286 2882 1340 2919 les
1366 2883 1642 2929 evenenients,
1667 2882 1755 2919 voir
1780 2882 1825 2920 A.
1853 2882 1942 2920 Sor-

250 2941 355 2987 beili,
379 2941 434 2977 La
461 2941 651 2989 Signoria
673 2941 713 2978 dl
743 2941 942 2978 Giovanmff
970 2940 1147 2977 Viscontl
1169 2955 1192 2977 a.
1216 2940 1408 2988 Bologna,
1432 2940 1626 2989 Bologue,
1651 2940 1765 2988 1902,
1788 2955 1827 2991 p.
1854 2940 1946 2978 146-

254 2999 333 3035 173.

298 3124 323 3155 1.
350 3124 389 3157 13.
418 3124 471 3164 N„
496 3136 563 3158 ms.
588 3125 681 3158 latin
704 3125 800 3158 4991
822 3125 866 3166 A,
890 3124 953 3158 fol.
976 3124 1021 3157 43
1044 3128 1096 3158 νο.
