2083 3458
264 202 343 244 558
896 217 1046 241 NOTAE
1082 217 1142 241 AD
1177 216 1305 241 VITAs
1800 200 1965 256 [1041]

262 301 516 350 depositione
536 300 645 338 Petri
663 300 835 347 Alfonsi,
850 300 1035 338 canonici
1056 300 1309 350 Hispalensis
1322 299 1360 337 1:
1382 301 1480 338 Item
1496 299 1578 337 vidi
1593 301 1784 350 pendente
1799 309 1969 350 tempore

258 361 512 409 exsequiarum
544 360 646 409 quod
674 359 896 397 cardinales
925 359 1089 408 fuerunt
1118 360 1344 408 congregati
1376 359 1419 397 in
1445 359 1606 412 ecclesia
1631 359 1769 398 Sancti
1789 359 1968 410 Spiritus

258 427 292 456 et
316 419 489 467 fecerunt
516 417 644 456 vocari
671 419 950 456 Bandarenses
976 427 1010 456 et
1035 419 1190 468 aliquos
1216 427 1389 468 regentes
1415 419 1622 457 civitatem.
1651 419 1714 467 Et,
1745 427 1786 457 ut
1810 418 1969 469 publice

259 478 471 525 dicebatur,
508 478 728 515 cardinalis
764 477 1020 515 Florentinus
1055 487 1314 527 proposuerat
1349 478 1419 516 illa
1453 478 1528 526 die,
1563 487 1598 517 et
1631 478 1834 517 dicebatur
1868 479 1970 529 quod

259 537 410 574 diderat
444 536 639 574 Romanis
674 538 776 587 quod
809 537 1048 586 castigarent
1081 538 1277 587 populum
1312 537 1356 574 de
1391 537 1595 587 aliquibus
1630 552 1701 588 que
1736 537 1968 575 dicebantur

258 596 414 646 publice
438 610 507 645 per
531 596 739 644 civitatem,
765 596 990 646 specialiter
1014 596 1109 647 quia
1134 596 1336 634 dicebatur
1360 598 1462 647 quod
1484 596 1520 634 si
1544 597 1616 634 hac
1640 597 1720 635 vice
1744 596 1967 635 cardinales

259 670 337 693 non
367 656 540 705 facerent
570 670 722 706 papam
756 656 983 693 Romanum
1016 655 1075 694 vel
1104 655 1243 694 saltem
1281 655 1495 704 Ytalicum,
1531 657 1633 706 quod
1672 656 1800 694 tristes
1841 663 1967 693 essent

256 723 290 752 et
310 723 485 753 caverent
503 714 596 753 sibi.
620 714 729 753 Nam
748 715 784 752 si
805 715 1028 753 cardinales
1047 723 1275 765 paterentur
1295 724 1440 753 metum
1460 716 1519 753 vel
1537 716 1851 765 impressionem,
1874 715 1966 753 talis

256 774 386 812 electio
417 774 529 812 nulla
557 783 664 813 esset.
1276 825 1278 827 q

311 833 412 872 Erat
442 834 585 873 Petrus
615 834 726 884 prior
754 849 824 872 seu
854 835 1032 873 decanus
1062 834 1166 872 sacri
1196 834 1352 884 collegii
1382 834 1666 882 cardinalium,
1697 835 1883 884 adeoque
1912 835 1963 872 ad

257 907 349 931 eum
371 894 508 943 potior
526 907 621 931 cura
637 907 774 932 rerum
790 894 1045 944 agendarum
1057 901 1244 944 spectare
1257 893 1491 932 videbatur.
1514 894 1707 943 Ingressis
1725 908 1818 942 ergo
1835 894 1963 932 cardi-

256 952 417 990 nalibus
447 954 640 991 conclave
669 953 732 991 die
761 961 910 992 octava
938 953 1076 1003 aprilis
1105 953 1202 991 anni
1230 953 1614 1000 MCCCLXXVIII,
1645 967 1737 991 cum
1764 954 1841 992 iste
1868 961 1964 1003 post

257 1012 423 1050 missam
443 1013 491 1050 de
511 1012 666 1062 Spiritu
686 1012 838 1051 Sancto
856 1026 1088 1051 sermonem
1105 1027 1179 1063 pro
1198 1026 1309 1051 more
1327 1012 1477 1051 habere
1496 1013 1547 1050 acl
1567 1027 1633 1050 eos
1652 1013 1789 1059 vellet,
1809 1005 1962 1050 turnul-

255 1079 322 1109 tus
343 1071 646 1119 seditiosorum,
669 1072 738 1122 qui
758 1080 902 1110 tantus
923 1080 1012 1111 erat
1031 1080 1079 1110 ut
1099 1072 1226 1111 etiam
1247 1072 1316 1121 qui
1336 1072 1445 1110 intra
1467 1072 1661 1110 conclave
1681 1079 1801 1110 erant
1820 1071 1962 1110 audire

255 1131 359 1169 alter
386 1132 563 1170 alterum
591 1146 674 1169 non
702 1139 854 1181 posset,
883 1131 1104 1181 impedivit
1131 1146 1180 1170 ne
1210 1131 1375 1170 faceret.
1410 1131 1525 1169 Istud
1555 1145 1627 1181 ego
1656 1132 1857 1181 scriptum
1884 1131 1962 1181 legi

252 1189 296 1227 in
334 1190 590 1240 depositione
631 1191 835 1230 Fernandi
876 1191 999 1239 Petri,
1040 1191 1184 1229 decani
1223 1190 1502 1229 Tirasonensis
1522 1189 1538 1213 2
1577 1206 1584 1228 :
1625 1190 1796 1228 Audivit
1832 1199 1961 1228 tamen

254 1264 278 1287 a
296 1250 495 1287 cardinali
515 1250 559 1287 de
584 1250 747 1288 Ursinis
767 1251 880 1300 quod,
902 1258 1112 1300 antequam
1137 1250 1362 1300 inciperent
1379 1258 1543 1288 tractare
1562 1250 1606 1287 de
1625 1250 1808 1288 electione
1835 1250 1956 1288 cardi-

255 1309 360 1346 nalis
394 1309 665 1358 Florenhnus,
702 1310 769 1360 qui
803 1309 965 1348 debebat
995 1310 1123 1359 facere
1155 1324 1275 1347 suum
1307 1323 1525 1347 sermonem
1567 1310 1625 1347 vet
1656 1309 1962 1348 exhortationem

254 1368 529 1406 cardinalibus
544 1384 666 1419 super
679 1369 782 1419 facto
800 1368 898 1408 dicte
914 1369 1128 1418 electionis,
1145 1369 1277 1418 fuerat
1291 1369 1474 1407 turbatus
1490 1377 1525 1407 et
1542 1383 1621 1406 non
1641 1377 1821 1419 potuerat
1835 1368 1962 1418 facere

252 1441 368 1465 suam
384 1428 697 1478 propositionem
712 1436 871 1479 propter
886 1443 1082 1466 rumorem
1097 1428 1253 1479 populi.
1276 1429 1381 1467 Item
1396 1429 1438 1466 in
1455 1428 1711 1478 depositione
1725 1428 1958 1476 Bertrandi,

254 1487 471 1526 cardinalis
491 1487 796 1535 Glandatensis,
815 1488 876 1526 his
895 1488 1029 1527 verbis
1047 1487 1063 1510 3
1081 1504 1088 1526 :
1110 1488 1208 1525 Item
1226 1488 1328 1538 quod
1341 1488 1518 1538 sequenti
1536 1488 1610 1535 die,
1627 1488 1783 1537 quando
1799 1488 1962 1536 fuerunt

252 1547 406 1595 pulsate
429 1557 622 1597 campane
645 1548 697 1585 ad
719 1548 941 1585 martellum
964 1556 999 1585 et
1019 1547 1099 1597 fuit
1121 1548 1268 1585 clamor
1291 1548 1448 1585 validus
1470 1547 1613 1597 populi
1637 1547 1804 1585 dicentis
1827 1555 1861 1584 et
1883 1547 1959 1585 cla-

253 1607 399 1644 mantis
414 1606 642 1644 Romanum
665 1608 846 1645 volumus
869 1607 928 1645 vel
954 1607 1169 1654 Ytalicum,
1188 1616 1223 1645 et
1244 1615 1378 1645 tantus
1399 1606 1479 1656 fuit
1502 1615 1626 1644 metus
1649 1606 1752 1656 quod
1773 1606 1960 1644 dominus

254 1665 509 1711 Florentinus
534 1666 766 1714 cardinalis,
795 1666 862 1716 qui
890 1666 960 1704 illa
985 1667 1065 1704 viee
1091 1666 1252 1704 debebat
1276 1680 1494 1716 proponere
1519 1666 1679 1703 verbum
1701 1665 1778 1702 Dei
1805 1665 1849 1703 in
1873 1680 1958 1716 pre-

251 1725 380 1762 sentia
408 1726 691 1773 cardinalium,
724 1735 765 1764 ut
793 1734 848 1764 est
876 1726 920 1763 de
951 1740 1065 1773 more,
1097 1727 1185 1764 licet
1219 1725 1413 1773 Ytalicus,
1446 1740 1524 1762 non
1561 1725 1690 1774 potuit
1728 1725 1853 1763 dicere
1892 1739 1960 1762 nec

251 1784 423 1833 proferre
450 1799 679 1833 sermonem,
710 1786 778 1823 sed
806 1786 907 1823 dixit
936 1799 948 1822 .·
984 1785 1156 1823 Verbum
1184 1785 1341 1823 recessit
1369 1786 1413 1823 de
1441 1799 1504 1822 ore
1533 1799 1625 1823 me0.

308 1843 491 1893 Idipsum
516 1845 666 1894 legitur
690 1844 733 1882 in
760 1844 869 1882 Casu
896 1845 1064 1894 glossato
1089 1860 1161 1895 per
1188 1845 1402 1883 dominum
1431 1843 1715 1882 Florentinum
1743 1844 1812 1894 qui
1839 1852 1957 1882 extat

250 1903 290 1939 in
324 1903 461 1942 codice
492 1902 571 1942 815
602 1904 876 1943 bibliothecae
911 1903 1202 1943 Colbertinae4
1233 1913 1273 1942 et
1304 1904 1348 1942 in
1377 1903 1711 1954 responsionibus
1745 1904 1796 1941 ad
1831 1903 1956 1942 dubia

251 1962 544 2013 archiepiscopi
573 1963 761 2002 Toletani
788 1964 949 2014 scriptis
978 1978 1049 2014 per
1075 1977 1246 2001 manum
1272 1963 1428 2001 domini
1459 1963 1696 2010 Florentini,
1725 1970 1773 2000 ut
1806 1962 1957 2012 legitur
1977 1953 1985 1962 ¹

248 2021 290 2059 in
320 2022 456 2060 codice
489 2023 722 2061 Harlaeano
741 2022 767 2061 5.
801 2023 914 2062 Haec
943 2031 1040 2061 sunt
1067 2022 1174 2061 illius
1205 2023 1330 2062 verba
1362 2039 1370 2061 :
1401 2022 1694 2060 Advertendum
1723 2022 1825 2071 quod
1854 2021 1957 2060 ultra

251 2080 321 2118 illa
340 2095 411 2131 que
431 2082 474 2119 in
492 2096 587 2119 casu
606 2082 868 2129 continentur,
890 2082 992 2132 quod
1009 2082 1152 2120 veritas
1169 2082 1266 2132 facti
1284 2081 1342 2119 sic
1359 2096 1399 2119 se
1418 2082 1466 2119 lia
1475 2082 1542 2129 bet,
1564 2081 1666 2131 quod
1684 2081 1799 2119 dictis
1820 2081 1955 2118 missis

248 2148 282 2177 et
303 2140 579 2179 cardinalibus
601 2141 744 2191 positis
766 2142 819 2179 ad
838 2142 1026 2180 standum
1050 2141 1094 2179 in
1115 2141 1253 2179 ordine
1274 2156 1358 2189 suo,
1384 2142 1479 2178 dum
1501 2154 1569 2189 ego
1592 2140 1828 2178 Portuensis
1851 2154 1954 2177 more

248 2200 360 2237 solito
384 2200 517 2237 vellem
537 2200 664 2249 facere
688 2215 811 2238 unam
833 2201 1092 2249 collationem,
1117 2201 1213 2251 quia
1234 2215 1340 2238 eram
1365 2200 1422 2237 ibi
1444 2199 1729 2250 prior-collegii
1751 2199 1952 2249 episcopo-

251 2272 349 2306 rum,
374 2259 522 2309 incepit
541 2260 699 2309 pulsari
719 2261 771 2297 ad
789 2269 975 2298 sturnum
995 2261 1047 2297 ad
1066 2261 1408 2309 congregationem
1428 2259 1571 2309 populi
1595 2273 1794 2308 campana
1816 2258 1954 2302 Sancti

251 2317 369 2365 Petri,
394 2327 427 2356 et
449 2333 623 2356 rumores
645 2320 695 2356 ab
717 2328 825 2357 extra
848 2319 1079 2369 inceperunt
1100 2319 1230 2369 magis
1253 2319 1487 2357 invalescere
1510 2327 1551 2356 ut
1572 2318 1638 2356 vix
1659 2319 1754 2356 alter
1777 2326 1954 2356 nostrum

253 2376 348 2413 bono
380 2378 491 2415 modo
522 2378 688 2415 alterum
718 2387 847 2428 posset
877 2379 1029 2426 audire,
1064 2379 1120 2416 ita
1151 2379 1253 2428 quod
1282 2378 1528 2416 collationem
1557 2377 1684 2427 facere
1716 2389 1797 2414 non
1825 2377 1950 2427 potui.

249 2436 299 2472 Et
318 2436 410 2473 dum
429 2437 557 2474 adhuc
575 2452 735 2475 conarer
753 2452 839 2475 eam
856 2438 995 2487 facere,
1016 2438 1192 2475 custodes
1211 2437 1419 2485 conclavis,
1441 2451 1607 2487 quorum
1627 2451 1732 2474 unus
1749 2445 1832 2474 erat
1849 2436 1952 2485 epis-

247 2508 368 2543 copus
392 2495 669 2533 Massiliensis
692 2497 955 2535 locumtenens
978 2497 1188 2535 camerarii
1211 2496 1364 2534 domini
1389 2497 1512 2534 nostri
1534 2510 1651 2546 pape,
1676 2505 1710 2534 et
1731 2496 1828 2533 alter
1849 2496 1950 2544 epis-

246 2566 366 2603 copus
410 2555 664 2604 Tudertinus,
706 2556 804 2594 civis
844 2557 1063 2605 Romanus,
1107 2556 1266 2593 nomine
1306 2556 1492 2593 dominus
1533 2555 1760 2605 Stephanus
1798 2548 1952 2601 Palosi,

247 2627 334 2650 cum
367 2627 514 2662 maigna
543 2614 780 2663 festinantia
810 2616 985 2665 fecerunt
1017 2615 1147 2654 vocari
1176 2629 1302 2652 unum
1327 2615 1583 2662 cardinalem,
1610 2623 1644 2652 et
1667 2615 1719 2652 ad
1741 2614 1953 2663 fenestram

247 2672 441 2709 conclavis
472 2674 731 2722 personaliter
762 2673 832 2712 ivit
864 2675 1050 2712 dominus
1081 2675 1301 2713 cardinalis
1333 2675 1377 2712 de
1408 2666 1629 2723 Agrifolio,·
1658 2673 1723 2711 cui
1754 2672 1950 2719 dixerunt,

247 2731 502 2769 audientibus
525 2733 587 2769 liis
610 2733 677 2782 qui
700 2734 750 2770 ab
772 2742 880 2771 extra
901 2743 1013 2772 erant
1034 2743 1068 2772 et
1089 2734 1208 2772 etiam
1230 2733 1418 2783 pluribus
1442 2734 1485 2771 de
1509 2733 1654 2771 nostris
1674 2731 1952 2782 familiaribus

295 2878 325 2908 1.
358 2877 395 2909 Β.
423 2878 478 2917 Ν.,
503 2891 568 2912 rns.
593 2880 687 2912 latin
710 2880 840 2920 11745,
864 2881 925 2914 fol.
950 2882 1016 2915 101
1041 2886 1084 2915 ΓΟ.

295 2930 325 2962 2.
358 2930 422 2963 Ms.
454 2932 535 2970 vite,
568 2932 627 2965 fol.
659 2934 726 2967 173
755 2939 798 2967 ΓΟ.

319 3008 325 3014 .
357 2983 420 3015 Mc.
453 2985 535 3023 (rite,
565 2985 626 3018 sol.
656 2987 701 3019 36
730 2992 772 3020 ΓΟ.

319 3062 324 3067 .
356 3036 394 3067 13.
428 3037 483 3076 N„
516 3050 579 3070 ms.
610 3039 703 3072 latin
731 3040 835 3080 1470,
865 3040 926 3074 fol.
957 3042 1024 3074 203
1052 3046 1095 3074 1¹0.

360 3089 394 3120 Β.
436 3090 488 3126 Ν,
525 3102 590 3123 ms.
626 3092 718 3124 latin
753 3092 881 3133 11745,
916 3093 978 3127 fol.
1016 3095 1058 3127 97
1094 3095 1197 3127 v0-98
1233 3099 1282 3127 νο.

294 2983 313 3066 >CO

295 3089 325 3120 ,ἱἿ
