2083 3458
67 204 192 259 [787]
594 218 812 244 PAPARUM
848 217 1233 243 AVENIONENSIUM
1675 199 1758 241 289

53 304 160 341 vellet
192 302 272 340 sibi
309 303 399 340 dare
434 301 677 339 audientiam
715 316 833 351 super
869 301 1020 350 negotio
1056 300 1217 339 Christi.
1255 299 1334 350 Qui
1371 299 1516 337 ibidem
1551 299 1758 349 proposuit

54 363 177 399 multa
209 369 366 411 propter
398 375 468 410 que
501 375 566 398 rea*
599 360 799 398 tenebatur
831 361 883 397 ad
914 360 1149 409 passagium
1181 359 1475 397 assumendum.
1511 357 1755 408 Consequen-

53 429 180 470 terque
209 434 340 458 omnes
365 419 507 470 prelati
532 433 692 456 numero
721 419 873 456 XXVI
899 419 966 456 hoc
985 418 1085 456 idem
1111 418 1245 456 multis
1263 417 1486 455 rationibus
1510 418 1758 455 ostenderunt

54 479 290 529 baronesque
311 478 567 516 consimiliter
590 477 723 527 ipsum
745 478 986 515 obsecrantes
1009 486 1050 515 ut
1069 477 1287 527 predictum
1310 476 1509 525 negotium
1530 484 1755 523 assumeret,

53 539 96 576 in
117 552 190 588 quo
210 538 343 588 parati
364 545 475 575 erant
493 551 581 574 eum
602 536 711 586 sequi
732 545 766 573 et
786 551 974 586 erponere
994 551 1033 574 se
1054 545 1087 574 et
1106 551 1192 575 sua.
1218 536 1272 573 Et
1292 535 1398 573 infra
1422 551 1429 573 :
1456 535 1584 573 Tertio
1606 535 1757 573 videtur

54 596 300 647 interpellare
337 605 489 645 tempus
525 610 571 633 ex
606 595 848 645 perfidorum
886 596 1161 644 Agarenorum
1200 594 1354 632 utinam
1391 595 1516 632 veraci
1555 594 1754 633 vaticinio.

48 655 199 693 Dicunt
226 655 332 693 enim
361 655 437 692 viri
466 654 580 692 multi
608 654 826 704 solempnes
856 655 956 703 quod
983 654 1166 704 prophete
1194 668 1328 691 eorum
1355 653 1609 703 predixerunt
1637 654 1758 702 legem

53 714 163 752 illam
187 714 434 764 dyabolicam
457 722 490 751 et
514 721 646 751 contra
670 726 822 750 omnem
847 713 1037 750 rationem
1062 714 1193 750 datam
1219 712 1330 750 illius
1353 712 1518 762 pessimi
1542 720 1575 750 et
1598 713 1756 750 scelera-

51 773 198 811 tissimi
221 772 461 811 Machometi
485 772 528 810 in
550 786 655 809 anno
675 771 874 820 trigesimo
896 772 1029 821 quinto
1052 772 1231 821 proximo
1255 771 1484 820 finiendam.
1507 771 1608 810 Vide
1633 772 1757 809 ,10311-

51 846 145 870 nem
165 831 400 879 Villanium,
421 832 489 869 lib.
516 831 567 879 X,
590 845 677 881 cap.
702 845 831 869 xcxw
865 830 1092 880 muratori,
1115 839 1142 868 t.
1168 845 1253 877 xm,
1276 831 1348 868 eol.
1373 830 1486 880 719].
1509 830 1610 868 Vide
1632 830 1757 868 etiam

53 890 275 929 odoricum
296 891 573 940 Raynaldum,
594 904 701 928 anno
723 889 836 936 1332,
864 889 880 937 ἓ
900 889 935 935 2,
957 898 997 927 et
1018 889 1131 936 1333,
1159 889 1174 937 ἓ
1194 889 1216 926 3
1237 898 1277 927 et
1296 889 1554 927 Probationes
1573 889 1758 926 historiae

52 949 319 988 cardinalium
350 949 565 998 Gallorum,
592 964 629 999 p.
658 948 746 987 330.

105 1009 148 1048 Ρ.
177 1008 264 1056 174,
289 1009 356 1059 lig.
384 1008 445 1057 26.
474 1009 860 1046 PROCURATORIUM.
890 1007 963 1045 Les
990 1021 1228 1057 procureurs
1256 1007 1410 1044 etaient
1435 1021 1487 1044 au
1512 1007 1681 1044 nombre
1708 1006 1756 1045 de

51 1067 158 1117 cinq.
183 1067 217 1105 A
238 1068 277 1106 13
298 1068 390 1106 liste
414 1067 483 1117 qui
504 1067 674 1117 precede
689 1066 717 1104 il
739 1066 830 1104 faut
852 1065 1014 1116 ajouter
1029 1066 1162 1104 Pierre
1181 1066 1378 1114 Trosselli,
1403 1065 1478 1104 sire
1501 1066 1545 1103 de
1560 1065 1754 1104 Castellis.

54 1127 107 1165 Le
135 1126 270 1176 doyen
297 1127 345 1165 de
374 1127 486 1165 Paris
514 1141 554 1164 se
582 1126 785 1164 nommait
812 1128 957 1163 maitre
986 1125 1064 1163 Gui
1090 1125 1264 1163 Baudet.
1295 1125 1368 1163 Les
1396 1124 1680 1174 procurations
1709 1124 1756 1162 de

53 1185 240 1236 Philippe
271 1186 328 1223 VI
359 1194 400 1224 et
431 1185 486 1223 du
517 1185 594 1223 duc
626 1185 674 1223 de
708 1184 957 1222 Normandie
989 1184 1168 1222 existent
1199 1198 1280 1221 aux
1311 1183 1505 1221 Archives
1537 1183 1756 1221 Vaticanes

53 1244 256 1294 (Armario
276 1245 318 1291 C,
340 1244 436 1283 fasc.
458 1244 495 1291 8,
516 1259 555 1284 n.
578 1244 601 1281 4
621 1252 662 1282 et
682 1244 723 1291 53
746 1243 929 1290 Orleans,
951 1242 1000 1280 20
1020 1251 1061 1281 et
1081 1242 1128 1280 22
1150 1257 1257 1280 mars
1280 1242 1393 1289 1333,
1415 1257 1452 1280 n.
1476 1243 1557 1291 st.).
1582 1243 1659 1280 Par
1679 1257 1757 1279 une

51 1304 171 1342 lettre
191 1303 245 1341 du
264 1304 314 1341 24
333 1303 413 1341 mai
434 1303 548 1350 1333,
566 1303 601 1341 16
620 1303 679 1341 roi
699 1303 747 1341 de
768 1303 920 1340 France
940 1301 1153 1351 s'engagea
1173 1304 1195 1339 a
1214 1301 1434 1351 accomplir
1452 1301 1507 1339 les
1527 1301 1756 1339 conditions

51 1362 250 1413 imposees
278 1377 353 1413 par
383 1363 487 1401 Jean
517 1362 645 1400 XXII
678 1361 881 1411 (Armario
910 1361 952 1408 C,
981 1375 1020 1400 n.
1054 1360 1157 1409 110).
1190 1360 1265 1398 Sur
1293 1361 1330 1398 la
1361 1360 1555 1407 croisade,
1586 1360 1674 1397 voir
1702 1360 1757 1398 les

55 1421 260 1471 Registres
281 1421 477 1460 Vaticans
497 1419 576 1458 104
594 1436 656 1471 ep.
680 1420 786 1467 7-18,
807 1429 848 1458 et
866 1418 955 1468 106,
977 1435 1038 1470 ep.
1064 1420 1140 1458 1·8.

106 1481 149 1519 P.
181 1480 268 1528 175,
296 1480 362 1530 lig.
392 1480 427 1519 2.
461 1481 660 1519 VISIONIS.
702 1479 942 1530 Repetenda
978 1479 1058 1517 ista
1095 1487 1192 1516 sunt
1228 1479 1279 1516 ab
1316 1478 1447 1525 initio,
1485 1486 1531 1515 ut
1571 1478 1681 1527 origo
1718 1485 1759 1515 et

51 1554 262 1590 processus
291 1539 407 1578 istius
437 1539 699 1589 gravissimae
728 1537 1029 1577 controversiae
1057 1538 1200 1576 melius
1228 1537 1522 1587 intelligantur.

106 1599 225 1637 Anno
245 1598 543 1646 MCCCXXIV,
564 1598 626 1636 die
646 1613 717 1635 xw
737 1597 976 1644 decembris,
995 1597 1106 1647 apud
1125 1597 1312 1635 Alestum
1330 1596 1371 1634 in
1390 1595 1562 1634 dioecesi
1582 1596 1758 1633 Nemau-

53 1657 159 1695 sensi
181 1657 284 1695 obiit
305 1657 474 1707 quidam
506 1657 603 1695 civis
626 1657 810 1707 ejusdem
839 1656 917 1694 loci
947 1656 1109 1694 nomine
1133 1655 1267 1694 Guido
1289 1655 1337 1693 (16
1361 1656 1505 1702 Corvo,
1527 1663 1560 1692 et
1589 1669 1657 1704 per
1678 1654 1759 1691 (lies

52 1724 144 1763 octo,
176 1724 224 1754 ut
254 1717 401 1765 legitur
431 1716 472 1754 in
503 1716 632 1754 veteri
663 1715 897 1754 narratione
929 1723 1019 1752 tum
1051 1715 1282 1765 conscripta
1301 1714 1328 1761 1,
1360 1713 1528 1764 spiritus
1559 1714 1644 1763 ejus
1675 1721 1761 1763 post

51 1776 296 1825 sepulturam
330 1775 503 1825 corporis
536 1775 623 1813 sine
656 1775 792 1825 aliqua
824 1775 952 1824 forma
986 1774 1138 1811 visibili
1172 1773 1365 1824 apparuit
1400 1773 1443 1810 in
1476 1787 1562 1810 voce
1594 1772 1760 1822 propria

53 1834 179 1881 uxori,
206 1849 292 1872 eam
318 1835 485 1883 graviter
509 1834 700 1883 affligens.
729 1834 913 1871 Tandem
938 1841 1033 1883 post
1059 1833 1209 1870 multas
1237 1831 1485 1870 ceremonias
1520 1839 1561 1870 et
1586 1831 1758 1869 exorcis-

53 1907 139 1931 mos
167 1893 342 1931 cessavit
368 1907 414 1931 ea
441 1893 544 1931 visio
571 1907 678 1931 anno
706 1892 981 1940 MCCCXXV,
1009 1892 1051 1929 in
1078 1892 1141 1930 die
1169 1892 1361 1930 Paschae.
1392 1891 1570 1928 Multum
1595 1905 1666 1941 per
1693 1904 1759 1927 eas

52 1959 320 2002 tempestates
347 1952 551 1991 celebrata
577 1952 656 1990 fuit
680 1953 780 1990 haec
805 1951 1020 1997 revelati03
1044 1951 1159 2001 cujus
1186 1950 1404 1989 meminere
1431 1950 1610 1987 Joannes
1636 1949 1759 1986 Villa-

51 2010 156 2058 nius,
183 2011 251 2050 lib.
285 2011 358 2059 IX,
387 2025 475 2061 cap.
505 2026 608 2048 xx111
649 2011 876 2061 [Muratori‚
904 2019 934 2049 t.
964 2025 1050 2058 xm,
1072 2010 1145 2048 col.
1175 2009 1291 2059 548],
1315 2017 1481 2048 sanctus
1511 2008 1758 2054 Antoninus,

52 2069 117 2108 tit.
140 2084 227 2118 xx1,
249 2083 335 2120 cap.
358 2085 396 2118 V,
423 2070 440 2119 ξ
458 2070 494 2118 8,
515 2079 556 2108 et
575 2070 635 2109 M.
657 2070 880 2108 Chronicon
899 2069 1117 2118 Belgicam,
1138 2084 1175 2119 p.
1198 2068 1273 2114 293
1299 2068 1376 2118 [ed.
1394 2067 1606 2115 Pistorius,
1627 2076 1655 2105 t.
1676 2067 1756 2115 111].

54 2128 255 2167 Eamdem
276 2137 416 2167 extare
440 2129 765 2179 manuscriptam
787 2129 829 2166 in
852 2128 974 2166 variis
997 2128 1125 2177 Belgii
1148 2127 1405 2165 bibliothecis
1429 2134 1608 2164 testatur
1632 2127 1758 2162 Anto-

52 2187 142 2226 nius
166 2188 382 2226 sanderus.
406 2188 531 2238 Typis
554 2195 696 2226 'autem
717 2188 828 2226 edita
851 2187 930 2225 fuit
951 2187 1062 2237 apud
1087 2187 1194 2225 Delff
1215 2201 1323 2224 anno
1346 2184 1755 2230 MCCCCLXXXVL

52 2254 94 2285 et
116 2246 159 2286 in
183 2247 262 2285 fine
284 2247 402 2285 istius
426 2246 616 2286 editionis
640 2247 719 2285 ista
742 2247 935 2297 leguntur
959 2263 966 2284 :
996 2246 1184 2295 Tempore
1210 2246 1271 2284 Jo.
1305 2259 1408 2295 pape
1431 2244 1569 2282 XXII
1598 2242 1758 2292 quidam

52 2319 205 2343 erronee
221 2305 441 2344 sentiebant
458 2306 501 2343 de
519 2306 733 2344 animabus
750 2305 933 2356 purgatis
951 2305 1068 2342 etiam
1085 2305 1246 2353 sanctis,
1265 2304 1411 2342 scilicet
1432 2303 1532 2352 quod
1556 2316 1633 2339 non
1657 2301 1757 2338 vitle-

53 2372 137 2402 rent
160 2364 326 2413 gloriam
346 2365 423 2402 Dei
446 2373 480 2402 et
500 2364 643 2414 faciem
667 2364 816 2402 Christi
840 2372 928 2402 ante
953 2364 1055 2401 diem
1076 2363 1234 2413 judicii.
1267 2363 1378 2401 Unde
1402 2362 1486 2411 ipse
1510 2375 1616 2411 papa
1641 2360 1758 2397 etiam

54 2437 237 2461 erroneus
257 2424 425 2461 creditur
444 2437 513 2474 per
532 2423 751 2474 prescripta
771 2431 971 2461 correctus.
989 2424 1095 2460 Nam
1118 2423 1160 2460 in
1180 2421 1410 2472 prescriptis
1431 2420 1545 2457 dictis
1562 2433 1632 2469 que
1653 2418 1757 2455 ‹lixe-

57 2489 116 2519 rat
128 2482 297 2532 spiritus
319 2482 514 2520 Guidonis
528 2491 633 2532 patet
647 2483 748 2532 quod
761 2482 900 2520 anima
914 2482 999 2531 ejus
1016 2482 1059 2519 in
1074 2481 1229 2519 Pascha
1243 2480 1322 2529 fuit
1337 2480 1379 2517 in
1394 2479 1485 2516 celis
1503 2493 1591 2516 cum
1610 2477 1758 2515 sanctis

56 2548 90 2578 et
112 2541 276 2590 angelis.

111 2599 256 2647 Quoad
278 2600 481 2638 ,Ioannem
495 2614 661 2650 papam,
676 2607 856 2638 testatur
882 2599 1073 2637 Nicolaus
1098 2598 1290 2636 Minorita
1309 2597 1335 2643 2,
1364 2596 1431 2634 fol.
1459 2595 1534 2633 253
1554 2600 1610 2642 VO,
1643 2595 1757 2631 illum

58 2658 236 2708 coepisse
266 2658 501 2709 praedicare
532 2659 580 2697 de
611 2659 688 2697 hac
718 2658 891 2697 materia
912 2673 1020 2696 anno
1049 2656 1340 2696 MCCCXXIX
1354 2655 1382 2703 3,
1405 2654 1609 2692 dominica
1634 2653 1756 2691 tertia

57 2716 285 2756 Adventus.
316 2717 543 2756 Referenda
570 2726 666 2756 sunt
691 2725 831 2756 autem
856 2717 943 2767 ejus
969 2717 1107 2764 verba,
1134 2716 1228 2753 licet
1250 2715 1373 2764 paulo
1391 2712 1624 2764 prolixiora.
1649 2712 1755 2749 Non-

104 2866 136 2898 ’1.
158 2864 205 2898 M.
227 2864 290 2898 Ch.
311 2865 354 2898 V.
375 2865 549 2909 Langlois
570 2877 591 2898 3
609 2865 735 2899 etudie
762 2866 1005 2909 longuement
1022 2865 1054 2896 le
1070 2863 1125 2896 De
1141 2863 1278 2906 spiritu
1301 2861 1491 2900 Guidonis,
1512 2860 1604 2893 dans
1632 2860 1680 2894 H.
1700 2859 1757 2901 L.‚

56 2924 82 2951 t.
100 2930 223 2957 xxxv,
240 2929 274 2961 p.
292 2919 460 2952 538-556.
475 2937 524 2941 -—
536 2918 611 2951 J'ai
626 2919 795 2952 consulte
809 2917 1034 2951 l'incunable
1050 2916 1097 2949 K.
1115 2915 1209 2948 2110
1224 2915 1267 2948 (16
1287 2915 1323 2947 13
1337 2913 1594 2957 bibliotheque
1609 2913 1757 2946 univer—

54 2969 181 3004 sitaire
204 2971 248 3004 de
270 2970 507 3015 Strasbourg.

110 3024 141 3057 2.
171 3023 211 3057 B.
238 3023 295 3063 N.‚
320 3035 386 3057 ms.
411 3024 506 3056 latin
528 3023 631 3057 5154.

105 3077 138 3110 3.
170 3076 200 3109 Il
220 3075 303 3108 faut
323 3075 387 3109 lire
409 3077 499 3110 1331
528 3076 588 3119 (Η.
609 3077 665 3117 L.‚
688 3083 714 3110 t.
738 3089 875 3116 xxxw,
898 3088 933 3119 p.
957 3075 1052 3118 554).

682 3165 843 3188 BALUZE.
872 3173 918 3179 -
948 3156 995 3187 ΙΙ.
1022 3173 1068 3178 —-
1090 3155 1132 3186 10
