2083 3458
66 176 189 231 [636]
591 192 807 218 PAPARUM
842 194 1226 219 AVENiONENsmM
1670 179 1750 219 117

54 282 189 313 mente
205 274 364 324 illicque
382 289 452 312 x111
470 274 547 312 kal.
565 275 729 323 augusti
756 274 820 325 [20
834 275 990 325 juillet]
1009 290 1100 314 cum
1116 276 1203 314 aliis
1221 277 1492 315 cardinalibus
1509 278 1749 328 subscripsit

53 333 186 372 bullae
212 333 261 372 de.
289 333 461 382 negotiis
490 332 600 382 regni
630 333 785 372 Siciliae
819 348 922 384 quae
965 335 1016 372 ab
1062 335 1237 374 Odorico
1268 336 1483 385 Raynaldo
1521 337 1630 375 edita
1671 347 1746 386 est,

52 406 116 430 an.
138 391 250 439 1307,
282 392 298 440 ἓ
323 391 384 430 23.

105 451 222 491 Anno
244 450 437 497 MCCCX,
459 450 521 488 die
544 465 631 500 xxv
652 450 802 500 aprilis,
824 460 911 489 erat
931 452 1144 499 Avenioni,
1166 452 1228 491 die
1244 468 1339 492 vero
1359 453 1489 504 prima
1505 456 1748 505 septembris

52 509 92 548 in
111 509 294 560 prioratu
308 510 356 547 de
377 509 587 547 Grausello
606 524 730 559 prope
755 510 1036 548 Malausanam
1060 511 1319 551 Vasionensis
1341 512 1545 560 dioecesis,
1564 522 1610 551 ut
1630 523 1746 564 patet

51 582 102 607 ex
119 568 373 607 collectaneis
394 567 503 607 Petri
523 568 710 615 Puteani,
726 568 784 605 De
802 569 968 606 dissidio
986 570 1189 619 Bonifacii
1212 571 1325 608 VIII
1341 579 1374 608 et
1391 572 1577 622 Philippi
1594 573 1746 620 Pulcri,

51 642 89 677 p.
112 627 200 673 406,
223 627 310 674 566,
334 626 422 673 568,
448 627 535 665 570.

106 687 210 723 Eum
228 685 462 736 Onuphrius
482 685 703 723 panvinius
722 694 762 724 et
779 686 847 723 alii
863 695 956 737 post
974 701 1066 725 eum
1084 687 1200 726 aiunt
1218 688 1362 727 obiisse
1382 689 1393 712 ¹
1412 677 1620 729 Avenione
1638 704 1747 729 anno

105 804 242 842 Fuisse
275 804 475 842 decanum
508 803 697 841 ecclesiae
724 803 761 841 S.
797 803 912 842 Pauli
946 805 1212 843 Londinensis
1236 805 1365 855 liquet
1397 821 1446 844 ex
1478 815 1591 845 tomo
1623 808 1747 846 tertio

50 863 293 900 Liber-tatum
308 862 503 900 Ecclesiae
514 862 775 911 Anglicanae,
791 878 829 913 p.
849 863 961 910 1195,
975 871 1016 901 et
1031 878 1082 901 ex
1098 864 1294 902 Godwino
1308 865 1350 904 in
1365 865 1552 915 Catalogo
1565 867 1744 905 cardina-

50 922 151 959 lium
172 922 406 971 Anglorum,
429 936 467 972 p.
493 921 579 959 790.

104 981 147 1019 Ρ.
178 980 239 1027 61,
268 980 333 1030 lig.
367 980 428 1018 20.
465 980 731 1018 NYCHOLAUS
774 980 822 1018 de
868 981 1108 1019 Freauvilla.
1145 982 1231 1020 Hoc
1264 982 1371 1020 enim
1401 991 1463 1024 est
1495 998 1638 1021 verum
1658 984 1743 1034 ejus

51 1054 210 1077 nomen.
234 1040 334 1077 Erat
360 1039 509 1089 quippe
536 1047 648 1077 ortus
672 1054 721 1076 ex
750 1039 875 1077 nobili
898 1048 1016 1089 gente
1040 1041 1087 1078 de
1112 1041 1338 1079 Freauvilla
1366 1041 1471 1080 inter
1496 1042 1681 1093 Deppam
1704 1052 1745 1082 et

53 1099 399 1136 Novumcastrum
450 1098 490 1135 in
543 1098 806 1136 Normannia.
853 1098 1024 1136 Videtur
1063 1107 1202 1137 autem
1247 1100 1367 1138 fuisse
1422 1101 1745 1151 consanguineus

52 1157 333 1207 Enguerrandi
355 1157 403 1210 de
430 1156 690 1207 Marigniaco,
713 1157 787 1194 viri
803 1165 892 1194 tum
915 1158 1194 1208 praepotentis
1212 1158 1251 1196 in
1267 1159 1359 1196 aula
1384 1159 1590 1207 Francica,
1623 1175 1743 1210 quem

49 1216 279 1256 Bernardus
296 1215 506 1262 Guidonis,
521 1215 625 1253 infra
639 1217 684 1266 [t.
698 1216 724 1266 1]
743 1231 780 1266 p.
798 1216 858 1263 78,
875 1216 932 1253 ait
948 1216 1068 1254 fuisse
1085 1217 1249 1255 natione
1266 1217 1561 1256 Normannum.
1580 1219 1743 1258 Etenim

50 1275 91 1313 in
120 1275 255 1313 codice
274 1275 377 1314 3228
392 1276 405 1298 2
443 1275 714 1313 bibliothecae
735 1275 989 1313 Colbertinae
1012 1276 1259 1313 adnotatum
1282 1284 1342 1314 est
1358 1277 1465 1315 hunc
1489 1278 1743 1327 Enguerran-

51 1335 148 1371 dum
172 1334 310 1372 fecisse
328 1348 456 1371 unum
479 1349 529 1371 ex
552 1334 631 1371 suis
649 1334 956 1383 consanguineis
981 1334 1226 1375 cardinalem
1242 1349 1470 1383 romanum,
1496 1336 1560 1385 fist
1584 1352 1637 1374 ιιη
1658 1338 1744 1375 sien

51 1393 187 1430 cousin
210 1393 389 1430 cardinal
408 1393 452 1430 cle
473 1393 645 1431 Romme.
665 1392 758 1430 Fuit
773 1393 903 1442 primo
918 1394 1121 1443 professus
1141 1393 1323 1432 ordinem
1348 1395 1681 1433 praedicatorum
1702 1396 1745 1434 in

51 1460 256 1490 conventu
284 1451 624 1502 Rothomagensi3
655 1466 701 1489 ac
726 1460 820 1501 post
849 1460 981 1501 gestos
1008 1452 1270 1502 magistratus
1294 1453 1427 1491 varios
1452 1453 1491 1491 in
1514 1468 1560 1491 eo
1590 1455 1741 1501 ordine,

51 1525 142 1550 cum
158 1511 233 1548 sibi
249 1519 525 1561 comparasset
539 1511 693 1548 famam
708 1526 757 1549 ex
777 1511 938 1560 publica
955 1511 1180 1560 theologiae
1201 1512 1461 1562 professione,
1478 1527 1601 1562 quam
1619 1513 1742 1552 etiam

50 1570 189 1608 docuit
213 1567 263 1608 'in
303 1570 512 1608 academia
556 1570 784 1616 Parisiensi,
828 1570 959 1608 factus
992 1578 1053 1607 est
1085 1571 1288 1608 confessor
1323 1570 1498 1621 Philippi
1539 1571 1605 1619 IV,
1641 1573 1743 1622 regis

53 1630 314 1667 Francorum.
344 1629 390 1667 In
411 1644 601 1679 processu
624 1628 759 1666 fratris
774 1629 970 1667 Bernardi
988 1629 1171 1667 Delitiosi
1186 1628 1201 1651 3
1216 1629 1413 1679 scriptum
1428 1638 1489 1668 est
1512 1630 1737 1668 Arnaldum

51 1688 229 1735 Garsiae,
251 1688 532 1738 jurisperitum
553 1688 800 1735 Albiensem,
816 1696 963 1726 testem
988 1688 1233 1737 productum
1249 1689 1442 1726 adversus
1466 1703 1572 1736 eum,
1594 1689 1742 1728 dixisse

48 1746 154 1785 inter
181 1747 259 1784 alia
290 1747 398 1797 quod
426 1747 479 1785 ad
501 1746 807 1796 instigationem
837 1746 1019 1796 ejusdem
1039 1746 1174 1784 fratris
1202 1747 1399 1787 Bernardi
1422 1747 1582 1785 dixerat
1610 1749 1740 1787 eidem

49 1806 131 1855 regi
156 1806 323 1844 Tolosae
345 1806 539 1844 adversus
573 1806 786 1844 Nicolaum
807 1805 933 1843 istum
963 1805 1171 1852 :Domine‚
1205 1820 1283 1843 non
1311 1806 1453 1844 debetis
1481 1807 1670 1856 confidere
1698 1809 1743 1845 de

50 1865 265 1914 confessore
289 1873 421 1912 vestro,
452 1865 518 1915 qui
556 1865 618 1902 hic
654 1873 719 1902 est.
751 1867 857 1903 Nam
895 1865 1029 1902 omnia
1057 1879 1127 1914 que
1163 1873 1336 1913 aguntur
1366 1865 1408 1902 in
1436 1866 1599 1903 consilio
1621 1875 1742 1904 vestro

51 1923 134 1973 ipse
162 1924 300 1961 revelat
321 1923 592 1973 Flamenguis.
618 1924 750 1972 Quam
772 1923 1074 1962 accusationem
1096 1923 1217 1961 fuisse
1240 1923 1383 1961 falsam
1406 1924 1604 1963 constitit.
1628 1925 1741 1963 Adeo

49 1982 156 2020 enim
181 1983 302 2021 fidem
324 1997 440 2020 suam
466 1982 646 2021 servavit
671 1982 872 2032 integram
893 1996 985 2032 erga
1005 1996 1139 2031 regem
1157 1990 1203 2019 ut
1222 1983 1261 2021 in
1283 1983 1558 2021 crudelissimo
1579 1983 1646 2022 illo
1663 1984 1740 2022 dis-

49 2041 150 2079 sidio
175 2041 375 2080 Bonifacii
393 2041 497 2079 VIII
529 2041 657 2092 regias
676 2049 812 2092 partes
831 2041 885 2079 sic
907 2041 1054 2079 foverit
1071 2049 1118 2078 ut
1141 2040 1265 2079 etiam
1286 2050 1499 2091 propterea
1518 2041 1740 2081 incurreret

50 2100 188 2138 odium
204 2100 417 2140 Bonifacii.
433 2100 495 2139 Sic
508 2100 615 2139 enim
628 2101 822 2138 adversus
844 2115 936 2139 eum
950 2099 1109 2150 scripsit
1122 2099 1355 2138 Bonifaeius
1372 2100 1521 2138 Joanni
1538 2101 1739 2148 Monachi,

50 2159 243 2198 cardinali
264 2159 374 2197 tituli
405 2160 647 2199 Sanctorum
668 2159 888 2198 Marcellini
917 2167 957 2197 et
987 2158 1095 2197 Petri
1114 2159 1141 2205 4,
1162 2158 1295 2196 idibus
1316 2159 1451 2209 aprilis
1473 2173 1580 2197 anno
1601 2174 1708 2198 nono
1731 2178 1739 2199 :

98 2309 129 2341 1.
157 2308 205 2341 Le
232 2309 275 2341 ‘25
302 2309 496 2341 decembre
524 2309 615 2342 1312
640 2309 796 2341 Arnaud
823 2308 943 2340 vivait
967 2320 1110 2347 encore,
1137 2307 1242 2347 mais,
1270 2308 1290 2339 a
1315 2314 1413 2340 cette
1440 2308 1538 2347 date,
1563 2308 1742 2351 fatigatus

50 2362 221 2404 gravibus
249 2361 540 2404 infirmitatibus,
569 2362 594 2394 il
621 2368 726 2403 recut
754 2361 1032 2394 l’autorisation
1061 2361 1104 2394 de
1132 2373 1168 2393 se
1197 2361 1328 2393 rendre
1357 2361 1449 2393 dans
1478 2361 1678 2404 l'Ageuais,
1707 2362 1740 2395 10

49 2415 239 2447 Bordelais
262 2421 299 2448 et
322 2415 353 2448 le
378 2415 521 2448 diocese
546 2415 590 2448 de
614 2416 743 2454 Bazas,
769 2415 847 2447 asin
871 2415 913 2447 de
937 2426 973 2447 se
998 2414 1151 2447 retablir
1178 2413 1349 2455 (Clement
1376 2414 1417 2453 V,
1442 2426 1476 2447 11.
1503 2414 1738 2458 9899-9905).

52 2468 170 2501 Eubel
189 2468 219 2501 le
240 2468 309 2501 fait
328 2468 469 2501 mourir
487 2468 518 2501 le
539 2469 583 2500 14
603 2469 798 2501 decembre
819 2469 911 2501 1313
935 2467 1176 2510 (Hier-archia,
1198 2473 1223 2500 t.
1243 2479 1267 2505 1,
1289 2479 1323 2510 p.
1345 2467 1417 2510 14).
1441 2467 1470 2500 Il
1490 2474 1644 2500 mourut
1663 2480 1739 2501 cer—

50 2521 259 2554 tainement
281 2527 399 2554 avant
421 2522 452 2554 10
476 2522 520 2555 18
544 2522 738 2555 decembre
763 2534 809 2554 ou
832 2533 871 2554 ce
893 2522 978 2564 jour
1000 2522 1131 2559 meme,
1156 2532 1218 2552 car
1240 2521 1260 2552 a
1283 2526 1380 2552 cette
1405 2520 1491 2552 date
1516 2520 1684 2553 Clement
1708 2521 1738 2553 V

49 2574 232 2607 conferait
266 2586 322 2607 ses
358 2575 544 2608 benefices
580 2575 746 2608 devenus
774 2581 930 2607 vacants
958 2585 1106 2618 parson
1133 2574 1238 2606 deces
1269 2572 1441 2615 (Cle'ment
1472 2573 1513 2612 V,
1541 2585 1575 2606 n.
1604 2574 1740 2607 10262-

50 2628 195 2670 10263).
224 2627 295 2660 Sur
329 2628 485 2660 Arnaud
514 2628 595 2661 voir
625 2627 726 2667 ibid„
749 2639 783 2661 n.
805 2629 915 2665 7665;
936 2627 1082 2666 Archiv,
1104 2632 1130 2659 t.
1161 2638 1195 2665 V,
1218 2638 1251 2669 p.
1274 2626 1305 2665 9,
1328 2626 1448 2665 15-26‚
1470 2627 1556 2665 152;
1577 2626 1741 2660 Bulletin

49 2680 244 2723 historique
281 2685 312 2713 et
353 2681 596 2724 philologique
629 2682 678 2714 clu
718 2681 843 2714 comite
876 2681 935 2713 des
976 2685 1129 2712 travaux
1167 2678 1411 2722 scientifiqnes
1443 2684 1474 2712 et
1512 2679 1737 2723 historiques,

51 2734 155 2773 1890,
190 2746 224 2777 p.
251 2734 361 2767 15-20
383 2735 429 2766 ou
451 2741 507 2767 est
535 2735 660 2778 publie
696 2746 748 2766 un
782 2734 826 2767 de
863 2745 919 2767 ses
954 2733 1216 2765 mandements
1243 2732 1399 2775 expedie
1428 2733 1472 2765 de
1507 2732 1670 2776 Bourges
1706 2734 1739 2766 le

50 2787 91 2820 31
111 2798 208 2819 mars
224 2787 335 2826 1306;
352 2787 392 2820 L.
411 2787 824 2827 Guerardssocuments
850 2786 1078 2830 pontificalia:
1101 2797 1166 2818 sur
1191 2785 1226 2818 la
1257 2784 1451 2827 Gascogne,
1485 2785 1599 2826 Paris,
1631 2786 1737 2826 1896,

51 2846 77 2873 t.
95 2852 118 2878 1,
139 2852 172 2883 p.
193 2840 249 2873 93.

99 2893 130 2926 2.
155 2893 208 2925 La
229 2893 414 2926 reference
436 2899 492 2926 est
514 2893 698 2934 inexacte,
722 2893 815 2926 mais
837 2893 868 2926 le
892 2899 995 2925 texte
1018 2903 1038 2924 a
1060 2893 1118 2925 ete
1140 2891 1312 2934 imprime
1335 2891 1428 2923 dans
1450 2891 1499 2924 H.
1523 2891 1579 2932 F.,
1605 2897 1630 2924 t.
1656 2904 1738 2932 xxi,

52 2958 86 2989 p.
109 2946 189 2979 149.

99 3000 131 3032 3.
154 2999 194 3032 B.
218 2999 274 3038 N„
296 3011 363 3032 ms.
385 2999 479 3032 latin
498 3000 605 3039 4270,
626 2999 650 3033 f.
674 3000 741 3032 278
762 3002 813 3032 νο.

98 3052 131 3085 4.
152 3052 302 3095 Dupuy,
320 3051 483 3086 Histoire
498 3053 546 3085 du
561 3052 748 3097 differenti,
768 3052 940 3091 Preuves,
959 3063 993 3094 p.
1011 3051 1056 3084 98
1075 3050 1205 3094 (bulles
1222 3050 1271 3082 du
1288 3050 1332 3083 13
1349 3049 1443 3083 avril
1458 3050 1579 3094 1303).
