2083 3458
234 202 316 244 336
882 218 1033 244 NOTAE
1069 219 1128 243 AD
1164 218 1291 243 V1TAs
1811 201 1936 257 [830]

235 303 461 341 admodum
485 311 652 341 tenuem
677 310 718 340 et
743 302 903 349 exilem,
929 301 1113 352 adeoque
1140 301 1248 340 credi
1271 301 1329 339 illi
1352 317 1470 353 posse
1495 302 1535 340 in
1560 302 1680 341 rebus
1707 316 1810 352 quae
1837 301 1938 340 diffi-

237 362 434 400 cultatem
464 376 546 399 non
575 362 744 409 habent,
761 361 804 400 in
833 360 922 399 aliis
951 361 1108 399 nullam
1132 361 1255 400 fidem
1274 361 1431 409 mereri,
1452 361 1495 400 id
1515 362 1624 412 quod
1645 362 1756 399 nullo
1775 361 1939 411 negotio

235 420 399 472 probari
428 428 579 471 potest.
613 420 719 458 Nam
749 420 881 471 primo
912 420 1152 470 Gregorium
1184 420 1246 458 XI
1276 420 1335 458 ait
1365 420 1487 460 fuisse
1520 421 1649 460 filium
1685 420 1860 459 Garinae
1891 421 1939 459 de

236 479 468 528 Canilhaco,
493 494 615 530 quem
636 487 800 518 constat
822 487 970 519 natum
990 494 1075 518 esse
1096 480 1228 519 multo
1250 488 1346 518 ante
1368 480 1679 520 matrimonium
1699 479 1829 531 patris
1852 479 1939 529 ejus

236 553 329 577 cum
355 539 518 578 Garina.
549 539 704 577 Deinde
730 538 789 577 ait
814 539 1093 589 Marquesium
1119 539 1168 577 de
1191 539 1404 578 Belloforti
1429 539 1552 578 fuisse
1580 539 1710 578 filium
1736 538 1941 589 Guillelmi

237 598 395 637 comitis
422 598 643 636 Bellifortis
670 612 721 636 ex
748 597 971 636 Catharina
998 598 1047 637 de
1073 599 1112 636 la
1140 598 1291 646 Garda,
1320 613 1443 649 quem
1469 606 1633 638 constat
1659 598 1782 637 fuisse
1811 597 1941 636 filium

236 657 410 696 Garinae
446 657 494 695 de
529 657 761 696 Canilhaco.
799 657 966 697 Nullam
999 657 1253 697 mentionem
1286 658 1386 696 facit
1418 657 1672 697 matrimonii
1706 657 1858 696 Mariae
1892 657 1940 696 de

235 716 447 755 Belloforti
481 716 627 755 sororis
653 716 825 755 ,Ioannis
858 716 1153 768 archiepiscopi
1179 717 1455 756 Narbonensis
1490 731 1583 756 cum
1608 716 1859 767 Raymundo
1893 716 1940 755 de

239 776 458 826 Negareto,
496 775 662 815 domino
699 776 747 814 de
784 776 1031 815 Calvissone.
1070 776 1240 815 Omittit
1275 791 1438 827 quoque
1477 776 1727 827 Dalphinam
1763 790 1942 815 sororem

237 834 419 885 Gregorii
440 835 501 873 XI
521 849 692 874 uxorem
711 850 807 874 vero
830 835 1015 885 Hugonis
1036 836 1085 874 de
1107 836 1224 887 Rupe
1244 843 1286 875 et
1306 835 1522 875 Nicolaum
1539 835 1798 883 Belfortium‚
1820 849 1942 886 quem

238 894 346 933 idem
364 894 580 944 Gregorius
597 895 709 945 apud
724 894 939 942 Bzovium,
957 909 1023 934 an.
1044 895 1158 943 1372,
1182 895 1198 944 ἓ
1216 896 1252 943 4,
1269 903 1394 934 vocat
1410 903 1604 946 nepotem
1621 909 1753 934 suum.
1773 894 1943 934 Omittit

236 953 361 993 etiam
391 954 598 993 Joannam
627 954 755 993 filiam
783 954 988 993 Guillelmi
1017 954 1180 1004 Rogerii
1207 962 1248 993 et
1276 955 1450 993 Garinae
1478 954 1527 993 de
1555 954 1788 1002 Canilhaco,
1818 968 1943 1004 quam

239 1013 418 1052 Joannes
435 1028 506 1051 rex
524 1014 776 1052 Francorum
791 1013 833 1051 in
848 1013 975 1052 literis
994 1013 1101 1052 datis
1118 1028 1226 1052 anno
1244 1014 1452 1062 MCCCLI,
1470 1029 1607 1053 mense
1624 1014 1746 1061 maio,
1762 1021 1944 1052 testatur

238 1087 278 1111 se
296 1087 425 1123 nuper
442 1072 490 1111 (16
507 1072 748 1111 sacrofonte
765 1073 1002 1124 suscepisse.
1016 1073 1233 1112 Praeterea
1249 1073 1290 1111 in
1302 1073 1444 1111 Prima
1455 1073 1534 1111 vita
1550 1073 1735 1123 ejusdem
1747 1072 1942 1123 Gregorii,

240 1131 285 1181 [t.
302 1130 344 1180 1],
359 1147 399 1182 p.
418 1132 507 1179 418,
526 1132 800 1182 scriptumest
816 1133 1020 1172 Joannem
1040 1132 1162 1170 Fabri
1180 1132 1431 1172 cardinalem
1453 1133 1576 1171 fuisse
1595 1131 1944 1182 consanguineum

238 1191 325 1241 ejus
352 1205 606 1241 germanum,
631 1191 672 1229 id
698 1199 773 1240 est,
801 1200 939 1231 ortum
963 1207 1014 1230 ex
1038 1192 1167 1231 amita
1193 1192 1374 1242 quadam
1396 1192 1577 1243 Gregorii
1602 1192 1756 1230 sociata
1782 1191 1946 1230 vinculo

236 1250 365 1301 jugali
393 1265 487 1290 cum
513 1258 631 1301 patre
658 1251 776 1289 istius
805 1251 1035 1290 cardinalis.
1066 1251 1167 1301 Ejus
1194 1260 1335 1290 tamen
1363 1251 1617 1290 matrimonii
1643 1252 1755 1289 nulla
1781 1265 1946 1302 prorsus

238 1310 394 1349 mentio
420 1310 599 1348 habetur
623 1310 665 1348 in
701 1310 936 1361 genealogia
970 1310 1051 1349 illa.
1083 1311 1262 1350 Rursum
1288 1311 1330 1349 in
1365 1311 1508 1350 eadem
1541 1311 1633 1348 Vita
1659 1310 1842 1361 Gregorii
1870 1310 1945 1357 XI,

238 1384 277 1419 p.
296 1369 384 1417 417,
400 1369 549 1419 legitur
564 1370 769 1409 Joannem
784 1370 832 1408 de
849 1370 991 1408 Crosso
1008 1370 1270 1418 cardinalem,
1284 1370 1618 1410 Lemovicensem
1634 1371 1757 1420 vulgo
1774 1370 1944 1418 dictum,

240 1428 362 1466 fuisse
383 1429 733 1479 consanguineum
752 1429 838 1478 ejus
858 1429 899 1467 in
918 1429 1042 1468 tertio
1062 1430 1204 1479 gradu,
1224 1429 1265 1468 id
1285 1438 1359 1477 est,
1380 1437 1454 1467 aut
1473 1429 1611 1468 aviam
1631 1429 1803 1468 Joannis
1824 1429 1946 1467 fuisse

241 1487 473 1538 Rogeriam,
497 1496 570 1526 aut
593 1488 731 1527 aviam
754 1488 936 1538 Gregorii
959 1496 1093 1527 ortam
1116 1504 1135 1527 e
1159 1497 1278 1539 gente
1301 1489 1350 1527 de
1373 1489 1529 1527 Crosso.
1555 1489 1632 1527 Sed
1655 1489 1761 1527 hanc
1784 1503 1947 1539 quoque

239 1547 487 1586 affinitatem
511 1547 810 1597 praetermittit
833 1548 902 1586 illa
923 1548 1170 1598 genealogia.
1192 1548 1523 1598 Consanguineos
1545 1562 1709 1598 quoque
1728 1548 1947 1587 Clementis

240 1606 363 1644 fuisse
387 1615 544 1644 certum
567 1615 629 1645 est
652 1607 874 1646 Geraldum
899 1607 1125 1646 Domarum
1149 1608 1197 1646 de
1221 1607 1372 1646 Gardia
1395 1607 1657 1654 cardinalem,
1685 1607 1948 1650 Guillelmum

242 1666 289 1704 de
308 1665 459 1704 Gardia
476 1665 828 1716 archiepiscopum
843 1667 1165 1706 Bracharensem
1182 1675 1223 1705 et
1239 1667 1534 1714 Arelatensem,
1557 1675 1598 1705 et
1618 1667 1882 1706 Guillelmum
1899 1667 1947 1705 de

241 1724 438 1774 Agrifolio
457 1725 745 1775 presbyterum
766 1725 1015 1765 cardinalem
1034 1726 1147 1764 tituli
1167 1726 1204 1765 S.
1227 1726 1378 1764 Mariae
1398 1734 1512 1764 trans
1533 1726 1738 1776 Tyberim.
1763 1726 1948 1776 Denique

242 1792 499 1834 compertum
524 1792 586 1822 est
611 1784 842 1823 Guidonem
867 1785 916 1823 de
937 1786 1151 1824 Malesicco
1177 1793 1217 1824 et
1236 1785 1458 1824 Geraldum
1484 1785 1532 1824 de
1555 1786 1684 1824 Podio
1723 1785 1948 1824 cardinales

242 1842 364 1881 fuisse
401 1843 583 1893 Gregorii
619 1844 681 1881 XI
717 1844 1052 1894 consanguineos.
1092 1845 1275 1893 Quarum
1311 1845 1494 1884 omnium
1529 1845 1782 1884 affinitatum
1817 1846 1949 1882 altum

241 1902 450 1940 silentium
479 1911 540 1941 est
567 1903 609 1940 in
636 1903 809 1953 antiqua
837 1903 905 1941 illa
935 1904 1169 1954 genealogia
1196 1904 1501 1943 Belfortiorum.

298 1961 370 2000 His
392 1961 450 1999 ita
472 1962 685 2010 enarratis,
706 1962 765 2000 ita
787 1962 887 2002 mihi
908 1963 1104 2001 constitui
1124 1978 1241 2014 posse
1262 1964 1427 2002 videtur
1446 1971 1585 2003 totum
1605 1963 1716 2001 istud
1738 1963 1950 2014 negotium

244 2028 290 2058 ut
311 2035 403 2060 cum
424 2029 534 2059 certo
556 2029 717 2060 constet
737 2022 989 2061 Clementem
1009 2023 1067 2060 VI
1087 2031 1234 2062 natum
1254 2038 1338 2061 esse
1359 2037 1424 2062 an.
1447 2021 1652 2061 MCCXCI
1672 2031 1746 2061 aut
1777 2022 1948 2070 circiter,

244 2088 285 2118 et
302 2094 352 2118 ex
369 2080 541 2130 epistola
563 2095 677 2128 cch,
691 2081 783 2119 libri
804 2082 872 2129 IV,
888 2081 1073 2131 ejusdem
1091 2082 1311 2121 Clementis
1326 2090 1367 2121 et
1381 2097 1432 2120 ex
1443 2090 1697 2121 testamento
1713 2081 1850 2120 fratris
1863 2082 1950 2132 ejus

244 2139 448 2178 Guillelmi
487 2140 647 2178 comitis
683 2140 904 2179 Bellifortis
941 2140 1087 2181 itidem
1125 2149 1235 2180 certo
1274 2141 1490 2192 colligatur
1528 2141 1744 2180 Nicolaum
1788 2141 1952 2192 Rogerii

244 2198 597 2250 archiepiscopum
629 2199 1006 2250 Rothomagensem
1028 2200 1150 2239 fuisse
1175 2215 1316 2240 eorum
1341 2209 1550 2251 patruum.
1583 2200 1822 2239 Asseramus
1842 2201 1951 2239 hunc

246 2257 461 2297 Nicolaum
481 2266 522 2296 et
543 2259 806 2298 Guillelmum
829 2259 1006 2309 Rogerii,
1028 2260 1303 2307 domicellum,
1323 2260 1537 2299 dominum
1557 2260 1605 2298 de
1629 2260 1812 2307 Roserio,
1829 2274 1951 2310 quem

245 2331 295 2355 ex
316 2317 428 2354 Actis
450 2331 558 2356 anno
582 2318 832 2357 MCCCXIII
855 2327 1020 2357 constat
1042 2319 1165 2358 fuisse
1187 2327 1350 2370 patrem
1371 2320 1510 2358 uxoris
1534 2319 1679 2358 Jacobi
1702 2319 1751 2358 de
1773 2318 1950 2366 Judicia,

246 2375 367 2414 fuisse
406 2376 566 2424 fratres,
606 2377 812 2416 Guillelmi
849 2393 946 2416 vero
982 2378 1131 2417 liberos
1171 2379 1435 2418 Guillelmum
1477 2379 1670 2418 comitem
1714 2378 1950 2426 Bellisortis,

246 2435 497 2474 Clementem
525 2450 692 2487 papam,
724 2437 942 2487 Hugonem
971 2437 1235 2485 cardinalem,
1264 2438 1499 2477 Almodiam
1528 2452 1698 2477 uxorem
1728 2437 1874 2476 Jacobi
1902 2437 1951 2476 de

247 2494 409 2532 Judicia
434 2503 475 2533 et
497 2495 770 2534 Bertrandam
793 2511 964 2535 uxorem
990 2496 1149 2536 Nicolai
1173 2497 1222 2536 de
1244 2497 1382 2536 Bessa.

299 2553 538 2592 Guillelmus
564 2555 682 2593 istius
709 2555 886 2594 nominis
913 2555 1082 2606 primus,
1112 2556 1181 2606 qui
1210 2556 1456 2595 comitatum
1482 2556 1703 2595 Bellifortis
1730 2556 1873 2594 intulit
1910 2555 1952 2593 in

247 2612 445 2651 familiam
469 2627 600 2661 suam,
625 2623 714 2652 erat
737 2615 927 2654 dominus
951 2615 1134 2654 locorum
1158 2615 1207 2654 de
1234 2615 1402 2654 Roserio
1426 2624 1467 2654 et
1491 2616 1540 2654 de
1565 2615 1819 2654 Chambonio
1843 2629 1951 2654 anno

247 2671 589 2720 MCCCXXXVI,
614 2681 662 2711 ut
684 2681 803 2724 patet
826 2689 876 2713 ex
900 2674 1178 2713 monumentis
1213 2674 1421 2713 veteribus
1446 2675 1566 2713 editis
1591 2689 1613 2713 a
1640 2675 1813 2713 Justello
1845 2674 1952 2713 inter

246 2730 504 2768 Probationes
534 2732 720 2770 historiae
752 2733 1044 2771 Turrianorum
1073 2734 1353 2781 Arvernorum,
1386 2748 1425 2784 p.
1446 2734 1510 2781 86,
1530 2748 1634 2784 quae
1653 2734 1881 2784 loquuntur
1903 2733 1950 2772 de

247 2789 453 2839 emptione
488 2791 610 2829 castri
644 2800 685 2830 et
719 2792 980 2831 castellaniae
1015 2793 1063 2831 de
1098 2792 1328 2842 Margarida
1363 2793 1474 2843 apud
1507 2793 1725 2832 Arvernos.
1760 2792 1853 2831 Tria
1886 2792 1951 2831 ille

249 2848 510 2887 matrimonia
533 2859 725 2901 expertus
749 2859 823 2890 est.
849 2852 912 2889 Ex
928 2851 1061 2902 priore
1081 2851 1267 2902 conjuge,
1284 2866 1409 2902 quam
1431 2851 1613 2902 suspicor
1633 2851 1951 2890 fuisseMariam

249 2906 296 2942 de
338 2907 591 2947 Chambonio
609 2908 637 2957 ¹,
669 2910 902 2960 procreavit
941 2910 1204 2950 Guillelmum
1240 2911 1292 2958 ΙΙ,
1325 2910 1610 2950 vicecomitem
1647 2911 1951 2949 Turennensem

301 3038 330 3069 1.
364 3037 408 3070 Cc
440 3038 497 3070 fut
530 3038 769 3074 Guillemctte
801 3042 844 3075 de
875 3041 1010 3076 Mestre
1042 3044 1135 3077 dont
1164 3045 1199 3077 la
1228 3044 1368 3077 famille
1398 3044 1590 3088 possedait
1620 3045 1682 3078 des
1713 3051 1827 3078 terres
1858 3046 1950 3079 dans

254 3091 283 3121 lr-
303 3090 492 3133 voisinngc
517 3092 559 3124 de
584 3092 792 3134 Maumont,
816 3094 912 3129 situe
936 3097 1099 3139 paroisse
1123 3098 1185 3130 des
1210 3097 1358 3131 Rosiers
1382 3090 1601 3141 d’Egletons
1628 3097 1780 3141 (canton
1802 3090 1950 3143 d'Egle-
