2083 3458
92 210 215 264 [624]
619 225 834 250 PAPARUM
871 223 1256 250 AVENIONENSIUM
1702 213 1779 251 1⁴⁷>ss

77 316 118 346 et
142 307 190 345 iis
212 307 281 357 qui
301 321 392 345 cum
406 307 473 345 illo
493 315 705 354 venerant,
727 321 818 346 cum
832 308 880 346 de
899 307 1090 346 libertate
1110 322 1181 346 sua
1194 307 1479 358 pacisceretur,
1492 309 1723 359 promisisse
1738 326 1777 348 sc

77 366 314 405 restiturum
343 366 566 404 cardinales
599 366 886 405 Columnenses
916 374 958 405 et
996 366 1190 405 fratribus
1222 382 1362 405 eorum
1392 368 1632 418 temporalia
1674 383 1778 418 quae

75 425 304 463 abstulerat
319 425 590 472 redditurum,
607 425 765 463 domino
782 426 942 463 Matheo
958 426 1092 463 Rubeo
1110 426 1184 475 fide
1198 426 1356 476 jubente
1372 441 1442 476 pro
1458 442 1578 477 papa.
1599 427 1675 465 Sed
1690 443 1777 466 cum

76 485 242 522 Romam
260 483 437 521 rediisset
453 498 574 534 papa,
593 483 643 521 ab
661 484 862 534 aliquibus
881 484 1153 523 cardinalibus
1170 485 1205 522 ei
1222 493 1449 534 suggestum
1464 486 1543 535 suit
1562 494 1601 524 ut
1619 486 1775 524 Colum.-

77 557 213 581 nenses
235 557 313 580 non
335 543 547 580 restitueret
569 543 646 580 ullo
669 544 792 590 modo,
816 558 862 581 ne
884 544 1032 581 malum
1053 544 1272 594 exemplum
1295 544 1362 594 qui
1384 545 1535 582 venturi
1556 553 1666 583 erant
1688 546 1777 583 inde

73 610 314 640 assumerent
339 610 373 639 et
397 616 547 652 papam
566 610 745 652 caperent
762 611 795 640 et
821 602 1020 640 thesauros
1047 611 1294 653 usurparent.
1324 603 1374 640 Et
1399 603 1636 653 Bonifacius
1662 613 1777 654 pacta

77 661 238 698 irritans
268 675 338 710 que
366 661 518 710 fecerat,
551 660 831 699 Columnenses
872 661 1011 699 iterum
1042 662 1255 700 malediarit.
1297 662 1348 699 Et
1378 677 1465 700 cum
1496 662 1776 701 Columnenses

77 720 222 757 irruere
241 720 376 757 vellent
393 728 426 757 et
446 720 579 757 iterato
598 734 744 770 capere,
768 720 891 758 iratus
909 736 1016 770 papa
1036 735 1160 771 supra
1180 722 1336 759 modum
1355 729 1388 759 et
1406 736 1451 759 ea:
1470 722 1598 760 nimia
1620 722 1775 760 iracun-

74 779 142 816 dia
160 778 353 828 fatigatus
372 787 406 816 et
426 787 583 816 vexatus
603 780 723 829 paulo
743 780 950 829 postobiit.
976 779 1080 818 Huic
1103 780 1314 820 Matthaeo
1329 780 1566 819 Guillelmus
1591 781 1775 819 Durandi

74 837 229 876 dicavit
260 837 531 887 Repertorium
560 838 665 887 juris
696 838 888 876 canonici.
923 838 1024 877 Vide
1046 846 1075 877 t.
1108 854 1162 882 111,
1196 839 1339 877 Libert.
1373 839 1570 879 Ecclesiae
1600 841 1774 890 Anglic..

78 912 116 947 p.
147 896 258 935 1296.

125 955 359 994 Bonifacius
383 956 430 993 de
454 955 668 994 Amanatis
692 955 733 994 111
756 956 955 998 Οἰ6111,ε>ιιί.,
978 959 1035 994 De
1059 956 1224 995 immun.
1245 957 1436 1009 ecclesia-r.
1456 966 1576 996 notat
1595 959 1774 997 Clemen-

74 1022 158 1053 tem
184 1014 325 1053 statim
351 1023 444 1064 post
470 1015 775 1054 coronationem
801 1030 917 1053 suam
943 1015 1114 1054 edidisse
1140 1017 1244 1054 hanc
1276 1016 1627 1065 constitutionem,
1653 1017 1775 1068 idque.

75 1089 114 1112 se
140 1073 279 1123 legisse
306 1074 416 1124 apud
444 1073 704 1112 Guillelmum
725 1106 732 1121 ,
755 1075 803 1112 de
831 1075 1153 1115 Montelauduno
1181 1075 1382 1114 videlicet.
1403 1076 1513 1115 Haec
1529 1085 1625 1114 sunt
1650 1077 1774 1115 verba

75 1133 273 1171 Bonifacii
307 1149 314 1170 :
347 1132 565 1170 Concordat
601 1133 848 1180 Guillelmus,
891 1134 960 1183 qui
1000 1134 1140 1171 asserit
1177 1149 1216 1171 se
1257 1135 1382 1183 juisse
1412 1143 1623 1185 presentem
1657 1135 1777 1185 liujus

74 1191 365 1230 constitutionis
387 1192 622 1230 revocationi
645 1207 761 1242 quam
782 1192 872 1241 fecit
894 1193 1084 1242 Lugduni
1109 1193 1178 1230 iste
1201 1193 1379 1231 Clemens
1400 1194 1532 1232 statim
1555 1203 1641 1244 post
1662 1209 1777 1232 suam

75 1251 375 1298 coronationem,
401 1259 576 1301 presente
601 1266 686 1300 rege
717 1252 898 1299 Francie,
926 1261 960 1290 et
984 1252 1063 1301 fuit
1087 1252 1219 1302 prima
1254 1253 1477 1290 constitutio
1503 1268 1619 1303 quam
1645 1254 1776 1303 publi—

75 1311 186 1348 cavit.
214 1311 271 1348 At
293 1310 334 1348 in
360 1310 663 1348 commentariis
691 1310 893 1349 Guillelmi
920 1311 968 1349 de
995 1311 1318 1350 Montelauduno
1343 1312 1381 1349 in
1410 1312 1688 1360 Clementinas,
1715 1313 1776 1350 uti

77 1369 241 1419 quidem
261 1369 518 1407 habenturin
532 1369 767 1408 collectione
786 1370 1079 1420 repetitionum
1097 1370 1197 1420 juris
1212 1371 1408 1418 canonici,
1427 1371 1527 1409 nihil
1545 1371 1776 1410 istiusmodi

76 1428 286 1478 reperitur.
316 1429 359 1466 In
382 1428 430 1466 iis
454 1443 548 1466 vero
573 1429 641 1478 qui
665 1443 789 1466 manu
813 1429 970 1467 exarati
994 1437 1090 1467 sunt
1113 1438 1153 1467 et
1176 1429 1217 1468 in
1240 1429 1417 1468 editione
1443 1430 1658 1470 Parisiensi
1681 1431 1777 1471 anni

77 1487 284 1525 MDXVII
303 1487 360 1525 ita
378 1487 525 1537 legitur
545 1504 551 1525 :
571 1488 654 1525 Hec
681 1488 759 1537 suit
776 1488 905 1538 prima
935 1489 1157 1526 constitutio
1177 1504 1293 1539 quam
1310 1497 1397 1539 post
1419 1504 1535 1527 suam
1565 1490 1776 1527 coronatio-

77 1561 163 1584 nem
187 1547 452 1596 promulgavit
478 1547 546 1584 iste
570 1562 679 1597 papa
702 1547 906 1596 Lugduni,
932 1562 1016 1596 rege
1042 1548 1210 1585 Francie
1236 1548 1292 1585 ibi
1316 1557 1508 1598 presente;
1534 1557 1567 1586 et
1591 1549 1657 1599 qui
1682 1549 1778 1586 vidit

76 1605 342 1643 testimonium
369 1606 543 1656 perhibet
569 1607 613 1643 de
639 1607 718 1644 hoc.
743 1607 922 1645 ι103111105
950 1607 1137 1647 Andreae
1164 1607 1204 1645 111
1220 1608 1405 1645 camdem
1424 1607 1609 1647 Clement.
1639 1608 1779 1645 scribit

76 1664 186 1702 illam
208 1664 329 1703 fuisse
352 1665 400 1703 de
422 1664 561 1715 primis
584 1665 949 1704 constitutionibus
972 1666 1190 1704 Clementis
1213 1666 1331 1704 editis
1353 1681 1375 1704 a
1397 1666 1596 1717 principio
1617 1681 1777 1717 promo-

37 1721 41 1726 ’
77 1723 199 1761 tionis
230 1739 339 1771 suae,
372 1732 413 1762 et
442 1723 665 1774 incipiebat
692 1725 925 1772 Pastoralis,
958 1725 1073 1774 cujus
1097 1725 1248 1763 decidit
1279 1725 1511 1772 exordium3
1544 1734 1637 1776 post
1669 1727 1777 1775 quod

76 1783 324 1832 sequebatur
348 1783 451 1821 Sane
473 1783 672 1833 quoniam,
696 1791 772 1822 etc.

130 1842 172 1880 P.
213 1842 275 1889 61,
317 1842 382 1892 lig.
430 1842 465 1880 3.
502 1842 691 1880 CORONA.
735 1843 879 1881 Delata
924 1843 989 1880 illa
1031 1843 1165 1881 suerat
1203 1844 1449 1893 Lugdunum
1492 1858 1514 1882 a
1558 1844 1779 1882 camerario

77 1915 269 1941 romanae
290 1901 492 1940 Ecclesiae
524 1933 532 1949 ,
555 1909 602 1938 ut
627 1902 748 1940 fidem
771 1902 870 1940 facit
892 1917 1063 1952 sequens
1077 1903 1354 1952 fragmentum
1377 1917 1426 1941 ex
1439 1903 1566 1941 veteri
1590 1903 1779 1941 chronico

76 1960 361 2000 Caesenatensi
387 1960 636 2010 descriptum
662 1975 683 1998 3
711 1960 897 2011 Scipione
924 1961 1214 2009 Claramontio‚
1239 1961 1307 2000 lib.
1337 1962 1412 2009 XI,
1436 1962 1541 2000 Hist.
1569 1962 1780 2009 Caesenae,

76 2034 114 2069 p.
132 2019 219 2057 445.
237 2021 286 2057 Et
305 2020 435 2057 eodem
456 2034 562 2056 anno
583 2019 687 2058 1305
707 2020 772 2071 [29
794 2020 1040 2072 septembre]
1062 2020 1103 2058 in
1121 2021 1217 2070 festo
1238 2021 1284 2059 B.
1308 2021 1521 2060 sllichaelis
1540 2021 1779 2058 camerarius

75 2078 227 2117 domini
252 2093 375 2129 paper
399 2093 487 2116 cum
520 2079 702 2116 comitiva
732 2079 907 2117 maxima
930 2080 1113 2117 transivit
1136 2094 1204 2130 per
1240 2079 1430 2118 Cesenam
1455 2081 1627 2129 deferens
1650 2095 1780 2117 secum

77 2152 258 2175 coronam
283 2152 359 2188 qua
393 2137 572 2176 coronari
599 2138 758 2176 debebat
790 2138 890 2176 idem
924 2138 1120 2187 Clemens;
1143 2147 1177 2176 et
1211 2139 1324 2188 quasi
1359 2147 1436 2177 tota
1464 2139 1588 2185 curia,
1612 2139 1780 2189 acceptis

77 2196 314 2246 quibusdam
349 2196 634 2244 cardinalibus,
654 2212 741 2235 cum
772 2197 943 2235 ›naxtmo
980 2198 1119 2235 sudore
1149 2198 1218 2235 ivit
1253 2198 1295 2235 in
1325 2198 1541 2236 Franciam
1586 2198 1779 2248 [Amzales

77 2255 320 2303 Caesenates,
349 2256 449 2294 dans
468 2255 679 2303 Muratori,
699 2264 727 2294 t.
749 2271 834 2304 xw,
853 2271 891 2306 p.
913 2257 1051 2307 1126}

131 2315 173 2352 P.
197 2314 259 2363 61,
290 2314 354 2365 lig.
382 2314 416 2353 5.
442 2315 681 2353 DEPOSITUS
715 2330 769 2353 DE
793 2330 920 2360 EQUO.
958 2316 1067 2354 Haec
1089 2323 1254 2354 tantum
1284 2315 1465 2354 historici
1495 2316 1654 2354 illorum
1677 2324 1777 2353 tem-

77 2388 235 2423 porum,
256 2388 387 2423 neque
400 2373 560 2424 uspiam
573 2374 701 2424 reperi
714 2374 963 2413 Clementem
977 2389 1026 2412 ex
1047 2390 1092 2413 eo
1112 2374 1337 2413 infortunio
1351 2374 1553 2425 collegisse
1568 2389 1607 2412 se
1621 2374 1777 2412 factum

76 2447 160 2471 esse
194 2432 432 2483 pontificem
466 2447 682 2471 romanum
717 2441 857 2471 contra
893 2434 1151 2472 voluntatem
1188 2433 1274 2472 Dei.
1324 2434 1379 2471 Et
1412 2441 1552 2472 tamen
1586 2432 1777 2483 Aegidius

77 2491 291 2530 cardinalis
326 2491 591 2530 Viterbiensis
632 2491 674 2530 in
704 2492 886 2530 oratione
922 2493 1115 2542 quadam,
1151 2492 1267 2541 cujus
1301 2493 1426 2531 verba
1460 2494 1690 2531 referuntur
1724 2492 1775 2529 ab

77 2550 239 2588 Andrea
257 2549 533 2589 Victorello'in
558 2550 839 2589 additionibus
856 2552 908 2589 ad
932 2551 1166 2590 Ciaconium
1197 2552 1241 2602 [t.
1259 2566 1301 2599 11,
1325 2552 1397 2590 001.
1417 2551 1491 2589 362
1505 2551 1532 2601 ],
1551 2551 1610 2589 ait
1627 2551 1775 2589 audac-

77 2617 151 2656 ter,
175 2617 376 2659 tanquam
399 2609 430 2647 si
453 2623 538 2648 rem
562 2617 715 2647 certam
739 2618 936 2658 narraret,
961 2611 1211 2649 Clementem
1234 2610 1461 2648 attonitum
1486 2625 1504 2648 e
1529 2609 1626 2647 solio
1649 2609 1774 2659 prosi—

75 2667 181 2706 liisse
209 2676 250 2706 et
276 2668 396 2707 fateri
423 2676 612 2706 coactum
640 2683 679 2707 se
700 2669 785 2707 Deo
811 2668 917 2707 irato
944 2669 1155 2719 imperare.
1180 2669 1257 2707 Sed
1285 2670 1384 2708 haec
1411 2668 1610 2707 rhetorice
1637 2667 1775 2718 potius

77 2726 270 2765 dicuntur
288 2741 412 2777 quam
430 2726 632 2772 historice,
654 2728 708 2765 Et
725 2736 935 2778 praeterea
951 2727 1221 2766 certissimum
1240 2736 1301 2766 est
1314 2728 1421 2766 hunc
1435 2741 1573 2766 casum
1591 2741 1672 2765 non
1686 2741 1775 2765 eve—

77 2785 181 2824 nisse
206 2785 313 2824 inter
338 2785 519 2824 solennia
546 2786 818 2825 coronationis
834 2795 881 2824 ut
906 2787 1073 2837 putavit
1100 2786 1304 2836 Aegidius,
1331 2787 1399 2824 sed
1415 2794 1509 2836 post
1524 2800 1569 2824 ea
1595 2793 1775 2836 peracta,

77 2859 169 2882 cum
190 2858 297 2895 papa
318 2845 370 2882 ab
392 2844 556 2883 ecclesia
573 2845 712 2886 Sancti
735 2845 843 2885 Justi
863 2845 1012 2884 rediret
1032 2846 1084 2884 ad
1097 2846 1239 2884 urbem
1262 2845 1587 2895 Lugdunensem.
1612 2845 1675 2882 Ex
1696 2859 1776 2895 quo

79 2903 193 2941 facile
206 2903 501 2954 estintelligere
513 2903 627 2941 illum
640 2904 864 2944 nonesolio
875 2904 1106 2955 prosiliisse,
1128 2904 1196 2942 sed
1217 2918 1267 2942 ex
1287 2918 1390 2953 equo
1412 2903 1618 2953 dejectum
1640 2903 1777 2944 fuisse,

129 3036 158 3068 1.
175 3034 311 3068 C’etait
326 3035 421 3067 Jcan
436 3035 479 3067 (10
497 3035 716 3075 Palestrina,
731 3037 872 3079 eveque
887 3036 945 3069 elu
959 3036 1003 3068 de
1019 3035 1171 3078 Spoleto
1190 3035 1327 3078 (Ehrle,
1342 3034 1508 3068 Historia
1520 3035 1776 3079 Bibliothecae,

80 3099 103 3130 p
141 3089 209 3127 11).
