2083 3458
116 261 241 318 [980]
643 280 859 305 PAPARUM
895 279 1279 306 AVENIONENSIUM
1717 268 1798 309 497

106 371 275 406 magnus
293 366 327 395 et
345 357 497 395 debitus
516 357 637 395 lzonor
655 374 676 395 a
696 359 843 408 populo
862 359 1072 405 Perusino,
1092 367 1125 395 et
1142 358 1229 395 sine
1247 359 1326 396 alio
1345 359 1571 396 diverticulo
1590 360 1800 400 declinavit

105 417 157 454 ad
185 417 362 455 conclave
392 417 672 460 cardinalium,
707 418 774 454 ubi
807 410 952 456 inclusi
982 426 1139 468 propter
1168 418 1389 455 electionem
1419 419 1566 455 summi
1595 420 1799 470 pontificis

100 476 419 524 -commanebant;
450 492 474 514 a
504 476 647 526 quibus
677 492 765 514 cam
796 491 938 526 magno
966 478 1097 526 favore
1126 485 1160 514 et
1188 477 1329 514 honore
1360 485 1564 526 susceptus
1593 487 1659 526 est,
1691 489 1724 517 et
1757 481 1799 518 in

103 536 278 585 sequenti
303 535 474 573 crastino
498 536 625 573 sancti
650 536 819 583 Andr-ee,
845 537 992 574 scilicet
1011 537 1053 573 in
1071 537 1251 574 kalendis
1272 537 1324 587 [1]
1344 537 1568 584 decembris,
1592 539 1643 575 ad
1661 540 1800 577 scruti·
1847 544 1853 548 '

106 595 219 632 nium
251 594 449 634 electionis
480 595 627 632 summi
660 595 872 645 Pontificis
905 605 1093 645 tanquam
1125 597 1343 633 cardinalis
1375 596 1588 644 admissus,
1623 599 1802 647 quamvis

106 655 280 692 nondum
294 654 448 692 haberet
462 654 621 692 titulum
636 669 703 692 nec
717 656 883 692 (inulam
900 670 966 692 nec
980 656 1185 705 capellum.
1203 656 1283 692 Hic
1297 664 1383 704 post
1397 656 1629 698 creationem
1648 657 1801 694 domini

105 712 317 751 Clementis
336 727 441 763 pape
461 713 603 763 quinti,
626 714 693 764 qui
714 723 864 751 creatus
892 715 1022 763 suerat
1043 715 1085 752 in
1105 715 1247 763 vigilia
1267 714 1537 752 Pentliecostes
1565 716 1799 764 precedenti,

100 786 192 810 cum
218 773 363 811 veniret
387 773 439 809 ad
465 773 599 822 ipsum
625 773 722 811 citra
749 782 908 817 monte&
938 774 1113 811 nondum
1139 773 1286 811 habens
1312 774 1471 812 titulum
1498 788 1566 811 nec
1591 775 1798 823 capellam,

104 832 203 870 obiit
233 832 366 870 Janue
400 832 486 869 Vll
513 833 590 872 lsal.
621 832 852 882 septembris
882 834 924 870 in
952 833 1114 872 sabbato
1146 833 1211 882 {26
1229 833 1368 883 aofit],
1388 834 1565 882 sepultus
1584 834 1597 856 1
1626 834 1800 883 sequenti

105 890 167 929 die
192 892 391 930 dominica
416 907 485 942 per
507 892 668 941 fratrem
694 891 933 930 Niclzolaum
959 893 1200 930 cardinalem
1224 894 1453 941 episcopum
1478 893 1741 940 Hostiensem‚
1759 893 1801 931 in

101 952 264 989 ccclesia
293 953 462 1001 fratrum
491 952 789 990 Predicatorum
823 952 1093 990 Januensium
1123 966 1229 989 anno
1248 952 1414 989 Domini
1441 952 1647 990 MCCCV.
1673 951 1802 1002 Elegit

105 1020 235 1049 autem
260 1012 349 1049 inde
373 1012 579 1062 transferri
602 1021 636 1050 et
657 1012 817 1061 sepeliri
842 1013 882 1049 in
908 1020 1094 1049 conventu
1119 1012 1285 1060 fratrum
1312 1012 1608 1049 Predicatorum
1633 1012 1675 1049 in
1698 1012 1799 1050 Lon-

106 1070 238 1109 doniis
271 1072 314 1109 in
345 1072 511 1121 Anglia,
547 1072 648 1109 unde
678 1072 807 1121 suerat
838 1080 1079 1120 assumptus.
1120 1072 1263 1120 Itaque
1297 1073 1454 1110 certum
1487 1072 1675 1121 deinceps
1712 1080 1801 1110 erat

107 1131 355 1170 cardinalem
382 1145 538 1169 novum
564 1131 712 1169 habere
735 1145 877 1170 vocem
903 1131 943 1169 in
965 1132 1161 1169 electione
1183 1132 1340 1169 romani
1377 1131 1601 1179 pontificis,
1639 1130 1799 1169 etiamsi

106 1190 274 1228 titulum
305 1206 385 1229 non
414 1191 596 1231 haberet.
629 1190 747 1238 Quod
777 1192 880 1229 circa
910 1191 1167 1228 Androinum
1197 1191 1244 1228 de
1277 1190 1415 1228 Roclia
1446 1190 1710 1228 observatum
1740 1199 1801 1229 est

107 1257 148 1287 et
175 1250 498 1289 determinatum
523 1251 779 1289 concorditer
806 1266 876 1301 per
897 1250 1083 1288 dominos
1104 1250 1343 1292 cardinales,
1366 1258 1412 1287 ut
1435 1250 1492 1287 ait
1520 1259 1663 1287 auctor
1683 1250 1799 1305 istius

112 1308 223 1348 Vitae.
259 1310 379 1360 Apud
425 1311 702 1360 Augustinum
737 1310 973 1356 Patricium,
1006 1309 1074 1347 lib.
1116 1310 1128 1346 l
1164 1310 1317 1347 Sacrar.
1354 1309 1618 1357 ceremoniar„
1653 1305 1739 1358 cap.>
1774 1324 1799 1355 1,

106 1368 175 1407 sol.
199 1369 235 1417 6,
256 1369 314 1407 ita
336 1370 536 1419 scriptum
557 1378 618 1408 est
635 1369 682 1407 de
704 1370 869 1419 negotio
884 1368 1084 1406 Androini
1107 1384 1113 1406 :
1137 1369 1232 1406 Post
1252 1376 1409 1405 mortem
1434 1368 1656 1405 Innocentii
1682 1367 1741 1404 VJ
1759 1368 1801 1405 in

107 1427 288 1466 electione
316 1429 564 1477 successoris,
597 1429 639 1466 in
669 1444 745 1479 qua
773 1429 853 1478 suit
881 1429 1021 1466 electus
1057 1428 1245 1465 Urbanus
1278 1427 1309 1463 V
1332 1435 1436 1464 erim
1461 1427 1680 1476 collegium,
1711 1435 1803 1464 tunc

106 1487 230 1525 abbas
249 1489 385 1527 Sancti
409 1488 596 1526 Germani
614 1489 954 1536 Altisioclorensis,
974 1488 1018 1525 de
1035 1487 1167 1524 Rocha
1184 1486 1308 1524 abbas
1326 1486 1604 1523 Cluniacensis
1621 1501 1803 1535 assump-

64 1564 68 1575 .
108 1554 170 1584 tus
191 1547 234 1584 in
253 1548 494 1586 cardinalem
514 1563 582 1598 per
605 1548 882 1586 Innocentium
901 1548 1031 1598 primo
1052 1547 1155 1584 venit
1174 1546 1225 1583 ad
1244 1545 1396 1583 curiam
1418 1546 1460 1582 in
1480 1546 1541 1582 slie
1561 1546 1690 1583 obitus
1710 1546 1803 1583 dicti

111 1606 347 1656 Innocentii,
366 1617 400 1646 et
417 1608 596 1657 quamvis
615 1608 841 1646 installatus
859 1622 938 1645 non
955 1614 1050 1644 esset
1069 1607 1111 1643 in
1128 1605 1358 1643 consistorio
1377 1619 1444 1642 nec
1461 1605 1614 1642 liaberet
1631 1605 1802 1653 titulum,

104 1666 186 1716 suit
211 1667 411 1705 admissus
437 1682 506 1717 per
533 1668 633 1705 alios
661 1667 882 1705 cardinales
909 1667 960 1704 ad
986 1666 1163 1704 conclave
1190 1665 1388 1703 electionis
1418 1673 1458 1701 ut
1483 1665 1556 1702 alii
1584 1664 1804 1701 cardinales

101 1726 282 1776 antiqui3
310 1735 344 1764 et
371 1727 426 1765 ita
453 1728 529 1764 duo
555 1742 601 1765 ex
627 1727 902 1765 cardinalibus
928 1726 1105 1776 antiquis
1132 1740 1177 1762 ecc
1203 1724 1478 1762 commissione
1504 1724 1657 1773 collegii
1685 1738 1804 1760 causa

106 1785 264 1834 cognita
292 1786 526 1835 judicarunt
555 1801 636 1824 esse
666 1787 906 1836 faciendum,
941 1786 1035 1836 quia
1065 1786 1148 1822 sola
1179 1784 1401 1833 assumptio
1432 1784 1484 1820 ad
1514 1783 1805 1821 cardinalatum

62 1837 66 1842 ’
102 1844 220 1883 ¹habet
241 1845 308 1894 jus
333 1847 504 1895 eligendi
528 1854 562 1884 et
585 1847 668 1884 alia
693 1846 968 1885 cardinalibus
992 1845 1275 1883 convenientia.
1306 1844 1358 1881 Et
1384 1851 1523 1881 tamen
1549 1851 1691 1892 postea
1718 1842 1804 1879 viro

51 1924 53 1926 ·
106 1904 254 1954 insigni
292 1906 505 1944 Dominico
541 1906 790 1956 Capranicae
826 1905 1021 1944 cardinali
1057 1912 1205 1953 negata
1242 1912 1303 1942 est
1338 1903 1512 1941 facultas
1547 1901 1729 1940 intrandi
1765 1916 1803 1938 in

109 1965 301 2004 conclave
317 1966 357 2003 in
374 1981 455 2016 quo
473 1966 679 2016 Eugenius
700 1967 753 2003 IV
770 1968 921 2004 electus
938 1973 1019 2010 est3
1036 1964 1129 2002 vide
1154 1964 1222 2003 lib.
1246 1964 1274 2011 Ι,
1292 1978 1329 2013 p.
1348 1962 1437 2009 343,
1456 1961 1805 1999 Miscellaneorum

108 2031 354 2064 nostrorum.
395 2027 526 2065 Immo
562 2026 767 2075 Eugenius
802 2025 998 2063 adversus
1033 2024 1148 2061 illum
1182 2023 1305 2073 paulo
1341 2021 1597 2067 commotior,
1632 2028 1678 2057 ut
1713 2033 1805 2057 eum

107 2082 266 2122 facilius
299 2094 466 2125 exueret
500 2085 701 2135 dignitate
735 2085 1007 2131 cardinalitia,
1041 2083 1297 2121 sanctionem
1330 2081 1459 2119 edidit
1506 2094 1584 2129 qua
1627 2079 1823 2128 promul--

109 2142 222 2191 gavit
237 2158 302 2182 eos
318 2153 484 2183 tantum
501 2146 778 2184 cardinalatus
792 2145 881 2194 jure
896 2144 1101 2193 potituros
1118 2143 1186 2191 qui
1202 2149 1436 2192 praesentes
1452 2140 1604 2190 pileum
1618 2138 1804 2184 rubeum,

102 2201 291 2251 titulum,
314 2206 566 2255 anulumque
588 2219 609 2242 a
634 2204 834 2243 Pontifice
855 2202 1096 2253 receperint,
1118 2202 1182 2239 vel
1204 2201 1255 2238 ad
1279 2215 1378 2249 quos
1400 2200 1590 2237 absentes
1614 2196 1806 2234 Pontifex

70 2272 72 2274 ’
109 2262 290 2309 galerum
316 2264 490 2303 rubeum
517 2265 686 2313 miserit,
714 2278 845 2313 neque
871 2263 912 2301 in
939 2261 1215 2301 renuntiando
1245 2274 1350 2297 novo
1386 2257 1581 2308 pontifice
1610 2255 1804 2294 ceterisve

108 2320 227 2359 rebus
266 2324 459 2373 suffragia
496 2325 667 2371 laturos,
693 2324 767 2362 nisi
806 2330 1029 2373 postquam
1066 2321 1106 2358 in
1146 2319 1385 2358 consistorio
1424 2316 1671 2367 promendae
1709 2329 1804 2352 suae

109 2383 338 2421 sententiae
364 2384 597 2434 acceperint
623 2391 896 2433 potestatemj.
924 2381 1017 2419 vide
1046 2380 1266 2418 Odoricum
1296 2376 1573 2426 Raynaldum,
1600 2388 1664 2412 an.
1691 2373 1803 2420 1431,

115 2438 131 2487 5
155 2439 217 2487 34,
242 2450 282 2480 et
306 2456 370 2482 an.
398 2443 511 2491 1484,
543 2443 559 2491 ἓ
584 2443 646 2489 28,
670 2451 711 2481 et
736 2443 931 2480 ,Iasonem
954 2440 1002 2478 de
1023 2440 1187 2487 Mayno,
1212 2438 1365 2474 volum.
1396 2436 1447 2482 ΙΙ,
1474 2433 1611 2472 consil.
1640 2432 1724 2470 145.

164 2499 204 2538 Ρ.
223 2501 312 2548 350,
329 2502 394 2552 lig.
413 2502 474 2542 29.
493 2504 744 2540 CLAUDITUR
763 2516 822 2540 OS.
844 2500 988 2538 Ritum
1005 2497 1221 2536 claudendi
1238 2504 1277 2533 et
1293 2494 1501 2545 aperiendi
1519 2507 1586 2530 ora
1604 2506 1678 2528 nox
1689 2504 1805 2528 orum

104 2559 380 2598 cardinalium
405 2562 534 2601 edidit
560 2562 757 2600 Odoricus
787 2559 1041 2608 Raynaldus,
1077 2572 1140 2595 an.
1171 2555 1284 2602 1338,
1318 2557 1333 2602 ς’
1358 2554 1421 2598 85,
1449 2568 1497 2591 ex
1529 2550 1654 2588 l'eteri
1680 2549 1807 2586 codice

116 2617 319 2659 Vaticano.
354 2621 467 2659 Idem
495 2622 629 2660 editus
659 2629 720 2659 est
748 2634 770 2658 a
800 2618 1022 2657 clarissimo
1052 2617 1138 2653 viro
1170 2616 1328 2652 Joanne
1358 2611 1595 2649 Mabillonis)
1623 2609 1663 2646 in
1692 2617 1805 2645 tomo

107 2679 288 2717 seeundo
312 2681 449 2718 Musei
474 2681 619 2728 Italici,
642 2695 680 2730 p.
706 2679 792 2717 431.
815 2679 944 2715 Extat
968 2690 1040 2714 ms.
1064 2676 1105 2712 in
1129 2674 1265 2712 codice
1284 2670 1361 2709 359
1382 2670 1653 2708 bibliothecae
1676 2667 1807 2715 regiae

115 2743 155 2774 et
178 2738 219 2775 in
244 2739 382 2778 codice
407 2739 484 2778 173
507 2739 765 2778 Colbertinae
785 2738 811 2776 ².

165 2796 206 2835 Ρ.
240 2799 329 2847 351,
360 2800 426 2850 lig.
459 2799 520 2839 20.
555 2800 642 2836 PER
684 2811 794 2835 Duos
836 2806 1206 2838 PREDECESSORES,
1239 2791 1490 2828 Clementem
1529 2795 1569 2825 et
1613 2786 1806 2823 Innocen-

161 2952 178 2984 ‘l
222 2951 271 2984 Le
293 2954 452 2995 passage¹
469 2948 594 2982 relatis
615 2949 636 2980 a
657 2947 692 2980 la
714 2954 813 2980 mort
836 2947 883 2978 du
908 2943 1072 2977 cardinal
1093 2940 1229 2974 souss're
1252 2938 1459 2975 difficulfflzs,
1483 2937 1514 2968 le
1539 2935 1582 2993 2*ss
1604 2935 1695 2992 ausit
1718 2933 1809 2966 ‘1305

110 3005 289 3038 tombant
319 3016 371 3037 un
401 3002 504 3047 jeudi
535 3008 572 3035 et
605 3012 680 3034 non
710 3012 762 3033 un
793 2997 935 3032 samedi
967 3006 1110 3036 comme
1142 2993 1309 3026 l'affirme
1343 2990 1507 3023 Bernard
1541 2990 1629 3021 (jur
1664 2986 1808 3019 d’autrc

113 3064 208 3101 part,
228 3058 373 3101 d'apres
390 3057 440 3089 les
458 3055 567 3088 livres
585 3055 629 3087 de
646 3054 681 3086 la
699 3053 881 3086 Chambre
908 3048 1142 3093 apostolique
1164 3046 1334 3079 ¹'Clemenl
1356 3044 1396 3082 V,
1415 3041 1635 3085 Appendicel
1658 3051 1691 3083 p.
1712 3038 1806 3077 2013,

107 3116 209 3144 cette
232 3117 332 3144 mort
353 3108 501 3143 survint
523 3108 555 3141 le
579 3108 623 3140 24
645 3106 856 3150 septembre

161 3164 192 3197 2.
221 3164 261 3197 B.
288 3162 345 3202 N.,
370 3174 436 3195 ms.
461 3160 555 3194 latin
577 3159 657 3200 937,
682 3159 744 3192 fol.
768 3159 837 3190 112
861 3156 986 3188 v0—'113
1011 3159 1051 3186 v⁰
