2083 3458
136 216 285 271 [1447]
654 234 868 258 PAPARUM
904 235 1286 259 AVENloNENSIUM
1733 220 1809 260 591

115 315 302 354 condidit
327 330 435 353 anno
462 316 691 363 MDXXIL
718 318 759 355 in
786 332 866 367 quo
892 333 932 355 se
961 327 1082 356 vocat
1106 319 1276 368 premier
1299 333 1456 368 escuyer
1481 319 1682 357 trencliant
1707 320 1751 356 de
1776 320 1813 356 la

115 389 230 423 reyne
247 383 280 412 et
298 374 383 411 l'zm
402 375 467 412 des
485 383 568 413 cent
588 376 903 423 gentilslzommes
922 378 966 414 de
983 378 1023 414 la
1041 377 1197 415 maison
1215 378 1267 415 du
1286 392 1365 426 roy.
1388 378 1553 416 Liberos
1574 393 1623 416 ex
1643 378 1812 415 Claudia

114 447 240 472 uxore
269 433 417 471 habuit
446 433 579 483 primo
610 434 887 482 Franciscum,
918 436 987 485 qui
1012 436 1154 474 relicto
1183 436 1327 486 clerici¹
1345 437 1473 486 gradu
1503 437 1813 474 matrimonium

113 492 323 530 contraxit
341 506 434 530 cum
453 492 672 530 Catherina
692 493 739 531 de
759 494 910 531 Sancto
928 494 1124 533 Michaele
1143 494 1192 533 de
1207 495 1414 544 Bignieres
1432 495 1473 533 in
1494 495 1642 533 finibus
1662 495 1813 533 Cadur-

113 564 269 598 corum,
292 551 517 605 Galiotum,
536 551 796 589 Franciscaln
812 560 987 602 nuptam
1010 553 1176 591 domino
1195 553 1243 592 de
1266 553 1408 602 Sireul,
1432 554 1698 603 Margaritam
1715 569 1810 591 uxo-

112 623 198 648 rem
219 609 374 648 domini
396 609 444 648 de
467 610 801 660 ChampanhaCO,
824 619 865 649 et
886 611 1173 660 Magdalenam
1194 621 1235 650 et
1257 613 1464 650 Joannam
1485 613 1680 651 moniales
1703 613 1811 663 apud

111 668 366 717 Coyrosium.
395 668 582 706 Galiotus
608 669 721 707 heres
749 683 770 706 a
797 678 914 718 patre
942 670 1151 708 Ludovico
1176 671 1394 710 institutus
1420 685 1528 709 anno
1555 671 1813 709 MDXXXII

93 727 235 773 ·duxit
255 741 364 765 anno
387 727 632 765 MDXLVII
654 727 881 765 Antoniam
903 729 951 767 de
975 729 1125 776 Planis,
1149 730 1272 779 vulgo
1294 731 1357 767 des
1379 731 1489 778 Plas,
1515 730 1640 768 filiam
1663 730 1813 768 Anneti

85 791 87 793 ’
111 785 162 824 de
187 786 324 824 Planis
349 795 390 824 et
415 786 567 825 Mariae
591 786 641 824 de
666 786 861 837 Stampis,
888 788 1013 837 vulgo
1032 788 1311 838 D’EstampeS,
1336 801 1515 827 sororem
1540 803 1636 827 vero
1663 789 1811 827 Leode·

113 845 213 893 garii
240 845 420 895 episcopi
449 846 718 884 Lectorensis.
749 845 813 883 Ex
839 860 886 883 eo
913 846 1178 885 matrimonio
1206 847 1285 885 orti
1311 856 1408 885 sunt
1435 847 1621 886 Annetus
1650 848 1814 886 nomine

110 917 235 941 avum
271 912 507 943 maternum
540 904 731 951 referens,
768 904 1007 943 Franciscus
1041 906 1300 955 praepositus
1335 906 1456 944 Acuti
1492 907 1657 953 montis,
1692 908 1814 956 vulgo

118 962 312 1009 Gamond,
337 963 585 1010 Armandus,
614 963 822 1010 Claudius,
852 963 1046 1008 joannes,
1073 964 1270 1011 Clemens,
1302 965 1540 1011 Clementia,
1578 965 1813 1015 Margarita,

111 1023 289 1069 Joanna,
318 1022 522 1072 Philippa.
550 1021 737 1061 Annetus
766 1022 886 1060 duxit
913 1037 1021 1060 anno
1048 1023 1365 1061 MDLXXXIII
1394 1024 1600 1061 Joannam
1633 1024 1680 1062 dc
1710 1025 1815 1073 ,Iuye

117 1081 242 1119 liliam
268 1081 434 1119 unicam
463 1080 696 1120 Sebastiani
724 1081 773 1120 de
803 1081 923 1130 ιῙιιγό,
953 1095 1031 1131 que
1057 1082 1240 1131 legatum
1267 1082 1369 1131 regis
1398 1082 1650 1120 Francorum
1677 1091 1813 1132 egerat

108 1140 221 1190 apud
246 1140 493 1190 Hispanum,
516 1140 753 1190 proneptim
784 1154 880 1178 vero
904 1140 1075 1178 Joannis
1099 1140 1147 1178 de
1171 1140 1292 1178 Salva
1314 1141 1433 1190 primi
1464 1141 1660 1191 praesidis
1682 1142 1812 1191 parla-

109 1199 238 1238 menti
278 1199 530 1246 parisiensis,
570 1199 918 1249 consanguineam
956 1213 1193 1249 germanam
1231 1200 1512 1249 Christophori
1551 1200 1599 1238 de
1638 1201 1815 1249 Lestang

109 1258 290 1308 episcopi
323 1258 669 1297 Carcassonensis.
703 1258 890 1297 Annetus
922 1258 971 1296 de
1001 1258 1183 1297 Cosnaco
1215 1273 1335 1308 gener
1365 1259 1596 1297 Sebastiani
1628 1259 1676 1297 de
1708 1259 1814 1308 Juye

114 1325 415 1356 testamentum
434 1316 620 1355 condidit
639 1331 747 1355 anno
764 1317 1045 1365 MDXCVIII,
1064 1317 1127 1355 die
1156 1332 1260 1354 xnv
1278 1317 1431 1364 martii,
1454 1326 1493 1356 et
1514 1332 1621 1355 anno
1641 1318 1813 1355 MDCVI

112 1377 322 1415 extinctus
357 1384 431 1415 est.
468 1376 532 1413 Ex
567 1376 730 1414 Joanna
763 1390 890 1414 uxore
924 1390 997 1414 sua
1030 1376 1197 1426 reliquit
1231 1376 1493 1415 Franciscum
1528 1385 1673 1414 natum
1707 1391 1814 1414 anno

113 1435 307 1481 MDXCI,
341 1442 554 1473 mortuum
587 1435 814 1473 admodum
847 1449 1035 1485 puerum,
1070 1435 1197 1472 alium
1232 1435 1494 1473 Franciscum
1528 1443 1672 1472 natum
1707 1450 1813 1473 anno

112 1494 330 1541 MDXCII,
353 1494 423 1544 qui
444 1494 707 1532 continuavit
730 1495 1023 1543 genealogiam,
1047 1494 1263 1532 Claudium
1284 1502 1430 1531 natum
1452 1508 1560 1531 anno
1582 1494 1813 1541 MDXCIV,

109 1552 363 1592 Clementem
387 1561 534 1591 natum
557 1567 665 1591 anno
690 1553 922 1600 MDXCVI,
948 1553 1289 1603 Christophorum
1313 1561 1457 1590 natum
1481 1567 1588 1590 anno
1612 1553 1812 1602 sequenti,

113 1612 324 1651 Annetum
363 1626 472 1651 anno
512 1612 687 1650 MDCVI
726 1619 821 1662 post
859 1620 1035 1650 mortem
1075 1612 1218 1661 patris,
1258 1612 1484 1649 Antoniam
1524 1620 1667 1649 natam
1706 1626 1813 1649 anno

111 1671 441 1719 MDLXXXIX,
472 1672 732 1709 Honoratam
758 1685 867 1708 anno
895 1671 1137 1718 MDXCIII,
1165 1671 1372 1709 Joannam
1399 1685 1506 1708 anno
1534 1671 1812 1717 MDXCVIH,

113 1730 371 1769 Franciscam
398 1745 507 1769 anno
531 1730 734 1780 sequenti,
761 1730 1031 1768 Clementiam
1056 1744 1164 1768 anno
1189 1729 1333 1768 MDCI
1351 1738 1392 1767 et
1417 1729 1681 1778 Margaritam
1706 1743 1813 1766 anno

111 1789 299 1837 MDCIV,
326 1804 430 1839 quae
456 1790 535 1828 fuit
559 1789 748 1827 monialis
774 1789 885 1839 apud
912 1789 1125 1827 Ursulinas
1150 1789 1262 1827 urbis
1288 1788 1602 1827 Lemovicensis.
1632 1788 1811 1825 Francis-

107 1863 177 1886 cus
205 1848 220 1886 I
247 1849 513 1887 matrimonio
539 1849 616 1887 sihi
642 1848 817 1887 sociavit
843 1862 952 1886 anno
975 1848 1240 1886 MDCXVIH
1260 1848 1488 1886 Leonoram
1510 1847 1813 1895 Talayrandam

110 1907 237 1945 filiam
277 1907 457 1946 Danielis
495 1907 747 1957 Talayrandi
784 1907 980 1957 principis
1019 1907 1192 1945 Chalesii
1230 1914 1271 1945 et
1309 1906 1547 1944 Franciscac
1588 1906 1813 1944 Monluciae

112 1966 217 2007 filiae
245 1967 370 2005 Blasii
401 1967 594 2005 Monlueii
625 1966 822 2005 Franciae
852 1966 1092 2004 marescalli.
1124 1965 1239 2003 Obiit
1267 1974 1407 2003 autem
1437 1979 1545 2002 anno
1576 1964 1812 2002 MDCLXII

108 2026 261 2064 honam
291 2026 353 2063 sui
383 2026 625 2064 memoriam
654 2026 829 2075 posteris
860 2025 1107 2074 relinquens.
1141 2025 1276 2063 Liberi
1306 2025 1392 2074 ejus
1426 2024 1534 2062 suere
1566 2023 1812 2070 Armandus,

107 2085 307 2132 Clemens,
334 2085 479 2123 Daniel
502 2085 681 2134 primum
704 2085 919 2133 episcopus
942 2083 1201 2130 Valentinus,
1225 2083 1319 2121 dein
1341 2084 1566 2120 translatus
1590 2082 1641 2119 ad
1665 2090 1812 2120 metro-

106 2143 234 2193 polim
254 2143 504 2193 Aquensem,
522 2144 699 2191 Carlota,
718 2144 895 2187 Joanna,
915 2143 1143 2182 Francisca.
1165 2150 1206 2180 et
1228 2142 1455 2179 Honorata.
1479 2141 1687 2178 Armando
1709 2140 1812 2178 obti-

109 2203 167 2252 git
194 2217 301 2240 anno
331 2203 631 2241 MDCXLVIII
658 2216 733 2252 par
760 2202 918 2251 conjux
946 2201 1071 2239 Maria
1101 2201 1149 2239 de
1177 2201 1350 2239 Veilhan
1377 2200 1424 2238 de
1454 2200 1653 2237 Pcnacors
1681 2200 1811 2248 proles

108 2262 227 2300 unica
251 2262 412 2311 Rigaldi
434 2262 481 2300 de
502 2262 705 2300 Penacors
726 2268 767 2299 et
787 2261 975 2298 Carlotae
996 2260 1211 2306 Guesleae3
1233 2274 1283 2297 ex
1302 2273 1429 2308 eoque
1451 2258 1713 2295 matrimonio
1735 2257 1811 2306 orti

107 2329 206 2359 sunt
238 2321 479 2359 Franciscus
511 2321 629 2358 istius
662 2320 838 2357 nominis
871 2314 1088 2365 secundus,
1122 2318 1285 2356 Gabriel
1318 2318 1574 2367 praepositus
1611 2317 1812 2354 Ecclesiae

108 2380 325 2429 Aquensis,
355 2388 395 2418 et
423 2379 551 2417 Maria
580 2379 767 2417 Susanna
795 2378 1003 2416 abbatissa
1035 2377 1281 2415 Vernezonis
1309 2377 1350 2413 in
1378 2376 1550 2413 dioecesi
1578 2375 1811 2415 Valentina.

114 2439 348 2476 Armandus
375 2438 477 2476 obiit
501 2452 610 2476 anno
635 2437 871 2475 MDCXCII
895 2437 936 2474 in
960 2437 1059 2474 urbe
1086 2436 1345 2473 Parisiorum.
1375 2435 1612 2472 Franciscus
1641 2434 1679 2470 ΙΙ
1704 2447 1811 2471 anno

112 2497 372 2535 MDCLXXI
407 2497 483 2535 sibi
516 2497 657 2546 junxit
692 2496 959 2545 Margaritam
996 2494 1250 2532 Ludovicam
1286 2493 1537 2542 d’Esparbez
1572 2492 1620 2530 de
1656 2493 1811 2530 Lussan

111 2555 382 2594 d’Aubeterre
410 2555 537 2593 filiam
563 2555 762 2593 Ludovici
788 2555 948 2592 comitis
975 2554 1023 2592 de
1048 2555 1084 2591 la
1112 2553 1237 2599 Serre,
1259 2552 1328 2602 qui
1353 2560 1474 2589 natus
1501 2559 1589 2589 erat
1614 2565 1663 2588 ex
1688 2551 1812 2588 Fran-

109 2615 215 2653 cisco
241 2615 494 2664 d’Esparbez
518 2614 566 2652 de
591 2615 749 2652 Lussan
772 2614 1011 2651 marescallo
1037 2612 1244 2650 Franciae.
1271 2610 1385 2648 Obiit
1408 2618 1548 2647 autem
1573 2609 1812 2647 Francis'cus

109 2688 219 2712 anno
243 2673 542 2711 MDCLXXIV
565 2673 730 2710 unicam
755 2673 908 2722 prolem
934 2672 1165 2720 relinquens
1191 2670 1363 2706 Mariam
1386 2669 1624 2717 Angelicam
1649 2668 1696 2705 de
1721 2668 1813 2705 Cos-

105 2747 220 2772 naec.

159 2792 414 2830 Bertrandus
443 2792 569 2841 igitur
596 2792 662 2829 ille
693 2791 741 2829 de
772 2805 853 2840 quo
884 2804 991 2826 nunc
1020 2788 1177 2837 agimus
1214 2787 1293 2825 fuit
1325 2786 1429 2823 filius
1460 2785 1666 2823 Guillelmi
1698 2785 1738 2822 ΙΙ
1767 2785 1815 2822 de

105 2851 302 2898 Cosnac0‚
327 2851 395 2900 qui
418 2858 594 2888 vocatur
614 2850 851 2888 domicellus
875 2857 914 2886 et
943 2849 1224 2885 locumtenens
1247 2844 1498 2883 vicecomitis
1529 2843 1817 2892 Turennensis,

109 2910 152 2947 in
176 2910 304 2948 literis
332 2909 512 2955 Mathae,
540 2909 773 2946 comitissae
800 2908 1087 2945 Convenarum
1113 2913 1154 2943 et
1179 2903 1503 2942 vicecomitissae
1529 2902 1814 2948 Turennensis‚

111 2982 220 3006 anno
246 2967 576 3006 MCCCXXXVI
602 2967 722 3012 editis
748 2967 855 3004 inter
880 2964 1140 3002 Probationes
1164 2962 1350 2999 historiae
1378 2961 1661 3007 Turennensis,
1687 2975 1725 3010 p.
1752 2960 1815 3006 83,

110 3036 150 3065 et
180 3028 222 3065 in
243 3027 431 3075 Compoto
454 3026 626 3063 Joannis
649 3026 696 3063 de
716 3025 940 3070 Boboleno,
964 3023 1079 3071 cujus
1110 3035 1232 3071 supra
1253 3035 1291 3070 p.
1315 3020 1390 3058 993
1412 3020 1522 3058 facta
1553 3027 1614 3057 est
1643 3019 1815 3056 mentio-

111 3086 159 3124 de
189 3086 371 3136 pecuniis
402 3085 576 3134 receptis
607 3098 715 3121 anno
748 3080 1097 3127 MCCCXXXIX,
1126 3080 1169 3117 in
1197 3079 1462 3118 seneschallia
1495 3077 1816 3127 petragoricensi
