2083 3458
60 241 214 296 ι[1272]
582 257 798 282 PAPARUM
834 257 1219 282 AVENloNi-:NsmM
1669 242 1750 283 793

47 340 137 389 ejus
159 337 309 387 satyris
331 352 353 375 a
377 352 588 387 quoquam
609 339 921 388 respondeatur,
945 339 1076 377 multo
1099 339 1232 377 minus
1255 353 1277 376 a
1300 338 1432 386 nobis,
1456 338 1525 388 qui
1546 339 1748 378 severiora

50 397 188 437 studia
213 396 398 443 colimus,
424 396 494 446 qui
517 397 742 446 satyricam
767 397 976 436 licentiam
1000 398 1092 436 odio
1112 399 1326 446 habemus,
1349 398 1494 436 debere
1519 406 1661 437 tamen
1686 413 1750 437 me

48 466 153 508 puto
182 456 402 496 memoriae
430 456 533 505 regis
564 457 710 506 optimi
738 466 778 495 et
806 456 1098 507 sapientissimi
1126 466 1173 495 ut
1201 472 1291 496 eam
1319 457 1525 495 vindicem
1553 457 1749 495 adversus

50 516 259 555 hominem
286 515 590 564 iniquissimum
617 515 737 555 simul
764 525 804 554 et
832 516 1185 566 imperitissimum
1213 516 1393 566 nihilque
1421 517 1645 555 habentem
1671 516 1750 554 his-

49 575 169 614 torici
199 583 361 625 praeter
391 588 554 613 nomen.

104 635 162 673 Ac
191 634 371 685 primum
400 642 447 671 ut
476 634 528 671 ad
559 633 599 671 id
630 634 900 684 respondeam
924 635 1034 684 quod
1064 634 1195 684 primo
1216 634 1304 672 loco
1335 634 1525 681 occurrit,
1548 634 1646 672 illud
1676 650 1750 684 pro

48 702 262 744 comperto
296 692 438 731 haberi
472 693 609 739 debet,
645 693 755 731 nulla
800 693 1078 743 poenitentiae
1121 693 1235 743 signa
1271 693 1427 732 dedisse
1466 693 1665 732 Karolum
1700 694 1751 731 ob

50 761 289 803 susceptum
319 751 596 802 patrocinium
624 752 856 800 Clementis,
887 753 1013 791 immo
1038 761 1241 790 testatum
1270 767 1355 791 esse
1385 752 1584 802 expressis
1616 752 1750 791 verbis

48 827 91 850 :se
112 821 206 862 post
225 826 311 851 rem
330 819 491 849 mature
511 819 553 848 et
572 819 762 849 accurate
784 811 1008 849 discussam
1031 811 1135 850 illius
1156 820 1316 862 partem
1336 820 1475 850 tenere
1495 820 1537 849 et
1556 812 1750 850 tenuisse.

53 871 186 909 Verba
213 872 313 909 haec
342 879 486 921 aperta
515 878 556 908 et
585 870 692 908 clara
721 879 832 917 sunt,
863 885 992 920 neque
1022 870 1112 909 ullis
1142 871 1385 920 ambagibus
1414 870 1615 909 involuta.
1647 871 1751 909 Sane

52 939 194 981 postea
217 930 276 968 ait
297 944 352 977 se,
375 930 417 967 in
438 943 535 968 casu
558 930 668 979 quod
690 930 895 968 diceretur
916 944 1010 969 eum
1032 924 1266 979 aliqualiter
1287 944 1454 977 errasse,
1478 930 1588 979 quod
1609 938 1751 968 tamen

52 1005 134 1028 non
160 989 334 1028 credidit
361 1003 433 1027 nec
461 989 670 1036 credebat,
698 1004 737 1027 se
765 989 937 1039 inquam
964 989 1065 1027 velle
1093 1003 1253 1039 semper
1287 997 1424 1027 tenere
1453 997 1493 1027 ct
1525 988 1638 1038 sequi
1666 988 1750 1039 opi-

52 1049 217 1088 nionem
240 1057 281 1087 et
306 1048 628 1087 declarationem
651 1057 818 1086 sanctae
844 1048 985 1088 matris
1011 1063 1056 1086 ac
1081 1048 1320 1086 universalis
1348 1047 1550 1086 Ecclesiae
1575 1056 1616 1085 et
1640 1048 1750 1097 quod

55 1110 169 1147 fieret
186 1116 228 1147 et
246 1107 591 1146 determinaretur
609 1122 730 1157 super
748 1108 822 1145 hoc
841 1122 912 1157 per
930 1108 1114 1157 generale
1133 1107 1362 1145 concilium.
1385 1107 1490 1155 Quid
1509 1106 1750 1157 sapientius,

54 1167 153 1217 quid
177 1166 541 1205 christianius-dici
563 1167 702 1216 potuit
724 1181 746 1204 a
769 1181 859 1216 rege
883 1166 1211 1216 sapientissimo?

106 1227 183 1265 Sed
204 1234 251 1264 ut
272 1234 326 1273 te,
352 1226 579 1275 Raynalde,
602 1225 729 1263 etiam
750 1226 831 1263 tuis
853 1225 1014 1275 sagittis
1037 1234 1191 1276 petam,
1214 1239 1497 1275 comparemus
1520 1226 1625 1262 hanc
1647 1224 1750 1274 regis

55 1285 197 1324 Karoli
217 1285 540 1323 declarationem
560 1299 653 1323 cum
673 1299 718 1323 ea
741 1299 865 1334 quam
888 1285 1066 1323 Jacobus
1089 1284 1304 1322 cardinalis
1328 1285 1375 1322 de
1398 1284 1552 1322 Ursinis
1575 1283 1749 1322 moriens

53 1345 197 1392 edidit,
216 1353 258 1383 et
277 1344 489 1383 videamus
510 1352 652 1383 utrum
670 1344 776 1382 inter
792 1358 857 1382 eas
879 1345 931 1381 sit
950 1344 1087 1393 aliqua
1104 1358 1251 1394 magna
1273 1343 1516 1382 differentia.
1536 1343 1640 1390 Quid
1656 1357 1750 1392 ergo

53 1404 112 1442 ait
145 1404 351 1443 Jacobus?
386 1404 567 1454 Cupiisse
600 1418 640 1441 se
673 1412 719 1441 ut
754 1403 844 1441 finis
878 1404 1158 1453 imponeretur
1188 1402 1400 1441 schismati
1431 1417 1502 1452 per
1534 1401 1751 1440 concilium

51 1463 252 1513 generale,
279 1463 401 1512 idque
427 1478 467 1501 se
493 1463 628 1500 adhuc
654 1471 753 1500 voto
778 1471 984 1512 expetere,
1010 1470 1051 1500 et
1076 1478 1115 1500 se
1142 1462 1254 1499 illum
1281 1476 1354 1512 pro
1380 1476 1487 1511 papa
1513 1469 1649 1499 tenere
1681 1460 1750 1510 qui

52 1537 123 1573 per
152 1522 376 1561 Ecclesiam
400 1531 442 1560 et
468 1521 685 1560 concilium
712 1521 834 1560 fuerit
860 1522 1128 1572 approbatus.
1151 1521 1260 1558 Nihil
1285 1520 1371 1559 heic
1398 1521 1541 1558 datum
1570 1520 1750 1566 Urbano,

53 1581 154 1619 nihil
169 1582 403 1620 detractum
421 1581 632 1620 Clementi.
650 1582 703 1619 At
720 1581 895 1619 Karolus
911 1581 1096 1631 agnoscit
1112 1580 1320 1618 meliorem
1336 1580 1456 1618 fuisse
1474 1579 1750 1617 conditionem

50 1641 287 1688 Clementis,
306 1640 366 1679 his
386 1641 519 1679 verbis
539 1641 758 1679 ostendens
778 1656 817 1678 se
837 1640 1003 1678 minime
1022 1640 1226 1689 ambigere
1247 1639 1345 1689 quin
1363 1647 1469 1677 esset
1487 1653 1605 1676 verus
1623 1652 1751 1688 papa;

53 1701 238 1750 adeoque
264 1700 455 1738 insanum
483 1708 646 1750 oportet
673 1715 757 1738 esse
784 1714 878 1737 eum
905 1699 974 1749 qui
1002 1699 1092 1737 hinc
1116 1699 1321 1748 collegerit
1348 1697 1596 1748 poenituisse
1618 1711 1752 1746 regem

51 1760 162 1809 quod
197 1759 450 1797 adhaesisset
482 1759 694 1797 Clementi.
730 1759 806 1797 Sed
840 1759 1053 1809 episcopus
1088 1757 1353 1796 viterbiensis
1386 1757 1497 1807 apud
1532 1756 1752 1794 Odoricum

58 1819 335 1868 Raynaldum,
358 1833 423 1857 an.
449 1818 563 1865 1379,
592 1819 608 1867 ἓ
630 1818 666 1865 2,
688 1826 869 1856 testatur
899 1818 1117 1864 Jacobum,
1140 1817 1204 1855 cui
1234 1816 1425 1855 morienti
1455 1816 1539 1866 ipse
1572 1814 1752 1862 adstitit,

53 1878 131 1916 sibi
157 1877 283 1915 biduo
309 1885 405 1916 ante
432 1886 608 1915 mortem
635 1877 783 1915 dixisse
814 1877 1028 1915 Urbanum
1054 1892 1138 1914 esse
1168 1876 1376 1914 verissime
1403 1889 1568 1925 papam,
1596 1882 1636 1912 et
1662 1874 1752 1912 ideo

54 1937 326 1975 adorandum.
359 1936 484 1984 Quasi
512 1952 607 1975 vero
638 1936 745 1975 credi
775 1937 923 1974 debeat
952 1936 1045 1974 huic
1075 1936 1266 1985 episcopo
1295 1933 1492 1973 asserenti
1531 1934 1639 1971 hunc
1669 1947 1752 1971 car-

52 1996 235 2034 dinalem
265 1996 392 2034 biduo
423 2004 519 2034 ante
552 2004 728 2035 mortem
759 1995 836 2033 sibi
868 1995 1015 2033 dixisse
1050 1995 1262 2032 Urbanum
1295 2009 1380 2032 esse
1412 2007 1555 2031 verum
1586 2006 1751 2042 papam,

57 2069 179 2105 quem
204 2070 254 2093 ex
280 2055 556 2094 declaratione
583 2055 669 2104 ejus
696 2055 807 2092 edita
833 2069 855 2091 a
886 2054 1102 2103 Raynaldo
1129 2061 1293 2092 constat
1318 2052 1446 2103 pridie
1473 2066 1596 2101 quam
1625 2065 1745 2089 more·

55 2122 167 2153 retur
185 2114 432 2153 abstinuisse
451 2129 474 2152 a
492 2114 718 2164 promenda
738 2113 943 2152 sententia
964 2114 1011 2151 de
1032 2113 1077 2151 iis
1097 2113 1166 2163 qui
1186 2113 1232 2150 de
1252 2120 1410 2162 papatu
1430 2110 1753 2156 contendebant,

53 2182 96 2212 ct
121 2173 219 2211 illud
243 2181 413 2212 tantum
437 2174 485 2211 de
510 2188 550 2211 se
575 2173 674 2212 scire
699 2173 876 2211 voluisse
901 2181 1100 2222 posteros,
1126 2187 1164 2210 se
1189 2186 1282 2209 eum
1307 2181 1391 2209 esse
1416 2184 1566 2220 papam
1592 2169 1752 2207 credere

56 2232 126 2282 qui
156 2247 227 2283 per
260 2232 484 2271 Ecclesiam
516 2240 557 2270 et
589 2231 807 2271 concilium
839 2231 961 2269 fuerit
995 2232 1263 2281 approbatus.
1299 2230 1415 2277 Quod
1447 2229 1479 2267 si
1514 2227 1752 2276 Raynaldus

55 2291 303 2330 testimoniis
332 2291 581 2329 credendum
608 2306 692 2329 esse
721 2299 844 2341 putat
871 2291 1066 2328 adversus
1098 2290 1221 2329 fidem
1245 2297 1453 2338 gestorum
1480 2287 1753 2337 publicorum,

53 2351 167 2400 quod
198 2359 340 2390 tamen
372 2365 453 2388 non
484 2350 592 2397 licet,
626 2350 742 2388 nobis
776 2364 938 2399 quoque
987 2364 1068 2386 non
1107 2350 1242 2386 deesse
1283 2347 1520 2386 testimonia
1549 2341 1753 2384 contraria

57 2410 194 2447 videre
229 2409 383 2459 poterit
417 2409 544 2448 lector
577 2423 699 2458 supra
735 2424 773 2459 p.
812 2409 925 2446 1100.

110 2468 180 2506 Ait
196 2468 341 2506 deinde
362 2468 600 2516 Raynaldus
622 2468 819 2505 Karoluni
839 2467 852 2490 ¹
870 2466 1044 2516 coegisse
1063 2466 1198 2504 Gallos
1215 2465 1366 2503 invitos
1384 2473 1425 2502 et
1440 2464 1688 2502 reluctantes
1701 2462 1753 2500 ad

55 2528 201 2574 scelus,
225 2526 322 2576 quia
347 2527 496 2565 Paulus
521 2526 716 2565 Aemilius
740 2526 903 2563 innixus
927 2525 1052 2563 literis
1077 2524 1254 2563 cantoris
1292 2522 1480 2562 ecclesiae
1518 2521 1754 2560 Parisiensis

57 2594 238 2624 testatur
261 2586 303 2623 in
327 2586 459 2636 primo
484 2594 694 2624 conventu
718 2585 943 2632 Gallicano,
969 2584 1038 2634 qui
1062 2597 1197 2621 mense
1223 2581 1446 2632 septembri
1470 2589 1636 2620 coaetus
1661 2579 1754 2627 fuit,

56 2645 334 2684 constitutum
380 2644 502 2682 fuisse
549 2659 631 2682 non
677 2644 986 2682 assentiendum
1031 2642 1305 2681 cardinalibus
1356 2641 1541 2679 Romana
1588 2638 1754 2678 comitia

59 2705 184 2742 lando
205 2703 537 2754 improbantibus
558 2703 633 2741 nisi
654 2704 807 2753 majore
823 2702 990 2741 consilio
1011 2701 1276 2751 gravioreque
1294 2698 1600 2738 deliberatione.
1619 2698 1755 2736 Primo

58 2763 284 2814 respondeo
301 2762 412 2800 istud
427 2776 521 2800 vere
538 2770 746 2799 statutum
762 2776 846 2799 esse
862 2761 903 2799 in
919 2760 1050 2811 primo
1067 2767 1274 2798 conventu
1291 2758 1514 2804 Gallicano,
1531 2765 1572 2795 et
1589 2756 1755 2806 quidem

59 2821 373 2872 sapientissime.
411 2821 557 2858 Postea
593 2835 703 2867 vero,
739 2829 786 2858 ut
819 2828 998 2858 testatur
1035 2818 1233 2856 Henricus
1269 2818 1317 2855 de
1356 2816 1516 2864 Hassia,
1550 2816 1591 2853 in
1625 2816 1754 2853 altero

59 2888 281 2927 conventu,
297 2894 389 2918 cum
408 2888 518 2918 certo
536 2879 789 2918 constitisset
806 2878 1044 2917 electionem
1062 2877 1219 2915 Urbani
1236 2891 1369 2915 carere
1388 2875 1556 2922 viribus,
1575 2874 1754 2912 Ecclesia

61 2939 270 2978 Gallicana
303 2938 482 2988 suscepit
515 2939 782 2985 Clementem,
815 2945 856 2976 et
898 2952 969 2975 rex
1011 2936 1246 2986 sapientum
1279 2934 1493 2973 consilium
1525 2941 1688 2972 secutus
1721 2933 1756 2971 ei

109 3070 141 3102 1.
174 3069 217 3102 N.
240 3068 367 3101 Valois
389 3079 409 3100 a
431 3068 550 3100 decrit
569 3072 823 3105 exactement,
845 3065 1078 3104 semble-t-il‚
1107 3065 1138 3097 10
1159 3065 1234 3097 role
1257 3065 1343 3108 joue
1364 3075 1432 3107 par
1447 3062 1598 3095 Charles
1614 3062 1657 3101 V,
1684 3073 1756 3105 que

63 3122 216 3155 Rinaldi
239 3133 260 3154 a
282 3121 400 3154 noirci
422 3121 624 3153 indument
651 3120 689 3162 (t.
713 3132 737 3159 1,
762 3132 797 3163 p.
823 3119 970 3158 85-144‚
994 3118 1181 3160 326-329).
