2083 3458
263 211 345 252 698
917 226 1068 251 NOTAE
1103 226 1163 250 AD
1197 226 1326 251 VITAs
1821 211 1978 268 [1180]

252 310 513 360 episcopatus
548 309 809 348 Carnotensis
845 325 852 347 :
889 309 1117 359 Sequuntur
1149 309 1336 358 homagia
1367 309 1472 359 facta
1505 311 1710 348 reverendo
1745 310 1788 348 L'n
1820 311 1981 350 Christo

251 369 357 419 patri
375 384 420 407 ac
438 369 596 406 domino
615 369 774 406 domino
792 368 939 406 Eblom‘
954 368 1031 406 DeL
1050 377 1084 406 et
1101 369 1312 419 apostolice
1331 368 1446 407 Sedis
1465 369 1594 419 gratia
1624 370 1808 420 episcopo
1826 370 1976 408 Carno-

251 428 365 475 tensi,
395 437 511 466 antea
538 429 760 466 subdecano
783 428 956 466 Ecclesia·
984 428 1255 476 Carnotensis,
1286 428 1353 479 qai
1382 443 1451 479 per
1485 429 1709 480 capitulam
1737 429 1982 468 carnotense

250 488 380 536 suerat
394 488 535 525 electus
552 488 595 525 Ln
611 488 843 538 episcopam
858 496 892 525 et
907 502 976 538 per
990 488 1292 526 sanctissimam
1309 488 1352 525 Ln
1369 488 1525 526 Christo
1541 497 1693 539 patrem
1709 504 1755 527 ac
1770 489 1982 528 dominum.

252 547 458 585 dominnm
485 547 718 597 GregorLLLm
738 560 813 597 pa]
829 562 894 585 am
912 547 982 585 XI
1002 547 1271 597 confirmatas.

305 607 493 656 Plerique
516 621 656 647 omnes
678 607 866 646 scribunt
888 607 1110 645 Geraldum
1134 607 1257 646 fuisse
1280 607 1518 658 episcopum
1542 608 1682 647 Sancti
1705 608 1826 656 Flori,
1849 608 1976 647 Vasa-

251 674 426 713 tensem,
457 667 838 714 Carcassonensem,
870 667 1184 714 Santonensem,
1214 675 1256 705 et
1285 676 1494 707 summum
1524 668 1739 708 Romanae
1770 667 1980 707 Ecclesiae

251 726 631 776 paenitentiarium.
651 727 835 775 Quorum
852 727 1010 764 nullum
1027 741 1172 765 verum
1187 735 1262 765 est.
1282 726 1508 776 Nunquam
1523 727 1632 767 enim
1649 727 1729 765 fuit
1744 727 1976 778 episcopus.

253 785 307 823 Et
326 785 437 835 quod
456 786 505 824 de
524 786 845 836 paenitentiario
864 786 1028 834 dicitur,
1047 786 1161 824 istud
1179 786 1440 825 referendum
1458 795 1520 825 est
1537 787 1590 824 ad
1609 787 1779 826 Petrum
1799 787 1979 835 Girardi,

253 845 322 894 qui
341 859 362 883 a
382 845 589 884 nonnullis
609 854 783 884 vocatur
803 846 948 884 Petrus
968 845 1131 884 Girardi
1149 846 1198 884 de
1219 845 1361 884 Podio.
1419 841 1421 843 ’

304 905 461 943 Auctor
481 920 604 956 supra
625 906 821 944 laudatus
840 906 900 943 De
931 905 1047 954 gestis
1080 905 1357 955 episcoporum
1381 905 1677 943 TuronensL'LLm
1697 905 1839 944 scribit
1859 905 1980 943 illum

251 963 374 1003 fuisse
398 965 593 1003 decorum
617 973 788 1015 aspectu
812 973 853 1003 et
876 965 977 1004 satis
1002 965 1228 1004 literatum.
1256 965 1367 1013 Quae
1393 965 1508 1004 dotes
1533 980 1617 1003 non
1638 965 1835 1004 videntur
1856 980 1974 1016 posse

251 1024 468 1063 convenire
491 1033 684 1074 tyranno.
709 1025 763 1063 Et
785 1033 928 1076 tamen
946 1024 1261 1074 Boninsegnius,
1284 1040 1323 1075 p.
1347 1024 1436 1072 561,
1460 1024 1550 1072 564,
1572 1039 1666 1064 eum
1688 1025 1831 1064 scribit
1853 1025 1979 1063 Peru-

250 1083 356 1123 sium
374 1084 525 1123 rexisse
544 1099 655 1124 more
674 1093 963 1134 tyrannorum,
982 1093 1023 1123 et
1041 1085 1187 1122 beatus
1207 1084 1528 1123 Thomasuccius
1547 1085 1659 1135 apud
1678 1084 1977 1134 Waddingum,

251 1157 316 1181 an.
341 1143 455 1191 1377,
485 1144 500 1176 Q
522 1144 545 1182 8
578 1144 622 1194 [t.
644 1159 703 1192 ix,
725 1159 764 1195 p.
787 1144 850 1194 4]‚
872 1158 964 1182 eum
988 1158 1125 1183 coram
1154 1144 1324 1183 vocavit
1342 1143 1356 1166 1
1386 1144 1594 1183 hominem
1616 1144 1762 1192 ferum,
1784 1152 1825 1183 et
1845 1144 1978 1183 incor-

250 1202 470 1253 rigibilem3
489 1203 521 1242 si
537 1212 679 1244 tamen
695 1204 886 1242 habenda
904 1213 965 1242 est
980 1204 1079 1242 fides
1097 1203 1257 1242 auctori
1271 1219 1321 1242 ex
1334 1218 1414 1253 quo
1432 1204 1687 1254 Waddingus
1704 1204 1784 1243 ista
1801 1204 1975 1254 accepit,

250 1263 321 1312 qui
342 1263 472 1301 tradit
493 1278 587 1302 eum
609 1264 741 1303 vitam
764 1263 928 1302 duxisse
950 1278 1034 1302 non
1056 1263 1223 1301 omnino
1244 1263 1509 1302 laudabilem.
1536 1263 1749 1302 Interdum
1773 1263 1882 1303 enim
1905 1263 1975 1313 qui

251 1322 358 1361 vitas
387 1332 628 1363 sanctorum
656 1323 857 1371 scribunt,
886 1337 980 1362 cum
1006 1323 1083 1361 illis
1114 1323 1251 1361 omnia
1278 1331 1447 1373 propter
1476 1323 1712 1373 opinionem
1739 1323 1978 1361 sanctitatis-

251 1381 368 1420 licere
387 1391 552 1432 putent,
570 1383 659 1421 illos
678 1383 793 1421 effari
812 1391 965 1433 cogunt
983 1397 1029 1421 ea
1048 1397 1152 1432 quae
1170 1397 1386 1432 nunquam
1404 1382 1653 1432 cogitarunt.
1674 1383 1761 1433 Ego
1779 1397 1875 1421 sane
1894 1396 1976 1420 non

250 1450 353 1492 puto
377 1443 721 1482 Thomasuccium
747 1442 803 1481 sic
826 1442 1091 1493 impudenter
1113 1451 1155 1481 et
1177 1442 1422 1482 immodeste
1446 1442 1672 1480 allocutum
1698 1442 1822 1480 fuisse
1845 1442 1975 1480 homi-

250 1516 343 1539 nem
362 1502 404 1539 in
422 1502 626 1552 dignitate
645 1502 922 1541 constitutum
941 1516 988 1541 ac
1006 1511 1111 1550 tum,
1131 1510 1179 1540 ut
1197 1510 1314 1552 puto,
1335 1497 1600 1550 cardinalem,
1620 1516 1714 1551 cum
1731 1502 1809 1540 iste
1828 1501 1979 1552 agendi

250 1561 396 1600 modus
426 1577 557 1612 neque
586 1562 674 1604 viro
702 1571 846 1601 sancto
876 1562 1098 1601 conveniat
1126 1576 1258 1612 neque
1288 1561 1577 1600 Franciscano.

305 1621 348 1659 P.
371 1621 460 1669 423,
481 1622 547 1672 lig.
572 1622 632 1660 11.
656 1622 889 1660 JOHANNES
912 1637 967 1659 DE
987 1622 1202 1659 Buxssnm.
1229 1621 1347 1659 Illum
1370 1621 1493 1659 fuisse
1513 1621 1681 1659 natione
1701 1620 1979 1671 Burgundum

250 1680 380 1719 tradit
404 1681 469 1720 hic
492 1682 680 1732 scriptor.
707 1682 857 1721 Omnes
882 1690 1024 1720 tamen
1047 1681 1292 1719 recentiores
1317 1681 1503 1719 scribunt
1528 1680 1651 1719 fuisse
1676 1680 1907 1719 Arvernum
1933 1688 1975 1719 et

251 1740 374 1790 vulgo
394 1750 591 1780 vocatum
612 1741 862 1780 cardinalem
879 1741 927 1780 de
947 1741 1168 1788 Arvernia;
1190 1740 1300 1790 quod
1316 1755 1389 1790 ego
1409 1741 1520 1791 apud
1539 1741 1669 1780 ullum
1685 1748 1871 1778 veterum
1893 1754 1979 1777 non

250 1800 419 1838 memini
444 1815 507 1840 me
534 1801 698 1839 vidisse.
729 1802 764 1839 Is
791 1809 882 1839 tum
907 1801 1035 1839 abbas
1063 1800 1339 1839 Cisterciensis
1366 1800 1418 1837 ad
1445 1800 1686 1850 Gregorium
1706 1800 1767 1837 XI
1792 1807 1975 1838 recenter

252 1860 410 1897 factum
432 1875 585 1911 papam
607 1861 719 1900 misit
740 1860 912 1911 triginta
935 1860 1054 1899 botas
1077 1860 1163 1897 vini
1186 1868 1275 1897 tum
1298 1859 1345 1897 de
1367 1860 1494 1898 Belna
1517 1873 1643 1909 quam
1665 1859 1714 1898 de
1737 1858 1977 1897 Generiaco.

253 1919 469 1969 Gregorius
503 1921 728 1971 spopondit
753 1936 793 1959 se
819 1934 1042 1959 memorem
1067 1920 1256 1957 futurum
1281 1919 1403 1968 hujus
1438 1919 1628 1957 beneficii
1651 1919 1778 1957 literis
1804 1918 1856 1956 ad
1881 1932 1979 1956 eum

252 1978 359 2017 datis
388 1995 427 2017 vi
467 1980 529 2030 [2]
558 1994 687 2018 nonas
715 1979 813 2018 maii
840 1994 948 2017 anno
975 1979 1109 2030 primo
1147 1978 1305 2028 [1371]‚
1332 1979 1375 2016 in
1402 1978 1550 2028 quibus
1578 1979 1679 2017 haec
1705 1978 1813 2016 inter
1839 1986 1975 2016 cetera

251 2038 471 2088 leguntur:
494 2040 544 2078 Et
564 2040 657 2077 dam
676 2039 956 2090 perspicaciter
974 2039 1214 2077 attendimus
1234 2039 1335 2088 quod
1352 2053 1506 2088 semper
1524 2052 1617 2087 erga
1635 2052 1846 2088 personam
1865 2046 1975 2075 tuam

252 2099 445 2136 εῐειιῦενα(
434 2108 478 2136 zt
496 2108 628 2137 nostra
646 2099 812 2146 dilectio,
833 2099 1007 2149 qnodque
1024 2099 1076 2136 ad
1092 2098 1338 2136 dLZectionem
1357 2106 1532 2135 nostram
1550 2097 1682 2148 LpsLLLs
1700 2106 1763 2135 tae
1779 2096 1973 2147 promptL-

253 2158 406 2195 LLLLILan
429 2159 562 2196 stadLa
586 2167 680 2196 sant
705 2167 867 2206 LntentsL,
893 2167 926 2196 et
950 2159 1044 2196 dam
1067 2172 1283 2208 pensamus
1308 2158 1410 2207 quod
1432 2158 1484 2195 ad
1507 2165 1640 2194 nostra
1663 2165 1697 2195 et
1722 2156 1835 2195 Sedis
1860 2170 1974 2206 apos-

253 2217 362 2254 tolice
383 2218 625 2268 beneplatha
641 2227 870 2268 promptum
887 2226 919 2255 te
936 2232 1088 2282 semper
1104 2217 1262 2255 exhibes
1279 2225 1313 2254 et
1328 2217 1447 2254 etiam
1465 2217 1679 2264 liberalem,
1698 2231 1743 2254 ea:
1759 2215 1976 2266 precordiis

254 2277 397 2315 nostris
422 2278 595 2327 fomenta
620 2278 814 2328 prodeant
840 2278 984 2328 quibas
1012 2277 1103 2327 Lpsa
1129 2276 1282 2331 dilectio
1309 2276 1481 2326 sLLschLt
1504 2276 1652 2325 jugiter
1679 2276 1975 2314 incrementum.

255 2336 395 2385 Sper-es
425 2337 548 2386 LgL'tLLL
575 2346 609 2375 et
636 2338 795 2387 plenam
823 2337 968 2374 habeas
997 2337 1040 2374 de
1069 2345 1198 2374 nostro
1224 2336 1356 2385 favore
1385 2335 1576 2385 fiduciam
1604 2335 1706 2385 quod
1733 2349 1816 2382 nos,
1846 2334 1913 2385 qaL
1941 2342 1974 2372 te

253 2395 402 2433 sincere
424 2397 647 2446 diligimus,
670 2397 743 2435 tLbL
763 2396 1065 2446 favorabzliores
1088 2395 1264 2433 invenies
1289 2410 1361 2445 qao
1383 2395 1612 2445 hujusmodi
1644 2394 1789 2432 nostris
1810 2402 1844 2432 et
1875 2394 1977 2431 dicte

256 2454 369 2493 Sedis
393 2456 648 2506 beneplacitis
668 2465 700 2494 te
722 2456 904 2493 novimas
923 2455 1138 2505 ferventius
1160 2455 1346 2492 inherere.

308 2515 427 2553 Anno
448 2516 761 2563 MCCCLXXV,
782 2516 846 2553 die
868 2530 926 2552 xx
947 2514 1188 2561 decembris,
1209 2514 1315 2552 idem
1338 2513 1554 2563 Gregorius
1575 2527 1668 2552 eum
1688 2513 1785 2552 fecit
1803 2512 1974 2563 presby-

255 2581 389 2612 terum
408 2576 672 2614 cardinalem.
694 2576 796 2613 Erat
814 2583 955 2613 autem
974 2575 1135 2621 absens,
1155 2582 1196 2612 et
1214 2573 1468 2611 Avenionem
1489 2573 1660 2611 advenit
1678 2587 1786 2610 anno
1804 2580 1976 2610 tantum

255 2634 455 2683 sequenti.
479 2635 667 2685 Quippe
658 2649 699 2672 in
718 2635 821 2672 libro
841 2634 1142 2683 Obligationam
1161 2633 1408 2670 adnotatum
1431 2641 1492 2670 est
1511 2646 1603 2671 eum
1623 2632 1797 2670 intrasse
1817 2630 1975 2670 curiam

256 2706 362 2731 anno
383 2694 719 2742 MCCCLXXVI,
741 2694 804 2732 die
824 2694 971 2731 ultima
991 2692 1231 2731 februarii‘l
1253 2692 1358 2731 Tum
1377 2706 1471 2742 ergo
1491 2692 1638 2729 datum
1657 2691 1693 2730 ei
1712 2691 1835 2729 fuisse
1856 2705 1971 2740 opor—

305 2847 335 2879 1.
358 2847 508 2881 Geraud
535 2849 585 2881 du
613 2849 694 2893 Puy
720 2850 862 2882 semble
881 2850 988 2882 avoir
1005 2860 1171 2881 encouru
1190 2848 1225 2880 la
1242 2847 1354 2880 haine
1374 2848 1436 2880 des
1462 2846 1631 2885 Italiens,
1652 2845 1716 2889 qui
1739 2851 1806 2878 ont
1826 2844 1972 2888 flagelle

255 2911 322 2932 son
353 2901 664 2936 administration
697 2903 750 2945 (L.
783 2903 908 2942 Mirot,
940 2902 995 2935 La
1024 2902 1201 2945 politique
1229 2901 1453 2945 pontificale,
1484 2912 1519 2944 p.
1552 2899 1676 2941 40-44)
1711 2910 1802 2931 avec
1831 2898 1970 2938 raison,

257 2953 414 2996 puisque
440 2954 615 2997 Gregoire
641 2956 697 2988 XI
721 2958 752 2989 lc
770 2956 939 2988 destitua
963 2956 1006 2988 de
1031 2967 1072 2988 sa
1095 2955 1242 2998 charge.
1260 2973 1309 2977 —
1330 2954 1401 2987 Sur
1423 2954 1455 2986 le
1479 2953 1661 2992 cardinal,
1688 2952 1770 2985 voir
1792 2951 1836 2984 A.
1862 2950 1973 2984 Thei-

257 3017 322 3037 ner
349 3006 492 3048 (Codes,
521 3015 546 3041 t.
572 3021 609 3049 11,
635 3021 670 3042 n.
698 3010 779 3049 508,
807 3010 888 3049 514,
916 3010 997 3048 565,
1025 3009 1106 3048 567,
1133 3008 1233 3051 585),
1262 3008 1305 3040 N.
1332 3007 1461 3040 Valois
1491 3007 1531 3050 (t.
1556 3019 1594 3046 11,
1620 3018 1656 3050 p.
1684 3005 1766 3049 503)
1794 3011 1833 3038 et
1856 3004 1972 3037 Mirot

261 3058 329 3101 (op.
347 3060 417 3098 cit„
435 3073 468 3103 p.
486 3061 583 3105 185).

307 3112 336 3143 2.
369 3112 417 3144 Lc
437 3114 456 3146 6
474 3126 573 3147 mars
592 3116 697 3155 1376,
718 3116 865 3159 d'apres
886 3115 1006 3149 Eubel
1028 3114 1275 3157 (Hierarchia,
1296 3120 1363 3154 t.1,
1383 3126 1418 3157 p.
1439 3112 1512 3157 22).
