2083 3458
288 180 371 221 898
939 196 1090 221 NOTAE
1125 195 1185 220 AD
1220 195 1348 220 vlTAs
1844 179 1996 235 [1386]

289 291 427 316 coram
451 277 624 316 ducibus
650 284 763 329 apud
788 278 1110 326 villamnovam,
1134 292 1258 327 seque
1283 277 1325 315 in
1349 292 1395 316 ea
1421 278 1524 316 velle
1548 277 1764 329 persistere
1788 293 1919 329 usque
1944 278 1996 316 ad

290 345 480 384 mortem,
513 352 645 387 neque
675 337 807 375 ullum
836 352 921 376 esse
952 352 1095 376 eorum
1126 336 1197 388 qui
1225 336 1319 388 paci
1348 337 1539 376 invident
1569 338 1672 376 adeo
1702 346 1920 388 potentem
1948 345 1997 376 ut

287 397 423 447 ipsum
439 396 570 447 possit
587 396 628 434 in
645 396 769 434 aliam
784 397 962 435 trahere.
983 397 1115 434 Extat
1131 411 1176 435 ea
1194 396 1368 447 epistola
1386 396 1427 434 in
1443 396 1576 436 veteri
1592 397 1729 436 codice
1747 411 1822 436 ms.
1840 397 1997 436 archivi

287 455 386 506 regii
417 455 667 494 parisiensis.

344 516 388 553 P.
411 515 500 562 506,
521 515 587 565 lig.
610 515 672 553 25.
700 516 883 554 PETRUM
907 516 1109 554 GERAUDI
1139 515 1225 554 sive
1256 515 1432 564 Girardi,
1453 524 1501 554 ut
1529 530 1653 567 supra
1673 531 1713 567 p.
1736 516 1813 555 496
1831 515 1996 567 legitur.

291 574 370 612 Alii
400 574 562 612 addunt
594 574 710 613 illum
740 584 939 614 vocatum
971 574 1094 613 fuisse
1127 576 1297 613 Petrum
1331 575 1502 614 Gerardi
1533 576 1581 614 de
1614 575 1757 624 Podio,
1789 584 1831 615 et
1861 575 1998 627 patria

290 634 553 672 Lemovicem
583 633 719 673 fuisse.
753 635 871 683 Quod
900 643 1126 685 utrumque
1157 634 1308 673 falsum
1337 643 1412 674 est.
1448 635 1529 674 Iste
1568 650 1679 674 error
1708 643 1822 674 ortus
1854 644 1918 674 est
1947 650 1998 674 ex

288 693 559 743 incogitantia
586 694 867 742 scribentium,
897 694 967 744 qui
993 709 1087 733 eum
1113 702 1371 733 vocaverunt
1399 696 1569 733 Petrum
1597 694 1767 733 Gerardi
1793 695 1842 733 de
1870 694 1999 733 Podio

290 753 359 803 qui
377 761 467 791 erat
485 752 698 803 episcopus
720 753 930 792 Podiensis
950 762 1047 792 ante
1067 768 1193 804 quam
1214 754 1330 793 fieret
1349 754 1581 802 cardinalis,
1601 755 1746 793 eodem
1773 755 1896 793 modo
1917 768 1998 805 quo

289 812 555 851 continuator
586 812 735 863 Nangii
752 813 781 861 1,
820 828 859 864 p.
893 813 966 851 141
997 813 1040 851 in
1077 822 1191 851 tomo
1221 821 1339 852 sexto
1370 814 1582 864 Spicilegii
1615 814 1873 862 Dacheriani,
1904 828 1998 852 eum

292 872 460 910 vocavit
487 872 738 911 cardinalem
765 873 813 911 de
842 874 988 921 Puteo,
1011 874 1064 911 du
1091 874 1196 923 Puy,
1225 873 1295 924 qui
1322 873 1539 912 cardinalis
1569 873 1794 913 Aniciensis
1822 882 1998 912 vocatur
2060 877 2063 886 ¹

290 932 333 970 in
354 931 491 970 codice
513 932 671 970 archivi
690 932 790 983 regii
812 932 1065 971 parisiensis.
1100 933 1298 972 Erravere
1320 932 1447 972 etiam
1477 933 1663 984 profecto
1686 933 1757 984 qui
1786 948 1837 972 ex
1857 932 1996 972 simili-

291 991 435 1029 tudine
463 991 637 1030 nominis
666 992 918 1042 collegerunt
947 992 1166 1046 Hugonem
1203 992 1387 1041 Gerardi,
1415 993 1654 1044 episcopum
1681 993 1996 1041 Cadurcensem,

293 1051 415 1089 fuisse
442 1066 493 1089 ex
518 1060 637 1101 gente
664 1051 781 1090 istius
810 1052 921 1090 Petri
948 1052 1130 1090 Gerardi.

346 1111 513 1149 Certum
540 1119 602 1149 est
630 1112 799 1149 Petrum
828 1111 989 1150 Girardi
1015 1120 1163 1150 natum
1190 1126 1274 1150 esse
1301 1111 1343 1150 in
1369 1126 1416 1150 ea
1442 1120 1560 1163 parte
1586 1112 1683 1163 pagi
1710 1111 1995 1163 Lugdunensis

293 1184 397 1220 quae
423 1170 543 1208 hodie
571 1170 721 1209 dicitur
749 1171 973 1219 Foresium,
1000 1171 1123 1222 vulgo
1150 1171 1284 1210 Forez.
1314 1172 1367 1210 Et
1395 1171 1490 1222 quia
1512 1180 1682 1210 constat
1707 1172 1823 1210 illum
1849 1180 1998 1210 natum

291 1229 333 1267 in
359 1230 540 1280 quodam
564 1230 660 1281 pagi
683 1230 788 1269 illius
814 1231 903 1269 1000
929 1230 999 1281 qui
1023 1245 1175 1269 nomen
1197 1231 1326 1270 habet
1350 1245 1379 1269 a.
1397 1231 1548 1270 Sancto
1572 1231 1889 1282 Symphoriano,
1913 1231 1997 1282 ple-

292 1289 408 1339 rique
433 1303 571 1328 omnes
596 1289 782 1328 scribunt
805 1290 892 1340 ejus
918 1299 1056 1329 ortum
1080 1291 1218 1329 deberi
1240 1290 1276 1329 ei
1298 1291 1386 1329 loco
1409 1291 1517 1330 inter
1541 1291 1791 1341 Lugdunum
1813 1299 1855 1329 et
1877 1290 1998 1329 Vien-

293 1363 390 1386 nam
415 1349 484 1399 qui
506 1349 630 1399 vulgo
653 1349 774 1388 hodie
798 1358 973 1389 Vocatur
997 1350 1303 1400 Saint-Saforin
1326 1350 1486 1399 d’Ozon,
1511 1366 1594 1389 non
1617 1351 1997 1389 animadvertentes

292 1409 401 1446 hunc
418 1409 554 1447 locum
571 1424 655 1447 esse
673 1409 782 1447 ultra
814 1410 1077 1457 Rhodanum,
1108 1410 1293 1460 adeoque
1309 1409 1514 1461 pertinere
1532 1425 1614 1449 non
1630 1425 1748 1461 posse
1776 1410 1828 1448 ad
1845 1424 2000 1461 pagum

296 1468 575 1506 Foresianum.
601 1469 691 1519 Ipse
712 1484 752 1507 se
772 1477 954 1507 testatur
975 1469 1132 1508 natales
1154 1484 1248 1508 suos
1270 1469 1416 1508 debere
1438 1470 1525 1508 1000
1548 1470 1689 1509 Sancti
1708 1468 2001 1521 Symphoriani

295 1527 441 1574 Castri,
463 1527 805 1578 Saint-Saplzorin
824 1529 857 1566 le
876 1528 1047 1576 chastel,
1067 1529 1110 1567 in
1128 1529 1257 1568 limite
1280 1529 1475 1577 Foriensi,
1496 1529 1660 1580 aequali
1679 1529 1761 1568 fere
1780 1529 1999 1568 intervallo

294 1587 401 1625 inter
424 1587 674 1637 Lugdunum
695 1596 737 1626 et
760 1586 1169 1627 Montembrisonem.

350 1647 413 1684 Ex
440 1655 695 1686 testamento
726 1647 897 1697 Aymari
926 1648 974 1686 de
1006 1648 1208 1696 Pictavia,
1239 1648 1401 1687 comitis
1434 1648 1736 1687 Valentinensis
1760 1657 1802 1688 et
1826 1647 2001 1696 Diensis,

296 1714 470 1756 apparet
506 1706 620 1744 illum
657 1706 780 1745 fuisse
816 1706 1076 1746 licentiatum
1121 1707 1161 1746 in
1208 1707 1364 1758 legibus
1401 1716 1442 1746 et
1478 1708 1816 1747 archidiaconum
1850 1707 2001 1746 Bituri-

298 1780 459 1803 censem
477 1780 586 1804 anno
606 1765 953 1814 MCCCLXXIII,
974 1767 1037 1805 die
1057 1781 1165 1805 nona
1185 1767 1393 1806 februarii.
1417 1768 1479 1805 Ex
1499 1782 1580 1818 quo
1599 1776 1717 1818 patet
1736 1769 2003 1806 vehementer

298 1825 460 1875 lapsum
481 1840 565 1863 esse
589 1825 823 1864 Frizonium
843 1826 1106 1874 scribentem,
1127 1842 1166 1877 p.
1190 1827 1279 1874 457,
1301 1841 1395 1865 eum
1415 1835 1507 1865 tum
1528 1827 1767 1878 episcopum
1788 1827 2002 1866 Lodoven-

297 1899 381 1922 sem
418 1884 651 1923 interfuisse
689 1885 860 1924 concilio
898 1886 1098 1925 Vaurensi
1135 1901 1243 1924 anno
1281 1887 1621 1935 MCCCLXVIII,
1660 1901 1753 1926 eum
1790 1895 2002 1938 praeterea

298 1951 460 1982 constet
495 1952 587 1982 tum
625 1945 817 1983 Lodovae
855 1945 1005 1984 sedisse
1044 1945 1309 1996 Aymericum
1348 1946 1548 1996 Hugonis,
1588 1946 1658 1997 qui
1694 1946 1830 1985 abfuit
1867 1946 1919 1984 ab
1956 1960 2003 1984 eo

299 2011 520 2042 conventu.

353 2062 471 2106 Anno
513 2063 858 2101 MCCCLXXVII
899 2072 987 2103 erat
1028 2064 1194 2103 clericus
1235 2079 1421 2104 camerae
1461 2065 1727 2115 apostolicae,
1767 2073 1814 2103 ut
1855 2065 2006 2103 docent

301 2122 438 2160 variae
458 2122 656 2172 epistolae
678 2123 860 2173 Gregorii
881 2124 957 2171 XI,
977 2139 1026 2162 ex
1046 2124 1193 2174 quibus
1215 2124 1420 2174 colligitur
1438 2124 1554 2162 illum
1573 2125 1625 2163 ab
1645 2125 1790 2163 eodem
1811 2123 2004 2174 Gregorio

302 2181 471 2219 missum
504 2196 588 2220 esse
620 2182 662 2220 in
686 2182 862 2220 Galliam
892 2183 944 2221 ad
968 2183 1246 2231 Guillelmum,
1269 2183 1557 2223 vicecomitem
1579 2185 1900 2232 Turennensem,
1930 2197 2005 2234 pro

302 2240 550 2290 quibusdam
582 2241 755 2291 negotiis
787 2242 950 2280 secretis
983 2251 1023 2281 et
1063 2243 1215 2282 arduis.
1250 2244 1404 2282 Earum
1444 2243 1712 2294 epistolarum
1744 2244 1844 2282 duas
1876 2242 2007 2282 edidit

304 2300 501 2338 Justellus
528 2300 635 2339 inter
661 2301 920 2339 Probationes
946 2302 1132 2340 historiae
1162 2303 1352 2350 Turenn.,
1379 2318 1418 2353 p.
1447 2303 1534 2342 101.

357 2360 536 2397 Joannes
564 2360 841 2399 Plantavitius
870 2362 1065 2409 Pauseus,
1091 2362 1133 2399 in
1158 2362 1424 2411 Clzronologia
1448 2363 1679 2412 praesulum
1703 2361 2007 2408 Lodooensium,

303 2418 362 2455 ait
384 2418 497 2456 illum
520 2434 570 2457 ex
592 2419 787 2458 canonico
811 2420 1016 2459 Aeduensi
1038 2421 1196 2459 factum
1218 2436 1302 2460 esse
1331 2421 1569 2472 episcopum
1593 2422 1877 2460 Lodovensem
1898 2434 2007 2458 anno

306 2477 621 2516 MCCCLXXX.
647 2479 750 2517 Sane
773 2488 820 2517 ut
843 2488 1001 2518 certum
1024 2488 1085 2518 est
1113 2480 1227 2518 illum
1250 2481 1428 2519 tenuisse
1453 2495 1544 2519 eam
1567 2481 1822 2529 cathedram,
1844 2480 1903 2518 ita
1927 2494 2008 2519 cer-

304 2544 394 2573 tum
416 2545 477 2574 est
497 2537 610 2575 illum
632 2538 815 2576 nondum
837 2539 959 2577 fuisse
980 2539 1218 2590 episcopum
1239 2554 1347 2578 anno
1377 2540 1728 2579 MCCCLXXXII
1759 2539 1821 2578 die
1851 2540 2009 2578 decima

307 2595 499 2633 februarii
512 2596 539 2643 2,
561 2611 653 2635 cum
673 2597 714 2635 in
731 2598 874 2635 Diario
891 2599 1069 2649 episcopi
1085 2600 1344 2638 Carnotensis
1365 2608 1537 2638 vocetur
1556 2599 1796 2650 simpliciter
1815 2598 2010 2648 magister

312 2655 453 2692 Petrus
479 2655 652 2703 Girardi,
672 2656 735 2694 uti
755 2671 849 2695 eum
869 2657 978 2696 idem
999 2658 1212 2709 episcopus
1235 2673 1382 2697 vocare
1403 2667 1526 2697 antea
1547 2659 1720 2697 solebat.

366 2714 426 2749 Ex
457 2714 542 2762 ejus
576 2714 792 2753 codicillo3
822 2725 933 2754 certo
964 2726 1129 2755 constat
1160 2717 1276 2755 illum
1307 2718 1430 2757 fuisse
1461 2718 1700 2768 episcopum
1731 2726 1772 2756 et
1801 2725 2011 2767 pastorem

363 2861 393 2891 ’1.
426 2860 632 2903 Bellaguet‚
665 2868 690 2895 t.
720 2875 758 2903 11,
790 2876 824 2907 p.
857 2865 937 2897 274.

365 2914 381 2930 ⁵)

365 2936 393 2944 m
425 2913 453 2944 11
479 2913 549 2953 fut,
577 2926 622 2947 cn
647 2916 748 2955 estet,
775 2919 926 2951 nomme
953 2919 973 2950 ἐι
1000 2918 1151 2951 Lodeve
1177 2919 1208 2951 le
1235 2919 1278 2952 17
1307 2919 1460 2952 octobre
1487 2919 1580 2952 1382
1601 2916 2009 2962 (Albanas-chevalier,

320 2966 441 2996 Gallia
470 2968 669 3000 (ln-{stiam
696 2970 909 3007 novissima,
938 2972 1141 3011 Marsetlle,
1171 2973 1238 3005 col.
1269 2973 1350 3012 812,
1379 2984 1414 3005 n.
1444 2972 1566 3016 1397).

363 3020 392 3049 13.
417 3020 795 3055 fx{mnes-Chovalier
816 3023 884 3067 (op.
899 3025 972 3063 cit„
991 3030 1017 3057 t.
1034 3036 1096 3064 vn,
1114 3037 1149 3058 0,
1169 3025 1291 3069 1674).
1306 3025 1355 3058 Le
1373 3031 1584 3059 testament
1599 3025 1784 3058 renferme
1801 3024 2012 3056 seulement

315 3071 375 3099 dv<
398 3073 601 3105 (10000010ι
625 3074 731 3107 saites
753 3076 773 3107 a
795 3076 906 3110 N.-D.
923 3077 986 3110 des
1008 3077 1138 3112 Doms.
1161 3077 1285 3111 Pierre
1306 3078 1449 3112 Gerard
1466 3090 1511 3111 ne
1531 3078 1591 3111 fut
1611 3090 1678 3122 pas
1698 3077 2013 3110 administramus
