2083 3458
97 280 249 335 [1233]
615 295 831 321 PAPARUM
867 295 1250 321 AVENIONENSIUM
1699 283 1778 324 757

84 377 186 416 oculi
212 377 330 415 totius
359 377 484 414 Israel
518 385 558 414 ut
581 377 735 426 judices
761 378 848 427 quis
882 379 1010 415 sedere
1045 378 1177 416 debeat
1204 379 1245 415 in
1281 379 1380 416 solio
1406 387 1482 417 tuo.
1511 380 1560 417 Et
1593 381 1777 429 allegavit

83 437 107 474 3
125 437 236 486 Reg.,
257 436 387 486 primo
408 436 594 485 capitulo,
614 437 774 475 Dictam
794 437 1038 475 collationem
1057 437 1148 486 jecit
1167 438 1393 487 patriarcha
1412 438 1771 490 Constantinopoli·

83 504 198 534 tanus
223 495 370 533 habens
400 494 665 532 Ydrontinam
688 496 1063 546 archiepiscopalem
1086 497 1287 534 ecclesiam
1312 497 1355 534 in
1388 499 1667 537 commendam.
1695 499 1777 549 Que

82 554 234 592 collatio
251 554 329 600 suit
344 554 448 603 jacta
468 554 509 590 in
528 554 680 602 linguis
699 555 824 592 latina
842 563 875 592 et
893 563 1066 593 materna
1085 556 1187 593 dicta
1205 556 1266 593 die
1286 570 1391 593 nona
1408 557 1570 605 augusti
1587 558 1776 607 Anagnie

81 614 328 664 presentibus
345 613 531 663 predictis
548 613 821 651 cardinalibus
838 622 871 651 et
887 614 982 651 aliis
999 614 1184 663 pluribus
1200 615 1362 664 prelatis
1381 616 1422 652 in
1441 617 1582 661 majori
1600 617 1773 656 ecclesia.

83 673 141 710 Ea
158 681 298 711 tamen
314 671 478 710 collatio
491 671 505 693 1
520 686 601 709 non
618 681 736 710 extat
753 672 792 709 in
808 672 868 710 his
885 673 1106 719 codicibus,
1124 674 1192 711 sed
1209 688 1252 712 ea
1269 682 1436 711 tantum
1451 689 1553 724 quae
1570 676 1773 726 descripta

81 731 200 770 isthic
235 739 344 769 sunt.
382 731 516 780 Hujus
552 731 779 769 collationis
814 732 897 769 sive
932 732 1127 771 sermonis
1162 733 1414 771 mentionem
1448 734 1547 772 facit
1582 735 1774 784 Aegidius

80 791 306 828 Bellamera
327 790 368 827 in
390 804 478 840 cap.
502 790 650 837 Sacris,
673 790 720 828 de
743 790 803 828 his
827 804 930 840 quae
953 791 994 828 vi
1015 800 1201 830 metusve
1224 805 1345 829 031153
1371 793 1490 831 fiunt.

135 850 178 888 P.
203 849 294 897 450,
318 849 383 898 lig.
411 849 472 887 11.
500 848 664 887 URGET.
692 849 788 887 Voir
812 849 1007 887 Archives
1033 850 1081 888 de
1108 850 1308 889 Vaucluse
1337 851 1374 893 H
1399 851 1461 889 64¹
1492 852 1597 897 (voir
1621 852 1774 901 Valois,

79 909 137 947 La
157 909 310 946 France
327 917 360 946 et
377 908 570 945 le·Grand
586 908 766 955 schisme,
785 917 815 946 t.
834 924 861 955 1,
879 923 918 958 p.
941 909 987 946 77
1007 917 1047 947 et
1068 909 1172 958 106).

132 968 176 1007 Ρ.
202 968 292 1014 455,
317 967 383 1017 lig.
410 968 446 1006 3.
473 967 511 1005 S1
540 981 687 1005 DATUM
717 982 804 1006 EST.
833 968 898 1006 Un
924 968 1095 1017 original
1119 968 1247 1006 existe
1273 983 1355 1006 aux
1381 970 1564 1008 archives
1591 971 1638 1009 de
1665 971 1772 1009 Vau—

77 1027 185 1065 cluse
215 1027 252 1064 H
280 1025 357 1065 643.
1416 1057 1418 1060 .

131 1086 174 1125 Ρ.
197 1086 287 1132 455,
308 1085 374 1135 lig.
399 1085 458 1124 18.
482 1085 745 1124 TuczlLLUM.
772 1086 817 1122 In
838 1086 1094 1136 expositione
1116 1086 1228 1124 missi
1248 1087 1345 1135 regii
1366 1088 1416 1124 ad
1439 1088 1632 1128 comitem
1655 1089 1771 1127 Flan-

76 1144 187 1183 driae
204 1144 329 1191 edita,
345 1153 376 1182 t.
391 1159 446 1192 IV,
463 1145 666 1181 Historiae
688 1145 901 1183 Universit.
919 1145 1068 1192 Paris„
1083 1160 1123 1195 p.
1140 1145 1230 1192 520,
1245 1154 1418 1184 vocatur
1434 1147 1646 1186 Turzillus.

129 1204 172 1242 P.
199 1203 288 1252 459,
314 1204 379 1253 lig.
406 1204 441 1241 5.
471 1204 752 1242 SEPTEMssms.
775 1204 888 1242 Lisez
910 1205 942 1242 le
970 1204 1018 1242 18
1040 1205 1272 1254 septembre
1300 1205 1468 1253 (Valois,
1493 1220 1556 1256 op.
1583 1207 1662 1254 cit.,
1688 1216 1718 1246 t.
1743 1223 1773 1255 1,

74 1278 113 1313 p.
144 1262 248 1311 159).

128 1322 171 1361 Ρ.
201 1321 291 1369 460,
319 1321 385 1371 lig.
417 1322 477 1360 17.
511 1322 558 1359 IN
590 1336 819 1359 CATHEDRA
850 1322 1053 1372 Papiensi,
1082 1322 1152 1359 ubi
1180 1337 1220 1361 se
1258 1323 1494 1373 primariam
1531 1325 1771 1363 cathedram

73 1381 263 1419 habuisse
294 1381 493 1419 beneficio
526 1380 696 1419 ,Ioannis
729 1381 907 1419 Galeaeii
932 1381 1206 1429 Vicecomitis,
1236 1381 1561 1430 Mediolanensis,
1592 1392 1771 1423 testatur

72 1439 156 1490 ipse
179 1440 331 1478 Baldus
356 1440 397 1477 in
421 1440 675 1490 praefatione
701 1441 1092 1480 commentariorum
1112 1442 1171 1478 De
1192 1442 1335 1489 feudis.
1362 1441 1462 1479 Vide
1487 1442 1770 1492 Spondanum,

72 1513 137 1538 an.
169 1499 283 1539 1370.
318 1500 333 1548 ἓ
363 1499 398 1538 6.

126 1559 169 1597 Ρ.
205 1559 295 1599 470.
330 1558 396 1608 lig.
434 1558 494 1597 17.
537 1559 644 1596 Esus
681 1573 923 1597 OPINIONES.
964 1560 1108 1609 Itaque
1144 1559 1335 1608 Aegidius
1371 1560 1611 1608 Bellamera,
1647 1562 1768 1601 decis.

74 1632 224 1665 occul,
257 1618 446 1656 eumdem
481 1617 721 1667 Gregorium
754 1626 877 1656 vocat
910 1618 1119 1656 lucernam
1149 1618 1249 1668 juris
1283 1619 1425 1666 civilis,
1458 1619 1592 1657 virum
1626 1621 1768 1670 utique

71 1676 232 1715 subtilis
264 1676 428 1726 ingenii,
460 1676 605 1727 optimi
634 1677 791 1726 judicii,
813 1685 854 1715 et
892 1677 1124 1716 intellectus
1151 1678 1270 1715 valde
1302 1678 1412 1725 clari,
1444 1679 1714 1717 Theodericus
1745 1694 1767 1717 3

74 1735 191 1774 Ν10111
208 1735 249 1773 111
265 1744 450 1774 tractatu
467 1745 584 1774 sexto
603 1736 787 1773 Nemoris
805 1736 982 1784 unioms,
996 1750 1084 1787 cap.
1099 1736 1523 1784 XXX1x,lieentiatum
1541 1738 1581 1775 in
1598 1738 1767 1788 legibus,

70 1804 254 1842 acutum,
278 1795 508 1833 studiosum
532 1794 573 1832 in
596 1795 723 1842 libris,
746 1804 788 1833 et
810 1795 984 1833 libenter
1007 1810 1099 1834 cum
1123 1796 1445 1845 intelligentibus
1470 1796 1767 1848 disputantem,

69 1853 253 1892 literatos
287 1854 537 1904 diligentem,
569 1854 792 1902 liberalem,
824 1855 1105 1893 honorabilem
1153 1864 1193 1893 et
1226 1856 1516 1903 verecundum,
1548 1857 1764 1906 eleemosy»

70 1912 231 1951 narium
249 1913 516 1963 magnificum
534 1913 575 1951 in
593 1913 759 1964 publico
778 1922 819 1951 et
837 1913 1016 1964 private,
1036 1922 1077 1951 et
1096 1915 1214 1952 valde
1235 1914 1558 1965 compatientem
1577 1916 1765 1955 omnibus

69 1972 245 2020 afflictis,
287 1973 510 2011 habentem
553 1972 892 2023 prudentissimos
936 1973 1229 2011 referendarios
1272 1987 1318 2012 30
1362 1974 1487 2012 etiam
1529 1975 1766 2014 secretarios

69 2032 244 2069 mundos
274 2040 315 2070 et
344 2032 551 2070 honestos.

123 2091 166 2129 P.
187 2090 277 2138 461,
297 2091 364 2140 lig.
385 2090 420 2129 5.
443 2091 694 2129 COMITANTE
717 2105 807 2129 EUM
832 2088 1045 2129 Episcopo.
1069 2092 1185 2129 Hanc
1205 2091 1420 2130 historiam
1439 2093 1621 2130 referunt
1640 2093 1766 2131 etiam

71 2149 272 2188 Radulfus
302 2150 351 2188 de
384 2150 488 2187 Rivo
519 2164 606 2200 cap.
638 2165 693 2187 xn
734 2150 788 2200 [p.
819 2150 893 2200 28]
919 2151 979 2188 De
1008 2151 1126 2199 gestis
1167 2151 1443 2201 episcoporum
1471 2151 1764 2199 Leosliensium,

68 2208 290 2247 Sabellicus
321 2209 515 2247 enneadis
545 2209 582 2256 9,
612 2209 680 2247 lib.
716 2209 790 2253 IX,
821 2218 861 2247 et
891 2209 1139 2248 Trithemius
1170 2210 1209 2246 in
1240 2210 1434 2247 Chronico
1462 2211 1764 2259 Hit-saugiensi‚

67 2275 97 2306 t.
117 2282 160 2315 11,
180 2282 220 2318 p.
242 2267 330 2306 269.

120 2327 164 2365 P.
194 2326 284 2374 463,
312 2327 378 2376 lig.
409 2326 445 2365 6.
475 2327 624 2365 Vov1T.
649 2327 701 2365 M.
734 2327 774 2365 L.
806 2327 928 2365 Mirot
957 2327 1031 2376 (La
1058 2327 1248 2377 politique
1276 2328 1516 2377 pontificale,
1544 2343 1583 2378 p.
1614 2328 1676 2373 51,
1698 2329 1783 2375 52)’

67 2385 133 2423 n'a
151 2400 207 2436 pu
226 2385 373 2423 etablir
390 2386 427 2423 la
446 2400 599 2436 preuve
618 2386 719 2423 d'un
739 2400 833 2423 voeu
852 2386 955 2423 dont
971 2387 1005 2424 le
1033 2390 1174 2436 proces
1194 2387 1242 2424 de
1261 2387 1547 2424 canonisation
1566 2387 1614 2424 de
1633 2387 1764 2426 sainte

66 2444 282 2505 §atherine
298 2445 346 2483 de
363 2444 508 2483 Sienne
523 2445 761 2483 mentionne
775 2445 1011 2483 l’existenee
1028 2445 1227 2494 (Martene
1242 2453 1283 2483 et
1300 2446 1483 2493 Durand,
1499 2446 1765 2496 Amplissima

66 2503 248 2551 collectio,
272 2512 302 2542 t.
329 2518 383 2550 Vl,
408 2503 482 2542 col.
508 2504 639 2547 1325).

119 2563 162 2600 Ρ.
193 2562 284 2610 463,
314 2562 380 2612 lig.
414 2562 475 2601 10.
508 2562 646 2600 ΜΑΤΒι
682 2577 939 2601 PROSTRATE.
966 2563 1135 2601 Fabula.
1158 2563 1290 2601 Mater
1320 2563 1428 2601 enim
1455 2563 1541 2612 ejus
1568 2563 1636 2601 diu
1667 2572 1763 2602 ante

64 2621 225 2659 obierat
244 2621 319 2659 sub
341 2621 560 2660 Clementis
582 2622 637 2663 Vl
659 2621 925 2671 pontificatu,
945 2630 992 2659 ut
1011 2636 1134 2672 supra
1154 2636 1193 2672 p.
1215 2622 1290 2660 832
1312 2621 1504 2661 diximus.
1529 2622 1674 2672 Itaque
1694 2623 1763 2660 alii

64 2679 133 2729 qui
156 2680 205 2718 de
228 2695 268 2718 re
291 2680 370 2718 ista
394 2680 587 2730 scripsere
611 2680 842 2730 antiquitus
866 2688 1028 2730 patrem
1051 2689 1231 2727 tantum,
1256 2681 1416 2727 tratres,
1439 2681 1761 2730 consanguineos

63 2738 244 2789 Gregorii
270 2739 330 2776 XI
354 2747 694 2786 commemorant,
719 2739 828 2776 nulla
852 2739 994 2777 matris
1019 2739 1240 2777 mentione.
1269 2740 1314 2776 In
1336 2739 1473 2778 codice
1499 2740 1729 2778 Harlaeano
1748 2740 1763 2763 ²

108 2892 140 2924 ‘1.
172 2892 212 2925 B.
241 2891 299 2931 N.‚
325 2904 411 2925 mss.
438 2892 550 2925 latins
577 2892 694 2925 14644
717 2900 754 2925 et
778 2893 881 2926 9789.
906 2912 952 2916 -
977 2893 1216 2926 Le·discours
1242 2894 1285 2925 de
1306 2894 1470 2936 Jacqucs
1496 2894 1617 2925 d’Itro
1641 2894 1759 2927 existe

60 2944 153 2977 dans
173 2945 204 2977 le
225 2956 292 2977 ms.
315 2945 410 2978 1356
432 2946 507 2987 (sol.
529 2946 549 2978 6
568 2947 640 2978 r⁰-8
660 2947 704 2988 r0)
729 2947 771 2978 dc
803 2946 837 2978 la
858 2946 1117 2989 bibliotheque
1139 2947 1180 2978 de
1204 2946 1348 2979 Rouen.
1373 2947 1400 2978 Ι]
1429 2958 1448 2978 3
1468 2948 1526 2979 ete
1547 2947 1672 2989 public}
1693 2959 1760 2990 par

60 2996 229 3029 Martene
251 3004 288 3029 et
312 2997 469 3030 Durand
495 2999 719 3037 (Thesaurus
742 3011 855 3031 novus
875 3000 1141 3036 anecdotorum,
1165 3006 1191 3032 t.
1214 3012 1250 3038 11,
1274 3000 1341 3032 001.
1366 3000 1601 3042 1075-1081).

110 3051 140 3082 2.
171 3051 211 3083 B.
242 3050 299 3089 N.‚
327 3063 394 3083 ms.
422 3051 517 3083 latin
544 3051 674 3090 11745,
702 3052 763 3084 fol.
792 3053 835 3084 87
862 3057 904 3084 10.
931 3071 978 3074 »-
1003 3052 1227 3095 Christophe
1254 3053 1297 3084 de
1326 3053 1518 3085 Plaisance
1544 3053 1701 3085 ecrivait
1727 3054 1757 3086 le

59 3103 102 3135 17
126 3103 249 3146 juillet
272 3104 365 3136 1376
390 3116 396 3135 :
422 3104 555 3136 Omnes
576 3105 781 3137 cardinales
804 3106 844 3137 de
866 3105 1088 3147 linguaista
1110 3111 1195 3138 sunt
1217 3111 1461 3148 repugnantes
1484 3106 1601 3148 patris
1627 3106 1702 3149 (sic)
1729 3112 1759 3139 et

57 3155 187 3198 fratres
211 3157 304 3189 illud
326 3157 430 3196 idem,
455 3162 485 3190 et
506 3158 618 3190 audio
640 3158 734 3200 quod
755 3158 829 3190 dux
850 3159 1127 3200 Andegavcnsis
1150 3160 1245 3191 venit
1259 3159 1307 3191 ad
1329 3159 1603 3202 impediendum
1625 3166 1757 3193 molum
