2083 3458
125 234 275 289 [1084]
642 251 858 277 PAPARUM
893 253 1276 278 AVENIONENSIUM
1727 242 1807 283 605

109 331 301 378 octobris,
325 331 521 380 sigillasse
544 332 682 370 literas
707 334 1033 372 confirmationis
1057 335 1152 372 doni
1171 336 1280 385 quod
1306 336 1446 384 Maria,
1470 338 1609 387 regina
1634 338 1806 386 Siciliae,

107 390 260 428 fecerat
282 390 449 428 domino
470 390 687 429 d'Oroison
709 393 753 429 de
773 392 901 429 tribus
921 393 1104 442 partibus
1124 395 1243 431 castri
1264 396 1308 432 de
1328 395 1535 443 Cadeneto,
1559 411 1629 446 que
1647 397 1809 445 suerunt

107 449 304 498 quondam
338 449 479 486 Jacobi
510 448 608 486 Ceve
638 450 805 489 rebellis.
838 451 1013 489 Videtur
1044 460 1184 490 autem
1216 454 1434 492 excessisse
1466 455 1585 493 rebus
1618 456 1807 494 humanis

106 516 202 546 ante
216 521 372 545 annum
384 508 646 546 millesimum
662 509 1045 557 CCCLXXXVIH,
1061 525 1153 548 cum
1173 512 1214 549 in
1227 512 1371 550 eodem
1389 513 1534 550 Diario
1558 514 1807 552 adnotatum

105 567 158 604 sit
176 567 240 605 die
259 575 407 604 octava
423 567 603 616 januarii
621 568 727 605 illius
747 569 843 605 anni
861 569 971 618 apud
990 570 1245 608 Avenionem
1264 571 1485 621 sigillatam
1504 573 1627 611 fuisse
1645 573 1807 611 literam

104 626 157 663 ad
169 626 428 663 senescallum
444 626 655 663 Provincie
670 641 740 675 pro
758 627 857 676 filiis
876 628 1018 665 Jacobi
1033 629 1078 665 de
1094 628 1206 676 Seva,
1218 644 1338 679 super
1349 631 1591 669 restitutione
1607 631 1663 669 eis
1677 632 1808 681 fienda

104 685 149 722 de
172 683 341 722 Laureis
364 693 399 722 et
421 684 646 722 Cadenneto
670 694 704 722 et
727 686 861 723 ceteris
886 686 1031 736 quibus
1053 688 1216 736 fuerunt
1237 689 1413 737 spoliati.

157 743 200 781 P.
218 743 308 791 417,
323 743 390 792 lig.
407 742 469 781 31.
489 743 725 781 Rogamus
744 745 1143 783 DE··GF.BENN15.Vir
1157 748 1516 795 eloquentissimus
1544 757 1584 787 et
1616 750 1804 788 veritatis

104 802 427 847 amantissimus,
447 802 509 839 uti
528 802 681 852 scripta
701 803 788 852 ejus
809 804 970 842 docent.
990 804 1189 842 Odoricus
1209 806 1464 854 Raynaldus,
1480 821 1545 846 an.
1569 807 1683 855 1371,
1708 809 1724 857 ἓ
1743 809 1804 856 10,

103 861 279 899 referens
314 862 419 898 hanc
454 862 704 899 creationem
738 862 1010 900 cardinalium
1043 878 1093 901 ex
1126 864 1201 902 hoc
1236 873 1375 902 nostro
1408 875 1589 913 auctore,
1627 881 1720 904 cum
1753 867 1805 905 ad

106 920 336 959 Robertum
362 929 535 958 ventum
562 929 637 965 est,
665 922 871 959 exclamat
900 937 906 959 τ,
936 921 1016 958 Hic
1041 931 1175 971 postea
1201 924 1375 972 plurimo
1401 924 1631 962 Christiano
1657 940 1803 974 cruore,

103 994 214 1028 quem
240 979 283 1016 in
311 979 420 1016 bellis
443 979 612 1028 suderat,
639 980 837 1017 delibutus
862 981 1083 1018 cathedram
1108 982 1354 1030 pestilentiae
1378 984 1554 1021 ascendit
1577 993 1611 1022 et
1633 984 1806 1022 schisma

102 1038 146 1075 in
167 1038 244 1075 Dei
269 1038 449 1075 Ecclesia
473 1038 687 1075 Clementis
719 1038 805 1075 VII
829 1048 984 1088 accepto
1011 1040 1169 1077 nomine
1195 1042 1393 1089 conflavit.
1414 1042 1553 1089 Idem,
1585 1057 1650 1082 an.
1688 1043 1802 1091 1376,

107 1097 124 1145 ξ
150 1097 210 1144 10,
236 1097 295 1134 ait
319 1097 509 1135 eumdem
536 1097 766 1135 Robertum
791 1112 813 1134 a
839 1098 1032 1147 Gregorio
1060 1099 1119 1135 Xl
1145 1100 1314 1137 missum
1339 1100 1379 1137 in
1412 1101 1574 1138 ltaliam
1600 1102 1804 1151 carnificis

100 1156 238 1206 potius
265 1170 382 1205 quam
406 1156 525 1204 legati
548 1157 757 1205 apostolici
783 1171 942 1194 munere
967 1158 1188 1206 digniorem
1216 1158 1335 1196 fuisse
1355 1159 1379 1197 ¹.
1408 1160 1572 1198 Judicio
1597 1169 1738 1198 tamen
1763 1170 1802 1199 et

99 1215 321 1265 prudentia
350 1215 473 1253 isthic
503 1215 641 1265 potius
673 1229 774 1265 opus
805 1223 893 1253 erat
924 1230 1048 1265 quam
1080 1217 1298 1254 verborum
1331 1220 1588 1257 contumeliis
1619 1227 1692 1257 aut
1723 1220 1800 1258 elo-

100 1274 282 1323 quentia>
317 1274 424 1322 Quid
453 1274 484 1311 si
515 1288 588 1323 ego
618 1282 909 1323 argumentum
948 1275 1060 1312 istud
1098 1284 1360 1325 retorqueam
1389 1277 1585 1315 adversus
1616 1278 1802 1316 divinum

97 1332 211 1371 illum
226 1333 361 1371 virum
376 1333 592 1371 Urbanum
606 1341 770 1371 sextum
785 1341 1003 1383 tantopere
1016 1335 1231 1371 laudatum
1246 1349 1267 1372 a
1283 1336 1514 1384 Raynaldo,
1529 1351 1650 1386 quem
1663 1345 1803 1376 tamen

99 1406 148 1430 ex
167 1406 367 1430 consensu
380 1392 668 1430 historicorum
687 1393 792 1430 illius
806 1392 911 1439 aevi,
925 1393 1049 1430 etiam
1070 1407 1210 1431 corum
1227 1395 1295 1443 qui
1311 1403 1448 1443 partes
1468 1396 1554 1444 ejus
1575 1396 1800 1444 sequeban-

97 1459 178 1498 tur,
205 1459 371 1490 constat
396 1451 518 1489 fuisse
544 1452 753 1489 hominem
778 1452 992 1499 furiosum,
1020 1453 1238 1500 crudelem,
1264 1453 1526 1492 immanitate
1552 1454 1800 1492 barbarum?

99 1510 194 1547 Jam
210 1511 242 1548 si
257 1510 421 1560 sanguis
437 1511 642 1548 humanus
659 1510 701 1548 in
716 1510 821 1548 bello
838 1511 951 1548 fusus
966 1511 1159 1560 inquinat
1175 1512 1306 1549 vitam
1323 1513 1571 1550 Pontificum
1592 1513 1796 1550 Romano-

97 1583 202 1616 rum,
231 1569 324 1607 vide
352 1577 557 1619 quantum
585 1570 733 1607 vulnus
761 1570 923 1619 infligas
952 1570 1084 1608 eidem
1114 1570 1296 1617 Urbano,
1326 1585 1447 1620 quem
1477 1572 1719 1621 Radulphus
1748 1572 1796 1609 de

100 1627 205 1666 Rivo
241 1628 295 1678 [p.
323 1627 413 1678 56],
439 1628 617 1667 decanus
643 1628 905 1677 'l'ungrensis,
931 1637 1052 1666 taxat
1076 1638 1122 1667 ut
1148 1638 1358 1667 auctorem
1384 1631 1528 1668 nefarii
1561 1631 1654 1669 belli
1689 1632 1797 1680 quod

97 1687 327 1725 excitatum
355 1695 417 1725 est
443 1687 551 1725 inter
578 1687 729 1737 Anglos
759 1695 799 1726 et
825 1688 985 1737 Belgas,
1014 1696 1053 1726 et
1082 1689 1342 1737 gravissimas
1371 1703 1522 1738 poenas
1550 1704 1623 1727 suo
1650 1691 1797 1727 scelere

96 1746 238 1796 dignas
261 1747 486 1796 suscepisse
509 1747 581 1794 ait,
605 1755 646 1785 et
668 1761 690 1784 a
715 1760 796 1795 quo
820 1747 1048 1793 Ciaconius,
1072 1762 1110 1796 p.
1135 1747 1224 1795 975,
1249 1748 1307 1785 ait
1329 1748 1538 1786 recessisse
1570 1748 1727 1786 Pileum
1750 1749 1798 1786 de

97 1805 222 1843 Prata
245 1814 501 1843 commotum
524 1805 745 1844 severitate
768 1805 855 1855 ejus
879 1814 920 1844 et
942 1806 1072 1855 rigido
1094 1807 1271 1855 ingenio,
1296 1807 1364 1856 qui
1388 1807 1548 1856 aliquot
1571 1807 1795 1845 cardinales

96 1872 277 1911 necarat,
291 1864 451 1914 aliquot
466 1866 618 1902 honore
632 1865 886 1914 privaverat,
902 1873 943 1903 et
957 1865 1062 1903 bella
1077 1880 1127 1903 ex
1140 1865 1252 1903 bellis
1267 1866 1437 1904 serendo
1456 1866 1619 1904 Italiam
1636 1880 1797 1904 omnem

94 1923 444 1962 conturbaverat?
468 1924 575 1972 Quid
595 1938 757 1961 rursum
779 1924 901 1962 facies
925 1924 1035 1961 Aulio
1061 1924 1098 1961 ll
1131 1939 1250 1973 quem
1283 1939 1428 1973 negare
1450 1939 1532 1962 non
1553 1933 1669 1974 potes
1692 1925 1795 1963 bella

94 1982 288 2021 continue
318 1983 486 2032 gessisse
516 1997 587 2032 per
616 1983 751 2032 plures
782 1997 930 2025 annos:
963 1983 1011 2021 de
1042 1997 1122 2032 quo
1152 1984 1251 2021 haec
1280 1985 1410 2033 legere
1440 1992 1557 2033 potes
1587 1984 1628 2021 in
1659 1984 1795 2022 libello

96 2041 256 2079 Erasmi
286 2055 407 2091 quem
434 2041 643 2091 inscripsit
670 2041 827 2079 Bellum
854 2042 963 2079 dulce
1003 2042 1231 2091 inexpertis,
1260 2042 1330 2080 Ait
1359 2042 1466 2080 enim
1497 2042 1584 2092 [fol.
1616 2042 1663 2079 19
1695 2042 1759 2092 vo]
1784 2059 1790 2079 :

94 2099 156 2138 Sit
185 2115 304 2150 penes
336 2100 496 2138 Julium
530 2100 619 2138 belli
650 2101 789 2149 gloria,
822 2100 963 2138 habeat
993 2101 1054 2138 illi
1083 2101 1164 2137 sibi
1193 2115 1288 2138 suas
1319 2101 1515 2145 victorias,
1546 2101 1686 2139 habeat
1714 2101 1794 2138 sibi

93 2159 330 2209 magnificos
353 2159 589 2209 triumphos,
615 2173 713 2209 quae
738 2174 855 2209 quam
879 2160 1037 2197 deceant
1060 2159 1338 2197 Christianum
1362 2160 1589 2209 pontificem
1614 2160 1720 2197 haud
1743 2168 1796 2197 est

93 2219 169 2255 mei
186 2218 386 2256 similium
401 2219 673 2268 pronuntiare.
697 2218 837 2256 Dicam
856 2218 924 2255 hoc
942 2219 1065 2264 modo,
1086 2218 1253 2267 gloriam
1267 2218 1378 2255 illius
1391 2219 1685 2268 qualiscumque
1701 2219 1792 2267 fuit,

92 2291 181 2315 cum
196 2277 462 2327 plurimorum
478 2277 597 2315 exitio
614 2278 816 2327 doloreque
832 2277 1083 2325 conjunctam
1098 2277 1236 2326 fuisse.
1264 2277 1397 2326 Longe
1413 2278 1504 2326 plus
1521 2291 1629 2314 verae
1646 2277 1792 2325 gloriae

92 2336 220 2385 pariet
247 2336 372 2374 Leoni
402 2344 532 2374 nostro
560 2351 641 2386 pax
669 2336 756 2374 orbi
784 2337 936 2374 reddita
966 2351 1083 2385 quam
1115 2336 1227 2373 Julio
1255 2344 1490 2385 pepererunt
1517 2344 1569 2373 tot
1599 2336 1696 2373 bella
1724 2350 1792 2385 per

93 2395 322 2432 universum
342 2395 472 2432 orbem
492 2396 551 2433 vel
569 2395 736 2433 eaecitata
754 2395 906 2444 fortiter
926 2396 983 2432 vel
1003 2403 1107 2443 gesta
1127 2394 1304 2444 feliciter.
1328 2394 1417 2432 Seio
1439 2394 1661 2432 Odoricum
1684 2395 1792 2443 Ray-

91 2453 276 2501 naldum,
304 2461 351 2491 ut
377 2454 476 2504 ipse,
505 2468 570 2492 an.
603 2454 716 2501 1378,
752 2453 768 2482 9
796 2454 858 2501 56,
887 2454 1121 2503 profitetur,
1150 2467 1222 2491 sua
1250 2453 1453 2503 accepisse
1488 2467 1538 2491 ex
1564 2453 1792 2491 rationibus

92 2513 379 2551 communibus
397 2521 568 2562 propter
586 2527 687 2562 quas
707 2513 866 2562 Anglici
885 2512 1085 2550 tenebant
1103 2526 1176 2561 pro
1195 2525 1303 2562 papa
1322 2526 1395 2550 suo
1413 2512 1789 2549 Bartholomaeum.

94 2572 185 2621 lpse
207 2572 316 2610 enim
337 2572 427 2610 illas
450 2571 593 2610 edidit.
622 2572 668 2609 In
691 2580 808 2610 sexta
832 2571 990 2609 decima
1015 2585 1110 2608 vero
1142 2571 1200 2608 ita
1232 2571 1381 2619 legitur
1404 2586 1412 2608 :
1436 2570 1617 2608 Preterea
1647 2570 1793 2608 dicitur

91 2631 361 2677 communicer,
384 2638 460 2668 etc.
482 2629 508 2669 ².
533 2630 740 2668 Adversus
762 2631 868 2668 hanc
889 2644 959 2668 seu
982 2629 1310 2668 criminationem
1331 2643 1401 2666 seu
1422 2629 1671 2667 calumniam
1692 2629 1791 2666 nihil

138 2744 170 2777 1.
201 2743 269 2776 Les
300 2748 517 2786 arguments
549 2743 643 2775 dont
672 2755 709 2776 se
739 2749 816 2776 sert
846 2743 982 2775 Baluze
1014 2753 1110 2785 pour
1139 2741 1360 2774 innocenter
1392 2741 1534 2774 Robert
1565 2741 1608 2774 de
1640 2741 1788 2774 Geneve

89 2802 176 2830 sont
191 2796 334 2830 faibles.
353 2796 422 2829 Les
438 2797 612 2829 cruautes
629 2796 824 2829 commises
842 2796 862 2827 a
879 2795 1014 2828 Cesene
1030 2806 1076 2827 en
1092 2794 1226 2827 sevrier
1242 2795 1334 2827 1377
1351 2794 1530 2836 chargent
1541 2805 1581 2826 sa
1596 2794 1789 2833 memoire;

89 2850 302 2893 cepcndant
320 2848 363 2882 N.
381 2848 507 2881 Valois
524 2859 544 2880 a
559 2854 754 2891 sagement
770 2849 926 2881 observe
943 2859 1014 2891 que
1031 2859 1045 2877 <t
1060 2853 1144 2880 tous
1161 2847 1210 2879 les
1227 2847 1336 2880 recits
1354 2847 1522 2880 detailles
1539 2847 1589 2879 du
1604 2858 1788 2880 massacre

90 2902 133 2935 de
154 2902 289 2935 Cesene
308 2903 487 2935 emanent
506 2901 712 2934 d’ennemis
733 2901 783 2933 du
802 2900 969 2933 cardinal
987 2913 1018 2939 »;
1040 2906 1065 2933 t.
1085 2912 1109 2939 1,
1131 2911 1164 2943 p.
1187 2900 1249 2938 81;
1270 2899 1351 2932 voir
1369 2899 1468 2933 aussi
1487 2899 1527 2932 L.
1549 2911 1623 2932 von
1643 2900 1787 2940 Pastor,

94 2955 298 2988 Geschichte
322 2955 382 2987 der
405 2954 551 2997 Piipste,
581 2954 1013 2997 Fribourg-en-Brisgau,
1041 2953 1146 2992 1925,
1175 2958 1200 2985 t.
1227 2965 1251 2991 1,
1279 2964 1313 2995 p.
1342 2953 1421 2985 116.
1447 2971 1497 2975 -
1520 2952 1609 2985 Voir
1634 2964 1697 2985 sur
1721 2965 1788 2986 son

88 3008 283 3051 episcopat
308 3008 329 3040 a
354 3006 528 3040 cambrai
556 3006 601 3039 H.
630 3006 810 3039 Dubrulle
841 3004 945 3049 (Une
969 3007 1212 3039 mesaventure
1235 3005 1276 3038 de
1299 3005 1429 3037 Robert
1453 3006 1494 3038 de
1523 3004 1667 3044 Οεηὲνε,
1696 3006 1787 3038 dans

87 3061 207 3094 Revue
232 3061 291 3094 des
317 3059 481 3093 Sciences
505 3059 798 3102 ecclesiastiques,
826 3065 852 3092 t.
882 3060 1033 3091 Lxxxrx
1063 3057 1196 3101 (1904),
1226 3069 1260 3101 p.
1288 3058 1474 3100 409-412).

137 3115 168 3147 2.
198 3114 347 3153 Baluze,
376 3119 402 3146 t.
429 3124 480 3152 ιν,
508 3124 543 3156 p.
573 3112 652 3146 246.
