2083 3458
90 214 214 269 [791]
612 230 829 255 PAPARUM
865 229 1249 255 AVENJONENsmM
1696 212 1777 254 293

78 313 229 351 ordinis
258 314 434 352 fratrum
463 313 667 351 Minorum
687 322 727 351 et
757 313 977 363 quemdam
997 313 1166 352 fratrem
1192 312 1343 352 ordinis
1372 313 1706 351 praedicatorum
1732 321 1779 350 ut

77 372 266 410 Lutetiae
284 372 445 422 publice
465 372 657 410 docerent
676 372 762 421 ejus
783 372 1028 422 opinionem.
1050 372 1128 410 Sed
1145 372 1230 422 ipse
1250 386 1339 410 eam
1359 371 1607 410 calumniam
1633 386 1780 422 purga—

76 433 136 470 vit
154 431 195 468 in
214 431 339 469 literis
353 431 365 453 1
385 431 437 468 ad
455 445 591 480 regem
611 430 848 480 Philippum
867 430 1026 481 scriptis
1047 446 1086 468 VI
1105 430 1194 469 idus
1223 430 1300 481 [10]
1323 431 1475 478 martii,
1504 444 1612 468 anno
1633 430 1779 468 XVIII

79 489 226 541 [1334],
256 504 359 539 quae
386 497 533 528 extant
567 489 678 540 apud
714 489 1004 539 Waddingum,
1032 503 1140 527 anno
1177 489 1290 537 1333,
1324 490 1340 538 ἓ
1370 490 1414 527 11
1454 489 1498 540 [t.
1528 504 1596 537 vn,
1619 504 1658 540 p.
1688 488 1777 538 145]

79 557 120 588 et
146 549 256 599 apud
282 548 504 587 Odoricum
526 548 804 597 Raynaldum,
826 563 933 585 anno
955 548 1068 595 1334,
1096 548 1112 597 ἓ
1133 548 1194 587 30.

136 608 246 646 Inter
268 622 334 646 eos
356 622 453 645 vero
477 607 546 657 qui
567 607 661 644 huic
684 607 988 656 congregationi
1011 607 1227 645 doctorum
1251 607 1536 646 parisiensium
1561 607 1781 646 interfuere

80 675 177 705 sunt
195 666 381 705 nonnulli
395 680 567 716 magnae
582 665 715 703 famae
736 679 1059 716 magnarumque
1075 666 1292 711 virtutum,
1309 666 1350 704 in
1369 666 1509 716 primis
1524 681 1620 704 vero
1637 666 1780 705 Petrus

80 726 128 764 de
165 725 318 764 Palude
353 725 588 775 patriarcha
626 725 1038 773 Hierosolymitanus,
1076 725 1219 763 Petrus
1258 725 1419 775 Rogerii
1454 725 1782 775 archiepiscopus

83 785 440 834 Rothomagensis,
460 784 593 822 dictus
623 791 765 833 postea
786 783 968 821 Clemens
989 784 1046 820 VI
1065 798 1186 833 papa,
1208 784 1400 822 Nicolaus
1431 785 1480 822 de
1508 783 1628 833 Lyra,
1661 798 1782 833 quem

81 843 252 882 scientia
280 857 488 881 sacrarum
515 842 810 893 scripturarum
838 843 1016 880 multum
1040 842 1291 882 nobilitavit.
1322 844 1466 881 Petrus
1495 844 1543 881 de
1565 844 1665 881 Casa
1693 851 1784 880 tum

82 902 248 952 quidem
270 902 379 952 prior
402 902 597 952 generalis
622 901 772 939 ordinis
797 901 972 939 fratrum
996 901 1321 947 Carmelitarum,
1345 910 1488 952 postea
1512 916 1608 940 vero
1631 902 1782 952 episco-

80 976 155 1012 pus
191 961 450 999 Vasionensis
487 969 527 999 et
561 960 796 1011 patriarcha
833 959 1245 1009 Hierosolymitanus,
1282 961 1455 1010 denique
1494 961 1698 999 Robertus
1734 960 1782 998 de

80 1020 224 1058 Bardis
243 1020 270 1067 ²,
289 1020 358 1070 qui
375 1028 518 1070 postea
530 1020 610 1058 fuit
627 1018 890 1057 cancellarius
910 1019 1112 1057 Ecclesiae
1130 1019 1378 1067 Parisiensis,
1397 1018 1511 1069 cujus
1529 1020 1780 1070 praeclaram

82 1079 321 1118 memoriam
346 1079 446 1118 facit
471 1078 655 1117 studium
690 1092 770 1128 quo
805 1077 1014 1116 ferebatur
1038 1092 1130 1127 erga
1157 1092 1361 1116 sermones
1389 1078 1521 1116 sancti
1547 1078 1779 1128 Augustini,

81 1153 181 1188 quos
207 1138 412 1188 collegisse
437 1152 530 1176 eum
553 1138 594 1175 in
627 1152 756 1175 unum
781 1152 926 1187 corpus
962 1145 1126 1175 constat
1158 1151 1208 1174 ex
1239 1137 1414 1175 vetustis
1445 1137 1651 1175 codicibus
1685 1151 1776 1175 mss.

79 1197 352 1236 bibliothecae
383 1197 517 1248 regiae
548 1205 590 1235 et
621 1196 891 1235 Colbertinae.

135 1257 177 1294 P.
203 1256 290 1304 175,
313 1256 379 1306 lig.
404 1256 439 1295 9.
466 1256 615 1301 USQUE
640 1270 695 1292 AD
722 1256 1007 1294 EPIPHANIAM.
1034 1255 1282 1304 Legendum,
1309 1269 1426 1305 usque
1448 1255 1499 1292 ad
1520 1254 1782 1292 circumcisio—

83 1330 181 1354 nem.
205 1316 311 1353 Nam
330 1315 363 1353 si
382 1329 428 1354 ea
449 1315 686 1353 testimonia
706 1315 810 1353 lecta
832 1322 928 1352 sunt
947 1329 1018 1364 per
1038 1314 1218 1363 quinque
1239 1313 1337 1360 dies,
1358 1328 1403 1352 ea
1424 1329 1519 1352 vero
1539 1314 1659 1352 lectio
1678 1313 1783 1352 ince-

82 1374 143 1424 pit
173 1374 236 1413 die
267 1389 400 1412 xxvm
431 1374 670 1421 decembris,
702 1374 968 1412 manifestum
997 1381 1059 1411 est
1092 1372 1204 1411 illam
1237 1373 1397 1410 finitam
1427 1388 1510 1411 esse
1550 1373 1613 1410 die
1651 1372 1781 1422 prima

81 1433 259 1482 januarii
274 1433 301 1472 3.

136 1492 177 1530 P.
202 1492 289 1540 175,
309 1493 376 1543 lig.
400 1492 460 1532 10.
483 1493 723 1531 CONCLUSIT
739 1506 792 1529 UT
815 1506 963 1539 sUPRA,
980 1491 1106 1538 idest,
1129 1491 1239 1540 quod
1256 1490 1296 1528 in
1314 1491 1524 1540 praedicta
1546 1490 1784 1540 quaestione

81 1551 181 1588 nihil
209 1551 442 1590 definiendo
470 1551 539 1590 sed
566 1551 778 1590 recitando
806 1551 980 1597 dixerat,
1009 1559 1050 1588 et
1078 1550 1187 1600 quod
1215 1558 1384 1600 paratus
1408 1557 1513 1587 esset
1535 1563 1724 1588 revocare
1752 1549 1784 1587 si

82 1624 161 1659 qua
184 1625 350 1649 erronea
372 1611 554 1650 dixisset.
581 1610 686 1648 Huic
707 1611 762 1648 rei
785 1609 1069 1648 testimonium
1090 1609 1279 1659 perhibet
1300 1608 1425 1647 etiam
1445 1608 1632 1658 capitalis
1653 1622 1783 1658 papae

82 1669 252 1708 Joannis
275 1669 463 1708 inimicus
486 1669 736 1720 Bonagratia
760 1669 870 1719 apud
895 1668 1116 1706 Odoricum
1142 1668 1419 1717 Raynaldum,
1444 1682 1508 1706 an.
1536 1667 1650 1714 1334,
1680 1667 1696 1715 ἓ
1720 1666 1782 1708 29.

80 1728 150 1765 ubi
172 1729 271 1767 haec
292 1729 418 1767 verba
442 1729 612 1767 Joannis
634 1729 758 1767 refert
773 1728 933 1778 publice
957 1727 1066 1765 dicta
1089 1741 1226 1765 coram
1243 1726 1517 1765 cardinalibus
1540 1734 1581 1765 et
1602 1725 1780 1764 maxima

81 1788 345 1826 multitudine
365 1789 644 1838 praelatorum
665 1795 706 1825 et
726 1787 975 1834 clericorum,
997 1786 1037 1824 id
1057 1795 1132 1833 est,
1150 1794 1244 1836 post
1263 1786 1480 1824 lectionem
1501 1785 1681 1835 quinque
1702 1784 1782 1822 die-

79 1861 170 1883 rum
203 1862 210 1884 :
245 1846 351 1896 Quia
382 1862 451 1884 nos
481 1847 708 1885 studuimus
742 1846 784 1883 in
815 1845 1095 1895 originalibus,
1130 1845 1205 1883 ista
1236 1844 1529 1895 proposuimus,
1566 1844 1783 1894 Nunquam

81 1913 210 1943 tamen
223 1905 302 1954 suit
319 1915 444 1944 nostre
461 1906 692 1944 intentionis
708 1905 832 1943 dicere
847 1905 1002 1955 aliquid
1016 1913 1149 1942 contra
1166 1904 1292 1954 fidem.
1307 1904 1358 1941 Et
1372 1904 1407 1941 si
1424 1903 1578 1953 aliquid
1593 1903 1780 1949 discimus,

81 1972 201 2002 totum
229 1979 274 2002 ea:
303 1980 407 2003 nunc
435 1980 670 2003 revocamus.
704 1965 815 2012 Quae
844 1965 969 2002 verba
1000 1978 1091 2002 vere
1121 1978 1205 2001 esse
1236 1963 1406 2001 Joannis
1433 1970 1549 2012 patet
1578 1961 1703 2000 etiam
1732 1976 1781 1999 ex

82 2037 200 2073 Opere
241 2024 445 2062 Guillelmi
484 2024 669 2065 Ockami.
709 2024 819 2073 quod
859 2023 1039 2069 vocavit,
1079 2021 1392 2072 Compendiumss
1437 2036 1608 2058 errorum
1658 2021 1780 2058 Jocm-

82 2082 146 2119 nis
185 2083 335 2122 XXII.

136 2141 178 2180 P.
205 2141 292 2190 175,
315 2142 382 2192 lig.
409 2142 468 2181 12.
495 2143 664 2180 SEPTEM
692 2156 1018 2181 CARmNALmus.
1042 2140 1212 2179 Difficile
1235 2148 1297 2178 est
1323 2148 1432 2178 certo
1456 2139 1616 2188 assequi
1639 2152 1779 2176 eorum

80 2200 259 2239 nomina.
288 2201 373 2251 Ego
399 2209 539 2240 tamen
563 2202 662 2240 istos
690 2201 811 2239 fuisse
830 2200 1082 2246 crediderim,
1110 2200 1219 2249 quod
1239 2213 1304 2237 eos
1324 2198 1539 2249 praecipue
1559 2197 1600 2235 in
1619 2205 1779 2247 partem

81 2273 271 2297 curarum
293 2274 439 2299 vocare
462 2261 605 2299 solitus
629 2261 682 2298 sit
706 2261 885 2298 Joannes
908 2273 1016 2310 papa
1039 2267 1130 2296 tum
1152 2266 1320 2308 propter
1365 2256 1778 2306 consanguinitatem,

80 2325 170 2356 tum
195 2327 363 2369 propter
388 2319 619 2358 doctrinam
645 2333 784 2358 eorum
809 2327 883 2356 aut
908 2318 1103 2356 affectum
1130 2331 1209 2367 quo
1235 2332 1301 2355 eos
1327 2316 1664 2367 prosequebatur.
1695 2314 1778 2352 Hos

78 2377 220 2427 itaque
236 2377 357 2416 fuisse
374 2386 490 2428 puto,
508 2379 676 2416 Petrum
693 2378 742 2416 de
760 2378 891 2416 Pratis
909 2377 1146 2427 episcopum
1162 2375 1487 2422 Praenestinum,
1503 2373 1778 2411 Bertrandum

80 2435 129 2474 de
168 2436 312 2486 Pojeto
349 2437 586 2487 episcopum
624 2437 867 2484 Ostiensem,
899 2444 1092 2486 nepotem
1121 2449 1266 2486 papae,
1306 2434 1569 2472 Gaucelmum
1607 2431 1777 2469 Joannis

129 2616 160 2649 1.
187 2615 332 2649 Denisse
354 2622 392 2649 et
414 2615 621 2655 Chatelain,
646 2615 931 2653 Clzwarculmium,
957 2620 981 2646 t.
1004 2626 1041 2653 11,
1066 2625 1099 2646 n.
1125 2613 1204 2646 984.

129 2670 159 2702 2.
183 2669 326 2702 Robert
344 2668 518 2702 n’assista
536 2680 602 2712 pas
622 2669 642 2700 a
660 2669 695 2701 la
713 2667 870 2701 reunion
888 2668 931 2700 de
952 2667 1177 2704 Vincennes;
1196 2665 1220 2697 il
1238 2663 1386 2707 signifia
1404 2674 1471 2696 son
1490 2662 1735 2695 assentiment
1754 2661 1776 2694 a

80 2722 114 2754 la
135 2721 299 2755 decision
319 2723 363 2755 de
382 2734 438 2755 ses
459 2721 557 2765 pairs
582 2720 740 2763 (Denisse
761 2727 799 2753 et
819 2719 1026 2758 Chatelain,
1048 2731 1104 2762 op.
1126 2719 1197 2757 cit„
1220 2724 1245 2750 t.
1265 2729 1302 2755 11,
1325 2728 1359 2760 p.
1382 2716 1478 2757 431).
1499 2734 1548 2737 —
1566 2714 1774 2757 L’ouvrage

80 2774 151 2808 cite
169 2786 237 2818 par
252 2775 388 2808 Baluze
406 2787 442 2808 se
460 2781 594 2807 trouve
612 2775 704 2807 dans
722 2774 752 2807 le
775 2772 986 2813 Vaticanus,
1005 2772 1099 2804 latin
1110 2771 1191 2809 479,
1210 2776 1248 2803 ct
1265 2770 1356 2802 dans
1374 2769 1406 2801 le
1424 2780 1490 2801 ms,
1507 2767 1601 2800 latin
1617 2766 1713 2800 2030
1730 2768 1774 2800 de

77 2828 113 2860 la
140 2827 403 2871 Bibliotheque
431 2827 633 2861 nationale.

125 2881 157 2914 3.
175 2880 244 2914 Les
260 2880 495 2914 consistoires
511 2880 656 2924 publics
673 2885 804 2913 curent
819 2879 891 2912 lieu
908 2879 957 2910 du
974 2879 1017 2911 28
1034 2877 1228 2910 decembre
1244 2887 1291 2907 au
1307 2876 1326 2908 3
1342 2873 1488 2918 janvier
1503 2873 1596 2906 1334
1614 2872 1773 2915 (Denissc

75 2939 113 2965 et
129 2933 335 2974 Chatelain,
352 2932 639 2972 Chartularium,
656 2939 682 2966 t.
699 2945 734 2973 11,
753 2944 786 2966 n.
805 2933 890 2971 9833
907 2931 938 2963 le
954 2930 1044 2963 recit
1061 2930 1152 2962 d'un
1168 2928 1310 2962 temoin
1323 2939 1399 2960 non
1418 2926 1541 2959 utilise
1557 2937 1624 2970 par
1641 2926 1683 2958 N.
1700 2925 1773 2958 Va-

76 2986 143 3019 lois
160 2992 198 3019 et
214 2986 333 3020 insere
351 2987 443 3019 dans
461 2987 496 3019 la
513 2986 717 3029 chronique
736 2986 780 3018 dc
801 2984 1005 3027 Konigsaal
1026 2983 1170 3025 (Fontes
1187 2992 1306 3014 rerum
1322 2980 1612 3013 Austriacarum.
1634 2984 1658 3012 t.
1680 2976 1771 3018 vuzl,

76 3050 110 3082 p.
136 3039 327 3083 510-511);
350 3039 399 3072 H.
422 3039 477 3078 L.,
501 3045 528 3072 t.
552 3050 690 3077 xxxw,
714 3050 749 3081 p.
774 3037 958 3079 604-608).

125 3092 157 3125 4.
178 3092 276 3125 C'est
293 3103 339 3125 en
355 3091 484 3125 realite
502 3092 594 3124 dans
611 3092 643 3124 le
659 3091 713 3123 De
730 3089 958 3133 dogmatibus
975 3088 1136 3121 Joannis
1153 3098 1247 3131 pape
1267 3085 1449 3129 (Goldast,
1469 3090 1495 3119 t.
1514 3097 1550 3123 11,
1571 3096 1604 3127 p.
1624 3084 1720 3124 752).
