2083 3458
241 221 330 259 841}
899 236 1050 260 NOTAE
1085 236 1145 260 AD
1180 235 1308 260 VITAS
1788 217 1955 274 [1325]

244 318 484 356 Bracarensi
512 318 620 356 facta
649 333 742 356 cum
768 319 845 357 hac
872 318 1093 368 epigraphe
1123 334 1129 356 ι
1160 319 1322 367 Arenga
1340 317 1354 340 1
1382 333 1501 368 qnam
1536 318 1734 368 predictus
1773 318 1959 356 dominus

244 377 568 427 archiepiscopus
589 378 680 427 fecit
703 378 860 427 qzcando
883 377 1027 428 recepit
1047 378 1320 427 juramentum
1343 377 1547 427 fidelitatis
1569 393 1593 416 a
1616 378 1786 428 quodam
1815 377 1959 427 suffra-

247 451 368 486 ganeo
392 451 463 474 sno
487 437 683 487 episcopo.
711 438 764 475 Et
788 437 912 488 paulo
935 445 1030 487 post
1057 453 1063 475 ι
1091 437 1254 486 Arenga
1272 437 1286 460 2
1310 451 1380 487 per
1402 438 1582 475 eumdem
1610 437 1819 475 dominnm
1855 437 1960 486 facta

243 496 445 534 ecclesiam
482 496 773 534 Astoricensem
810 505 843 534 et
880 497 1112 546 episcopum
1149 511 1268 534 snum
1312 497 1616 546 suffraganeum
1653 496 1879 535 visitantem
1918 496 1960 534 in

242 556 339 604 sesto
359 555 594 593 Natiuitatis
617 556 720 593 beate
739 556 886 594 Marie.

298 616 417 653 Anno
451 615 705 663 MCCCLXI,
741 616 886 654 Petrus
919 630 991 653 rex
1024 615 1262 653 Lusitaniae
1295 624 1570 665 cognomento
1603 615 1776 654 crudelis
1810 630 1956 665 corpus

243 674 380 712 uxoris
403 689 499 712 suae
523 675 692 725 Agnetis
716 675 764 713 de
787 676 931 714 Castro
954 675 1024 713 diu
1046 683 1143 713 ante
1165 683 1354 714 mortuae
1376 675 1485 725 regia
1507 689 1660 726 pompa
1686 690 1737 713 ex
1759 673 1956 713 coenobio

244 734 419 772 Sanctae
438 735 577 772 Clarae
596 734 932 781 Conimbricensi,
950 734 1013 772 uti
1033 734 1223 773 Duardus
1244 734 1400 772 Nonius
1418 734 1574 782 scribit,
1592 735 1644 772 ad
1662 734 1954 773 Alcobaciense

243 793 456 831 transferri
477 794 652 841 curavit,
675 794 975 833 deducentibus
996 794 1097 832 illud
1117 793 1332 844 episcopis,
1354 793 1474 841 clero,
1496 802 1537 832 et
1558 794 1742 833 omnium
1764 794 1955 832 ordinum

243 853 492 900 hominibus,
508 862 633 903 atque
648 854 871 892 illustrium
886 862 1172 893 matronarum
1187 854 1404 892 comitatu.
1424 855 1535 892 Inter
1549 868 1614 892 eos
1630 868 1727 892 vero
1742 853 1953 903 episcopos

243 912 364 950 affuit
404 913 584 951 Joannes
625 913 673 951 de
713 914 966 952 Cardalhaco
1006 913 1337 964 archiepiscopus
1376 913 1657 960 Bracarensis3
1697 921 1897 963 extatque
1913 912 1955 950 in

243 972 387 1010 eodem
415 972 553 1011 codice
589 973 746 1010 sermo3
772 988 841 1023 per
877 974 1056 1011 eumdem
1080 974 1210 1022 sactus
1249 973 1293 1010 in
1318 974 1525 1023 sepultura
1562 972 1696 1022 regine
1722 972 1955 1022 Portngalie

242 1031 348 1080 jacta
363 1046 430 1081 per
444 1046 590 1080 regem3
606 1032 648 1070 in
663 1047 746 1082 quo
760 1048 854 1073 cum
868 1033 936 1071 illa
951 1033 1189 1071 nominetur
1204 1033 1353 1083 Agnes,
1370 1041 1529 1071 certum
1543 1041 1605 1071 est
1619 1032 1812 1071 habitum
1832 1031 1953 1070 fuisse

243 1090 311 1129 illo
330 1099 516 1141 tempore
538 1092 648 1142 quod
669 1107 792 1143 supra
813 1101 1007 1132 notatum
1028 1101 1102 1131 est.

299 1151 479 1189 „loannes
514 1152 781 1199 Froissartus,
813 1153 894 1191 vol.
926 1167 953 1200 1,
987 1166 1075 1202 cap.
1120 1167 1267 1199 cctvn,
1309 1166 1504 1190 enarrans
1536 1151 1808 1196 ‚incommoda
1850 1165 1955 1201 quae

248 1210 464 1258 Ruthenis,
507 1211 699 1250 Cadurcis
741 1220 783 1250 et
824 1212 1111 1252 Lemovicibus
1153 1211 1439 1249 inferebantur
1478 1226 1586 1249 anno
1629 1210 1954 1249 MCCCLXVIII

244 1278 414 1320 propter
435 1270 588 1309 bellum
612 1271 910 1321 Aquitanicum
932 1271 991 1310 ait
1014 1272 1161 1310 ducem
1184 1271 1540 1321 Andegavensem,
1571 1270 1642 1320 qui
1665 1279 1757 1309 tum
1784 1270 1954 1308 Tolosae

244 1337 346 1373 erat,
364 1324 719 1381 archiepiscopum
735 1331 1000 1378 Tolosanum,
1016 1331 1153 1370 virum
1170 1331 1340 1369 doctum
1356 1339 1397 1368 et
1412 1345 1548 1369 rerum
1564 1331 1667 1369 bene
1684 1330 1954 1380 gerendarum

244 1389 438 1439 peritum,
466 1390 621 1428 misisse
652 1390 859 1429 Divonam
887 1391 1181 1438 Cadurcorum,
1209 1390 1326 1440 cujus
1353 1398 1444 1428 tum
1471 1390 1685 1440 episcopus
1712 1397 1801 1428 erat
1828 1389 1954 1427 frater

191 1471 193 1473 ·
245 1449 428 1497 ejusdem
463 1449 772 1500 archiepiscopi,
805 1459 853 1489 ut
884 1464 975 1489 eam
1007 1450 1223 1490 civitatem
1255 1450 1538 1500 populumque
1570 1449 1628 1487 illi
1669 1448 1954 1488 contributum

244 1508 457 1546 reduceret
485 1510 537 1547 ad
568 1509 848 1550 obedientiam
876 1510 979 1560 regis
1010 1510 1277 1557 Francorum,
1306 1509 1430 1559 idque
1450 1524 1544 1549 eum
1566 1509 1736 1547 mirifice
1759 1507 1953 1547 effecisse.

246 1568 397 1608 Verum
429 1583 550 1618 porro
580 1584 664 1607 esse
697 1570 807 1619 quod
839 1570 898 1608 ait
930 1569 1197 1617 Froissartus,
1228 1568 1400 1607 missum
1431 1569 1553 1607 fuisse
1588 1568 1794 1606 Divonam
1824 1566 1953 1606 archi-

246 1626 485 1677 episcopum
516 1629 781 1676 Tolosanum,
812 1629 906 1667 hinc
937 1644 1101 1679 quoque
1131 1628 1262 1679 liquet
1294 1629 1404 1679 quod
1436 1628 1676 1667 Guillelmus
1707 1628 1883 1666 Cruceus
1913 1625 1956 1663 in

246 1686 355 1724 Serie
385 1687 661 1737 episcoporum
681 1688 1011 1736 Cadnrcensium,
1032 1704 1072 1739 p.
1090 1688 1181 1736 269,
1200 1696 1383 1726 testatur
1402 1688 1443 1725 in
1466 1688 1687 1725 Tabulario
1708 1686 1955 1726 Cadurcensi

245 1746 323 1795 legi
344 1747 599 1787 Gaufredum
619 1748 975 1799 archiepiscopum
995 1749 1246 1786 Tolosanum
1267 1762 1375 1785 anno
1396 1762 1520 1798 supra
1539 1747 1725 1794 laudato,
1748 1746 1811 1785 die
1830 1745 1954 1784 tertia

246 1806 394 1845 mensis
422 1806 630 1854 februarii,
656 1809 795 1857 palam
821 1808 869 1846 de
896 1808 1131 1847 consulibus
1158 1807 1484 1846 Cadurcensibus
1511 1806 1769 1846 sciscitatum
1793 1820 1878 1844 esse
1904 1819 1958 1843 an

246 1879 463 1914 agnoscere
499 1867 652 1905 vellent
686 1882 925 1917 supremum
959 1867 1061 1917 regis
1100 1866 1284 1905 Francici
1318 1866 1561 1913 dominium,
1597 1874 1639 1905 et
1681 1881 1734 1903 an
1776 1864 1957 1916 appella·

247 1924 407 1962 tionum
444 1925 656 1976 privilegio
693 1927 755 1965 uti
791 1927 958 1965 vellent.
999 1926 1105 1965 Hinc
1142 1926 1304 1976 collegit
1339 1926 1448 1966 idem
1485 1927 1660 1964 Cruceus
1701 1924 1957 1964 Gaufredum

247 1984 600 2035 archiepiscopum
621 1986 871 2025 Tolosanum
892 1986 1014 2025 fuisse
1036 1986 1207 2024 fratrem
1225 1985 1399 2035 Begonis
1430 1985 1611 2035 episcopi
1639 1983 1906 2024 Cadureensis
1926 1982 1956 2022 4.

248 2044 397 2081 Contra
428 2045 621 2092 Catellus,
651 2061 689 2096 p.
720 2046 810 2093 925,
841 2045 1152 2084 Sammarthani
1170 2045 1199 2093 5,
1228 2054 1258 2083 t.
1287 2061 1299 2083 1
1346 2045 1499 2083 Galliae
1538 2044 1685 2092 clm-ist„
1723 2059 1762 2095 p.
1792 2044 1882 2091 697,
1915 2051 1956 2081 et

247 2117 424 2153 nuperus
455 2112 598 2143 auctor
628 2105 857 2143 Annalium
888 2106 1188 2152 Tolosanorum,
1218 2119 1258 2155 p.
1290 2105 1379 2152 117,
1409 2118 1499 2143 eam
1528 2103 1745 2142 historiam
1771 2103 1957 2141 referunt

247 2162 299 2199 ad
334 2162 536 2201 Joannem
569 2163 617 2202 de
651 2165 904 2203 Cardalhaco
936 2164 1290 2215 archiepiscopum
1324 2165 1575 2202 Tolosanum
1606 2171 1648 2201 et
1677 2162 1956 2202 Bertrandum

249 2220 487 2272 episcopum
517 2223 818 2263 Cadurcensem
846 2224 1015 2263 fratrem
1046 2224 1153 2274 ejus,
1184 2224 1295 2273 quod
1324 2223 1492 2261 minime
1521 2236 1665 2261 verum
1694 2230 1768 2261 est.
1796 2221 1955 2272 Quippe

249 2280 629 2322 certis‘testimoniis
645 2292 904 2334 compertum
918 2284 1096 2322 habetur
1108 2283 1388 2322 Bertrandum
1402 2283 1641 2333 episcopum
1657 2282 1956 2321 Cadurcensem

249 2339 449 2379 interiisse
474 2356 583 2379 anno
606 2341 897 2391 MCCCLXVI,
919 2343 1036 2393 eique
1058 2357 1196 2381 mense
1212 2342 1320 2381 maio
1342 2342 1528 2392 ejusdem
1549 2341 1647 2379 anni
1664 2341 1956 2387 substitutum,

248 2398 370 2437 fuisse
386 2400 593 2450 Begonem
611 2402 823 2442 doctorem
841 2403 1114 2449 decretorum,
1132 2402 1173 2439 in
1190 2401 1416 2440 minoribus
1436 2401 1645 2440 ordinibus
1664 2400 1955 2439 constitutum.

249 2458 374 2496 Certis
412 2475 574 2498 rursum
609 2461 857 2502 testimoniis
895 2470 1155 2512 compertum
1190 2461 1369 2499 habetur
1406 2460 1646 2500 Gaffredum
1682 2460 1731 2498 de
1768 2457 1955 2508 Vayrolis

247 2518 426 2556 tenuisse
478 2534 522 2557 ea
581 2528 833 2571 tempestate
892 2521 1136 2560 cathedram
1198 2520 1454 2560 Tolosatium
1516 2528 1557 2558 et
1618 2534 1727 2557 anno
1789 2526 1957 2556 tantum

305 2688 330 2719 1.
368 2688 413 2721 Ul
431 2701 471 2725 8.,
492 2690 554 2722 sol.
577 2690 645 2722 240
663 2695 706 2723 1¹⁰.

302 2742 330 2773 2.
368 2742 413 2774 U!
429 2754 470 2781 .s·.‚
489 2743 550 2775 sol.
572 2744 636 2775 2421
658 2748 708 2776 v0.
726 2764 774 2766 —
790 2744 839 2777 Le
857 2740 962 2777 texte
980 2752 1088 2788 porte
1106 2745 1435 2778 Austorissensem.

300 2795 330 2825 3.
368 2794 413 2826 Ut
434 2806 475 2835 8.,
498 2796 561 2828 sol.
587 2797 651 2828 211
677 2802 720 2829 1·⁰.

298 2846 329 2878 4.
362 2846 527 2881 Gooss'roi
556 2849 599 2881 (lc
629 2850 790 2894 Vayrols
827 2851 861 2893 (Τ
882 2851 927 2884 10
950 2863 1050 2884 mars
1068 2852 1175 2895 1376)
1202 2852 1308 2884 n'eut
1329 2863 1396 2895 pas
1418 2863 1514 2894 pour
1534 2851 1630 2884 frere
1651 2850 1780 2893 Begon
1802 2849 1846 2882 de
1869 2848 1955 2881 Cas—

250 2899 379 2931 tclnxiu
399 2900 454 2942 (E.
474 2902 580 2939 Albe,
599 2903 745 2936 Amour
762 2904 803 2937 (Ze
819 2904 918 2937 Jean
934 2905 1073 2945 XXII,
1093 2911 1119 2937 t.
1137 2917 1160 2944 1,
1181 2917 1214 2949 p.
1241 2906 1309 2939 218
1332 2911 1370 2938 et
1385 2904 1482 2948 249).
1501 2905 1529 2937 Il
1551 2904 1612 2936 fut
1632 2903 1955 2937 successivement

250 2953 391 2994 ‹flw'wfuc
419 2954 462 2986 dc
490 2954 690 2988 Laus-‘inno
720 2957 778 2999 (20
804 2958 1011 2990 novembre
1038 2958 1161 3001 1342),
1190 2959 1233 2991 dc
1261 2958 1489 3001 Carpentras
1520 2957 1577 3000 (19
1595 2956 1733 2990 sevrier
1758 2955 1881 2998 1347),
1910 2955 1953 2987 de

251 3005 503 3039 Carcassonnc
529 3008 585 3047 (18
605 3009 754 3051 janvier
772 3010 879 3053 1357)
903 3017 942 3043 ct
960 3012 1197 3054 archeveque
1219 3012 1262 3044 de
1279 3011 1466 3044 Toulouse
1490 3011 1548 3054 (10
1567 3021 1667 3043 mars
1687 3009 1794 3053 1361)
1811 3022 1816 3049 ;
1834 3008 1953 3041 Eubel

255 3057 499 3099 (lliemrchz'a,
519 3067 544 3093 t.
562 3073 584 3096 1,
604 3073 637 3103 p.
657 3063 738 3101 166,
758 3064 839 3098 168,
860 3064 940 3099 297,
959 3064 1041 3107 488)
1062 3070 1100 3097 et
1116 3064 1210 3097 Albe
1231 3065 1301 3108 (op.
1320 3066 1391 3104 cit„
1411 3070 1437 3097 t.
1454 3076 1492 3103 11,
1512 3076 1545 3107 p.
1567 3062 1754 3105 255-259).

301 3112 330 3142 ἴ».
364 3111 534 3145 istem-<fur
553 3126 572 3145 a
592 3114 745 3157 disparu
766 3116 809 3148 de
830 3117 1001 3149 l⁷edition
1021 3118 1064 3150 de
1084 3118 1190 3157 1715,
1212 3124 1238 3150 t.
1257 3130 1281 3156 1,
1302 3118 1369 3150 col.
1391 3118 1569 3155 141-142;
1591 3123 1616 3149 t.
1638 3128 1718 3156 xm,
1740 3115 1807 3148 col.
1829 3115 1885 3147 42.
