2083 3458
244 258 325 299 284
890 269 1041 294 NOTAE
1075 268 1136 293 AD
1170 267 1298 293 VITAS
1821 250 1949 307 [782]

247 357 507 394 Francorum.
537 356 591 393 Et
616 355 658 393 in
684 354 845 402 Regesto
873 351 1074 399 LXXIV,
1103 365 1190 401 cap.
1221 365 1306 398 XVI,
1333 350 1541 389 habentur
1568 350 1737 390 literael
1763 350 1948 401 ejusdem

246 414 421 466 Philippi
440 415 561 453 datae
579 413 689 464 apud
707 413 904 451 Sanctum
920 411 1172 449 Germanum
1186 409 1228 447 in
1244 409 1343 448 Laia
1366 424 1474 448 anno
1491 409 1657 449 Domini
1671 409 1952 459 MCCCXLII,

247 475 296 525 [a.
323 474 391 523 st]
418 488 554 512 mense
578 471 786 518 februarii,
811 470 958 521 quibus
986 470 1191 508 Joannem
1212 469 1432 508 Bertrandi
1451 469 1500 508 de
1527 469 1788 508 Columbario
1820 468 1949 507 filium

245 534 454 583 quondam
474 531 679 570 Guillelmi
692 530 911 569 Bertrandi
926 529 1096 579 ejusque
1114 528 1262 567 liberos
1277 528 1492 579 utriusque
1512 543 1631 567 sexus
1645 528 1688 566 in
1702 536 1951 579 perpetuum

242 592 471 631 nobilitatis
506 591 712 642 plenariae
754 588 953 628 beneficio
998 588 1178 636 decorat,
1215 596 1263 626 ut
1300 587 1471 638 proinde
1506 588 1643 638 quoad
1686 587 1823 626 onmia
1862 595 1951 625 tam

243 652 466 702 praeterita
489 664 613 700 quam
635 649 774 688 futura
793 648 919 699 ipsius
936 646 1236 685 nobilitationis
1251 646 1410 697 juribus
1425 646 1583 697 integre
1597 647 1784 698 potiatur
1799 661 1846 685 ac
1861 647 1894 685 si
1909 646 1952 685 in

242 710 465 748 nativitate
488 709 632 748 fuisset
656 723 706 747 ex
728 707 933 746 nobilibus
960 721 1103 757 genere
1128 706 1370 757 parentibus
1394 714 1645 757 procreatus.
1674 707 1820 756 Itaque
1843 720 1956 745 anno

243 769 441 807 MCCCX!
465 769 541 817 ΙΙΙ,
565 768 628 806 die
648 782 722 805 xx1
739 766 932 817 januarii,
951 766 1061 804 idem
1079 766 1260 804 Joannes
1277 765 1498 804 Bertrandi
1517 773 1693 804 vocatur
1713 765 1954 804 domicellus

242 828 282 865 in
316 827 446 866 veteri
466 827 742 865 instrumento
771 825 881 876 quod
907 825 1092 864 Andreas
1121 825 1377 864 Duchesnius
1405 824 1535 864 edidit
1559 824 1667 863 inter
1692 824 1954 863 Probationes

243 887 428 925 historiae
466 886 651 924 comitum
692 885 1050 932 Valenfinensium,
1086 899 1124 935 p.
1162 884 1224 933 25,
1258 884 1301 923 in
1336 899 1416 935 quo
1441 883 1552 923 idem
1587 884 1766 922 Joannes
1803 883 1953 923 dicitur

244 961 366 997 nepos
395 945 505 984 Petri
531 945 747 984 cardinalis
775 944 888 982 tituli
908 944 945 983 S.
968 944 1188 982 Clementis
1215 943 1396 982 etPetri
1423 943 1603 994 episcopi
1631 936 1950 983 Attrebatensis.

296 1005 385 1044 Juri
411 1004 607 1043 canonico
632 1012 673 1043 et
698 1003 807 1043 civili
833 1018 999 1054 operam
1025 1003 1183 1042 dedisse
1207 1004 1376 1042 Petrum
1398 1003 1618 1041 Bertrandi
1643 1003 1742 1041 satis
1769 1010 1952 1050 constat3

243 1072 440 1114 extatque
456 1064 498 1102 in
514 1063 651 1102 codice
667 1063 771 1102 2672
796 1063 1071 1102 bibliothecae
1094 1062 1352 1101 Colbertinae
1365 1062 1379 1085 '2
1393 1070 1599 1101 tractatus
1617 1064 1675 1100 De
1693 1061 1953 1100 ecclesiastiea

242 1131 276 1160 et
304 1122 473 1161 seculari
505 1130 700 1175 potestate,
732 1123 774 1161 in
814 1122 930 1172 cujus
963 1122 1071 1161 calce
1111 1122 1362 1160 adnotatum
1397 1130 1459 1160 est
1483 1129 1694 1160 auctorem
1725 1121 1831 1160 illius
1868 1136 1955 1160 esse⁴

244 1183 411 1222 Petrum
441 1182 660 1227 Bertrandi
701 1183 912 1221 doctorem
944 1181 1292 1220 Aurelianensem.
1329 1181 1439 1220 Hinc>
1466 1181 1508 1219 in
1546 1180 1674 1220 literis
1707 1180 1887 1232 Philippi
1918 1181 1953 1219 V

242 1242 343 1292 regis
380 1242 587 1291 Franciae,
624 1242 731 1280 datis
767 1241 878 1292 apud
912 1241 1083 1279 boscum
1117 1241 1365 1280 Vicenarum
1400 1240 1463 1279 die
1496 1241 1617 1280 lunae
1650 1240 1694 1278 in
1728 1240 1955 1279 crastinum

242 1294 477 1340 nativitatis
506 1301 617 1340 beati
638 1301 808 1339 Joannis
829 1301 1045 1351 Baptistae
1081 1300 1145 1351 [25
1166 1300 1278 1351 juin]
1303 1314 1411 1338 anno
1430 1300 1693 1348 MCCCXIX‚
1715 1299 1954 1354 nominatur

241 1360 348 1399 inter
368 1369 494 1399 testes
518 1361 712 1411 magister
735 1361 778 1400 Ρ.
802 1360 1034 1399 Bertrandi.
1060 1360 1208 1398 Editae
1231 1368 1328 1398 sunt
1350 1360 1402 1397 ab
1425 1360 1570 1399 eodem
1593 1359 1826 1398 Duchesnio
1847 1359 1957 1397 inter

246 1420 505 1458 Probationes
529 1419 715 1458 historiae
740 1419 925 1457 comitum
953 1419 1313 1467 Valentinensiurn,
1336 1434 1376 1470 p.
1402 1419 1464 1458 28.

298 1480 471 1522 Famosa
501 1488 562 1518 est
591 1479 802 1517 annalium
824 1479 1103 1517 monumentis
1128 1478 1380 1517 concertatio
1404 1493 1508 1529 quae
1530 1492 1637 1516 anno
1661 1477 1954 1517 MCCCXXIX

244 1538 322 1576 fuit
347 1539 536 1577 Lutetiae
559 1539 666 1577 inter
690 1538 900 1589 episcopos
926 1546 967 1577 et
992 1538 1162 1577 Petrum
1186 1538 1234 1577 de
1260 1538 1468 1588 Cugneriis
1493 1538 1746 1576 advocatum
1768 1537 1925 1587 regium
1940 1536 1959 1559 3

244 1598 390 1636 acriter
414 1606 733 1648 conquerentem
756 1598 866 1648 quod
887 1597 1120 1647 jurisdictio
1143 1597 1417 1636 ecclesiastica
1441 1598 1493 1635 ad
1516 1612 1556 1635 se
1578 1597 1762 1635 traheret
1785 1604 1957 1635 cunctas

245 1671 386 1695 causas
419 1658 573 1707 absque
605 1657 777 1696 delectu.
815 1657 1056 1696 Inclaruisse
1088 1665 1229 1695 autem
1259 1657 1439 1695 multum
1471 1671 1516 1695 ea
1549 1656 1759 1695 occasione
1791 1663 1955 1695 constat

246 1716 414 1754 Petrum
434 1717 665 1755 Bertrandi.
690 1717 767 1755 Sed
787 1725 929 1755 tamen
944 1716 1125 1754 maxima
1146 1731 1240 1767 pars
1255 1716 1378 1766 hujus
1401 1716 1549 1766 egregii
1570 1715 1760 1754 facinoris
1782 1715 1956 1754 debetur

246 1775 365 1813 Petro
399 1776 574 1825 Rogerii,
606 1777 734 1814 electo
766 1776 1002 1823 Senonensi,
1035 1776 1104 1826 qui
1133 1790 1239 1814 unus
1270 1790 1343 1826 pro
1375 1776 1564 1814 omnibus
1595 1775 1808 1826 respondit
1838 1788 1955 1824 argu-

244 1834 391 1872 mentis
414 1835 547 1873 allatis
570 1849 591 1873 a
614 1835 735 1873 Petro
757 1835 805 1873 (16
827 1835 1034 1885 Cugneriis
1057 1835 1252 1873 adversus
1273 1835 1601 1885 jurisdictionem
1623 1833 1954 1873 ecclesiasticam.

245 1892 467 1931 Chronieon
493 1894 801 1943 Rothomagense
828 1895 986 1933 editum
1012 1909 1035 1932 a
1062 1894 1252 1945 Philippo
1280 1895 1446 1933 Labbeo
1484 1894 1529 1944 [t.
1556 1909 1582 1942 1,
1609 1909 1648 1944 p.
1677 1893 1777 1944 385]
1807 1893 1859 1931 ad
1885 1907 1956 1931 an-

245 1966 343 1990 num
374 1953 664 1991 MCCCXXIX
696 1970 702 1991 :
734 1954 820 1991 Hoc
849 1968 954 1991 anno
982 1953 1088 2003 faeta
1117 1954 1389 1992 convocatione
1419 1954 1656 2005 prelatorum
1686 1952 1804 1991 totius
1844 1952 1956 2002 regni

245 2011 279 2047 F
282 2012 414 2049 rancie
445 2027 575 2050 eoram
606 2027 690 2062 rege
720 2013 885 2065 fuerunt
913 2013 1027 2051 multi
1059 2013 1218 2051 articuli
1249 2013 1445 2064 propositi
1477 2021 1610 2050 contra
1639 2011 1957 2062 jurisdictionem

244 2071 556 2120 ecclesiasticam,
584 2073 651 2109 secl
676 2073 817 2122 prelati
846 2072 1131 2110 virtuosissime
1158 2073 1443 2123 responderunt
1469 2081 1503 2110 et
1529 2072 1695 2110 viriliter
1721 2071 1956 2118 restiterunt,

244 2138 277 2167 et
296 2130 480 2179 magister
497 2131 637 2169 Petrus
656 2132 816 2181 Rogerii
847 2132 1022 2182 [electus]
1043 2132 1296 2180 Senonensis,
1312 2132 1498 2181 magister
1517 2132 1560 2169 in
1574 2130 1778 2180 theologia,
1798 2144 1956 2180 respon-

245 2189 395 2227 sionem
426 2190 517 2239 jecit
549 2191 799 2241 solempniter
831 2205 902 2241 pro
935 2191 1110 2241 prelatis.
1140 2192 1264 2230 Patet
1295 2191 1422 2230 etiam
1446 2191 1560 2230 istud
1588 2205 1638 2229 ex
1670 2188 1814 2228 Acti84
1838 2189 1957 2228 istius

246 2249 552 2298 disputationis)
573 2264 676 2300 quae
699 2251 809 2288 edita
832 2258 929 2288 sunt
954 2250 1117 2289 Parisiis
1137 2265 1245 2289 anno
1269 2250 1552 2289 MCCCCXCV
1571 2259 1611 2288 et
1633 2249 1726 2289 dein
1749 2262 1891 2287 recusa
1915 2247 1958 2285 in

246 2308 494 2347 bibliotheca
537 2318 717 2359 patrum,
761 2318 801 2348 et
841 2309 1102 2360 reperiuntur
1143 2311 1426 2361 manuscripta
1467 2309 1509 2347 in
1552 2306 1732 2359 quinque
1774 2306 1956 2357 antiquis

247 2367 452 2405 codicibus
473 2368 745 2407 bibliothecae
766 2368 1036 2407 Colbertinae.
1061 2369 1264 2417 Quoniam
1283 2384 1380 2408 vero
1398 2369 1442 2407 in
1459 2370 1520 2407 his
1540 2368 1652 2406 Actis
1670 2381 1822 2406 nomen
1840 2366 1957 2405 electi

248 2425 488 2465 Senonensis
516 2442 597 2465 non
625 2428 826 2478 proditur,
856 2427 935 2465 fuit
965 2428 1032 2478 qui
1060 2436 1227 2478 putaret
1253 2429 1333 2466 ista
1359 2428 1572 2467 referenda
1601 2442 1684 2466 esse
1712 2427 1764 2465 ad
1793 2425 1956 2465 Guillel-

300 2559 326 2590 l.
357 2558 505 2598 Baluzc,
530 2565 555 2591 t.
579 2571 630 2599 lv,
655 2571 688 2602 p.
713 2554 768 2593 lif
1440 2554 1445 2607 ξ

303 2612 332 2643 2.
357 2611 396 2643 Β.
431 2610 487 2649 N„
512 2623 566 2643 nis
593 2612 687 2645 latin
719 2612 824 2652 4225,
852 2612 876 2645 f.
906 2614 922 2645 vl
951 2613 1050 2645 r0-14
1076 2617 1126 2646 νο.
1153 2632 1203 2635 —
1228 2612 1274 2646 Ce
1301 2612 1510 2646 manuscrit
1538 2624 1583 2645 ne
1618 2610 1788 2645 contient
1813 2622 1879 2654 pas
1905 2622 1958 2643 un

251 2676 411 2706 ouvrage
440 2665 483 2703 de
512 2664 633 2698 Picrre
660 2665 858 2705 Bertrand‚
887 2665 980 2699 mais
1007 2678 1059 2698 un
1084 2666 1359 2699 remaniement
1384 2665 1456 2699 fait
1481 2677 1549 2709 par
1574 2665 1626 2698 lui
1653 2665 1703 2697 du
1725 2664 1781 2697 De
1806 2663 1960 2706 Origine

249 2716 546 2758 jurisdiccionum
575 2719 618 2751 dc
650 2718 807 2751 Durand
837 2719 880 2752 (16
911 2719 1225 2765 Saint-Pourcain
1258 2719 1312 2762 (O.
1345 2719 1496 2759 Martin,
1526 2717 1767 2751 L’assemblee
1795 2717 1836 2750 de
1867 2716 1958 2750 Vin-

250 2780 376 2802 cennes-
405 2782 447 2802 en
475 2770 580 2810 1329,
613 2771 728 2811 Paris,
758 2769 864 2811 1909,
895 2784 930 2815 p.
963 2772 1099 2816 66-67).

299 2824 329 2855 3.
353 2823 398 2855 M.
422 2823 462 2856 O.
486 2824 624 2856 Martin
648 2824 716 2867 (op.
738 2825 808 2864 cit„
831 2837 865 2868 p.
888 2825 944 2868 86)
969 2837 989 2858 a
1008 2827 1155 2859 montre
1176 2837 1247 2869 que
1269 2825 1390 2859 Picrre
1411 2826 1455 2858 de
1476 2824 1674 2869 Cugnieres
1693 2835 1738 2856 ne
1757 2828 1872 2867 pax-ut
1889 2833 1956 2867 pas

253 2874 268 2904 Ξ]
294 2875 522 2909 l'asscrnblec
545 2877 588 2910 dc
610 2877 819 2910 Vincennes,
841 2890 886 2911 en
908 2878 1049 2922 qualite
1072 2878 1250 2911 d’avocat
1272 2879 1322 2911 du
1342 2879 1407 2912 roi.

301 2929 332 2960 41ι.
354 2928 401 2961 Le
421 2935 501 2962 mot
519 2931 618 2969 actis,
639 2931 811 2974 cmployc
830 2943 897 2974 par
914 2932 1063 2971 Baluze‚
1084 2933 1189 2975 prete
1209 2932 1230 2964 a
1249 2931 1457 2965 confusion.
1480 2931 1582 2964 Nous
1602 2942 1646 2964 ne
1666 2929 1870 2974 possedons
1889 2939 1956 2973 pas

254 2991 301 3011 ιιι]
325 2981 456 3014 recueil
480 2983 643 3026 complet
666 2983 727 3016 des
752 2989 852 3016 actes
876 2985 919 3017 dc
941 2984 1174 3018 l’asscmblee
1198 2985 1241 3018 (16
1264 2985 1486 3024 Vincennes,
1510 2984 1604 3017 mais
1627 2982 1788 3016 certains
1812 2982 1956 3015 d’entre

253 3044 322 3064 nux
349 3034 435 3075 qu'a
461 3035 583 3067 reunis
610 3035 731 3069 Picrre
756 3037 942 3070 Bcrtrand
967 3049 1052 3070 sous
1077 3038 1109 3070 le
1135 3037 1223 3070 titre
1250 3038 1294 3071 dc
1318 3038 1482 3071 Libellus
1505 3037 1606 3071 Petri
1629 3035 1825 3070 Bertrandi
1848 3045 1958 3079 super

252 3084 502 3126 J'urisrliclc'otee
523 3088 761 3122 ecclesiastica
782 3095 812 3122 et
834 3090 1022 3133 temporali
1044 3095 1074 3123 et
1096 3091 1136 3123 de
1157 3102 1282 3124 earum
1302 3091 1523 3124 connexione
1543 3095 1574 3123 et
1595 3090 1774 3124 divisione
1794 3088 1843 3121 ad
1863 3087 1957 3121 invi-

254 3149 335 3170 cem.
361 3140 429 3170 5111·
450 3140 498 3171 los
523 3142 745 3174 nunniscrits
768 3149 804 3175 ct
826 3142 875 3175 les
897 3143 1070 3182 editions,
1094 3143 1175 3176 voii·
1197 3143 1237 3177 O.
1262 3143 1413 3183 Mamm,
1436 3155 1493 3187 op.
1517 3144 1587 3182 cit.⁷
1611 3154 1645 3187 p.
1670 3142 1790 3176 52-64.
