2083 3458
284 229 367 271 694
936 242 1087 267 NOTAE
1123 243 1182 267 AD
1218 242 1346 267 vers
1841 226 1997 283 [1176]

282 327 456 365 siasticis
480 326 655 376 ejusdem
679 325 856 363 Romane
880 325 1051 363 Ecclesie
1075 340 1120 363 ac
1145 325 1288 363 nostris
1314 324 1550 375 officialibus
1574 325 1722 363 obsessi
1745 325 1918 375 suerunt.
1949 326 1996 364 In

284 388 359 425 hoc
389 387 476 425 loco
506 400 579 436 pro
609 383 855 433 designando
882 385 1100 435 legendum
1139 400 1222 423 esse
1253 383 1500 432 destinando,
1530 393 1571 423 et
1601 400 1741 424 sensus
1772 386 1925 424 evincit
1954 394 1999 424 et

284 447 484 497 probatur
508 445 757 483 auctoritate
782 444 930 483 codicis
954 444 1033 483 822
1055 444 1327 483 bibliothecae
1353 444 1609 483 Colbertinae
1627 444 1655 483 1.
2037 438 2040 444 ’

337 506 494 544 Absens
522 505 646 554 igitur
674 505 806 542 factus
835 512 896 542 est
924 504 1140 542 cardinalis
1168 519 1276 542 anno
1304 504 1518 542 millesimo
1545 504 1814 552 CCCLXXV,
1842 505 1905 544 die
1933 520 1993 543 xx

285 565 522 604 decembris.
551 565 683 612 Quam
708 564 758 602 ob
784 578 950 602 causam
974 573 1149 602 vocatur
1172 578 1194 602 a
1220 564 1412 614 Gregorio
1436 572 1603 602 tantum
1626 565 1842 615 presbyter
1866 566 1994 603 cardi-

284 625 399 672 nalis,
429 625 584 674 absque
612 624 694 661 ulla
722 623 931 662 mentione
959 623 1089 671 tituli3
1121 637 1243 674 quem
1270 624 1439 662 tandem
1468 624 1616 662 habuit
1642 633 1737 675 post
1765 624 2004 675 adventum-

285 699 404 724 suum
425 684 466 722 in
488 684 632 722 urbem
657 683 846 729 Romam,
870 683 911 720 id
933 691 1007 730 est,
1031 697 1139 721 anno
1163 683 1522 730 MCCCLXXVIL
1546 684 1609 722 die
1639 684 1762 728 tertia
1786 684 1993 733 februarii,

284 759 364 794 qua
383 758 474 782 eum
492 743 710 781 intravisse
728 743 885 782 curiam
901 751 1096 782 notatum
1113 752 1174 781 est
1191 743 1232 781 in
1249 743 1352 781 libro
1370 743 1682 793 Obligationam.
1704 744 1835 782 Datus
1854 753 1998 783 autem

283 805 319 843 ei
345 812 407 843 est
433 804 580 841 titulus
610 802 750 841 Sancti
778 803 996 841 Clementis
1023 817 1176 841 vacans
1204 818 1275 853 per
1301 811 1475 841 mortem
1506 803 1615 841 Petri
1643 803 1690 841 de
1720 803 1896 852 Judicia,
1925 804 1995 854 qui

283 864 442 902 obierat
468 863 568 901 Pisis
595 877 703 900 anno
730 862 1066 910 MCCCLXXVI,
1093 862 1156 901 die
1183 877 1272 900 xxn
1299 863 1546 901 novembris.

335 924 454 961 Anno
484 922 829 961 MCCCLXXVH
858 922 1068 972 delegatus
1098 931 1160 960 est
1188 922 1240 960 ab
1268 922 1413 961 eodem
1442 922 1634 973 Gregorio
1662 931 1710 960 ut
1738 922 2020 962 examinaret

282 983 551 1022 revelationes
577 990 744 1020 sanctae
768 982 969 1031 Brigittae
996 979 1214 1029 'Suecicaeg‘
1232 982 1584 1032 quemadmodum
1606 990 1788 1020 testatur
1813 983 1992 1022 Joannes

283 1042 498 1082 cardinalis
519 1042 566 1080 de
586 1042 910 1089 Turrecremata,
931 1041 963 1079 si
981 1042 1104 1080 modo
1124 1042 1248 1080 verba
1268 1041 1354 1091 ejus
1374 1050 1482 1080 recte
1501 1042 1803 1092 expendantur.
1833 1042 1993 1093 lndiget

282 1103 390 1141 enim
414 1102 625 1141 curatione
649 1102 760 1140 locus
787 1101 958 1139 Joannis
983 1102 1091 1140 unde
1116 1102 1216 1140 haec
1241 1101 1423 1139 narratio
1447 1101 1579 1152 petita
1603 1110 1677 1140 est.
1706 1102 1763 1140 Ut
1787 1117 1847 1140 res
1867 1093 1997 1153 ’plane

282 1163 548 1212 intelligatur,
572 1161 839 1200 describenda
862 1169 959 1199 sunt
980 1161 1157 1211 ipsamet
1179 1161 1305 1199 verba
1328 1161 1414 1210 ejus
1438 1176 1489 1199 ex
1510 1161 1683 1212 epistola
1707 1161 1759 1199 ad
1781 1161 1992 1201 universos

283 1222 431 1261 Christi
451 1222 588 1260 fideles
609 1237 616 1259 ι
636 1221 714 1271 Qui
731 1235 912 1258 summas
928 1221 1106 1271 pontifex
1121 1221 1208 1258 sine
1226 1220 1413 1258 dilatione
1430 1235 1494 1258 eas
1511 1221 1733 1270 assignavit
1750 1229 1783 1259 et
1799 1222 1998 1260 commisit

281 1282 569 1320 examinandas
590 1280 999 1331 circumspectissimis
1020 1289 1053 1318 et
1074 1280 1331 1331 peritissimis
1352 1281 1449 1318 viris
1469 1289 1502 1318 et
1524 1281 1697 1318 dominis
1719 1281 1997 1319 cardinalibus

281 1351 314 1380 et
338 1341 541 1391 magistris
576 1341 618 1378 in
650 1355 765 1378 sacra
788 1340 981 1390 theologia
1013 1340 1075 1378 hic
1097 1341 1374 1390 subsequenter
1399 1340 1569 1387 insertis,
1597 1340 1771 1378 videlicet
1796 1341 1992 1379 cardinali

281 1401 617 1451 Montismajoris,
646 1400 842 1438 cardinali
870 1401 914 1438 de
941 1400 1141 1450 Agrisolio
1168 1408 1202 1437 et
1228 1400 1424 1438 cardinali
1452 1401 1496 1438 de
1522 1400 1653 1438 Lana.
1686 1400 1762 1439 Hic
1789 1400 1900 1439 locus
1929 1409 1995 1439 est.

281 1462 475 1500 obscurus
507 1461 557 1499 ob
586 1474 737 1499 nomen
766 1459 982 1498 cardinalis
1014 1459 1351 1509 Montismajoris,
1384 1459 1453 1510 qui
1475 1460 1608 1498 nullus
1636 1460 1714 1498 fuit
1740 1460 1991 1510 pontificatu

280 1521 473 1571 Gregorii.
502 1521 653 1559 Lucem
678 1535 775 1558 vero
801 1520 836 1558 ei
861 1520 1005 1558 afferet
1022 1520 1134 1558 locus
1161 1520 1263 1558 alter
1288 1533 1417 1569 aeque
1443 1528 1659 1570 corruptus
1676 1520 1915 1558 Theoderici
1941 1520 1993 1559 de

280 1581 398 1620 Niem
415 1596 466 1619 ex
482 1580 586 1618 libro
608 1580 647 1617 II
677 1580 731 1630 [p.
753 1579 825 1629 14]
842 1579 901 1617 De
918 1579 1137 1626 schismate,
1158 1593 1245 1629 cap.
1263 1594 1305 1627 Π,
1323 1579 1395 1617 ubi
1413 1593 1655 1619 enumerans
1675 1579 1899 1618 cardinales
1920 1580 1990 1630 qui

277 1641 329 1678 ad
346 1640 605 1678 adorandum
620 1640 836 1678 Urbanum
849 1639 905 1676 VI
919 1639 1080 1677 noviter
1095 1639 1271 1677 electum
1286 1654 1432 1677 venere
1450 1639 1508 1677 ait
1527 1655 1534 1677 :
1553 1639 1689 1677 Altera
1705 1638 1767 1676 die
1785 1639 1991 1677 immedia-

277 1709 309 1738 te
330 1700 381 1738 ad
402 1699 607 1738 dominum
644 1699 852 1737 Urbanum
884 1698 927 1736 in
957 1699 1107 1749 palatio
1137 1699 1350 1749 apostolico
1380 1699 1605 1736 existentem
1637 1698 1736 1736 satis
1767 1699 1989 1749 tempestive

276 1760 436 1798 accessit
454 1760 595 1797 Petras
615 1759 658 1796 de
677 1759 796 1796 Lana
814 1767 917 1806 tanc,
939 1767 972 1796 et
990 1759 1110 1809 paalo
1130 1767 1216 1808 post
1234 1759 1329 1796 alter
1348 1758 1414 1808 qai
1434 1758 1757 1808 Majorismontis
1776 1758 1993 1807 vulgariter

277 1820 517 1857 nominatur.
549 1818 746 1868 Intelligit
773 1818 995 1857 Geraldum
1022 1818 1070 1856 de
1099 1818 1240 1866 Podio,
1268 1817 1338 1868 qui
1364 1818 1486 1868 vulgo
1514 1818 1744 1856 vocabatur
1769 1818 1990 1857 cardinalis

277 1878 698 1928 Majorismonasterii.
728 1878 858 1917 Testis
890 1878 1068 1916 Jacobus
1099 1878 1147 1916 de
1177 1878 1280 1916 Seva
1309 1878 1351 1915 in
1378 1892 1451 1916 suo
1466 1878 1599 1915 ‘Facto
1617 1877 1645 1924 2,
1674 1892 1713 1928 p.
1743 1877 1819 1915 495
1850 1893 1857 1915 :
1890 1878 1987 1916 Item

277 1940 377 1989 quod
397 1939 567 1989 predicto
589 1938 719 1975 eodem
741 1952 855 1975 mane
877 1938 955 1975 diei
977 1937 1156 1988 proximo
1179 1937 1275 1975 dicte
1296 1937 1440 1987 prefati
1464 1937 1634 1987 quinque
1661 1937 1883 1975 cardinales
1904 1937 1989 1987 qai,

278 2007 318 2036 ut
350 1998 567 2048 predictam
600 2006 666 2045 est,
702 1997 745 2034 in
778 1997 963 2047 hospitiis
995 2012 1128 2034 eoram
1160 2005 1473 2047 permanserunt)
1508 1997 1683 2035 videlicet
1715 1996 1988 2044 Florentinus,

277 2057 697 2107 Majorismonasterii‚
741 2057 1072 2104 Mediolanensi-s,
1122 2056 1401 2094 Glandatensis
1441 2065 1475 2094 et
1516 2057 1570 2094 de·
1601 2057 1719 2094 Lana
1765 2056 1986 2094 cardinales

276 2126 461 2155 venerant
485 2118 536 2155 ad
561 2117 707 2154 dictam
732 2117 929 2166 palatium
955 2125 988 2154 et
1012 2117 1063 2154 ad
1088 2116 1234 2154 dictam
1259 2117 1430 2163 electam,
1458 2124 1535 2154 etc.
1564 2116 1831 2165 Corrigendus
1858 2115 1987 2154 etiam

274 2177 570 2227 Boninsegnius
588 2190 680 2215 eum
695 2190 847 2214 vocans
863 2176 1061 2215 abbatem
1076 2176 1312 2225 Montismaj
1322 2176 1412 2213 oris.
1430 2176 1619 2214 Ceterum
1634 2190 1685 2213 ex
1698 2189 1828 2226 prava
1851 2175 1987 2213 Niemi

274 2236 447 2275 lectione
483 2250 607 2286 quam
639 2250 761 2286 supra
794 2235 1007 2274 retulimus
1043 2244 1154 2273 ortus
1186 2243 1248 2274 est
1270 2250 1379 2273 error
1399 2235 1547 2285 egregii
1564 2235 1638 2273 viri
1660 2235 1770 2273 Petri
1794 2235 1986 2282 Puteani,

275 2296 344 2345 qui
358 2296 399 2334 in
412 2311 484 2334 suo
494 2296 553 2333 De
565 2296 771 2333 schismate
783 2295 899 2342 libro,
918 2310 956 2345 p.
973 2295 1060 2342 198,
1074 2309 1284 2333 recensens
1299 2295 1457 2344 aliquot
1471 2294 1694 2333 cardinales
1712 2294 1904 2344 Gregorio
1921 2294 1982 2332 XI

286 2356 540 2406 superstites,
556 2355 663 2393 inter
677 2355 763 2392 illos
781 2354 968 2393 nominat
982 2354 1399 2401 Grandimontanum‚
1424 2355 1456 2391 le
1479 2354 1660 2392 cardinal
1675 2354 1718 2391 de
1740 2353 1985 2401 Gmmmont,

274 2415 502 2454 conflatum
525 2414 716 2453 videlicet
739 2429 788 2452 ex
812 2414 1015 2452 cardinale
1041 2413 1205 2463 Majoris
1229 2413 1380 2453 montis
1404 2413 1641 2451 Theoderici
1665 2413 1713 2451 de
1735 2413 1865 2451 Niem.

328 2475 475 2513 Postea
498 2474 712 2524 Gregorius
738 2474 799 2511 XI
821 2474 1022 2523 ingressus
1045 2481 1106 2511 est
1128 2473 1239 2510 viam
1260 2473 1473 2511 universae
1496 2472 1640 2511 carnis.
1665 2472 1862 2511 Geraldus
1884 2487 1981 2510 vero

274 2534 308 2571 ei
325 2542 528 2584 superstes
548 2533 692 2572 incidit
709 2533 750 2570 in
768 2533 943 2583 pessima
962 2541 1148 2583 tempora
1168 2541 1208 2570 et
1225 2533 1375 2570 infesta
1388 2532 1627 2570 virtutibus.
1643 2531 1820 2569 Romani
1832 2540 1981 2570 cuncta

273 2601 424 2631 terrore
456 2593 779 2643 compleverunt,
811 2601 852 2631 et
882 2606 904 2629 a
937 2592 1210 2630 cardinalibus
1241 2600 1503 2630 extorserunt
1532 2591 1773 2634 electionem
1803 2591 1978 2629 hominis

276 2653 380 2690 Itali.
413 2653 517 2691 Hinc
543 2666 691 2702 magna
720 2652 825 2698 odia,
853 2651 1092 2698 certamina,
1119 2651 1245 2690 etiam
1272 2659 1440 2689 cruenta
1467 2651 1584 2689 bella.
1614 2651 1712 2688 'Post
1737 2650 1978 2689 electionem

272 2711 378 2750 enim
407 2711 713 2749 Bartholomaei
732 2711 1035 2761 ⁴archiepiscopi
1063 2710 1265 2758 Barensis‚
1297 2710 1366 2760 qui
1395 2725 1434 2748 se
1466 2710 1680 2748 Urbanum
1710 2710 1767 2747 VI
1796 2709 1976 2757 vocavit,

272 2771 493 2809 cardinales
523 2771 667 2810 statim
695 2779 742 2808 ut
770 2779 939 2821 potuere
968 2770 1114 2819 egressi
1142 2778 1240 2807 sunt
1267 2784 1286 2807 e
1316 2769 1514 2817 conclavi,
1543 2778 1591 2807 ut
1618 2784 1658 2807 se
1687 2769 1978 2807 subtraherent

271 2829 520 2867 immanitati
545 2830 906 2869 tumultuantium.
936 2830 1078 2867 Frater
1104 2830 1247 2867 Petrus
1275 2829 1546 2867 Cordubensis
1572 2828 1811 2866 monasterii
1837 2827 1981 2866 Sancti

272 2888 573 2927 Bartholomaei
599 2890 646 2927 de
674 2889 859 2939 Lupiana
884 2888 1000 2927 testis
1024 2888 1185 2938 juratus
1212 2887 1432 2938 deposuit3
1456 2888 1557 2938 qaod
1580 2888 1735 2938 quando
1759 2887 1976 2925 cardinalis

316 3024 346 3056 1.
378 3025 417 3057 Β.
445 3025 501 3064 Ν,
526 3037 592 3058 ms.
617 3025 712 3058 latin
734 3025 839 3065 1463,
864 3024 926 3058 fol.
950 3025 995 3058 62
1016 3029 1059 3057 ΓΟ.

318 3079 348 3109 2.
378 3077 435 3108 Du
459 3078 617 3121 boulay,
643 3079 813 3111 Historia
841 3078 1101 3111 Universitatis
1124 3078 1365 3118 Parisiensis,
1391 3083 1417 3111 t.
1439 3090 1492 3112 1v.

318 3131 349 3162 3.
382 3130 420 3161 Β.
446 3130 501 3170 N.‚
524 3143 590 3163 ms.
613 3132 707 3164 latin
728 3132 857 3171 11745,
880 3131 941 3164 fol.
966 3132 1029 3163 221
1055 3136 1104 3164 v0.
