2083 3458
307 204 388 245 660
954 217 1105 242 NOTAE
1140 218 1200 242 AD
1236 218 1362 243 VITAS
1859 200 2000 256 [1139]

305 298 519 337 manicatio
541 299 583 335 de
602 297 690 347 jure
712 297 792 335 nisi
814 298 921 335 trina
943 298 1157 335 monitione
1171 298 1377 347 premissa.
1394 298 1445 336 Et
1466 298 1592 336 dictus
1612 314 1722 349 papa
1741 298 1822 336 sibi
1843 313 2003 348 respon-

305 359 360 396 dit
382 374 389 395 ς
413 358 559 395 Omnia
588 372 762 407 possum,
799 366 833 394 et
864 357 918 395 ita
948 358 1042 395 volo.
1069 357 1182 395 Idem
1212 365 1390 396 testatus
1430 366 1491 395 est
1532 358 1769 397 Franciscus
1807 358 2009 396 Fernandi

306 426 448 455 cantor
479 410 731 463 Palentinus,
763 417 832 466 qui
861 417 1136 466 interrogatus
1168 431 1288 467 super
1317 417 1489 455 articulo
1518 417 1568 455 89
1598 432 1712 456 casus
1744 417 1864 467 primi
1893 417 2009 456 electi

306 477 405 514 discit
421 476 435 498 1
471 477 571 526 quod
606 477 775 525 quadam
801 476 875 523 die,
902 485 936 513 et
961 476 1079 514 credit
1105 477 1205 526 quod
1229 485 1324 514 esset
1349 477 1431 514 dies
1456 477 1629 527 eorporis
1654 477 1816 524 Christi,
1845 476 1943 516 vidit,
1967 476 2009 514 in

305 536 471 586 quodam
495 550 669 573 sermone
694 535 760 585 qui
784 535 863 585 fuit
885 536 1013 584 factus
1038 550 1167 573 coram
1190 551 1299 585 papa
1325 536 1425 585 quod
1449 536 1651 574 mandavit
1675 537 1801 574 dictus
1825 536 2009 573 dominus

303 595 551 645 predicatori,
581 610 660 632 non
687 595 908 633 recordatur
935 595 1023 645 quis
1050 604 1142 643 erat,
1172 596 1272 645 quod
1299 596 1545 633 denuntiaret
1571 611 1615 633 esc
1641 604 1751 645 parte
1776 610 1852 633 sua
1878 610 2010 632 omnes

303 654 541 692 simoniacos
571 655 937 702 excommunicatos,
969 663 1003 692 et
1032 655 1134 705 quod
1162 663 1253 692 tunc
1282 664 1492 692 accesserat
1521 656 1572 693 ad
1600 670 1688 692 eum
1718 655 1936 692 cardinalis
1965 655 2009 692 de

303 714 511 763 Aragonia
532 722 565 751 et
587 714 737 752 disserat
756 714 836 751 sibi
857 714 893 751 si
917 714 1140 752 intendebat
1161 715 1204 751 de
1226 714 1511 762 cardinalibus,
1534 723 1568 752 et
1588 715 1689 765 quod
1709 714 1910 764 respondit
1929 714 2008 751 sibi

301 773 428 811 dictus
450 789 559 823 papa
584 774 684 823 quod
708 774 762 811 ita
789 774 880 811 bene
905 774 1128 811 intendebat
1150 774 1194 811 de
1217 774 1490 812 cardinalibus
1512 774 1614 812 sicut
1637 775 1680 812 de
1703 774 1810 821 aliis,
1835 782 1869 811 et
1891 773 2008 811 etiam

302 834 345 871 de
371 847 410 870 se
440 833 539 883 ipso,
567 833 603 870 si
631 841 726 870 esset
753 833 954 883 possibile,
983 842 1017 871 et
1044 842 1135 871 tunc
1163 833 1313 871 dixerat
1339 833 1418 871 sibi
1447 834 1663 871 cardinalis
1691 833 2008 871 Nlediolanensis

301 893 401 942 quod
428 892 598 941 faciebat
627 901 759 930 contra
789 893 1024 940 decretalem,
1056 902 1090 930 et
1118 893 1318 943 respondit
1348 893 1426 930 sibi
1456 908 1565 943 papa
1595 894 1696 943 quod
1725 893 1851 930 dictus
1881 893 2005 930 cardi-

301 952 405 989 nalis
424 960 507 989 non'
523 952 767 1001 intelligebat
787 953 1024 990 decretalem.

354 1012 527 1061 Propter
560 1025 650 1051 eam
684 1026 865 1060 causam,
901 1012 1094 1049 nimirum
1129 1012 1224 1062 quia
1259 1026 1417 1062 semper
1460 1012 1670 1050 dubitavit
1715 1012 1762 1050 de
1809 1011 2005 1050 electione

300 1071 458 1109 Urbani
481 1071 538 1108 VI
563 1080 604 1109 et
629 1071 723 1121 quia
748 1086 841 1111 eum
866 1072 1057 1119 deseruit,
1084 1071 1331 1110 Urbanistae
1357 1072 1549 1110 dixerunt
1572 1086 1665 1111 eum
1690 1087 1773 1110 esse
1798 1071 2005 1109 hominem

301 1130 538 1180 simplicem.
573 1131 634 1169 Ita
664 1139 857 1168 notatum
885 1131 1086 1181 repetitur
1112 1131 1154 1169 in
1183 1131 1436 1181 depositione
1465 1132 1644 1169 Thomae
1673 1131 1852 1181 episcopi
1881 1131 2004 1169 Lu'ce-

300 1190 375 1227 rini
393 1190 408 1212 2
436 1207 442 1227 :
481 1190 532 1227 Et
567 1190 754 1240 quoniam
782 1190 940 1228 inolevit
968 1206 1049 1228 una
1073 1191 1184 1240 fama
1211 1192 1312 1240 quod
1337 1191 1553 1228 cardinalis
1580 1192 1624 1228 de
1657 1191 1818 1228 Ursinis
1844 1190 2006 1228 libenter

300 1249 483 1287 voluisset
513 1264 592 1286 esse
624 1250 821 1300 antipapa
852 1259 885 1288 et
917 1251 1107 1287 destruere
1140 1250 1345 1288 dominum
1376 1259 1564 1298 nostrum,
1597 1259 1631 1288 et
1662 1251 1729 1287 lioc
1759 1258 1895 1287 secrete
1926 1249 2005 1287 sibi

299 1309 560 1359 promiserant
593 1310 888 1357 ultramontani,
921 1318 954 1347 et
985 1310 1050 1347 hec
1078 1310 1189 1359 sama
1220 1310 1324 1347 venit
1353 1310 1404 1347 ad
1443 1310 1647 1347 dominum
1688 1318 1875 1357 nostrum,
1921 1309 2005 1359 ipse

298 1368 515 1406 cardinalis
532 1369 576 1405 de
599 1369 760 1406 Ursinis
775 1384 927 1419 semper
943 1378 1105 1407 conatus
1121 1378 1176 1407 est
1190 1370 1315 1418 jacere
1332 1370 1504 1407 morulas
1521 1384 1589 1419 per
1605 1369 1799 1407 civitat-em
1815 1377 1849 1406 et
1864 1376 2003 1415 castra,

296 1436 329 1465 et
350 1443 438 1465 cum
459 1428 641 1465 versutiis
661 1437 694 1466 et
715 1429 815 1466 dolis
836 1429 1004 1466 detinuit
1024 1429 1144 1466 dictos
1166 1430 1275 1476 duos,
1297 1429 1442 1466 scilicet
1463 1429 1738 1467 Florentinum
1761 1437 1794 1466 et
1810 1428 2003 1465 Mediola-

297 1502 468 1535 nensem,
488 1487 668 1536 faciendo
688 1488 744 1525 eis
764 1503 931 1537 magnas
950 1503 1141 1538 eatpensas
1160 1497 1194 1526 et
1212 1489 1374 1526 honores
1393 1503 1462 1538 per
1481 1497 1601 1526 terras
1620 1488 2004 1537 consanguineorum

296 1562 458 1584 suorum
486 1556 520 1585 et
547 1555 634 1597 post
664 1547 707 1584 in
735 1547 832 1586 suis.
864 1548 915 1585 Et
943 1563 1031 1585 cum
1061 1548 1245 1585 dominus
1274 1548 1591 1585 Mediolanensis
1620 1548 1793 1585 absolute
1823 1547 2004 1584 voluisset

297 1606 426 1643 venire
446 1607 497 1644 ad
516 1607 722 1644 dominum
743 1616 919 1645 nostrum
938 1616 972 1645 et
991 1608 1185 1645 venissent
1206 1608 1249 1645 de
1271 1608 1416 1645 Suessa
1438 1622 1557 1657 usque
1576 1608 1628 1645 ad
1646 1607 1849 1645 abbatiam
1869 1606 2002 1644 Cassi-

297 1680 467 1713 nensem,
497 1666 581 1716 ipse
609 1666 796 1704 dominus⁴
824 1667 997 1704 „Iacobus
1024 1667 1184 1716 scripsit
1209 1667 1289 1704 sibi
1318 1668 1418 1717 quod
1446 1667 1529 1717 ipse
1556 1666 1673 1705 etiam
1701 1667 1848 1704 volebat
1875 1666 2002 1704 venire

295 1740 439 1774 rogans
461 1740 549 1763 eum
572 1726 673 1775 quod
693 1735 906 1776 expectaret
927 1741 1015 1763 eum
1039 1726 1196 1765 ibidem.
1222 1727 1334 1776 Quod
1352 1726 1443 1775 fecit
1465 1726 1649 1764 dominus
1671 1725 2000 1773 Mediolanensis,

296 1785 389 1834 quia
415 1793 469 1822 est
493 1800 620 1834 purus
646 1785 771 1831 lzomo,
799 1794 832 1823 et
858 1786 1046 1835 deciperet
1071 1788 1169 1823 eum‘
1187 1801 1291 1823 unus
1318 1800 1426 1835 puer.

349 1844 509 1882 Scilicet
540 1844 602 1882 vir
634 1845 764 1883 bonus
797 1845 904 1883 inter
935 1854 1157 1895 utrumque
1190 1845 1428 1895 pontificem
1462 1845 1577 1883 velut
1609 1845 1756 1883 dubius
1789 1845 1999 1887 haerebat,

296 1904 389 1953 quia
412 1904 578 1942 volebat
600 1904 859 1942 concordiam
880 1905 986 1943 inter
1006 1920 1071 1943 eos
1093 1919 1296 1943 revocare.
1321 1905 1397 1943 Sed
1419 1913 1561 1955 postea
1583 1919 1705 1954 quam
1727 1904 1839 1942 illam
1860 1904 1999 1954 despe-

295 1963 402 2000 ravit
422 1978 538 2013 posse
558 1963 838 2013 redintegrari,
860 1973 951 2003 tum
971 1979 1067 2002 vero
1087 1965 1222 2014 palam
1245 1973 1285 2002 et
1305 1964 1465 2014 publice
1486 1973 1664 2003 mentem
1687 1978 1801 2002 suam
1824 1963 1998 2014 aperuit,

294 2031 335 2060 et
356 2023 507 2071 rejecto
532 2023 713 2070 Urbano,
735 2038 775 2061 se
798 2024 1002 2062 convertit
1024 2024 1075 2065 ad
1098 2024 1361 2062 Clementem.
1386 2024 1516 2061 Extat
1537 2024 1578 2061 in
1600 2023 1736 2062 codice
1757 2022 1836 2061 815
1856 2023 1997 2060 biblio-

294 2082 436 2120 thecae
472 2082 729 2121 Colbertinae
745 2082 772 2130 3,
808 2083 880 2121 fol.
908 2083 984 2121 200
1009 2091 1058 2129 ΓΟ,
1085 2092 1126 2121 et
1151 2083 1193 2120 in
1217 2092 1331 2121 tomo
1358 2092 1474 2121 sexto
1502 2083 1711 2133 Spicilegii
1739 2082 1996 2127 Dacheriani,

294 2156 331 2190 p.
369 2141 431 2188 45,
469 2142 642 2191 denique
678 2142 721 2179 in
755 2151 868 2181 tomo
905 2151 1053 2192 quarto
1088 2143 1291 2180 Historiae
1333 2143 1611 2180 Universitatis
1646 2142 1794 2189 Paris,
1831 2157 1868 2192 p.
1906 2141 1995 2187 586,

295 2201 515 2239 declaratio
540 2210 755 2251 propterea
775 2202 827 2239 ab
851 2202 918 2239 illo
938 2202 1061 2249 facta,
1074 2202 1115 2239 in
1141 2216 1221 2251 qua
1241 2210 1421 2240 testatur
1445 2217 1484 2240 se
1504 2216 1596 2240 cum
1616 2201 1889 2240 cardinalibus
1908 2201 1995 2238 Flo—

292 2260 452 2298 rentino
481 2269 522 2298 et
550 2261 597 2298 de
628 2261 783 2299 Ursinis
812 2262 951 2299 stando
979 2262 1022 2298 de
1050 2262 1176 2298 medio
1203 2270 1236 2299 et
1263 2262 1364 2299 velut
1392 2261 1669 2311 indifferenter,
1703 2276 1769 2298 nec
1796 2261 1848 2298 ad
1875 2275 1996 2298 unam

292 2328 441 2367 partem
465 2334 532 2357 nec
556 2320 607 2357 ad
629 2320 754 2357 aliam
777 2320 1021 2368 declinandO,
1049 2335 1168 2370 usque
1191 2322 1243 2358 ad
1257 2321 1322 2358 hec
1339 2329 1512 2370 tempora
1531 2321 1704 2358 fideliter
1719 2320 1923 2358 laborasse
1949 2328 1995 2357 ut

294 2379 467 2428 populus
503 2379 756 2417 Christianus
792 2380 845 2417 ad
878 2380 1084 2418 unitatem
1112 2389 1278 2418 sanctae
1314 2380 1455 2417 matris
1488 2379 1691 2418 Ecclesiae
1720 2380 1992 2417 reduceretur.

293 2438 464 2486 if'xbjecta
488 2453 581 2488 ergo
605 2438 714 2476 omni
737 2454 806 2489 spe
829 2440 1083 2477 revocandae
1107 2439 1359 2486 concordiae,
1387 2439 1549 2476 Italiam
1570 2439 1748 2489 reliquit,
1772 2447 1812 2476 et
1836 2438 1993 2476 Niciam

295 2497 529 2535 Provinciae
555 2498 767 2536 civitatem
792 2513 831 2536 se
865 2498 1054 2544 contulit,
1081 2513 1161 2548 quo
1195 2499 1247 2536 ad
1272 2489 1364 2536 eum
1398 2498 1544 2536 missus
1569 2507 1630 2536 est
1655 2513 1676 2536 a
1703 2499 1875 2545 Joaune,
1903 2512 1992 2547 rege

291 2557 502 2603 (lastellae,
526 2557 738 2607 episcopus
763 2558 1030 2604 Zamorensis,
1055 2558 1115 2595 uti
1138 2572 1273 2607 supra,
1290 2573 1328 2607 p.
1349 2557 1462 2603 1048,
1487 2558 1641 2595 dictum
1666 2566 1739 2595 est.
1768 2557 1865 2595 Inde
1889 2556 1992 2606 cogi-

293 2615 409 2652 tabat
428 2616 482 2653 ire
502 2616 770 2664 Avenionem,
790 2617 823 2654 si
842 2632 912 2667 per
931 2618 1082 2654 malam
1102 2617 1380 2655 valetudinem
1401 2617 1437 2655 ei
1455 2616 1646 2655 licuisset.
1668 2617 1851 2654 Tandem
1871 2616 1992 2653 morti

293 2675 498 2722 proximus
519 2684 659 2725 aperte
681 2675 905 2714 declaravit
925 2676 1165 2714 electionem
1185 2675 1488 2715 Bartholomaei
1511 2691 1594 2714 csse
1616 2676 1767 2713 nullam
1788 2676 1874 2724 ipso
1891 2675 1991 2723 jure,

291 2733 529 2772 electionem
554 2749 649 2772 vero
673 2735 890 2773 Clementis
915 2750 998 2773 esse
1023 2735 1195 2772 validam
1218 2744 1251 2772 et
1273 2735 1516 2773 canonicam.
1543 2735 1601 2773 De
1625 2736 1700 2772 hac
1724 2734 1991 2772 cardinalium

297 2792 491 2832 italorum
524 2794 812 2840 indifferentia,
847 2803 892 2831 ut
929 2803 1013 2831 tum
1048 2795 1336 2844 loquebantur,
1372 2794 1462 2831 vide
1498 2809 1600 2843 quac
1634 2808 1768 2844 supra.
1803 2809 1840 2843 p.
1878 2793 1990 2839 1048,

294 2851 304 2885 si
324 2851 404 2889 100.
428 2852 536 2889 <licta
560 2862 669 2891 sunt.

338 2987 366 3018 l.
402 2987 465 3019 Ms.
496 2988 579 3025 cite,
610 2989 669 3021 fol.
700 2990 769 3021 154
797 2994 846 3022 V0.

338 3044 365 3070 ζ).
401 3040 464 3072 Hs.
488 3041 571 3077 circ,
594 3042 654 3074 sol.
678 3042 721 3074 90
743 3047 792 3075 νῦ.

337 3095 365 3123 Ii.
403 3093 436 3124 1³».
463 3094 515 3127 N..
538 3106 602 3126 ms.
624 3095 906 3128 lati1111170.—
922 3096 1012 3128 Voir
1029 3096 1155 3128 Valois
1178 3096 1215 3128 (t.
1237 3109 1271 3135 u,
1292 3108 1325 3139 p.
1345 3096 1442 3138 361).
