2083 3458
262 204 345 246 890
912 218 1064 243 NOTAE
1099 218 1159 242 AD
1197 191 1322 243 vITAs
1820 202 1973 257 [1377]

317 305 359 343 P.
389 304 479 352 503,
507 303 574 353 lig.
603 303 665 342 23.
696 303 947 340 CORONAVIT
976 303 1254 340 LUDOVICUM.
1285 302 1386 339 Acta
1412 301 1529 340 istius
1559 302 1836 341 coronationis
1865 301 1976 341 edita

262 373 358 403 sunt
384 364 427 402 in
452 371 568 401 tomo
593 362 727 413 primo
756 362 1111 399 Mzscellaneoram
1128 361 1407 399 historicorum
1428 361 1608 412 Philippi
1631 362 1800 409 Labbei,
1827 377 1866 412 p.
1886 362 1977 410 640,

263 433 303 463 et
330 424 372 461 in
400 421 744 461 annotationibus
773 422 825 459 ad
854 421 1082 459 Historiam
1110 421 1254 459 Karoli
1288 421 1361 468 VI,
1391 436 1430 471 p.
1461 421 1551 460 566.

317 484 360 522 Ρ.
392 482 483 530 503,
514 481 582 532 lig.
614 481 677 520 30.
710 482 904 520 TALARU.
940 481 972 519 Il
1003 481 1068 519 fut
1099 483 1187 519 cree
1218 480 1403 519 cardinal
1428 481 1462 519 le
1494 481 1517 519 3
1548 481 1773 520 novembre
1813 481 1977 531 (Eubel,

262 542 516 589 Hier-archia,
548 550 579 580 t.
610 556 637 589 1,
669 556 708 592 p.
743 541 823 589 28).

317 603 361 641 Ρ.
399 601 490 649 504,
529 600 596 651 lig.
640 600 676 639 5.
717 601 781 638 AD
825 614 987 638 PARTES
1022 601 1326 638 THOLOSANAS.
1358 600 1599 649 Aymericus
1631 601 1680 638 de
1716 600 1898 649 Peyraco
1934 599 1976 637 in

263 661 458 700 Chronico
478 661 492 683 1
537 661 709 710 loquens
763 660 811 698 de
858 661 935 698 hoc
980 659 1123 698 Karoli
1165 660 1222 697 V-·I
1267 659 1413 698 itinere
1447 676 1453 698 :
1501 660 1684 697 Tolosam
1724 660 1830 698 venit
1873 674 1979 697 anno

259 721 427 760 Domini
451 720 804 758 MCCCLXXXI
826 719 895 757 ubi
924 733 1003 757 non
1034 720 1198 769 fuerunt
1235 720 1522 769 predecessores
1547 719 1613 757 sai
1654 720 1769 768 longo
1809 728 1979 770 tempore

261 790 363 819 ante.
401 781 478 819 Ubi
510 780 627 818 Gasto
649 793 774 817 comes
796 779 999 817 inoeensis
1017 778 1122 817 venit
1135 780 1188 816 ad
1205 780 1385 816 eamdem
1403 793 1531 828 regem
1550 779 1807 817 reverentiam
1827 779 1978 829 impen-

262 855 393 879 surus
423 839 501 890 Qui
529 839 687 889 quidem
714 853 838 876 comes
866 839 1007 877 habuit
1039 839 1183 876 bellum
1203 846 1373 889 tempore
1403 838 1508 888 regis
1537 838 1681 876 Karoli
1710 839 1837 889 patris
1857 838 1980 888 haja-s

264 900 406 938 Kar-oli
438 914 526 938 cam
550 900 733 937 „Iohanne
749 898 886 936 comite
908 898 1163 946 Armaniaci,
1178 907 1212 936 et
1232 898 1369 948 ipsum
1385 898 1487 948 cepit
1507 913 1597 936 cam
1614 898 1702 936 sais
1720 898 1980 948 confederatis

263 974 384 1010 prope
409 959 648 997 Lauriacum
672 958 839 996 diocesis
861 958 1093 997 Tliolosane.
1114 958 1168 995 Et
1189 957 1295 996 infra
1318 958 1520 1008 :Denique
1542 959 1594 996 ad
1609 958 1831 1009 predictam
1852 972 1981 1007 regem

264 1020 368 1057 venit
391 1019 603 1057 Tholosam
627 1018 831 1056 Johannes
854 1032 978 1055 comes
998 1017 1250 1056 Armaniaci.
1275 1017 1353 1068 Qui
1376 1017 1534 1068 quidem
1556 1032 1681 1055 comes
1703 1017 1863 1067 juvenis
1883 1026 1978 1066 erat,

264 1079 308 1116 in
330 1078 455 1117 armis
472 1087 671 1126 strenuas,
688 1085 723 1115 et
740 1085 928 1128 concepta
950 1077 1251 1127 magnanimu8‚
1268 1085 1303 1115 et
1322 1077 1366 1114 in
1387 1077 1698 1115 librisbellorum
1724 1077 1981 1127 antiquorum

265 1138 501 1177 intendebat.
541 1137 643 1176 Vide
675 1136 951 1176 Froissartum
993 1137 1072 1187 [ed.
1108 1137 1294 1185 Kervyn‚
1325 1145 1370 1183 t„
1390 1152 1476 1184 xlv,
1508 1151 1548 1187 p.
1583 1136 1736 1187 71—80].
2034 1185 2037 1187 Β

318 1198 361 1236 Ρ.
391 1197 481 1245 504,
510 1196 576 1247 lig.
607 1198 642 1236 7.
676 1197 940 1235 AVINIONEM.
973 1197 1035 1235 On
1064 1197 1122 1246 l'y
1159 1205 1307 1235 trouve
1335 1196 1391 1235 les
1432 1196 1481 1235 28
1523 1205 1594 1234 et
1607 1196 1657 1235 30
1684 1196 1847 1246 janvier
1876 1195 1977 1234 1390

266 1257 409 1307 (Petit,
446 1266 486 1295 at
519 1271 566 1305 3.,
600 1256 784 1307 p4.45)

320 1318 363 1356 Ρ.
379 1317 471 1361 504,
484 1316 552 1367 lig.
570 1317 632 1355 18.
633 1288 937 1354 'Bommcmm
960 1316 1036 1354 Sur
1049 1330 1124 1354 son
1137 1315 1327 1363 electiori,
1342 1288 1498 1355 voirN.
1520 1315 1657 1354 Valois
1678 1316 1725 1365 (t.
1745 1331 1787 1363 11,
1806 1330 1846 1366 p.
1871 1315 1977 1365 159).

319 1377 361 1415 P.
383 1376 473 1424 504,
492 1375 559 1426 lig.
580 1376 643 1415 28.
665 1376 822 1415 STAnM
845 1390 900 1412 AD
920 1390 1065 1414 IPSUM.
1090 1375 1208 1414 Istud
1227 1389 1373 1413 verum
1392 1390 1474 1413 non
1493 1384 1570 1414 est.
1593 1376 1688 1414 Jam
1708 1374 1818 1414 enim
1839 1388 1978 1440 supra,

264 1451 303 1486 p.
334 1436 449 1484 1363,
479 1435 735 1474 ostendimus
763 1434 1028 1474 concordiam
1055 1434 1163 1473 inter
1189 1434 1452 1473 Bonifacium
1483 1434 1544 1472 IX
1571 1443 1613 1474 et
1642 1435 1801 1473 Pileum
1828 1433 1978 1473 consti-

264 1504 402 1534 tutam
431 1495 553 1534 fuisse
581 1510 690 1533 anno
716 1503 887 1533 tantum
915 1494 1131 1533 millesimo
1160 1494 1353 1533 CCCXCI
1381 1494 1550 1533 ineunte
1571 1494 1598 1533 ².

320 1556 362 1593 P.
383 1555 472 1603 505,
490 1555 557 1605 lig.
578 1555 639 1594 17.
661 1555 883 1593 ARRIPUIT.
904 1555 958 1592 Le
976 1554 1026 1592 20
1042 1554 1178 1604 juillet
1196 1554 1298 1593 1390
1318 1553 1489 1603 (Valois,
1509 1568 1570 1604 op.
1591 1554 1670 1602 cit.‚
1699 1562 1730 1593 t.
1749 1569 1791 1602 11,
1809 1568 1849 1604 p.
1871 1553 1977 1598 168).

320 1616 362 1653 Ρ.
383 1614 472 1662 505,
490 1615 555 1665 lig.
575 1615 637 1654 30.
656 1614 895 1652 MARTINUM
916 1628 970 1651 DE
991 1614 1143 1652 SALvA.
1166 1614 1285 1652 Illum
1304 1614 1503 1662 Mariana,
1520 1614 1589 1653 lib.
1608 1614 1769 1662 XVIII,
1783 1627 1872 1664 cap.
1891 1627 1978 1661 xiv,

267 1675 355 1713 Rer.
386 1674 580 1724 Hispan„
610 1673 669 1712 ait
698 1673 821 1712 fuisse
849 1673 1030 1724 primum
1059 1673 1346 1724 episcoporum
1375 1673 1758 1723 Pampilonensium
1786 1681 1978 1712 evectum

266 1734 319 1772 ad
347 1733 596 1784 dignitatem
624 1733 858 1781 cardinalis,
888 1733 999 1783 quod
1027 1747 1173 1771 verum
1201 1747 1283 1771 non
1311 1740 1386 1771 est.
1419 1733 1578 1784 Quippe
1609 1734 1755 1771 Petrus
1785 1732 1833 1771 de
1864 1730 1978 1770 Mon·

266 1801 408 1832 teruco
435 1802 524 1831 erat
552 1793 705 1832 electus
736 1792 1064 1843 Pampilonensis
1092 1807 1139 1831 eo
1166 1801 1352 1843 tempore
1381 1807 1462 1843 quo
1491 1792 1625 1831 factus
1654 1801 1716 1831 est
1744 1791 1979 1839 cardinalis,

207 1880 212 1883 -
268 1853 319 1890 ob
345 1854 421 1892 hoc
447 1853 572 1903 vulgo
598 1852 732 1891 dictus
760 1852 978 1891 cardinalis
1006 1851 1346 1903 Pampilonensis.

322 1912 548 1951 Martinum
564 1911 687 1951 fuisse
705 1912 838 1950 civem
853 1910 1239 1961 Pampilonensem3
1254 1920 1365 1951 certo
1379 1919 1544 1950 constat
1556 1926 1606 1950 ex
1621 1912 1710 1962 ejus
1723 1910 1937 1962 epitaphio
1949 1910 1978 1949 4.

271 1972 403 2020 Quare
430 1972 585 2010 erravit
613 1971 888 2010 Theodericus
914 1985 936 2009 a
962 1971 1094 2018 Niem,
1122 1971 1192 2010 lib.
1225 1971 1255 2019 I,
1280 1972 1339 2009 De
1365 1971 1588 2019 schismate,
1617 1985 1705 2022 cap.
1732 1986 1775 2009 1v
1817 1970 1870 2021 [p.
1910 1970 1975 2021 16]

268 2031 448 2070 scribens
476 2031 592 2069 illum
620 2031 742 2070 fuisse
770 2031 938 2069 natione
966 2031 1228 2069 Catalanum.
1260 2030 1426 2069 Erravit
1454 2031 1580 2069 etiam
1609 2030 1846 2081 Onuphrius
1875 2031 1979 2068 Pan-

269 2091 418 2138 vinius,
443 2091 512 2141 qui
534 2091 650 2128 illum
672 2090 808 2141 patria
833 2090 997 2129 Gallum
1020 2090 1143 2128 fuisse
1167 2090 1354 2129 tradidit.

325 2152 387 2188 Ex
412 2151 499 2200 ejus
528 2150 741 2201 epitaphio
768 2149 900 2200 liquet
926 2165 1021 2188 eum
1048 2149 1206 2188 dedisse
1235 2164 1403 2201 operam
1429 2149 1568 2188 studio
1594 2149 1694 2199 juris
1724 2148 1911 2188 canonici
1937 2156 1979 2187 et

269 2210 482 2248 doctorem
509 2209 631 2248 fuisse
658 2209 699 2247 in
725 2224 771 2248 ea
800 2209 1014 2248 facultate.
1043 2210 1147 2248 Sane
1174 2209 1449 2248 Theodericus
1476 2223 1498 2247 a
1528 2209 1648 2247 Niem
1673 2208 1715 2246 in
1740 2209 1829 2247 loco
1856 2222 1979 2258 supra
2012 2205 2014 2209 ⁸

269 2269 440 2308 laudato
460 2269 576 2307 illum
597 2277 722 2308 vocat
744 2269 957 2324 doctorem
977 2269 1186 2319 egregium
1205 2269 1248 2307 in
1266 2269 1355 2319 jure
1377 2268 1590 2316 canonico,
1612 2277 1654 2307 et
1675 2268 1745 2306 diu
1767 2262 1979 2306 Avenione

269 2329 310 2367 in
339 2329 483 2367 eodem
510 2329 600 2379 jure
629 2328 771 2379 legisse
802 2328 1006 2367 ordinarie
1036 2328 1191 2367 scribit.
1224 2327 1417 2379 Aegidius
1446 2328 1676 2366 Bellamera
1705 2327 1746 2365 in
1772 2328 1982 2365 Decretum

277 2388 461 2426 Gratiani
479 2397 521 2426 et
539 2388 580 2426 in
595 2388 815 2426 Decretales
834 2387 949 2425 illum
967 2403 1087 2438 saepe
1107 2388 1211 2426 citat
1227 2403 1321 2426 cum
1337 2388 1478 2435 laude,
1497 2387 1590 2425 vide
1609 2386 1737 2425 etiam
1752 2385 1980 2433 Jocaberti,

270 2448 339 2486 lib.
371 2448 442 2495 VI,
469 2448 528 2485 De
556 2448 736 2495 concilio,
766 2455 844 2486 art.
877 2447 925 2485 14
953 2447 1028 2485 sub
1061 2448 1200 2487 finem.

328 2507 666 2545 Referendarium
683 2506 866 2557 Gregorii
884 2507 945 2544 XI
962 2506 1084 2545 fuisse
1102 2507 1223 2545 docet
1238 2506 1323 2557 ipse
1342 2506 1557 2556 Gregorius
1574 2505 1616 2543 in
1631 2505 1804 2555 epistola
1826 2504 1980 2555 scripta

272 2567 323 2604 ad
358 2566 597 2617 episcopum
635 2566 955 2605 Urbinatensem
989 2580 1097 2604 anno
1134 2565 1518 2613 MCCCLXXVIH,
1567 2564 1630 2603 die
1678 2580 1753 2602 xxl
1786 2562 1980 2615 januarii.

323 2731 353 2764 1.
375 2731 414 2763 Β.
446 2731 503 2771 N..
533 2743 600 2765 ms.
630 2731 727 2764 latin
756 2731 850 2765 4991
878 2731 913 2764 A
944 2732 1005 2765 fol.
1052 2733 1120 2765 147
1152 2731 1436 2765 v0.—Charles
1466 2730 1519 2764 VI
1544 2736 1654 2764 entra
1682 2730 1703 2762 a
1731 2729 1919 2762 Toulouse
1949 2728 1981 2761 le
2040 2737 2043 2750 v

275 2784 318 2815 29
339 2785 545 2817 novembre
562 2785 656 2818 1389
673 2790 710 2817 et
732 2797 777 2817 en
799 2784 920 2829 partit
941 2785 973 2818 le
992 2786 1011 2818 7
1028 2784 1179 2828 janvier
1200 2785 1294 2818 1390
1315 2784 1371 2828 (Ε.
1392 2784 1506 2824 Petit,
1523 2783 1673 2827 Sejoars
1688 2784 1729 2816 de
1745 2782 1896 2816 Charles
1912 2781 1980 2822 VI,

275 2837 367 2869 dans
389 2837 555 2870 Balletin
575 2838 624 2870 du
647 2839 774 2872 comite
804 2840 863 2871 des
896 2845 1052 2871 {ravaasc
1079 2838 1309 2882 historiques,
1341 2838 1449 2877 1893,
1480 2849 1515 2881 p.
1546 2836 1736 2879 445-446).

325 2891 354 2922 2.
377 2890 467 2923 Voir
488 2890 531 2923 N.
553 2891 680 2924 Valois
705 2892 744 2934 (t.
765 2904 803 2932 Π,
826 2904 859 2934 p.
882 2891 980 2935 164).
1005 2891 1107 2924 Pileo
1127 2897 1234 2933 rccut
1255 2891 1298 2925 de
1315 2891 1495 2923 Boniface
1518 2891 1575 2923 IX
1590 2890 1758 2923 l'eveche
1778 2889 1822 2921 de
1839 2888 1982 2921 Tuscu-

275 2943 354 2974 lum
379 2943 410 2975 le
437 2944 481 2976 13
509 2944 648 2977 sevrier
673 2945 764 2978 1391
798 2944 945 2987 (Eubel,
973 2944 1207 2984 Hierarchia,
1236 2950 1262 2977 t.
1289 2956 1312 2984 1,
1341 2956 1375 2988 p.
1406 2943 1476 2987 23.)

324 2996 354 3028 3.
372 2996 424 3028 La
442 2997 541 3029 bullo
561 2997 605 3029 de
623 2997 865 3030 nomination
883 2998 903 3029 a
922 2998 1155 3041 Pampclune
1173 2998 1205 3030 le
1224 2998 1348 3031 donne
1365 3008 1511 3030 comme
1539 2995 1738 3039 originaire
1757 2995 1801 3027 de
1819 2994 1980 3034 Tudela,

277 3059 323 3080 au
354 3048 498 3082 diocese
529 3050 572 3082 de
602 3050 799 3083 Tarazona
831 3051 978 3093 (Eubcl,
1008 3050 1244 3091 Hierarchia,
1275 3056 1302 3084 t.
1330 3063 1354 3090 1,
1385 3062 1419 3094 p.
1450 3050 1548 3093 387).

325 3102 356 3133 4.
385 3101 595 3142 Ciaconhxs,
624 3109 649 3135 t.
676 3116 713 3143 11,
741 3103 809 3136 col.
839 3105 919 3137 687.
