2083 3458
105 223 229 278 [935]
630 240 847 266 PAPARUM
882 239 1266 265 AVENloNENsmM
1709 225 1789 265 451

94 322 221 360 Maria
239 323 286 362 de
302 323 492 372 l'Estang
506 324 587 361 filia
605 324 776 361 Joannis
796 324 843 362 de
856 324 1059 374 l’Estang,
1073 324 1229 363 domini
1246 324 1293 362 de
1309 325 1499 374 I’Estang
1514 332 1554 362 et
1569 324 1623 361 du
1638 324 1790 370 Vialar‚

92 389 134 419 et
152 382 361 420 Susannae
381 382 428 420 de
448 382 599 420 Sancto
622 383 823 430 Martiale,
840 397 943 432 quac
963 397 1087 432 genus
1106 397 1226 421 suum
1250 383 1455 422 referebat
1474 383 1527 421 ad
1553 383 1722 420 Petrum
1743 382 1792 420 de

94 440 245 478 Sancto
276 441 476 488 Martiale,
497 449 658 490 patrem
680 442 864 490 Hugonis
884 442 932 480 de
952 442 1102 480 Sancto
1126 442 1312 480 Martiale
1332 442 1562 480 cardinalis.
1586 442 1644 479 Ea
1671 455 1792 491 porro

91 498 272 537 conditio
293 500 457 549 adjecta
474 508 536 538 est
554 501 786 538 contractui
802 501 1055 538 matrimonii
1077 501 1263 550 Dionysii
1284 501 1483 538 Martialis
1502 509 1543 539 et
1562 500 1729 548 Mariae,
1744 507 1793 537 ut

93 558 162 607 qui
190 573 240 596 ex
266 559 312 596 iis
340 567 618 605 nascerentur,
646 568 894 596 vocarentur
929 574 979 597 ex
1015 560 1178 597 nomine
1215 560 1372 606 matris,
1410 560 1580 609 ejusque
1616 559 1790 608 insignia

93 617 296 666 gentilitia
310 626 531 657 sumerent.
551 618 695 667 Itaque
710 618 942 667 Stephanus
957 632 1098 656 eorum
1113 618 1218 656 filius
1232 627 1404 656 vocatus
1420 626 1481 656 est
1495 618 1728 668 Stephanus
1743 618 1792 655 de

93 676 313 726 L’Estang.
337 677 438 714 Erat
458 676 522 714 ille
543 677 669 715 etiam
690 677 879 714 dominus
901 677 949 714 de
972 677 1180 725 L’Estang
1199 685 1241 715 et
1265 677 1319 714 du
1341 678 1491 724 Vialar,
1513 691 1560 715 ac
1581 685 1791 726 praeterea

91 735 171 772 fuit
191 749 352 785 praeses
373 735 415 772 in
435 735 668 784 praesidiali
690 736 800 773 curia
822 736 1007 773 Brivensi
1029 744 1069 774 et
1090 744 1255 785 praetor
1276 736 1459 785 ejusdem
1482 736 1606 773 urbis.
1634 734 1794 773 Habuit

92 802 233 832 autem
256 794 401 832 fratres
425 795 643 841 joannem,
669 795 850 841 Petrum,
874 803 915 832 et
938 795 1182 833 Martialem.
1208 795 1321 832 Uxor
1343 796 1429 844 ejus
1453 795 1532 832 fuit
1554 795 1721 844 Aloysia
1743 794 1793 833 de

93 853 214 902 Juye,
247 853 329 891 filia
359 853 529 891 Antonii
559 854 657 891 civis
689 853 931 900 Tutelensis,
963 853 1117 891 domini
1148 853 1196 891 de
1227 854 1412 903 Marqua,
1444 868 1547 903 quae
1577 853 1794 903 proaviam

91 912 238 950 habuit
262 913 528 962 B'Iargaritam
551 927 731 950 sororem
755 912 925 950 ,Ioannis
951 912 999 949 de.
1023 912 1159 959 Salva,
1182 913 1303 962 primi
1326 912 1522 962 praesidis
1546 906 1794 962 parlamenti

93 971 342 1010 Parisiensis.
374 972 526 1010 Genuit
555 972 788 1022 Stephanus
818 971 1048 1009 Antonium
1075 971 1305 1021 praesidem
1333 972 1556 1009 infulatum
1592 971 1633 1008 in
1661 972 1793 1021 parla-

91 1039 231 1069 mento
253 1031 468 1078 Tolosano‚
487 1031 556 1080 qui
578 1031 680 1069 obiit
695 1031 850 1080 absque
870 1030 1020 1077 liberis,
1038 1030 1311 1077 Leonardum,
1330 1030 1670 1080 Christophorum
1691 1030 1793 1080 epis-

91 1104 241 1140 copum
267 1090 644 1137 Carcassonensem,
672 1090 898 1128 Antoniam
917 1097 1093 1140 nuptam
1116 1090 1332 1127 Guillelmo
1352 1090 1591 1136 Polverello,
1617 1097 1793 1127 matrem

93 1149 291 1199 Stephani
310 1149 490 1199 episcopi
510 1149 751 1197 Alectensis,
771 1157 812 1188 et
832 1150 1053 1196 Joannam,
1075 1157 1250 1199 nuptam
1272 1148 1487 1186 Francisco
1508 1148 1555 1186 de
1577 1147 1792 1197 Maynard‚

90 1209 270 1258 praetori
306 1209 506 1248 Brivensi.
546 1208 751 1247 Francisci
787 1216 829 1246 et
866 1209 1052 1246 Joannae
1089 1208 1204 1245 liberi
1241 1208 1352 1245 fuere
1390 1207 1706 1257 Christophorus
1744 1206 1793 1245 de

92 1267 294 1317 Maynard
316 1267 365 1306 de
388 1268 597 1318 L'Estang
618 1267 871 1306 consiliarius
893 1268 935 1305 in
956 1268 1216 1317 parlamento
1238 1268 1455 1313 Tolosano,
1478 1266 1529 1303 ad
1554 1280 1675 1315 quem
1706 1280 1793 1315 per-

91 1327 207 1365 venit
227 1327 432 1365 hereditas
455 1327 626 1365 Antonii
647 1335 688 1365 et
710 1326 992 1376 Christophori
1013 1326 1062 1364 de
1086 1326 1306 1375 L’Estang‚
1330 1325 1534 1363 Antonius
1557 1325 1794 1362 nominatus

91 1386 306 1436 episcopus
335 1386 601 1434 Lodovensis,
630 1394 671 1424 et
700 1386 914 1423 Honorata
942 1400 1046 1423 uxor
1075 1385 1184 1423 Petri
1214 1385 1262 1423 de
1292 1385 1424 1432 Fenis‚
1454 1384 1608 1421 domini
1636 1383 1726 1421 Tilii
1754 1391 1795 1421 et

93 1445 264 1493 Pradae‚
287 1445 515 1495 praesidis
506 1460 546 1483 1n
562 1445 797 1511 praesidiali
813 1445 923 1483 curia
940 1444 1163 1491 Tutelensi,
1185 1452 1226 1483 et
1244 1443 1443 1495 praetoris
1463 1443 1648 1492 ejusdem
1669 1443 1792 1480 urbis.

94 1504 212 1543 Nunc
235 1505 482 1543 redeamus
472 1520 513 1543 1n
538 1505 661 1544 xiam.

146 1564 316 1602 Petrum
339 1564 387 1602 de
412 1564 652 1602 Monteruco
687 1563 833 1601 sororis
858 1578 968 1611 suae,
993 1571 1040 1600 ut
1074 1571 1197 1600 antea
1221 1562 1414 1608 diximus,
1443 1562 1572 1598 {ilium
1600 1561 1794 1598 Innocen-

92 1623 173 1661 tius
189 1623 246 1660 VI
263 1624 481 1662 constituit
496 1623 734 1673 episcopum
749 1623 1104 1672 pampilonensem
1120 1621 1133 1644 ¹
1153 1635 1261 1659 anno
1278 1621 1525 1668 MCCCLVI,
1543 1634 1623 1669 quo
1639 1620 1793 1657 extinc-

91 1690 180 1720 tum
220 1682 343 1721 fuisse
382 1683 608 1720 Arnaldum
649 1682 697 1720 de
733 1682 976 1719 Barbazano
1015 1681 1189 1719 tradidit
1227 1680 1528 1719 Sandovallius.
1571 1679 1794 1728 Nunquam

91 1741 171 1779 fuit
199 1750 474 1780 consecratus.
506 1742 560 1779 Et
586 1741 677 1779 ideo
705 1742 861 1778 nullam
888 1741 994 1779 illius
1024 1740 1276 1778 mentionem
1304 1739 1405 1777 facit
1430 1738 1540 1777 idem
1569 1737 1793 1776 Sandoval-

89 1800 180 1839 lius.
208 1801 392 1850 Denique
415 1815 523 1839 anno
546 1801 690 1839 eodem
717 1800 980 1838 Innocentius
1003 1814 1097 1837 eum
1120 1799 1276 1837 creavit
1297 1798 1587 1848 presbyterum
1610 1797 1794 1834 cardina-

90 1860 170 1897 lem
195 1860 306 1898 tituli
332 1860 506 1898 Sanctae
532 1860 789 1906 Anastasiae‚
808 1867 850 1898 et
868 1873 976 1896 anno
1001 1859 1216 1896 millesimo
1242 1858 1437 1896 CCCLXI
1463 1857 1500 1895 S.
1530 1857 1576 1894 R.
1606 1857 1650 1894 E.
1688 1856 1793 1893 vice-

92 1919 414 1957 cancellarium2
419 1920 500 1958 ,In
524 1919 660 1957 codice
683 1917 761 1957 844
783 1919 820 1957 S.
846 1918 1022 1956 Victoris
1048 1917 1298 1964 Parisiensis,
1329 1917 1370 1955 in
1403 1916 1526 1954 titulo
1549 1915 1795 1963 Regularum

92 1979 355 2017 cancellariae
377 1978 571 2016 datalum
590 1993 662 2028 per
684 1978 898 2016 Urbanum
916 1978 962 2025 V,
985 1977 1042 2014 ita
1063 1977 1236 2025 leoitur:
1254 1975 1432 2014 Ονάὶηας
1421 1975 1466 2012 it
1486 1975 1589 2012 idem
1608 1974 1794 2011 dominus

91 2045 218 2074 noster
242 2038 431 2075 Urbanus
450 2052 560 2087 papa
585 2037 630 2084 V,
652 2052 690 2074 vi
713 2037 803 2074 idus
834 2036 897 2086 [8]
920 2035 1154 2083 novembris,
1175 2034 1433 2085 pontificatus
1451 2034 1517 2071 sui
1537 2048 1643 2071 anno
1663 2032 1793 2082 primo

102 2095 261 2147 [1352],
290 2097 424 2144 voluit,
453 2105 486 2134 et
514 2096 633 2134 michi
662 2097 776 2133 Petro
804 2095 1111 2145 Pampilonensi
1140 2093 1457 2132 vicecancellario
1484 2092 1657 2142 precepit
1693 2092 1794 2141 quod

91 2169 223 2192 omnes
243 2155 451 2205 petitiones
469 2155 624 2204 signate
644 2169 713 2205 per
733 2155 938 2192 dominum
962 2154 1252 2197 Innocentium,
1274 2153 1579 2202 predecessorem
1596 2165 1727 2197 suum,
1749 2151 1793 2187 de

90 2213 401 2265 quibuscumque
422 2214 562 2264 gratiis
580 2214 662 2251 sive
681 2214 919 2264 privilegiis,
941 2222 1186 2263 preterquam
1205 2212 1519 2262 expectationum
1536 2219 1570 2248 et
1587 2210 1790 2259 dispensa-

90 2273 244 2311 tionum
265 2273 308 2311 in
331 2273 642 2323 beneficialibus,
663 2273 737 2311 sub
759 2273 917 2310 nomine
936 2287 1008 2309 suo
1027 2272 1288 2322 expediantur
1307 2279 1341 2308 et
1364 2271 1570 2308 bullentur.
1595 2270 1649 2306 Et
1668 2269 1792 2318 paulo

90 2341 185 2382 post
208 2349 215 2370 z
242 2333 339 2370 Item
362 2333 463 2370 idem
484 2332 669 2370 dominus
692 2340 819 2369 noster
845 2331 1034 2370 Urbanus
1055 2330 1251 2368 commisit
1272 2329 1391 2367 michi
1414 2330 1460 2367 P.
1485 2326 1790 2377 Pampilonensi

89 2391 407 2429 vicecancellario
430 2391 503 2429 III
524 2391 613 2428 idus
644 2391 734 2441 [11]
759 2390 979 2428 novembris
1011 2391 1113 2440 quod
1131 2389 1406 2427 committerem
1425 2387 1549 2425 alicui
1566 2393 1790 2436 potestatem

89 2450 307 2500 recipiendi
339 2450 646 2500 resignationem
680 2450 957 2499 beneficiorum
988 2464 1013 2487 a
1043 2449 1262 2486 volentibus
1293 2447 1495 2496 resignare
1525 2454 1559 2483 et
1591 2445 1633 2482 in
1661 2445 1791 2494 forma

88 2501 313 2559 pauperiem
331 2509 583 2560 impetrandi.
601 2509 714 2559 Quod
729 2508 899 2547 concessi
916 2508 1051 2546 abbati
1070 2507 1206 2545 Sancti
1224 2506 1439 2544 Michaelis
1456 2505 1500 2542 de
1515 2504 1639 2542 Clusa
1658 2503 1790 2540 eadem

91 2568 164 2606 die.
197 2568 288 2606 Non
318 2568 396 2606 fuit
422 2568 487 2606 ille
513 2568 727 2618 episcopus
757 2567 970 2614 Ostiensis,
1000 2575 1047 2605 ut
1075 2580 1169 2605 eum
1193 2573 1317 2604 vocat
1343 2563 1597 2603 Cherubinus
1626 2562 1788 2600 Ghirar-

89 2627 267 2675 daccius,
287 2627 356 2666 lib.
381 2627 533 2664 XXIII
553 2627 660 2665 Hist.
682 2627 852 2673 Bonon.,
872 2641 911 2676 p.
934 2626 1023 2673 238,
1045 2640 1139 2664 eum
1159 2624 1415 2663 confundens
1440 2636 1532 2660 cum
1554 2622 1674 2659 Petro
1694 2621 1788 2658 Ber-

137 2786 168 2819 1.
193 2785 239 2819 Ce
261 2786 321 2818 fut
340 2786 372 2818 le
395 2785 439 2818 20
460 2785 664 2818 novembre
686 2786 778 2818 1355
805 2785 949 2828 (Eubel,
972 2784 1203 2823 Hierarchia,
1227 2789 1252 2816 t.
1275 2794 1298 2822 1,
1322 2793 1356 2825 p.
1380 2781 1477 2823 387).

138 2840 169 2872 2.
189 2838 229 2871 L'
235 2844 317 2871 acte
334 2838 366 2871 Ie
384 2838 466 2881 plus
484 2838 616 2871 ancien
633 2831 698 2882 qui
714 2838 746 2871 le
764 2838 982 2871 mentionne
1000 2848 1091 2870 avec
1108 2848 1147 2870 ce
1166 2836 1253 2868 titre
1270 2840 1440 2867 remonte
1456 2844 1503 2865 au
1522 2833 1565 2864 29
1582 2831 1664 2875 juin
1682 2830 1786 2863 1361.

91 2890 163 2925 Sur
183 2903 251 2925 son
273 2890 439 2931 activite,
458 2891 539 2924 voir
554 2891 592 2924 P.
606 2891 654 2924 M.
671 2891 927 2935 Baumgarten
947 2891 1044 2933 (Von
1066 2890 1125 2922 der
1146 2887 1409 2932 apostolischen
1422 2885 1589 2925 ΚαηΖΖεί,
1615 2884 1787 2927 Cologne,

88 2944 194 2984 1908,
219 2956 253 2988 p.
279 2944 364 2977 107-
367 2944 658 2988 109,123-,126)
684 2944 728 2978 U.
752 2944 911 2977 Berliere
938 2943 1018 2986 (Les
1039 2942 1279 2975 archidiacres
1302 2941 1343 2973 de
1361 2939 1471 2982 Liege
1491 2939 1540 2971 du
1561 2948 1606 2972 Χ]
1617 2942 1652 2972 Ve
1673 2936 1788 2976 siecle,

90 2998 183 3030 dans
206 2997 370 3030 Bulletin
392 2997 433 3030 de
464 2997 499 3029 la
521 2998 754 3031 commission
775 2997 896 3040 royale
918 2996 950 3029 d'
955 2996 1102 3029 histoire
1125 2996 1166 3028 de
1197 2994 1233 3027 la
1254 2993 1439 3036 Belgique‚
1466 2998 1491 3025 t.
1519 3002 1626 3023 Lxxv
1652 2989 1786 3033 (1906),

90 3062 126 3094 p.
149 3051 235 3084 203-
221 3050 334 3093 2205).
352 3049 423 3083 Sur
441 3061 510 3082 son
529 3050 603 3083 rale
624 3051 795 3093 pendant
813 3050 845 3083 le
867 3049 996 3082 Grand
1016 3048 1193 3087 Schisme,
1217 3046 1298 3079 voir
1319 3045 1362 3079 N.
1379 3044 1505 3078 Valois
1530 3044 1568 3087 (t.
1584 3056 1621 3083 11,
1638 3055 1673 3087 p.
1690 3042 1787 3086 496).

91 3103 167 3136 Son
187 3109 395 3137 tcstament
415 3114 436 3136 a
457 3104 516 3136 ete
536 3103 662 3146 publie
684 3115 752 3146 par
771 3103 819 3136 M.
845 3102 1024 3135 Fournier
1047 3101 1208 3144 (Statius,
1231 3106 1257 3133 t.
1278 3111 1302 3139 1,
1325 3110 1359 3132 n.
1383 3098 1480 3141 711).

1055 3267 1071 3280 0
