<?xml version="1.0" encoding="UTF-8"?>
<!DOCTYPE html PUBLIC "-//W3C//DTD XHTML 1.0 Transitional//EN"
    "http://www.w3.org/TR/xhtml1/DTD/xhtml1-transitional.dtd">
<html xmlns="http://www.w3.org/1999/xhtml" xml:lang="en" lang="en">
 <head>
  <title>
</title>
<meta http-equiv="Content-Type" content="text/html;charset=utf-8" />
  <meta name='ocr-system' content='tesseract 3.04.00' />
  <meta name='ocr-capabilities' content='ocr_page ocr_carea ocr_par ocr_line ocrx_word'/>
</head>
<body>
  <div class='ocr_page' id='page_1' title='image "./vitaepaparumaven02balu_0914.png"; bbox 0 0 2083 3458; ppageno 0'>
   <div class='ocr_carea' id='block_1_1' title="bbox 254 169 1963 226">
    <p class='ocr_par' dir='ltr' id='par_1_1' title="bbox 254 169 1963 226">
     <span class='ocr_line' id='line_1_1' title="bbox 254 169 1963 226; baseline -0.001 -15"><span class='ocrx_word' id='word_1_1' title='bbox 254 171 334 211; x_wconf 75' lang='lat'>904</span> <span class='ocrx_word' id='word_1_2' title='bbox 902 183 1054 209; x_wconf 82' lang='lat' dir='ltr'><strong>NOTAE</strong></span> <span class='ocrx_word' id='word_1_3' title='bbox 1089 183 1149 208; x_wconf 87' lang='lat' dir='ltr'>AD</span> <span class='ocrx_word' id='word_1_4' title='bbox 1183 183 1312 208; x_wconf 77' lang='lat' dir='ltr'>VITAs</span> <span class='ocrx_word' id='word_1_5' title='bbox 1810 169 1963 226; x_wconf 75' lang='lat'>[1392]</span> 
     </span>
    </p>
   </div>
   <div class='ocr_carea' id='block_1_2' title="bbox 252 266 1968 2820">
    <p class='ocr_par' dir='ltr' id='par_1_2' title="bbox 252 266 1967 1513">
     <span class='ocr_line' id='line_1_2' title="bbox 255 266 1963 320; baseline -0.001 -12"><span class='ocrx_word' id='word_1_6' title='bbox 255 285 354 320; x_wconf 89' lang='lat' dir='ltr'>quas</span> <span class='ocrx_word' id='word_1_7' title='bbox 378 269 588 320; x_wconf 87' lang='lat' dir='ltr'>quondam</span> <span class='ocrx_word' id='word_1_8' title='bbox 611 268 850 307; x_wconf 88' lang='lat' dir='ltr'>Guillelmus</span> <span class='ocrx_word' id='word_1_9' title='bbox 874 282 1007 306; x_wconf 90' lang='lat' dir='ltr'>comes</span> <span class='ocrx_word' id='word_1_10' title='bbox 1028 266 1266 314; x_wconf 79' lang='lat' dir='ltr'>Bellifortis,</span> <span class='ocrx_word' id='word_1_11' title='bbox 1287 275 1407 317; x_wconf 89' lang='lat' dir='ltr'>pater</span> <span class='ocrx_word' id='word_1_12' title='bbox 1428 266 1528 305; x_wconf 84' lang='lat' dir='ltr'>dicti</span> <span class='ocrx_word' id='word_1_13' title='bbox 1551 267 1804 317; x_wconf 79' lang='lat' dir='ltr'>Raymundi‚</span> <span class='ocrx_word' id='word_1_14' title='bbox 1827 283 1963 319; x_wconf 90' lang='lat' dir='ltr'>praes-</span> 
     </span>
     <span class='ocr_line' id='line_1_3' title="bbox 252 326 1963 379; baseline -0.001 -11"><span class='ocrx_word' id='word_1_15' title='bbox 252 329 397 368; x_wconf 87' lang='lat' dir='ltr'>titerat</span> <span class='ocrx_word' id='word_1_16' title='bbox 413 342 598 368; x_wconf 87' lang='lat' dir='ltr'>camerae</span> <span class='ocrx_word' id='word_1_17' title='bbox 614 327 865 379; x_wconf 87' lang='lat' dir='ltr'>apostolicae</span> <span class='ocrx_word' id='word_1_18' title='bbox 882 335 1067 377; x_wconf 86' lang='lat' dir='ltr'>tempore</span> <span class='ocrx_word' id='word_1_19' title='bbox 1085 326 1268 377; x_wconf 78' lang='lat' dir='ltr'>Gregorii</span> <span class='ocrx_word' id='word_1_20' title='bbox 1285 327 1361 374; x_wconf 89' lang='lat' dir='ltr'>XI,</span> <span class='ocrx_word' id='word_1_21' title='bbox 1378 335 1419 365; x_wconf 90' lang='lat' dir='ltr'>et</span> <span class='ocrx_word' id='word_1_22' title='bbox 1434 341 1508 377; x_wconf 89' lang='lat' dir='ltr'>pro</span> <span class='ocrx_word' id='word_1_23' title='bbox 1524 327 1709 378; x_wconf 86' lang='lat' dir='ltr'>pluribus</span> <span class='ocrx_word' id='word_1_24' title='bbox 1735 336 1776 366; x_wconf 88' lang='lat' dir='ltr'>et</span> <span class='ocrx_word' id='word_1_25' title='bbox 1805 328 1963 378; x_wconf 87' lang='lat' dir='ltr'>magnis</span> 
     </span>
     <span class='ocr_line' id='line_1_4' title="bbox 254 385 1963 437; baseline -0.001 -10"><span class='ocrx_word' id='word_1_26' title='bbox 254 388 423 428; x_wconf 88' lang='lat' dir='ltr'>summis</span> <span class='ocrx_word' id='word_1_27' title='bbox 447 387 537 427; x_wconf 91' lang='lat' dir='ltr'>auri</span> <span class='ocrx_word' id='word_1_28' title='bbox 559 396 600 426; x_wconf 89' lang='lat' dir='ltr'>et</span> <span class='ocrx_word' id='word_1_29' title='bbox 622 387 783 437; x_wconf 79' lang='lat' dir='ltr'>argenti</span> <span class='ocrx_word' id='word_1_30' title='bbox 814 401 915 437; x_wconf 83' lang='lat' dir='ltr'>quas</span> <span class='ocrx_word' id='word_1_31' title='bbox 939 386 1112 437; x_wconf 88' lang='lat' dir='ltr'>petebat</span> <span class='ocrx_word' id='word_1_32' title='bbox 1146 400 1169 423; x_wconf 89' lang='lat' dir='ltr'>a</span> <span class='ocrx_word' id='word_1_33' title='bbox 1193 400 1353 425; x_wconf 87' lang='lat' dir='ltr'>camera</span> <span class='ocrx_word' id='word_1_34' title='bbox 1393 385 1620 437; x_wconf 89' lang='lat' dir='ltr'>apostolica</span> <span class='ocrx_word' id='word_1_35' title='bbox 1643 401 1717 437; x_wconf 90' lang='lat' dir='ltr'>pro</span> <span class='ocrx_word' id='word_1_36' title='bbox 1741 387 1860 426; x_wconf 89' lang='lat' dir='ltr'>certis</span> <span class='ocrx_word' id='word_1_37' title='bbox 1884 403 1963 427; x_wconf 87' lang='lat' dir='ltr'>ser-</span> 
     </span>
     <span class='ocr_line' id='line_1_5' title="bbox 257 445 1964 498; baseline 0 -13"><span class='ocrx_word' id='word_1_38' title='bbox 257 448 365 487; x_wconf 85' lang='lat' dir='ltr'>vitiis</span> <span class='ocrx_word' id='word_1_39' title='bbox 400 462 504 498; x_wconf 83' lang='lat' dir='ltr'>quae</span> <span class='ocrx_word' id='word_1_40' title='bbox 537 447 622 498; x_wconf 90' lang='lat' dir='ltr'>ipse</span> <span class='ocrx_word' id='word_1_41' title='bbox 658 446 932 496; x_wconf 86' lang='lat' dir='ltr'>Raymundus</span> <span class='ocrx_word' id='word_1_42' title='bbox 966 460 1060 484; x_wconf 90' lang='lat' dir='ltr'>cum</span> <span class='ocrx_word' id='word_1_43' title='bbox 1092 460 1243 496; x_wconf 89' lang='lat' dir='ltr'>magna</span> <span class='ocrx_word' id='word_1_44' title='bbox 1268 445 1506 495; x_wconf 88' lang='lat' dir='ltr'>quantitate</span> <span class='ocrx_word' id='word_1_45' title='bbox 1540 446 1726 496; x_wconf 88' lang='lat' dir='ltr'>gentium</span> <span class='ocrx_word' id='word_1_46' title='bbox 1755 461 1964 485; x_wconf 89' lang='lat' dir='ltr'>armorum</span> 
     </span>
     <span class='ocr_line' id='line_1_6' title="bbox 256 505 1963 557; baseline -0.001 -10"><span class='ocrx_word' id='word_1_47' title='bbox 256 509 409 547; x_wconf 76' lang='lat' dir='ltr'>fecerat</span> <span class='ocrx_word' id='word_1_48' title='bbox 440 516 607 546; x_wconf 89' lang='lat' dir='ltr'>sanctae</span> <span class='ocrx_word' id='word_1_49' title='bbox 640 505 764 544; x_wconf 87' lang='lat' dir='ltr'>matri</span> <span class='ocrx_word' id='word_1_50' title='bbox 797 505 1219 556; x_wconf 88' lang='lat' dir='ltr'>Ecclesiae,tempore</span> <span class='ocrx_word' id='word_1_51' title='bbox 1251 505 1438 555; x_wconf 86' lang='lat' dir='ltr'>ejusdem</span> <span class='ocrx_word' id='word_1_52' title='bbox 1471 505 1667 556; x_wconf 78' lang='lat' dir='ltr'>Gregorii,</span> <span class='ocrx_word' id='word_1_53' title='bbox 1700 521 1858 545; x_wconf 79' lang='lat' dir='ltr'>necnon</span> <span class='ocrx_word' id='word_1_54' title='bbox 1889 521 1963 557; x_wconf 92' lang='lat' dir='ltr'>pro</span> 
     </span>
     <span class='ocr_line' id='line_1_7' title="bbox 256 564 1964 619; baseline -0.001 -13"><span class='ocrx_word' id='word_1_55' title='bbox 256 567 441 619; x_wconf 88' lang='lat' dir='ltr'>pluribus</span> <span class='ocrx_word' id='word_1_56' title='bbox 463 566 639 606; x_wconf 85' lang='lat' dir='ltr'>servitiis</span> <span class='ocrx_word' id='word_1_57' title='bbox 660 565 794 604; x_wconf 82' lang='lat' dir='ltr'>eidem</span> <span class='ocrx_word' id='word_1_58' title='bbox 815 565 1009 615; x_wconf 78' lang='lat' dir='ltr'>Gregorio</span> <span class='ocrx_word' id='word_1_59' title='bbox 1030 564 1150 604; x_wconf 88' lang='lat' dir='ltr'>factis</span> <span class='ocrx_word' id='word_1_60' title='bbox 1171 580 1242 615; x_wconf 91' lang='lat' dir='ltr'>per</span> <span class='ocrx_word' id='word_1_61' title='bbox 1263 565 1454 603; x_wconf 89' lang='lat' dir='ltr'>eumdem</span> <span class='ocrx_word' id='word_1_62' title='bbox 1478 565 1790 614; x_wconf 81' lang='lat' dir='ltr'>Raymundum,</span> <span class='ocrx_word' id='word_1_63' title='bbox 1814 566 1861 604; x_wconf 89' lang='lat' dir='ltr'>de</span> <span class='ocrx_word' id='word_1_64' title='bbox 1884 581 1964 616; x_wconf 91' lang='lat' dir='ltr'>quo</span> 
     </span>
     <span class='ocr_line' id='line_1_8' title="bbox 258 624 1966 675; baseline -0.001 -10"><span class='ocrx_word' id='word_1_65' title='bbox 258 628 517 667; x_wconf 80' lang='lat' dir='ltr'>debebantur</span> <span class='ocrx_word' id='word_1_66' title='bbox 542 626 674 664; x_wconf 89' lang='lat' dir='ltr'>eidem</span> <span class='ocrx_word' id='word_1_67' title='bbox 699 639 873 675; x_wconf 89' lang='lat' dir='ltr'>magnae</span> <span class='ocrx_word' id='word_1_68' title='bbox 899 639 1084 663; x_wconf 87' lang='lat' dir='ltr'>summae</span> <span class='ocrx_word' id='word_1_69' title='bbox 1110 624 1200 662; x_wconf 85' lang='lat' dir='ltr'>auri</span> <span class='ocrx_word' id='word_1_70' title='bbox 1224 633 1266 663; x_wconf 90' lang='lat' dir='ltr'>et</span> <span class='ocrx_word' id='word_1_71' title='bbox 1290 624 1464 674; x_wconf 77' lang='lat' dir='ltr'>argenti.</span> <span class='ocrx_word' id='word_1_72' title='bbox 1492 625 1618 663; x_wconf 88' lang='lat' dir='ltr'>Porro</span> <span class='ocrx_word' id='word_1_73' title='bbox 1645 625 1897 664; x_wconf 85' lang='lat' dir='ltr'>Froissartus</span> <span class='ocrx_word' id='word_1_74' title='bbox 1923 625 1966 663; x_wconf 91' lang='lat' dir='ltr'>in</span> 
     </span>
     <span class='ocr_line' id='line_1_9' title="bbox 257 683 1965 736; baseline -0.001 -11"><span class='ocrx_word' id='word_1_75' title='bbox 257 688 334 725; x_wconf 88' lang='lat' dir='ltr'>hoc</span> <span class='ocrx_word' id='word_1_76' title='bbox 350 687 438 725; x_wconf 92' lang='lat' dir='ltr'>loco</span> <span class='ocrx_word' id='word_1_77' title='bbox 456 685 657 736; x_wconf 83' lang='lat' dir='ltr'>insignem</span> <span class='ocrx_word' id='word_1_78' title='bbox 674 685 877 735; x_wconf 79' lang='lat' dir='ltr'>valdeque</span> <span class='ocrx_word' id='word_1_79' title='bbox 896 684 1094 723; x_wconf 81' lang='lat' dir='ltr'>festivum</span> <span class='ocrx_word' id='word_1_80' title='bbox 1115 683 1355 734; x_wconf 84' lang='lat' dir='ltr'>Raymundi</span> <span class='ocrx_word' id='word_1_81' title='bbox 1370 684 1511 734; x_wconf 87' lang='lat' dir='ltr'>jocum</span> <span class='ocrx_word' id='word_1_82' title='bbox 1527 684 1653 723; x_wconf 87' lang='lat' dir='ltr'>refert</span> <span class='ocrx_word' id='word_1_83' title='bbox 1670 685 1775 723; x_wconf 86' lang='lat' dir='ltr'>circa</span> <span class='ocrx_word' id='word_1_84' title='bbox 1794 685 1965 723; x_wconf 88' lang='lat' dir='ltr'>modum</span> 
     </span>
     <span class='ocr_line' id='line_1_10' title="bbox 259 743 1964 796; baseline -0.001 -11"><span class='ocrx_word' id='word_1_85' title='bbox 259 761 340 796; x_wconf 86' lang='lat' dir='ltr'>quo</span> <span class='ocrx_word' id='word_1_86' title='bbox 359 747 544 785; x_wconf 83' lang='lat' dir='ltr'>Clemens</span> <span class='ocrx_word' id='word_1_87' title='bbox 557 754 598 784; x_wconf 87' lang='lat' dir='ltr'>et</span> <span class='ocrx_word' id='word_1_88' title='bbox 611 744 837 784; x_wconf 80' lang='lat' dir='ltr'>cardinales</span> <span class='ocrx_word' id='word_1_89' title='bbox 855 744 1084 782; x_wconf 86' lang='lat' dir='ltr'>utebantur</span> <span class='ocrx_word' id='word_1_90' title='bbox 1103 744 1155 781; x_wconf 89' lang='lat' dir='ltr'>ad</span> <span class='ocrx_word' id='word_1_91' title='bbox 1173 744 1365 794; x_wconf 89' lang='lat' dir='ltr'>legendos</span> <span class='ocrx_word' id='word_1_92' title='bbox 1386 743 1535 782; x_wconf 83' lang='lat' dir='ltr'>milites</span> <span class='ocrx_word' id='word_1_93' title='bbox 1556 744 1752 783; x_wconf 88' lang='lat' dir='ltr'>adversus</span> <span class='ocrx_word' id='word_1_94' title='bbox 1772 745 1964 783; x_wconf 89' lang='lat' dir='ltr'>eumdem</span> 
     </span>
     <span class='ocr_line' id='line_1_11' title="bbox 261 803 1964 855; baseline -0.002 -10"><span class='ocrx_word' id='word_1_95' title='bbox 261 806 571 855; x_wconf 83' lang='lat' dir='ltr'>Raymundum.</span> <span class='ocrx_word' id='word_1_96' title='bbox 598 805 790 843; x_wconf 83' lang='lat' dir='ltr'>Referam</span> <span class='ocrx_word' id='word_1_97' title='bbox 811 812 953 842; x_wconf 85' lang='lat' dir='ltr'>autem</span> <span class='ocrx_word' id='word_1_98' title='bbox 973 803 1062 855; x_wconf 90' lang='lat' dir='ltr'>ipsa</span> <span class='ocrx_word' id='word_1_99' title='bbox 1084 804 1171 854; x_wconf 88' lang='lat' dir='ltr'>ejus</span> <span class='ocrx_word' id='word_1_100' title='bbox 1194 803 1334 854; x_wconf 83' lang='lat' dir='ltr'>verba.</span> <span class='ocrx_word' id='word_1_101' title='bbox 1358 804 1461 842; x_wconf 89' lang='lat' dir='ltr'>Cum</span> <span class='ocrx_word' id='word_1_102' title='bbox 1483 818 1577 854; x_wconf 87' lang='lat' dir='ltr'>ergo</span> <span class='ocrx_word' id='word_1_103' title='bbox 1600 803 1771 843; x_wconf 86' lang='lat' dir='ltr'>dixisset</span> <span class='ocrx_word' id='word_1_104' title='bbox 1792 819 1833 843; x_wconf 89' lang='lat' dir='ltr'>se</span> <span class='ocrx_word' id='word_1_105' title='bbox 1853 804 1964 842; x_wconf 88' lang='lat' dir='ltr'>intra</span> 
     </span>
     <span class='ocr_line' id='line_1_12' title="bbox 259 862 1965 914; baseline -0.001 -10"><span class='ocrx_word' id='word_1_106' title='bbox 259 880 441 905; x_wconf 89' lang='lat' dir='ltr'>mensem</span> <span class='ocrx_word' id='word_1_107' title='bbox 468 865 625 902; x_wconf 88' lang='lat' dir='ltr'>maium</span> <span class='ocrx_word' id='word_1_108' title='bbox 654 865 779 902; x_wconf 85' lang='lat' dir='ltr'>finem</span> <span class='ocrx_word' id='word_1_109' title='bbox 806 863 1099 914; x_wconf 85' lang='lat' dir='ltr'>impositurum</span> <span class='ocrx_word' id='word_1_110' title='bbox 1127 862 1222 901; x_wconf 87' lang='lat' dir='ltr'>huic</span> <span class='ocrx_word' id='word_1_111' title='bbox 1249 863 1355 901; x_wconf 91' lang='lat' dir='ltr'>bello</span> <span class='ocrx_word' id='word_1_112' title='bbox 1383 871 1424 901; x_wconf 90' lang='lat' dir='ltr'>et</span> <span class='ocrx_word' id='word_1_113' title='bbox 1452 863 1597 902; x_wconf 88' lang='lat' dir='ltr'>statim</span> <span class='ocrx_word' id='word_1_114' title='bbox 1624 864 1965 911; x_wconf 83' lang='lat' dir='ltr'>transmissurum</span> 
     </span>
     <span class='ocr_line' id='line_1_13' title="bbox 257 922 1965 974; baseline -0.002 -10"><span class='ocrx_word' id='word_1_115' title='bbox 257 926 298 964; x_wconf 90' lang='lat' dir='ltr'>in</span> <span class='ocrx_word' id='word_1_116' title='bbox 318 925 483 964; x_wconf 88' lang='lat' dir='ltr'>Italiam</span> <span class='ocrx_word' id='word_1_117' title='bbox 500 924 740 971; x_wconf 76' lang='lat' dir='ltr'>exercitum,</span> <span class='ocrx_word' id='word_1_118' title='bbox 769 923 887 961; x_wconf 79' lang='lat' dir='ltr'>addit</span> <span class='ocrx_word' id='word_1_119' title='bbox 919 923 996 974; x_wconf 82' lang='lat' dir='ltr'>[ed.</span> <span class='ocrx_word' id='word_1_120' title='bbox 1018 923 1203 972; x_wconf 84' lang='lat' dir='ltr'>Kervyn,</span> <span class='ocrx_word' id='word_1_121' title='bbox 1219 931 1250 961; x_wconf 89' lang='lat' dir='ltr'>t.</span> <span class='ocrx_word' id='word_1_122' title='bbox 1269 938 1356 970; x_wconf 87' lang='lat' dir='ltr'>XIV,</span> <span class='ocrx_word' id='word_1_123' title='bbox 1372 938 1412 974; x_wconf 91' lang='lat' dir='ltr'>p.</span> <span class='ocrx_word' id='word_1_124' title='bbox 1432 922 1524 973; x_wconf 84' lang='lat'>297]</span> <span class='ocrx_word' id='word_1_125' title='bbox 1544 923 1740 962; x_wconf 84' lang='lat' dir='ltr'>adversus</span> <span class='ocrx_word' id='word_1_126' title='bbox 1753 938 1908 974; x_wconf 90' lang='lat' dir='ltr'>papam</span> <span class='ocrx_word' id='word_1_127' title='bbox 1924 931 1965 962; x_wconf 88' lang='lat' dir='ltr'>et</span> 
     </span>
     <span class='ocr_line' id='line_1_14' title="bbox 259 982 1966 1033; baseline -0.002 -9"><span class='ocrx_word' id='word_1_128' title='bbox 259 985 483 1024; x_wconf 83' lang='lat' dir='ltr'>cardinales</span> <span class='ocrx_word' id='word_1_129' title='bbox 515 1001 522 1022; x_wconf 89' lang='lat'>:</span> <span class='ocrx_word' id='word_1_130' title='bbox 557 984 613 1022; x_wconf 77' lang='lat' dir='ltr'>Ils</span> <span class='ocrx_word' id='word_1_131' title='bbox 643 998 701 1021; x_wconf 89' lang='lat' dir='ltr'>me</span> <span class='ocrx_word' id='word_1_132' title='bbox 729 983 887 1022; x_wconf 77' lang='lat' dir='ltr'>cuident</span> <span class='ocrx_word' id='word_1_133' title='bbox 915 983 1037 1021; x_wconf 68' lang='lat' dir='ltr'>lasset·</span> <span class='ocrx_word' id='word_1_134' title='bbox 1064 997 1166 1033; x_wconf 84' lang='lat' dir='ltr'>pour</span> <span class='ocrx_word' id='word_1_135' title='bbox 1195 997 1253 1020; x_wconf 82' lang='lat' dir='ltr'>me</span> <span class='ocrx_word' id='word_1_136' title='bbox 1280 982 1382 1033; x_wconf 72' lang='lat' dir='ltr'>faire</span> <span class='ocrx_word' id='word_1_137' title='bbox 1410 983 1714 1031; x_wconf 71' lang='lat' dir='ltr'>excommunier,</span> <span class='ocrx_word' id='word_1_138' title='bbox 1755 983 1857 1021; x_wconf 77' lang='lat' dir='ltr'>mais</span> <span class='ocrx_word' id='word_1_139' title='bbox 1886 998 1966 1021; x_wconf 91' lang='lat' dir='ltr'>non</span> 
     </span>
     <span class='ocr_line' id='line_1_15' title="bbox 256 1042 1966 1095; baseline -0.002 -12"><span class='ocrx_word' id='word_1_140' title='bbox 256 1045 394 1095; x_wconf 70' lang='lat' dir='ltr'>feront.</span> <span class='ocrx_word' id='word_1_141' title='bbox 422 1044 478 1082; x_wconf 78' lang='lat' dir='ltr'>Ils</span> <span class='ocrx_word' id='word_1_142' title='bbox 498 1043 630 1094; x_wconf 76' lang='lat' dir='ltr'>prient</span> <span class='ocrx_word' id='word_1_143' title='bbox 651 1043 877 1081; x_wconf 63' lang='lat' dir='ltr'>chevalliers</span> <span class='ocrx_word' id='word_1_144' title='bbox 898 1051 932 1081; x_wconf 80' lang='lat' dir='ltr'>et</span> <span class='ocrx_word' id='word_1_145' title='bbox 952 1045 1144 1093; x_wconf 77' lang='lat' dir='ltr'>escuyers,</span> <span class='ocrx_word' id='word_1_146' title='bbox 1167 1050 1201 1080; x_wconf 80' lang='lat' dir='ltr'>et</span> <span class='ocrx_word' id='word_1_147' title='bbox 1222 1043 1274 1079; x_wconf 77' lang='lat' dir='ltr'>les</span> <span class='ocrx_word' id='word_1_148' title='bbox 1293 1042 1494 1081; x_wconf 66' lang='lat' dir='ltr'>absolvent</span> <span class='ocrx_word' id='word_1_149' title='bbox 1514 1043 1558 1080; x_wconf 85' lang='lat' dir='ltr'>de</span> <span class='ocrx_word' id='word_1_150' title='bbox 1576 1042 1694 1093; x_wconf 80' lang='lat' dir='ltr'>peine</span> <span class='ocrx_word' id='word_1_151' title='bbox 1714 1044 1808 1081; x_wconf 78' lang='lat' dir='ltr'>etde</span> <span class='ocrx_word' id='word_1_152' title='bbox 1829 1043 1966 1093; x_wconf 77' lang='lat' dir='ltr'>coulpe</span> 
     </span>
     <span class='ocr_line' id='line_1_16' title="bbox 258 1102 1965 1156; baseline -0.001 -14"><span class='ocrx_word' id='word_1_153' title='bbox 258 1119 359 1156; x_wconf 87' lang='lat' dir='ltr'>pour</span> <span class='ocrx_word' id='word_1_154' title='bbox 387 1118 474 1154; x_wconf 84' lang='lat' dir='ltr'>moy</span> <span class='ocrx_word' id='word_1_155' title='bbox 502 1103 725 1153; x_wconf 81' lang='lat' dir='ltr'>guerroier,·</span> <span class='ocrx_word' id='word_1_156' title='bbox 754 1102 856 1140; x_wconf 78' lang='lat' dir='ltr'>mais</span> <span class='ocrx_word' id='word_1_157' title='bbox 884 1102 933 1140; x_wconf 73' lang='lat' dir='ltr'>ils</span> <span class='ocrx_word' id='word_1_158' title='bbox 961 1102 1052 1140; x_wconf 84' lang='lat' dir='ltr'>n’en</span> <span class='ocrx_word' id='word_1_159' title='bbox 1079 1110 1146 1140; x_wconf 76' lang='lat' dir='ltr'>ont</span> <span class='ocrx_word' id='word_1_160' title='bbox 1172 1103 1243 1140; x_wconf 79' lang='lat' dir='ltr'>nul</span> <span class='ocrx_word' id='word_1_161' title='bbox 1270 1102 1402 1141; x_wconf 70' lang='lat' dir='ltr'>talant.</span> <span class='ocrx_word' id='word_1_162' title='bbox 1435 1102 1615 1140; x_wconf 82' lang='lat' dir='ltr'>J&#39;auroie</span> <span class='ocrx_word' id='word_1_163' title='bbox 1646 1102 1845 1153; x_wconf 76' lang='lat' dir='ltr'>beaucoup</span> <span class='ocrx_word' id='word_1_164' title='bbox 1873 1103 1965 1153; x_wconf 79' lang='lat' dir='ltr'>plus</span> 
     </span>
     <span class='ocr_line' id='line_1_17' title="bbox 259 1161 1966 1214; baseline -0.002 -11"><span class='ocrx_word' id='word_1_165' title='bbox 259 1166 302 1203; x_wconf 84' lang='lat' dir='ltr'>de</span> <span class='ocrx_word' id='word_1_166' title='bbox 329 1179 421 1214; x_wconf 80' lang='lat' dir='ltr'>gens</span> <span class='ocrx_word' id='word_1_167' title='bbox 446 1164 614 1202; x_wconf 75' lang='lat' dir='ltr'>d’armes</span> <span class='ocrx_word' id='word_1_168' title='bbox 639 1177 740 1213; x_wconf 88' lang='lat' dir='ltr'>pour</span> <span class='ocrx_word' id='word_1_169' title='bbox 766 1162 837 1200; x_wconf 82' lang='lat' dir='ltr'>mil</span> <span class='ocrx_word' id='word_1_170' title='bbox 862 1161 1001 1213; x_wconf 78' lang='lat' dir='ltr'>florins</span> <span class='ocrx_word' id='word_1_171' title='bbox 1027 1176 1097 1212; x_wconf 80' lang='lat' dir='ltr'>que</span> <span class='ocrx_word' id='word_1_172' title='bbox 1123 1161 1172 1199; x_wconf 78' lang='lat' dir='ltr'>ils</span> <span class='ocrx_word' id='word_1_173' title='bbox 1199 1162 1423 1200; x_wconf 78' lang='lat' dir='ltr'>n&#39;auroient</span> <span class='ocrx_word' id='word_1_174' title='bbox 1447 1176 1549 1212; x_wconf 83' lang='lat' dir='ltr'>pour</span> <span class='ocrx_word' id='word_1_175' title='bbox 1573 1170 1694 1200; x_wconf 81' lang='lat' dir='ltr'>toutes</span> <span class='ocrx_word' id='word_1_176' title='bbox 1719 1162 1966 1200; x_wconf 78' lang='lat' dir='ltr'>absolutions</span> 
     </span>
     <span class='ocr_line' id='line_1_18' title="bbox 260 1219 1964 1275; baseline -0.002 -13"><span class='ocrx_word' id='word_1_177' title='bbox 260 1239 330 1275; x_wconf 81' lang='lat' dir='ltr'>que</span> <span class='ocrx_word' id='word_1_178' title='bbox 350 1225 398 1262; x_wconf 68' lang='lat' dir='ltr'>ils</span> <span class='ocrx_word' id='word_1_179' title='bbox 418 1223 647 1274; x_wconf 75' lang='lat' dir='ltr'>pourroient</span> <span class='ocrx_word' id='word_1_180' title='bbox 662 1222 765 1272; x_wconf 73' lang='lat' dir='ltr'>faire</span> <span class='ocrx_word' id='word_1_181' title='bbox 783 1229 817 1259; x_wconf 82' lang='lat' dir='ltr'>et</span> <span class='ocrx_word' id='word_1_182' title='bbox 835 1223 984 1260; x_wconf 82' lang='lat' dir='ltr'>donner</span> <span class='ocrx_word' id='word_1_183' title='bbox 1001 1236 1050 1259; x_wconf 86' lang='lat' dir='ltr'>en</span> <span class='ocrx_word' id='word_1_184' title='bbox 1067 1230 1152 1271; x_wconf 77' lang='lat' dir='ltr'>sept</span> <span class='ocrx_word' id='word_1_185' title='bbox 1169 1236 1256 1260; x_wconf 80' lang='lat' dir='ltr'>ans,</span> <span class='ocrx_word' id='word_1_186' title='bbox 1281 1222 1421 1260; x_wconf 84' lang='lat' dir='ltr'>Recte.</span> <span class='ocrx_word' id='word_1_187' title='bbox 1441 1219 1621 1272; x_wconf 85' lang='lat' dir='ltr'>Corpora</span> <span class='ocrx_word' id='word_1_188' title='bbox 1641 1221 1750 1260; x_wconf 90' lang='lat' dir='ltr'>enim</span> <span class='ocrx_word' id='word_1_189' title='bbox 1769 1221 1964 1259; x_wconf 88' lang='lat' dir='ltr'>militaria</span> 
     </span>
     <span class='ocr_line' id='line_1_19' title="bbox 260 1281 1965 1335; baseline -0.002 -12"><span class='ocrx_word' id='word_1_190' title='bbox 260 1286 323 1335; x_wconf 84' lang='lat' dir='ltr'>(ut</span> <span class='ocrx_word' id='word_1_191' title='bbox 347 1284 457 1322; x_wconf 89' lang='lat' dir='ltr'>idem</span> <span class='ocrx_word' id='word_1_192' title='bbox 483 1282 734 1321; x_wconf 86' lang='lat' dir='ltr'>Froissartus</span> <span class='ocrx_word' id='word_1_193' title='bbox 760 1281 927 1330; x_wconf 84' lang='lat' dir='ltr'>ait,vol.</span> <span class='ocrx_word' id='word_1_194' title='bbox 951 1296 993 1329; x_wconf 92' lang='lat'>11,</span> <span class='ocrx_word' id='word_1_195' title='bbox 1019 1295 1108 1332; x_wconf 89' lang='lat' dir='ltr'>cap.</span> <span class='ocrx_word' id='word_1_196' title='bbox 1137 1282 1300 1331; x_wconf 83' lang='lat' dir='ltr'>CXXXII)</span> <span class='ocrx_word' id='word_1_197' title='bbox 1327 1296 1410 1319; x_wconf 91' lang='lat' dir='ltr'>non</span> <span class='ocrx_word' id='word_1_198' title='bbox 1434 1281 1603 1320; x_wconf 87' lang='lat' dir='ltr'>aluntur</span> <span class='ocrx_word' id='word_1_199' title='bbox 1626 1281 1892 1332; x_wconf 80' lang='lat' dir='ltr'>indulgentiis</span> <span class='ocrx_word' id='word_1_200' title='bbox 1918 1295 1965 1319; x_wconf 87' lang='lat' dir='ltr'>ac</span> 
     </span>
     <span class='ocr_line' id='line_1_20' title="bbox 258 1340 1966 1392; baseline -0.004 -9"><span class='ocrx_word' id='word_1_201' title='bbox 258 1343 581 1390; x_wconf 82' lang='lat' dir='ltr'>remissionibus,</span> <span class='ocrx_word' id='word_1_202' title='bbox 607 1356 739 1392; x_wconf 88' lang='lat' dir='ltr'>neque</span> <span class='ocrx_word' id='word_1_203' title='bbox 765 1356 811 1380; x_wconf 86' lang='lat' dir='ltr'>ea</span> <span class='ocrx_word' id='word_1_204' title='bbox 837 1341 977 1391; x_wconf 86' lang='lat' dir='ltr'>magni</span> <span class='ocrx_word' id='word_1_205' title='bbox 1002 1340 1133 1380; x_wconf 88' lang='lat' dir='ltr'>facere</span> <span class='ocrx_word' id='word_1_206' title='bbox 1160 1340 1307 1389; x_wconf 78' lang='lat' dir='ltr'>solent,</span> <span class='ocrx_word' id='word_1_207' title='bbox 1334 1340 1411 1379; x_wconf 89' lang='lat' dir='ltr'>nisi</span> <span class='ocrx_word' id='word_1_208' title='bbox 1435 1341 1477 1379; x_wconf 91' lang='lat' dir='ltr'>in</span> <span class='ocrx_word' id='word_1_209' title='bbox 1498 1341 1673 1380; x_wconf 87' lang='lat' dir='ltr'>articulo</span> <span class='ocrx_word' id='word_1_210' title='bbox 1695 1341 1864 1379; x_wconf 91' lang='lat' dir='ltr'>mortis:</span> <span class='ocrx_word' id='word_1_211' title='bbox 1886 1340 1966 1378; x_wconf 87' lang='lat' dir='ltr'>Car</span> 
     </span>
     <span class='ocr_line' id='line_1_21' title="bbox 260 1400 1967 1453; baseline -0.002 -11"><span class='ocrx_word' id='word_1_212' title='bbox 260 1406 312 1443; x_wconf 80' lang='lat' dir='ltr'>les</span> <span class='ocrx_word' id='word_1_213' title='bbox 338 1418 432 1453; x_wconf 77' lang='lat' dir='ltr'>gens</span> <span class='ocrx_word' id='word_1_214' title='bbox 456 1403 624 1441; x_wconf 76' lang='lat' dir='ltr'>d’armes</span> <span class='ocrx_word' id='word_1_215' title='bbox 650 1416 696 1439; x_wconf 82' lang='lat' dir='ltr'>ne</span> <span class='ocrx_word' id='word_1_216' title='bbox 721 1401 850 1439; x_wconf 70' lang='lat' dir='ltr'>vivent</span> <span class='ocrx_word' id='word_1_217' title='bbox 872 1415 946 1451; x_wconf 79' lang='lat' dir='ltr'>pas</span> <span class='ocrx_word' id='word_1_218' title='bbox 971 1400 1015 1439; x_wconf 82' lang='lat' dir='ltr'>de</span> <span class='ocrx_word' id='word_1_219' title='bbox 1039 1401 1227 1451; x_wconf 78' lang='lat' dir='ltr'>pardons,</span> <span class='ocrx_word' id='word_1_220' title='bbox 1245 1400 1339 1438; x_wconf 75' lang='lat' dir='ltr'>n’ils</span> <span class='ocrx_word' id='word_1_221' title='bbox 1362 1400 1452 1438; x_wconf 86' lang='lat' dir='ltr'>n&#39;en</span> <span class='ocrx_word' id='word_1_222' title='bbox 1475 1401 1561 1451; x_wconf 76' lang='lat' dir='ltr'>font</span> <span class='ocrx_word' id='word_1_223' title='bbox 1584 1401 1699 1451; x_wconf 82' lang='lat' dir='ltr'>point</span> <span class='ocrx_word' id='word_1_224' title='bbox 1727 1409 1812 1451; x_wconf 82' lang='lat' dir='ltr'>trop</span> <span class='ocrx_word' id='word_1_225' title='bbox 1839 1400 1967 1450; x_wconf 82' lang='lat' dir='ltr'>grand</span> 
     </span>
     <span class='ocr_line' id='line_1_22' title="bbox 259 1461 1060 1513; baseline -0.004 -11"><span class='ocrx_word' id='word_1_226' title='bbox 259 1472 420 1513; x_wconf 80' lang='lat' dir='ltr'>compte,</span> <span class='ocrx_word' id='word_1_227' title='bbox 446 1463 527 1512; x_wconf 75' lang='lat' dir='ltr'>fors</span> <span class='ocrx_word' id='word_1_228' title='bbox 554 1476 607 1499; x_wconf 90' lang='lat' dir='ltr'>au</span> <span class='ocrx_word' id='word_1_229' title='bbox 632 1461 789 1499; x_wconf 75' lang='lat' dir='ltr'>destroit</span> <span class='ocrx_word' id='word_1_230' title='bbox 816 1461 859 1498; x_wconf 82' lang='lat' dir='ltr'>de</span> <span class='ocrx_word' id='word_1_231' title='bbox 886 1461 925 1499; x_wconf 83' lang='lat' dir='ltr'>la</span> <span class='ocrx_word' id='word_1_232' title='bbox 953 1468 1060 1499; x_wconf 81' lang='lat' dir='ltr'>mort.</span> 
     </span>
    </p>

    <p class='ocr_par' dir='ltr' id='par_1_3' title="bbox 259 1518 1964 1692">
     <span class='ocr_line' id='line_1_23' title="bbox 312 1518 1964 1573; baseline -0.003 -11"><span class='ocrx_word' id='word_1_233' title='bbox 312 1524 563 1573; x_wconf 87' lang='lat' dir='ltr'>Corruptum</span> <span class='ocrx_word' id='word_1_234' title='bbox 587 1529 649 1560; x_wconf 89' lang='lat' dir='ltr'>est</span> <span class='ocrx_word' id='word_1_235' title='bbox 673 1521 760 1571; x_wconf 85' lang='lat' dir='ltr'>ejus</span> <span class='ocrx_word' id='word_1_236' title='bbox 786 1535 937 1559; x_wconf 91' lang='lat' dir='ltr'>nomen</span> <span class='ocrx_word' id='word_1_237' title='bbox 960 1519 1002 1558; x_wconf 91' lang='lat' dir='ltr'>in</span> <span class='ocrx_word' id='word_1_238' title='bbox 1025 1528 1140 1558; x_wconf 89' lang='lat' dir='ltr'>tomo</span> <span class='ocrx_word' id='word_1_239' title='bbox 1166 1528 1283 1558; x_wconf 79' lang='lat' dir='ltr'>sexto</span> <span class='ocrx_word' id='word_1_240' title='bbox 1309 1519 1522 1570; x_wconf 75' lang='lat' dir='ltr'>Spicilegii</span> <span class='ocrx_word' id='word_1_241' title='bbox 1549 1519 1809 1568; x_wconf 87' lang='lat' dir='ltr'>Dacheriani,</span> <span class='ocrx_word' id='word_1_242' title='bbox 1833 1534 1873 1570; x_wconf 90' lang='lat' dir='ltr'>p.</span> <span class='ocrx_word' id='word_1_243' title='bbox 1900 1518 1964 1566; x_wconf 82' lang='grc'>61,</span> 
     </span>
     <span class='ocr_line' id='line_1_24' title="bbox 259 1579 1964 1631; baseline -0.004 -9"><span class='ocrx_word' id='word_1_244' title='bbox 259 1592 300 1623; x_wconf 88' lang='lat' dir='ltr'>et</span> <span class='ocrx_word' id='word_1_245' title='bbox 324 1583 366 1620; x_wconf 88' lang='lat' dir='ltr'>in</span> <span class='ocrx_word' id='word_1_246' title='bbox 388 1591 503 1620; x_wconf 89' lang='lat' dir='ltr'>tomo</span> <span class='ocrx_word' id='word_1_247' title='bbox 528 1589 677 1631; x_wconf 89' lang='lat' dir='ltr'>quarto</span> <span class='ocrx_word' id='word_1_248' title='bbox 701 1580 906 1618; x_wconf 72' lang='lat' dir='ltr'>Historiae</span> <span class='ocrx_word' id='word_1_249' title='bbox 936 1579 1218 1618; x_wconf 67' lang='lat' dir='ltr'>Universitatis</span> <span class='ocrx_word' id='word_1_250' title='bbox 1242 1579 1391 1627; x_wconf 57' lang='lat' dir='ltr'>Paris„</span> <span class='ocrx_word' id='word_1_251' title='bbox 1411 1594 1451 1630; x_wconf 87' lang='lat' dir='ltr'>p.</span> <span class='ocrx_word' id='word_1_252' title='bbox 1474 1579 1563 1628; x_wconf 80' lang='lat'>710,</span> <span class='ocrx_word' id='word_1_253' title='bbox 1583 1579 1655 1618; x_wconf 91' lang='lat' dir='ltr'>ubi</span> <span class='ocrx_word' id='word_1_254' title='bbox 1678 1579 1784 1618; x_wconf 89' lang='lat' dir='ltr'>male</span> <span class='ocrx_word' id='word_1_255' title='bbox 1804 1579 1964 1617; x_wconf 89' lang='lat' dir='ltr'>editum</span> 
     </span>
     <span class='ocr_line' id='line_1_25' title="bbox 259 1639 1184 1692; baseline -0.003 -11"><span class='ocrx_word' id='word_1_256' title='bbox 259 1651 321 1682; x_wconf 93' lang='lat' dir='ltr'>est</span> <span class='ocrx_word' id='word_1_257' title='bbox 346 1642 584 1692; x_wconf 76' lang='lat' dir='ltr'>Raymundo</span> <span class='ocrx_word' id='word_1_258' title='bbox 608 1641 652 1678; x_wconf 82' lang='lat' dir='ltr'>de</span> <span class='ocrx_word' id='word_1_259' title='bbox 678 1639 859 1677; x_wconf 76' lang='lat' dir='ltr'>Turonia</span> <span class='ocrx_word' id='word_1_260' title='bbox 882 1654 955 1690; x_wconf 91' lang='lat' dir='ltr'>pro</span> <span class='ocrx_word' id='word_1_261' title='bbox 982 1640 1184 1678; x_wconf 81' lang='lat' dir='ltr'>Turenna.</span> 
     </span>
    </p>

    <p class='ocr_par' dir='ltr' id='par_1_4' title="bbox 257 1698 1968 2643">
     <span class='ocr_line' id='line_1_26' title="bbox 316 1698 1964 1750; baseline -0.002 -11"><span class='ocrx_word' id='word_1_262' title='bbox 316 1702 373 1740; x_wconf 92' lang='lat' dir='ltr'>De</span> <span class='ocrx_word' id='word_1_263' title='bbox 412 1700 675 1750; x_wconf 80' lang='lat' dir='ltr'>Raymundo,</span> <span class='ocrx_word' id='word_1_264' title='bbox 712 1699 909 1749; x_wconf 86' lang='lat' dir='ltr'>quoniam</span> <span class='ocrx_word' id='word_1_265' title='bbox 945 1698 1102 1737; x_wconf 85' lang='lat' dir='ltr'>occasio</span> <span class='ocrx_word' id='word_1_266' title='bbox 1137 1698 1249 1746; x_wconf 84' lang='lat' dir='ltr'>tulit,</span> <span class='ocrx_word' id='word_1_267' title='bbox 1285 1698 1483 1736; x_wconf 88' lang='lat' dir='ltr'>nonnulla</span> <span class='ocrx_word' id='word_1_268' title='bbox 1518 1698 1691 1737; x_wconf 89' lang='lat' dir='ltr'>dicenda</span> <span class='ocrx_word' id='word_1_269' title='bbox 1726 1707 1823 1737; x_wconf 91' lang='lat' dir='ltr'>sunt</span> <span class='ocrx_word' id='word_1_270' title='bbox 1860 1711 1964 1748; x_wconf 88' lang='lat' dir='ltr'>quae</span> 
     </span>
     <span class='ocr_line' id='line_1_27' title="bbox 259 1756 1963 1810; baseline -0.004 -10"><span class='ocrx_word' id='word_1_271' title='bbox 259 1762 357 1800; x_wconf 88' lang='lat' dir='ltr'>alibi</span> <span class='ocrx_word' id='word_1_272' title='bbox 386 1776 469 1799; x_wconf 92' lang='lat' dir='ltr'>non</span> <span class='ocrx_word' id='word_1_273' title='bbox 497 1761 690 1810; x_wconf 88' lang='lat' dir='ltr'>leguntur</span> <span class='ocrx_word' id='word_1_274' title='bbox 721 1773 846 1809; x_wconf 88' lang='lat' dir='ltr'>quam</span> <span class='ocrx_word' id='word_1_275' title='bbox 875 1758 918 1796; x_wconf 91' lang='lat' dir='ltr'>in</span> <span class='ocrx_word' id='word_1_276' title='bbox 943 1758 1088 1796; x_wconf 75' lang='lat' dir='ltr'>Dziario</span> <span class='ocrx_word' id='word_1_277' title='bbox 1119 1758 1290 1796; x_wconf 72' lang='lat' dir='ltr'>,Joannis</span> <span class='ocrx_word' id='word_1_278' title='bbox 1332 1758 1454 1796; x_wconf 89' lang='lat' dir='ltr'>Fabri</span> <span class='ocrx_word' id='word_1_279' title='bbox 1491 1758 1672 1809; x_wconf 87' lang='lat' dir='ltr'>episcopi</span> <span class='ocrx_word' id='word_1_280' title='bbox 1703 1756 1963 1797; x_wconf 87' lang='lat' dir='ltr'>Carnotensis</span> 
     </span>
     <span class='ocr_line' id='line_1_28' title="bbox 257 1817 1965 1871; baseline -0.004 -11"><span class='ocrx_word' id='word_1_281' title='bbox 257 1822 431 1871; x_wconf 89' lang='lat' dir='ltr'>ideoque</span> <span class='ocrx_word' id='word_1_282' title='bbox 460 1818 835 1859; x_wconf 87' lang='lat' dir='ltr'>commemoranda.</span> <span class='ocrx_word' id='word_1_283' title='bbox 860 1818 962 1856; x_wconf 89' lang='lat' dir='ltr'>Cum</span> <span class='ocrx_word' id='word_1_284' title='bbox 983 1818 1123 1868; x_wconf 89' lang='lat' dir='ltr'>itaque</span> <span class='ocrx_word' id='word_1_285' title='bbox 1146 1818 1300 1856; x_wconf 91' lang='lat' dir='ltr'>bellum</span> <span class='ocrx_word' id='word_1_286' title='bbox 1317 1817 1331 1840; x_wconf 78' lang='lat'>1</span> <span class='ocrx_word' id='word_1_287' title='bbox 1360 1826 1466 1856; x_wconf 90' lang='lat' dir='ltr'>esset</span> <span class='ocrx_word' id='word_1_288' title='bbox 1488 1818 1596 1856; x_wconf 90' lang='lat' dir='ltr'>inter</span> <span class='ocrx_word' id='word_1_289' title='bbox 1619 1832 1713 1856; x_wconf 92' lang='lat' dir='ltr'>eum</span> <span class='ocrx_word' id='word_1_290' title='bbox 1740 1826 1781 1856; x_wconf 90' lang='lat' dir='ltr'>et</span> <span class='ocrx_word' id='word_1_291' title='bbox 1811 1830 1965 1868; x_wconf 90' lang='lat' dir='ltr'>papam</span> 
     </span>
     <span class='ocr_line' id='line_1_29' title="bbox 260 1876 1965 1929; baseline -0.004 -9"><span class='ocrx_word' id='word_1_292' title='bbox 260 1881 527 1927; x_wconf 81' lang='lat' dir='ltr'>Clementem,</span> <span class='ocrx_word' id='word_1_293' title='bbox 559 1878 773 1929; x_wconf 89' lang='lat' dir='ltr'>episcopus</span> <span class='ocrx_word' id='word_1_294' title='bbox 806 1877 999 1928; x_wconf 84' lang='lat' dir='ltr'>Aptensis</span> <span class='ocrx_word' id='word_1_295' title='bbox 1031 1886 1072 1916; x_wconf 92' lang='lat' dir='ltr'>et</span> <span class='ocrx_word' id='word_1_296' title='bbox 1103 1877 1200 1916; x_wconf 86' lang='lat' dir='ltr'>urbs</span> <span class='ocrx_word' id='word_1_297' title='bbox 1233 1877 1548 1916; x_wconf 89' lang='lat' dir='ltr'>Tarasconensis</span> <span class='ocrx_word' id='word_1_298' title='bbox 1580 1878 1633 1915; x_wconf 91' lang='lat' dir='ltr'>ad</span> <span class='ocrx_word' id='word_1_299' title='bbox 1667 1876 1965 1927; x_wconf 84' lang='lat' dir='ltr'>Raymundum</span> 
     </span>
     <span class='ocr_line' id='line_1_30' title="bbox 260 1935 1965 1991; baseline -0.004 -12"><span class='ocrx_word' id='word_1_300' title='bbox 260 1941 454 1991; x_wconf 89' lang='lat' dir='ltr'>scripsere</span> <span class='ocrx_word' id='word_1_301' title='bbox 476 1940 524 1977; x_wconf 94' lang='lat' dir='ltr'>de</span> <span class='ocrx_word' id='word_1_302' title='bbox 546 1938 796 1989; x_wconf 85' lang='lat' dir='ltr'>quibusdam</span> <span class='ocrx_word' id='word_1_303' title='bbox 818 1937 990 1987; x_wconf 87' lang='lat' dir='ltr'>negotiis</span> <span class='ocrx_word' id='word_1_304' title='bbox 1014 1951 1118 1987; x_wconf 86' lang='lat' dir='ltr'>quae</span> <span class='ocrx_word' id='word_1_305' title='bbox 1139 1937 1371 1987; x_wconf 89' lang='lat' dir='ltr'>tangebant</span> <span class='ocrx_word' id='word_1_306' title='bbox 1392 1937 1566 1975; x_wconf 88' lang='lat' dir='ltr'>Mariam</span> <span class='ocrx_word' id='word_1_307' title='bbox 1585 1937 1769 1987; x_wconf 89' lang='lat' dir='ltr'>reginam</span> <span class='ocrx_word' id='word_1_308' title='bbox 1792 1935 1965 1983; x_wconf 87' lang='lat' dir='ltr'>Siciliae,</span> 
     </span>
     <span class='ocr_line' id='line_1_31' title="bbox 261 1996 1965 2051; baseline -0.003 -13"><span class='ocrx_word' id='word_1_309' title='bbox 261 2014 365 2051; x_wconf 88' lang='lat' dir='ltr'>quae</span> <span class='ocrx_word' id='word_1_310' title='bbox 383 2008 475 2037; x_wconf 90' lang='lat' dir='ltr'>tum</span> <span class='ocrx_word' id='word_1_311' title='bbox 493 2007 581 2037; x_wconf 89' lang='lat' dir='ltr'>erat</span> <span class='ocrx_word' id='word_1_312' title='bbox 600 1998 711 2049; x_wconf 89' lang='lat' dir='ltr'>apud</span> <span class='ocrx_word' id='word_1_313' title='bbox 731 1997 1036 2035; x_wconf 87' lang='lat' dir='ltr'>Villamnovam</span> <span class='ocrx_word' id='word_1_314' title='bbox 1055 2006 1198 2035; x_wconf 88' lang='lat' dir='ltr'>contra</span> <span class='ocrx_word' id='word_1_315' title='bbox 1218 1996 1487 2045; x_wconf 81' lang='lat' dir='ltr'>Avenionem,</span> <span class='ocrx_word' id='word_1_316' title='bbox 1507 2005 1549 2035; x_wconf 87' lang='lat' dir='ltr'>et</span> <span class='ocrx_word' id='word_1_317' title='bbox 1566 2005 1784 2047; x_wconf 85' lang='lat' dir='ltr'>propterea</span> <span class='ocrx_word' id='word_1_318' title='bbox 1803 2010 1965 2034; x_wconf 90' lang='lat' dir='ltr'>necesse</span> 
     </span>
     <span class='ocr_line' id='line_1_32' title="bbox 262 2055 1965 2106; baseline -0.004 -8"><span class='ocrx_word' id='word_1_319' title='bbox 262 2068 350 2098; x_wconf 86' lang='lat' dir='ltr'>erat</span> <span class='ocrx_word' id='word_1_320' title='bbox 373 2059 488 2096; x_wconf 90' lang='lat' dir='ltr'>illum</span> <span class='ocrx_word' id='word_1_321' title='bbox 511 2059 564 2096; x_wconf 88' lang='lat' dir='ltr'>ad</span> <span class='ocrx_word' id='word_1_322' title='bbox 587 2071 677 2096; x_wconf 90' lang='lat' dir='ltr'>eam</span> <span class='ocrx_word' id='word_1_323' title='bbox 701 2056 852 2095; x_wconf 87' lang='lat' dir='ltr'>venire.</span> <span class='ocrx_word' id='word_1_324' title='bbox 882 2056 1037 2106; x_wconf 82' lang='lat' dir='ltr'>Regina</span> <span class='ocrx_word' id='word_1_325' title='bbox 1061 2071 1154 2106; x_wconf 88' lang='lat' dir='ltr'>ergo</span> <span class='ocrx_word' id='word_1_326' title='bbox 1178 2056 1231 2094; x_wconf 90' lang='lat' dir='ltr'>ad</span> <span class='ocrx_word' id='word_1_327' title='bbox 1254 2071 1349 2094; x_wconf 93' lang='lat' dir='ltr'>eum</span> <span class='ocrx_word' id='word_1_328' title='bbox 1372 2056 1484 2094; x_wconf 89' lang='lat' dir='ltr'>misit</span> <span class='ocrx_word' id='word_1_329' title='bbox 1508 2056 1571 2095; x_wconf 92' lang='lat' dir='ltr'>die</span> <span class='ocrx_word' id='word_1_330' title='bbox 1603 2070 1712 2094; x_wconf 92' lang='lat' dir='ltr'>nona</span> <span class='ocrx_word' id='word_1_331' title='bbox 1736 2055 1834 2093; x_wconf 90' lang='lat' dir='ltr'>maii</span> <span class='ocrx_word' id='word_1_332' title='bbox 1856 2069 1965 2093; x_wconf 91' lang='lat' dir='ltr'>anno</span> 
     </span>
     <span class='ocr_line' id='line_1_33' title="bbox 263 2113 1966 2166; baseline -0.004 -9"><span class='ocrx_word' id='word_1_333' title='bbox 263 2118 620 2165; x_wconf 85' lang='lat' dir='ltr'>MCCCLXXXV,</span> <span class='ocrx_word' id='word_1_334' title='bbox 644 2124 691 2154; x_wconf 91' lang='lat' dir='ltr'>ut</span> <span class='ocrx_word' id='word_1_335' title='bbox 715 2117 767 2155; x_wconf 90' lang='lat' dir='ltr'>ad</span> <span class='ocrx_word' id='word_1_336' title='bbox 791 2131 831 2155; x_wconf 91' lang='lat' dir='ltr'>se</span> <span class='ocrx_word' id='word_1_337' title='bbox 854 2116 1027 2155; x_wconf 80' lang='lat' dir='ltr'>veniret.</span> <span class='ocrx_word' id='word_1_338' title='bbox 1055 2117 1167 2166; x_wconf 86' lang='lat' dir='ltr'>Papa</span> <span class='ocrx_word' id='word_1_339' title='bbox 1191 2131 1289 2154; x_wconf 79' lang='lat' dir='ltr'>vero</span> <span class='ocrx_word' id='word_1_340' title='bbox 1312 2115 1348 2154; x_wconf 89' lang='lat' dir='ltr'>ei</span> <span class='ocrx_word' id='word_1_341' title='bbox 1370 2124 1625 2166; x_wconf 83' lang='lat' dir='ltr'>potestatem</span> <span class='ocrx_word' id='word_1_342' title='bbox 1649 2115 1746 2154; x_wconf 86' lang='lat' dir='ltr'>fecit</span> <span class='ocrx_word' id='word_1_343' title='bbox 1769 2113 1966 2153; x_wconf 89' lang='lat' dir='ltr'>manendi</span> 
     </span>
     <span class='ocr_line' id='line_1_34' title="bbox 262 2174 1964 2226; baseline -0.004 -9"><span class='ocrx_word' id='word_1_344' title='bbox 262 2193 399 2217; x_wconf 88' lang='lat' dir='ltr'>secure</span> <span class='ocrx_word' id='word_1_345' title='bbox 430 2186 469 2216; x_wconf 80' lang='lat' dir='ltr'>et</span> <span class='ocrx_word' id='word_1_346' title='bbox 497 2177 621 2215; x_wconf 89' lang='lat' dir='ltr'>libere</span> <span class='ocrx_word' id='word_1_347' title='bbox 649 2191 721 2226; x_wconf 91' lang='lat' dir='ltr'>per</span> <span class='ocrx_word' id='word_1_348' title='bbox 750 2175 985 2226; x_wconf 89' lang='lat' dir='ltr'>quindecim</span> <span class='ocrx_word' id='word_1_349' title='bbox 1014 2175 1097 2214; x_wconf 91' lang='lat' dir='ltr'>dies</span> <span class='ocrx_word' id='word_1_350' title='bbox 1127 2175 1169 2213; x_wconf 90' lang='lat' dir='ltr'>in</span> <span class='ocrx_word' id='word_1_351' title='bbox 1198 2175 1368 2214; x_wconf 81' lang='lat' dir='ltr'>civitate</span> <span class='ocrx_word' id='word_1_352' title='bbox 1398 2175 1688 2214; x_wconf 80' lang='lat' dir='ltr'>Avenionensi.</span> <span class='ocrx_word' id='word_1_353' title='bbox 1718 2174 1842 2213; x_wconf 85' lang='lat' dir='ltr'>Venit</span> <span class='ocrx_word' id='word_1_354' title='bbox 1871 2188 1964 2224; x_wconf 88' lang='lat' dir='ltr'>ergo</span> 
     </span>
     <span class='ocr_line' id='line_1_35' title="bbox 261 2231 1966 2287; baseline -0.003 -12"><span class='ocrx_word' id='word_1_355' title='bbox 261 2238 313 2275; x_wconf 90' lang='lat' dir='ltr'>ad</span> <span class='ocrx_word' id='word_1_356' title='bbox 344 2237 525 2287; x_wconf 87' lang='lat' dir='ltr'>reginam</span> <span class='ocrx_word' id='word_1_357' title='bbox 556 2236 598 2274; x_wconf 90' lang='lat' dir='ltr'>in</span> <span class='ocrx_word' id='word_1_358' title='bbox 629 2236 692 2274; x_wconf 88' lang='lat' dir='ltr'>die</span> <span class='ocrx_word' id='word_1_359' title='bbox 725 2235 983 2274; x_wconf 86' lang='lat' dir='ltr'>Ascensionis</span> <span class='ocrx_word' id='word_1_360' title='bbox 1020 2234 1257 2279; x_wconf 78' lang='lat' dir='ltr'>Domini,xl</span> <span class='ocrx_word' id='word_1_361' title='bbox 1283 2234 1380 2272; x_wconf 91' lang='lat' dir='ltr'>maii</span> <span class='ocrx_word' id='word_1_362' title='bbox 1398 2234 1425 2273; x_wconf 80' lang='lat'>2.</span> <span class='ocrx_word' id='word_1_363' title='bbox 1452 2236 1558 2273; x_wconf 90' lang='lat' dir='ltr'>Tum</span> <span class='ocrx_word' id='word_1_364' title='bbox 1584 2234 1754 2273; x_wconf 89' lang='lat' dir='ltr'>nuntius</span> <span class='ocrx_word' id='word_1_365' title='bbox 1786 2231 1966 2284; x_wconf 89' lang='lat' dir='ltr'>episcopi</span> 
     </span>
     <span class='ocr_line' id='line_1_36' title="bbox 265 2294 1967 2347; baseline -0.003 -13"><span class='ocrx_word' id='word_1_366' title='bbox 265 2296 456 2347; x_wconf 87' lang='lat' dir='ltr'>Aptensis</span> <span class='ocrx_word' id='word_1_367' title='bbox 482 2305 522 2334; x_wconf 85' lang='lat' dir='ltr'>et</span> <span class='ocrx_word' id='word_1_368' title='bbox 545 2295 657 2334; x_wconf 89' lang='lat' dir='ltr'>urbis</span> <span class='ocrx_word' id='word_1_369' title='bbox 683 2294 997 2334; x_wconf 86' lang='lat' dir='ltr'>Tarasconensis</span> <span class='ocrx_word' id='word_1_370' title='bbox 1022 2295 1058 2333; x_wconf 92' lang='lat' dir='ltr'>ei</span> <span class='ocrx_word' id='word_1_371' title='bbox 1082 2294 1196 2333; x_wconf 86' lang='lat' dir='ltr'>dedit</span> <span class='ocrx_word' id='word_1_372' title='bbox 1219 2294 1358 2332; x_wconf 91' lang='lat' dir='ltr'>literas</span> <span class='ocrx_word' id='word_1_373' title='bbox 1383 2294 1436 2333; x_wconf 91' lang='lat' dir='ltr'>ad</span> <span class='ocrx_word' id='word_1_374' title='bbox 1459 2309 1553 2333; x_wconf 90' lang='lat' dir='ltr'>eum</span> <span class='ocrx_word' id='word_1_375' title='bbox 1578 2294 1765 2344; x_wconf 85' lang='lat' dir='ltr'>scriptas,</span> <span class='ocrx_word' id='word_1_376' title='bbox 1791 2307 1967 2343; x_wconf 89' lang='lat' dir='ltr'>quarum</span> 
     </span>
     <span class='ocr_line' id='line_1_37' title="bbox 261 2351 1968 2405; baseline -0.003 -11"><span class='ocrx_word' id='word_1_377' title='bbox 261 2355 501 2395; x_wconf 87' lang='lat' dir='ltr'>testimonio</span> <span class='ocrx_word' id='word_1_378' title='bbox 525 2354 659 2393; x_wconf 85' lang='lat' dir='ltr'>verbis</span> <span class='ocrx_word' id='word_1_379' title='bbox 684 2355 771 2405; x_wconf 82' lang='lat' dir='ltr'>ejus</span> <span class='ocrx_word' id='word_1_380' title='bbox 791 2354 890 2393; x_wconf 85' lang='lat' dir='ltr'>fides</span> <span class='ocrx_word' id='word_1_381' title='bbox 915 2363 956 2393; x_wconf 90' lang='lat' dir='ltr'>et</span> <span class='ocrx_word' id='word_1_382' title='bbox 980 2353 1207 2392; x_wconf 88' lang='lat' dir='ltr'>auctoritas</span> <span class='ocrx_word' id='word_1_383' title='bbox 1231 2353 1539 2393; x_wconf 86' lang='lat' dir='ltr'>tribuebantur.</span> <span class='ocrx_word' id='word_1_384' title='bbox 1555 2354 1633 2393; x_wconf 86' lang='lat' dir='ltr'>Sed</span> <span class='ocrx_word' id='word_1_385' title='bbox 1657 2367 1751 2392; x_wconf 87' lang='lat' dir='ltr'>cum</span> <span class='ocrx_word' id='word_1_386' title='bbox 1774 2352 1838 2391; x_wconf 91' lang='lat' dir='ltr'>ille</span> <span class='ocrx_word' id='word_1_387' title='bbox 1866 2351 1968 2390; x_wconf 87' lang='lat' dir='ltr'>nihil</span> 
     </span>
     <span class='ocr_line' id='line_1_38' title="bbox 264 2413 1965 2464; baseline -0.002 -11"><span class='ocrx_word' id='word_1_388' title='bbox 264 2415 433 2453; x_wconf 84' lang='lat' dir='ltr'>dixisset</span> <span class='ocrx_word' id='word_1_389' title='bbox 465 2414 710 2453; x_wconf 86' lang='lat' dir='ltr'>conveniens</span> <span class='ocrx_word' id='word_1_390' title='bbox 742 2413 859 2464; x_wconf 88' lang='lat' dir='ltr'>regiis</span> <span class='ocrx_word' id='word_1_391' title='bbox 892 2413 1079 2464; x_wconf 90' lang='lat' dir='ltr'>negotiis,</span> <span class='ocrx_word' id='word_1_392' title='bbox 1111 2413 1302 2452; x_wconf 89' lang='lat' dir='ltr'>remissus</span> <span class='ocrx_word' id='word_1_393' title='bbox 1335 2422 1396 2452; x_wconf 92' lang='lat' dir='ltr'>est</span> <span class='ocrx_word' id='word_1_394' title='bbox 1427 2414 1583 2463; x_wconf 88' lang='lat' dir='ltr'>absque</span> <span class='ocrx_word' id='word_1_395' title='bbox 1615 2421 1726 2452; x_wconf 91' lang='lat' dir='ltr'>certo</span> <span class='ocrx_word' id='word_1_396' title='bbox 1756 2426 1965 2462; x_wconf 77' lang='lat' dir='ltr'>responso,</span> 
     </span>
     <span class='ocr_line' id='line_1_39' title="bbox 264 2471 1965 2524; baseline -0.002 -12"><span class='ocrx_word' id='word_1_397' title='bbox 264 2476 446 2513; x_wconf 90' lang='lat' dir='ltr'>Tantum</span> <span class='ocrx_word' id='word_1_398' title='bbox 483 2474 604 2512; x_wconf 87' lang='lat' dir='ltr'>datae</span> <span class='ocrx_word' id='word_1_399' title='bbox 641 2474 783 2512; x_wconf 87' lang='lat' dir='ltr'>literae</span> <span class='ocrx_word' id='word_1_400' title='bbox 823 2473 1062 2523; x_wconf 85' lang='lat' dir='ltr'>Raymundi</span> <span class='ocrx_word' id='word_1_401' title='bbox 1097 2472 1378 2523; x_wconf 89' lang='lat' dir='ltr'>responsoriae</span> <span class='ocrx_word' id='word_1_402' title='bbox 1415 2473 1468 2511; x_wconf 91' lang='lat' dir='ltr'>ad</span> <span class='ocrx_word' id='word_1_403' title='bbox 1504 2473 1743 2524; x_wconf 90' lang='lat' dir='ltr'>episcopum</span> <span class='ocrx_word' id='word_1_404' title='bbox 1780 2480 1834 2520; x_wconf 86' lang='lat' dir='ltr'>et</span> <span class='ocrx_word' id='word_1_405' title='bbox 1858 2471 1965 2510; x_wconf 87' lang='lat' dir='ltr'>cives</span> 
     </span>
     <span class='ocr_line' id='line_1_40' title="bbox 265 2530 1966 2583; baseline -0.002 -12"><span class='ocrx_word' id='word_1_406' title='bbox 265 2535 601 2580; x_wconf 86' lang='lat' dir='ltr'>Tarasconenses,</span> <span class='ocrx_word' id='word_1_407' title='bbox 620 2547 721 2583; x_wconf 86' lang='lat' dir='ltr'>quas</span> <span class='ocrx_word' id='word_1_408' title='bbox 737 2533 852 2582; x_wconf 88' lang='lat' dir='ltr'>jussu</span> <span class='ocrx_word' id='word_1_409' title='bbox 869 2532 1031 2583; x_wconf 87' lang='lat' dir='ltr'>reginae</span> <span class='ocrx_word' id='word_1_410' title='bbox 1050 2532 1227 2571; x_wconf 87' lang='lat' dir='ltr'>dictavit</span> <span class='ocrx_word' id='word_1_411' title='bbox 1247 2532 1461 2583; x_wconf 89' lang='lat' dir='ltr'>episcopus</span> <span class='ocrx_word' id='word_1_412' title='bbox 1479 2531 1739 2571; x_wconf 89' lang='lat' dir='ltr'>Carnotensis</span> <span class='ocrx_word' id='word_1_413' title='bbox 1763 2530 1966 2581; x_wconf 65' lang='grc' dir='ltr'>[λοιινηαί7</span> 
     </span>
     <span class='ocr_line' id='line_1_41' title="bbox 263 2592 623 2643; baseline -0.003 -12"><span class='ocrx_word' id='word_1_414' title='bbox 263 2608 302 2643; x_wconf 89' lang='lat' dir='ltr'>p.</span> <span class='ocrx_word' id='word_1_415' title='bbox 338 2593 410 2631; x_wconf 90' lang='grc'>107</span> <span class='ocrx_word' id='word_1_416' title='bbox 443 2601 484 2631; x_wconf 92' lang='lat' dir='ltr'>et</span> <span class='ocrx_word' id='word_1_417' title='bbox 516 2592 623 2642; x_wconf 59' lang='lat'>108]</span> 
     </span>
    </p>

    <p class='ocr_par' dir='ltr' id='par_1_5' title="bbox 264 2649 1965 2820">
     <span class='ocr_line' id='line_1_42' title="bbox 317 2649 1965 2701; baseline -0.002 -12"><span class='ocrx_word' id='word_1_418' title='bbox 317 2652 500 2691; x_wconf 77' lang='lat' dir='ltr'>Ardebat</span> <span class='ocrx_word' id='word_1_419' title='bbox 534 2666 579 2690; x_wconf 92' lang='lat' dir='ltr'>ea</span> <span class='ocrx_word' id='word_1_420' title='bbox 614 2659 863 2701; x_wconf 85' lang='lat' dir='ltr'>tempestate</span> <span class='ocrx_word' id='word_1_421' title='bbox 899 2651 1116 2690; x_wconf 83' lang='lat' dir='ltr'>Provincia</span> <span class='ocrx_word' id='word_1_422' title='bbox 1150 2651 1256 2689; x_wconf 91' lang='lat' dir='ltr'>bello</span> <span class='ocrx_word' id='word_1_423' title='bbox 1291 2650 1414 2698; x_wconf 90' lang='lat' dir='ltr'>civili,</span> <span class='ocrx_word' id='word_1_424' title='bbox 1449 2650 1666 2698; x_wconf 86' lang='lat' dir='ltr'>discordia,</span> <span class='ocrx_word' id='word_1_425' title='bbox 1701 2649 1965 2688; x_wconf 83' lang='lat' dir='ltr'>factionibus.</span> 
     </span>
     <span class='ocr_line' id='line_1_43' title="bbox 264 2709 1965 2760; baseline -0.002 -12"><span class='ocrx_word' id='word_1_426' title='bbox 264 2712 449 2760; x_wconf 81' lang='lat' dir='ltr'>Plerique</span> <span class='ocrx_word' id='word_1_427' title='bbox 476 2711 584 2749; x_wconf 90' lang='lat' dir='ltr'>enim</span> <span class='ocrx_word' id='word_1_428' title='bbox 610 2710 810 2749; x_wconf 85' lang='lat' dir='ltr'>fovebant</span> <span class='ocrx_word' id='word_1_429' title='bbox 837 2710 1095 2749; x_wconf 88' lang='lat' dir='ltr'>Ludovicum</span> <span class='ocrx_word' id='word_1_430' title='bbox 1125 2710 1164 2747; x_wconf 88' lang='grc' dir='ltr'>ΙΙ</span> <span class='ocrx_word' id='word_1_431' title='bbox 1190 2724 1326 2760; x_wconf 90' lang='lat' dir='ltr'>regem</span> <span class='ocrx_word' id='word_1_432' title='bbox 1353 2709 1525 2758; x_wconf 87' lang='lat' dir='ltr'>Siciliae,</span> <span class='ocrx_word' id='word_1_433' title='bbox 1552 2710 1604 2747; x_wconf 91' lang='lat' dir='ltr'>ad</span> <span class='ocrx_word' id='word_1_434' title='bbox 1631 2723 1754 2759; x_wconf 90' lang='lat' dir='ltr'>quem</span> <span class='ocrx_word' id='word_1_435' title='bbox 1779 2723 1830 2747; x_wconf 88' lang='lat' dir='ltr'>ex</span> <span class='ocrx_word' id='word_1_436' title='bbox 1858 2709 1965 2746; x_wconf 90' lang='lat' dir='ltr'>dono</span> 
     </span>
     <span class='ocr_line' id='line_1_44' title="bbox 266 2766 1965 2820; baseline -0.001 -14"><span class='ocrx_word' id='word_1_437' title='bbox 266 2770 450 2808; x_wconf 87' lang='lat' dir='ltr'>Joannae</span> <span class='ocrx_word' id='word_1_438' title='bbox 483 2770 644 2819; x_wconf 86' lang='lat' dir='ltr'>reginae</span> <span class='ocrx_word' id='word_1_439' title='bbox 676 2770 787 2808; x_wconf 83' lang='lat' dir='ltr'>facto</span> <span class='ocrx_word' id='word_1_440' title='bbox 819 2769 929 2820; x_wconf 89' lang='lat' dir='ltr'>patri</span> <span class='ocrx_word' id='word_1_441' title='bbox 959 2770 1046 2819; x_wconf 88' lang='lat' dir='ltr'>ejus</span> <span class='ocrx_word' id='word_1_442' title='bbox 1079 2769 1316 2820; x_wconf 88' lang='lat' dir='ltr'>pertinebat</span> <span class='ocrx_word' id='word_1_443' title='bbox 1347 2769 1569 2808; x_wconf 88' lang='lat' dir='ltr'>comitatus</span> <span class='ocrx_word' id='word_1_444' title='bbox 1599 2767 1853 2807; x_wconf 88' lang='lat' dir='ltr'>Provinciae.</span> <span class='ocrx_word' id='word_1_445' title='bbox 1887 2766 1965 2804; x_wconf 88' lang='lat' dir='ltr'>Alii</span> 
     </span>
    </p>
   </div>
   <div class='ocr_carea' id='block_1_3' title="bbox 266 2911 1968 3064">
    <p class='ocr_par' dir='ltr' id='par_1_6' title="bbox 266 2911 1968 3064">
     <span class='ocr_line' id='line_1_45' title="bbox 313 2911 1968 2957; baseline -0.001 -12"><span class='ocrx_word' id='word_1_446' title='bbox 313 2914 344 2945; x_wconf 81' lang='grc'>1.</span> <span class='ocrx_word' id='word_1_447' title='bbox 367 2912 436 2945; x_wconf 86' lang='lat' dir='ltr'>Sur</span> <span class='ocrx_word' id='word_1_448' title='bbox 456 2918 563 2945; x_wconf 86' lang='lat' dir='ltr'>toute</span> <span class='ocrx_word' id='word_1_449' title='bbox 584 2919 682 2946; x_wconf 78' lang='lat' dir='ltr'>cette</span> <span class='ocrx_word' id='word_1_450' title='bbox 704 2925 846 2955; x_wconf 81' lang='lat' dir='ltr'>guerre,</span> <span class='ocrx_word' id='word_1_451' title='bbox 864 2912 889 2946; x_wconf 89' lang='lat' dir='ltr'>il</span> <span class='ocrx_word' id='word_1_452' title='bbox 908 2913 993 2946; x_wconf 82' lang='lat' dir='ltr'>faut</span> <span class='ocrx_word' id='word_1_453' title='bbox 1020 2913 1211 2946; x_wconf 85' lang='lat' dir='ltr'>consulter</span> <span class='ocrx_word' id='word_1_454' title='bbox 1232 2913 1275 2946; x_wconf 94' lang='lat' dir='ltr'>N.</span> <span class='ocrx_word' id='word_1_455' title='bbox 1297 2912 1438 2954; x_wconf 87' lang='lat' dir='ltr'>Valois,</span> <span class='ocrx_word' id='word_1_456' title='bbox 1459 2918 1485 2946; x_wconf 83' lang='lat' dir='ltr'>t.</span> <span class='ocrx_word' id='word_1_457' title='bbox 1505 2925 1543 2953; x_wconf 91' lang='lat'>11,</span> <span class='ocrx_word' id='word_1_458' title='bbox 1565 2925 1600 2957; x_wconf 90' lang='lat' dir='ltr'>p.</span> <span class='ocrx_word' id='word_1_459' title='bbox 1622 2912 1796 2952; x_wconf 85' lang='lat'><strong>331-359‚</strong></span> <span class='ocrx_word' id='word_1_460' title='bbox 1812 2917 1850 2945; x_wconf 85' lang='lat' dir='ltr'>et</span> <span class='ocrx_word' id='word_1_461' title='bbox 1869 2911 1968 2954; x_wconf 76' lang='lat' dir='ltr'>Ray-</span> 
     </span>
     <span class='ocr_line' id='line_1_46' title="bbox 266 2965 1967 3010; baseline -0.001 -11"><span class='ocrx_word' id='word_1_462' title='bbox 266 2968 374 2999; x_wconf 79' lang='lat' dir='ltr'>moml</span> <span class='ocrx_word' id='word_1_463' title='bbox 399 2967 438 2999; x_wconf 77' lang='lat' dir='ltr'>de</span> <span class='ocrx_word' id='word_1_464' title='bbox 466 2966 636 2999; x_wconf 76' lang='lat' dir='ltr'>Turenne</span> <span class='ocrx_word' id='word_1_465' title='bbox 660 2972 691 2999; x_wconf 78' lang='lat' dir='ltr'>et</span> <span class='ocrx_word' id='word_1_466' title='bbox 716 2967 764 2999; x_wconf 82' lang='lat' dir='ltr'>les</span> <span class='ocrx_word' id='word_1_467' title='bbox 790 2978 904 3010; x_wconf 70' lang='lat' dir='ltr'>pape-5</span> <span class='ocrx_word' id='word_1_468' title='bbox 930 2966 1264 3009; x_wconf 71' lang='lat' dir='ltr'>d’Avignon,dans</span> <span class='ocrx_word' id='word_1_469' title='bbox 1294 2966 1694 3000; x_wconf 74' lang='lat' dir='ltr'>l’Annuaire-bulletin</span> <span class='ocrx_word' id='word_1_470' title='bbox 1716 2966 1757 2999; x_wconf 86' lang='lat' dir='ltr'>de</span> <span class='ocrx_word' id='word_1_471' title='bbox 1782 2966 1818 2998; x_wconf 86' lang='lat' dir='ltr'>la</span> <span class='ocrx_word' id='word_1_472' title='bbox 1839 2965 1967 2998; x_wconf 56' lang='lat' dir='ltr'>societ&amp;</span> 
     </span>
     <span class='ocr_line' id='line_1_47' title="bbox 266 3019 1393 3064; baseline 0.002 -13"><span class='ocrx_word' id='word_1_473' title='bbox 266 3021 306 3052; x_wconf 79' lang='lat' dir='ltr'>de</span> <span class='ocrx_word' id='word_1_474' title='bbox 336 3019 510 3052; x_wconf 74' lang='lat' dir='ltr'>Z&#39;lzisioire</span> <span class='ocrx_word' id='word_1_475' title='bbox 540 3020 579 3051; x_wconf 84' lang='lat' dir='ltr'>de</span> <span class='ocrx_word' id='word_1_476' title='bbox 608 3019 761 3059; x_wconf 86' lang='lat' dir='ltr'>France,</span> <span class='ocrx_word' id='word_1_477' title='bbox 794 3026 819 3052; x_wconf 86' lang='lat' dir='ltr'>t.</span> <span class='ocrx_word' id='word_1_478' title='bbox 853 3031 952 3052; x_wconf 74' lang='lat' dir='ltr'>xxw</span> <span class='ocrx_word' id='word_1_479' title='bbox 985 3019 1121 3064; x_wconf 80' lang='lat'>(1889),</span> <span class='ocrx_word' id='word_1_480' title='bbox 1153 3031 1187 3063; x_wconf 90' lang='lat' dir='ltr'>p.</span> <span class='ocrx_word' id='word_1_481' title='bbox 1221 3020 1393 3053; x_wconf 83' lang='lat'>215-276.</span> 
     </span>
    </p>
   </div>
   <div class='ocr_carea' id='block_1_4' title="bbox 316 3071 723 3105">
    <p class='ocr_par' dir='ltr' id='par_1_7' title="bbox 316 3071 723 3105">
     <span class='ocr_line' id='line_1_48' title="bbox 316 3071 723 3105; baseline 0.002 -2"><span class='ocrx_word' id='word_1_482' title='bbox 316 3073 345 3104; x_wconf 78' lang='lat'>2.</span> <span class='ocrx_word' id='word_1_483' title='bbox 375 3071 479 3104; x_wconf 88' lang='lat' dir='ltr'>Liscz</span> <span class='ocrx_word' id='word_1_484' title='bbox 506 3072 537 3103; x_wconf 89' lang='lat' dir='ltr'>le</span> <span class='ocrx_word' id='word_1_485' title='bbox 565 3072 609 3104; x_wconf 74' lang='lat'>12</span> <span class='ocrx_word' id='word_1_486' title='bbox 637 3072 723 3105; x_wconf 87' lang='lat' dir='ltr'>mai.</span> 
     </span>
    </p>
   </div>
  </div>
 </body>
</html>
