2083 3458
116 218 238 273 [707]
634 235 847 261 PAPARUM
885 236 1269 262 Ax‘l-:NloNENsiUM
1717 221 1799 261 203

105 331 188 355 esse
211 316 453 366 antipapam
477 316 539 354 die
563 325 727 354 tantum
763 319 1003 356 duodecima
1041 319 1149 357 maii.
1179 319 1322 369 Itaque
1356 319 1544 357 lubenter
1575 321 1800 369 amplector

105 389 209 425 quae
252 375 300 413 de
349 389 394 413 ea
440 376 643 414 creatione
683 377 949 415 cardinalium
990 377 1118 415 tradit
1162 378 1339 416 Joannes
1378 378 1589 425 Villanius,
1635 379 1702 417 lib.
1747 379 1797 425 X,

105 448 192 484 cap.
213 448 342 472 Lxxm
373 434 598 483 [Muratori.
621 442 648 472 t.
682 449 766 482 xm,
798 437 870 473 col.
892 436 990 486 645]
1021 436 1213 474 nimirum
1231 451 1321 475 eam
1348 437 1468 475 fuisse
1488 438 1641 475 factam
1661 438 1722 475 die
1743 452 1798 474 xv

104 493 213 531 maii.
250 493 396 530 Postea
428 493 504 530 illis
538 493 731 542 adjunxit
765 495 967 532 joannem
1004 495 1131 532 filium
1165 496 1364 534 Matthaei
1398 496 1446 534 de
1482 496 1799 534 Vicecomitibus

106 552 342 598 Mediolani:
369 551 491 600 idque
519 552 675 589 factum
705 553 802 590 Pisis
831 553 892 591 dic
930 568 1002 590 xix
1030 554 1236 603 sequentis
1264 554 1410 592 mensis
1443 555 1619 604 januarii
1658 554 1797 604 [1329]

105 611 225 649 docet
243 610 517 649 Bernardinus
538 611 677 649 Corius
710 611 752 660 [t.
776 626 814 654 n,
837 627 873 661 p.
895 612 968 661 89]
991 627 1040 650 ex
1061 613 1240 661 quadam
1261 614 1432 662 epistola
1454 622 1542 650 tum
1564 614 1729 663 scripta,
1760 614 1799 651 in

106 683 186 719 qua
213 670 311 708 haec
337 670 527 718 leguntur
555 684 562 706 ε
591 670 684 707 Post
710 670 800 707 haec
826 671 887 707 (lie
914 671 1096 708 mercurii
1121 672 1294 721 sequenti
1321 672 1504 710 dominus
1529 687 1638 722 papa¹
1664 673 1801 710 habuit

107 728 394 775 consistorium,
423 728 464 765 in
490 743 562 777 quo
586 728 664 777 fuit
689 729 872 766 (lominus
899 730 1108 779 imperator
1132 745 1220 767 cum
1245 731 1528 769 cardinalibus.
1557 731 1606 768 Et
1632 731 1689 768 ibi
1714 746 1800 781 pro-

108 787 236 824 visum
264 787 343 836 suit
372 787 576 824 dominum
609 787 804 825 Joannem
833 788 913 836 jore
943 789 1182 826 cardinalem
1212 798 1245 827 et
1274 790 1443 838 legatum
1476 789 1517 826 in
1548 790 1800 837 Lombartlia,

108 846 208 896 quod
227 846 457 895 completum
477 846 553 894 fuit
574 846 635 883 (lie
654 846 739 883 XX
762 847 891 896 ipsius
913 847 1070 895 mensis,
1092 862 1243 897 semper
1262 848 1419 885 domino
1441 849 1671 898 imperatore
1692 863 1801 898 prae—

107 905 219 942 senti.
245 905 361 952 Quod
377 905 435 942 ita
456 905 766 953 intelligendum
782 913 843 943 est
858 913 903 942 ut
925 906 1106 943 dicamus
1131 907 1332 944 Joannem
1353 907 1474 945 fuisse
1497 908 1653 945 factum
1676 908 1802 945 cardi-

108 965 241 1002 nalem
263 964 325 1001 die
346 963 533 1001 mercurii
554 978 626 1001 xix
647 964 823 1013 januarii
844 972 885 1002 et
898 979 1000 1013 quae
1022 965 1069 1003 de
1084 965 1285 1014 legatione
1308 966 1576 1004 Lombardiae
1598 966 1802 1013 dicuntur,

108 1037 153 1061 ea
175 1023 378 1072 completa
399 1022 521 1060 fuisse
542 1023 603 1060 die
623 1023 707 1059 XX
738 1023 867 1072 ipsias
889 1023 1044 1061 mensis.
1079 1023 1183 1061 Nam
1212 1038 1303 1062 cum
1333 1023 1440 1062 anno
1475 1025 1803 1062 MCCCXXVIII

110 1082 264 1120 Pascha
282 1081 470 1119 inciderit
486 1081 527 1118 in
545 1081 652 1119 diem
671 1082 833 1119 tertiam
862 1082 1012 1131 apriliS‚
1044 1097 1292 1132 consequens
1312 1091 1372 1120 est
1400 1083 1506 1121 diem
1536 1098 1607 1120 x1x
1629 1083 1804 1132 januarii

108 1141 314 1190 sequentis
342 1140 605 1190 conjunctam
634 1141 753 1178 fuisse
781 1155 872 1177 cun]
900 1141 961 1179 die
989 1142 1188 1180 mercurii.
1218 1142 1280 1178 Ex
1307 1156 1384 1191 quc
1413 1142 1675 1191 consequitur
1701 1144 1804 1180 male

109 1200 218 1249 apud
236 1199 471 1246 Villanium,
488 1199 556 1238 lib.
578 1199 628 1245 X,
647 1213 733 1249 cap.
755 1214 863 1237 ‹txvn
894 1200 1120 1249 [Muratori.
1154 1208 1182 1238 t.
1202 1215 1286 1242 x111.
1305 1202 1377 1238 col.
1397 1201 1494 1250 674]
1514 1201 1617 1238 hanc
1635 1201 1804 1239 ,Ioannis

111 1258 359 1296 creationem
382 1258 519 1296 referri
544 1258 595 1296 ad
622 1259 727 1296 diem
755 1273 858 1295 xx1x
885 1258 1065 1307 ejusdem
1092 1259 1253 1297 mensis.
1281 1259 1350 1296 Ait
1374 1267 1513 1298 autem
1538 1260 1804 1306 Contelorius,

111 1332 149 1367 p.
171 1317 232 1364 48,
251 1317 453 1355 incertum
471 1332 555 1355 esse
574 1331 625 1354 an
645 1318 675 1354 is
696 1318 828 1354 sactus
850 1317 971 1355 suerit
990 1317 1204 1355 cardinalis
1226 1318 1380 1356 Romae
1400 1319 1462 1356 vel
1484 1318 1595 1356 Pisis.
1618 1319 1693 1356 Sed
1714 1333 1805 1355 cum

111 1391 160 1413 ex
185 1376 327 1414 eodem
352 1376 454 1414 libro
481 1376 656 1420 Villanii,
684 1390 770 1425 cap.
800 1391 839 1413 xx
864 1376 1090 1424 [Muratori‚
1118 1385 1146 1414 t.
1175 1391 1258 1424 x111,
1286 1377 1358 1414 col.
1386 1377 1491 1426 673},
1519 1385 1677 1415 constet
1702 1377 1805 1414 anti-

111 1449 262 1485 papam
293 1435 414 1473 suisse
448 1435 547 1473 Pisis
580 1435 642 1473 (lie
675 1435 794 1472 tertia
825 1435 1016 1484 januarii,
1048 1443 1089 1472 et
1119 1436 1228 1473 locus
1253 1450 1302 1473 ex
1334 1436 1448 1473 Corio
1482 1437 1631 1473 relatus
1662 1436 1807 1473 deceat

112 1495 312 1532 Joannem
347 1502 527 1532 creatum
563 1493 808 1531 cardinalem
846 1494 942 1531 l'isis
976 1494 1038 1531 (lie
1073 1509 1147 1531 ΧιΧ
1179 1495 1369 1543 januarii,
1404 1495 1559 1532 nullum
1593 1495 1640 1532 (le
1674 1503 1806 1532 cetero

111 1553 283 1590 dubium
315 1568 397 1591 esse
430 1561 567 1602 potest
600 1553 697 1602 quin
729 1553 769 1590 id
802 1561 941 1591 actum
973 1553 1023 1590 sit
1059 1553 1170 1591 Pisis.
1208 1553 1353 1591 Postea
1387 1554 1564 1591 (loannes
1597 1554 1807 1591 abdicavit

111 1613 306 1650 honorem
335 1612 462 1659 illum,
493 1620 539 1649 ut
568 1612 714 1659 legitur
743 1612 850 1661 apud
884 1613 1085 1650 .loannem
1119 1612 1350 1660 Villanium,
1380 1612 1448 1650 lib.
1484 1612 1533 1659 X,
1565 1626 1651 1662 cap.
1685 1626 1806 1649 ‹txmv

123 1671 349 1720 [Muratori‚
381 1679 409 1709 t.
443 1686 527 1717 xm,
559 1672 630 1708 col.
664 1671 761 1720 690}
795 1679 835 1707 et
864 1671 903 1708 in
933 1671 1035 1708 libro
1066 1671 1233 1708 Arnaldi
1263 1671 1481 1708 Camerarii
1511 1671 1570 1708 his
1602 1671 1733 1708 vorbis
1779 1671 1805 1708 ¹:

112 1730 318 1767 Abs-olatio
349 1730 543 1767 nobilium
579 1729 854 1767 l'icecnmitam
890 1731 934 1765 de
958 1730 1200 1777 Mediolano,
1227 1730 1319 1779 quia
1348 1738 1456 1767 erant
1484 1730 1808 1767 ercommnnicati

111 1797 144 1826 et
166 1787 359 1826 interdicti
380 1803 425 1826 ea·
444 1804 485 1825 eo
507 1789 598 1838 quia
620 1789 848 1826 adheserant
873 1789 1064 1825 malma-0
1086 1789 1128 1825 (le
1153 1789 1325 1826 Bavaria
1345 1803 1413 1838 per
1434 1789 1649 1826 Ecclesiam
1671 1789 1806 1837 «lamp-

113 1856 215 1894 nato,
249 1856 282 1885 et
313 1848 396 1885 alia
429 1849 549 1885 multa
582 1848 750 1896 jecerant
782 1856 911 1885 cantra
948 1847 1161 1885 Ecclesiam
1202 1861 1420 1892 romanam,
1462 1847 1683 1896 specialiter
1716 1847 1808 1896 (suia

112 1906 296 1944 dominus
323 1907 524 1944 Jolzannes
549 1907 593 1944 de
615 1907 914 1944 l‘icecmnitilnis
941 1906 1163 1943 ,lleiliolani
1185 1921 1224 1943 se
1247 1906 1386 1954 jecerat
1405 1906 1491 1954 sieri
1514 1906 1752 1943 cardinalem
1777 1914 1810 1943 et

112 1966 282 2014 legatum
313 1965 355 2002 in
387 1965 504 2003 Italia
533 1980 601 2015 per
626 1966 860 2015 antipapam
890 1966 1149 2014 dampnatum
1173 1979 1240 2014 per
1265 1965 1468 2002 (lominum
1499 1965 1718 2002 Johannem
1741 1980 1809 2014 pa-

111 2039 205 2074 pam
228 2024 377 2062 XXII.
401 2025 459 2061 De
483 2025 625 2074 quibus
649 2024 832 2061 omnibns
858 2025 964 2073 ipsos
988 2024 1169 2073 penituit,
1194 2032 1227 2061 et
1250 2023 1423 2072 confesso
1447 2038 1582 2067 errore,
1607 2038 1651 2060 ac.
1670 2023 1807 2071 agnita

112 2083 279 2131 veritate,
306 2083 570 2133 promiserunt
594 2085 716 2121 multa
744 2084 841 2120 bona
867 2098 936 2132 pro
971 2083 1143 2120 Ecclesia
1169 2096 1334 2120 romana
1367 2082 1428 2120 liic
1452 2090 1686 2132 erpressata,
1712 2090 1745 2119 et
1766 2082 1809 2118 {le

112 2142 332 2180 commissis
354 2157 393 2179 se
415 2142 683 2180 submiserant
706 2141 948 2179 ordinationi
972 2142 1143 2191 ejusdem
1168 2141 1319 2178 domini
1343 2139 1458 2190 pape,
1484 2141 1550 2190 qui
1574 2140 1810 2190 penitentias

113 2210 146 2238 et
161 2215 283 2251 penas
298 2201 378 2238 sibi
393 2201 610 2239 reservavit.
629 2202 771 2239 Actum
789 2200 995 2242 alwinioni,
1013 2215 1117 2237 anno
1131 2200 1296 2237 Domini
1313 2200 1519 2237 millesimo
1536 2199 1809 2246 CCCXXIX‚

114 2260 175 2297 (lie
201 2274 257 2297 xv
280 2260 521 2310 septembris.
550 2260 696 2298 Postea
722 2274 812 2297 cum
848 2259 922 2296 sub
948 2260 1153 2297 Clemente
1180 2259 1235 2295 Vl
1260 2258 1368 2296 idem
1394 2259 1572 2296 ,loannes
1607 2258 1807 2307 quaedam

115 2319 275 2357 fecisset
296 2333 399 2368 quae
421 2317 566 2356 merito
586 2319 770 2356 animum
793 2318 1009 2356 Clementis
1030 2317 1224 2355 adversus
1246 2331 1338 2355 eum
1360 2317 1668 2356 exacerbarunt,
1691 2317 1754 2354 ille
1775 2316 1809 2354 ei

114 2377 220 2416 inter
245 2386 377 2416 cetera
405 2377 560 2427 flagitia
585 2378 709 2416 etiam
736 2377 887 2426 objecit
912 2377 1020 2426 quod
1046 2376 1383 2414 anticardinalern
1411 2376 1518 2413 Petri
1545 2375 1592 2412 de
1618 2375 1809 2413 Corbaria

115 2451 156 2474 se
185 2437 369 2486 gesserim
400 2436 560 2475 Odorie.
594 2436 811 2486 Raynald„
841 2450 905 2474 an.
938 2435 1051 2479 1350,
1087 2435 1167 2482 §7;
1197 2435 1345 2472 Matth.
1372 2434 1532 2481 villan„
1564 2434 1630 2472 lib.
1664 2434 1691 2479 l,
1721 2447 1808 2483 cap.

118 2509 259 2532 Lxxvu
290 2495 515 2544 [Muratori‚
534 2503 562 2533 t.
583 2510 668 2542 xxv,
687 2496 758 2533 col.
781 2495 936 2544 74-77]

173 2554 213 2592 Ρ.
249 2554 335 2601 144,
367 2554 432 2603 lig.
468 2555 502 2592 3.
549 2554 680 2592 Ipsum
727 2568 928 2591 nEvssTuT.
975 2553 1074 2590 Vide
1117 2551 1405 2600 W⁷acldingum,
1447 2565 1511 2589 an.
1555 2551 1668 2598 1328,
1715 2550 1731 2597 ξ
1773 2551 1809 2598 8,

129 2612 172 2662 [t.
197 2627 264 2660 vn,
285 2627 324 2662 p.
347 2612 437 2662 80],
461 2613 529 2662 qui
550 2613 637 2651 heic
657 2613 861 2662 sapienter
887 2620 927 2649 et
948 2611 1104 2649 erudite
1131 2611 1336 2648 exclamat
1359 2625 1365 2647 :
1383 2609 1414 2647 O
1432 2610 1645 2646 ridiculum
1665 2623 1809 2656 senem,

117 2671 184 2721 qui
203 2686 221 2708 e
239 2685 421 2721 supremo
439 2671 601 2720 fastigio
620 2671 732 2720 efficti
752 2671 1006 2720 pontificatus
1027 2670 1067 2707 in
1089 2670 1253 2707 tremula
1268 2676 1469 2715 senectute,
1489 2668 1621 2718 effoeto
1640 2682 1809 2717 corpore,

116 2738 150 2767 et
174 2730 474 2778 frigescentibus
501 2731 697 2777 membris,
720 2730 878 2779 jubetur
903 2730 955 2766 ad
980 2728 1204 2777 conjugales
1227 2727 1350 2764 redire
1375 2726 1616 2776 complemus!
1643 2726 1812 2774 Quaerit

119 2788 355 2826 Guillelmus
383 2789 566 2826 Durandi
589 2789 630 2826 in
654 2788 937 2826 Commentatio
962 2787 1004 2825 in
1028 2786 1237 2824 concilium
1260 2786 1535 2834 Lugdunense,
1561 2785 1627 2823 fol.
1652 2786 1688 2832 8,
1714 2784 1811 2834 quid

118 2847 322 2897 agendum
341 2847 394 2885 sit
410 2847 446 2884 si
466 2862 562 2885 uxor
578 2847 663 2896 ejus
682 2847 749 2897 qui
766 2848 904 2884 electus
922 2854 955 2883 et
973 2853 1215 2883 consecratus
1232 2853 1286 2881 est
1306 2844 1348 2881 in
1365 2858 1527 2894 papam,
1547 2858 1643 2893 quae
1662 2852 1813 2881 mortua

120 2906 345 2955 putabatur,
369 2920 458 2943 eum
480 2913 628 2956 repetet.
652 2907 768 2944 Hane
790 2919 911 2955 porro
933 2904 1213 2954 quaestionem
1236 2917 1316 2942 non
1334 2902 1456 2940 solvit
1475 2902 1726 2949 Guillclmus,
1743 2902 1812 2940 sed

120 2965 313 3002 lectorem
331 2964 508 3002 remittit
522 2964 572 3002 ad
590 2965 778 3014 glossam,
796 2978 882 3013 cap.
901 2963 946 3001 Si
961 2963 1048 3012 quis
1063 2962 1244 3012 pecunia,
1262 2961 1442 2999 distinct.
1458 2960 1658 3008 LXXIX,
1675 2975 1812 2999 secun-

167 3090 199 3122 ⁴1.
218 3088 258 3122 B.
280 3088 337 3129 N.,
356 3100 422 3122 ms.
441 3089 534 3121 latin
554 3089 659 3130 5181,
678 3088 700 3121 f.
723 3089 789 3121 192
806 3091 862 3121 1·⁰.
