2083 3458
98 185 221 240 [702]
623 202 838 227 PAPARUM
875 201 1258 228 AVENIONENSIUM
1702 187 1780 229 197

87 283 215 321 tradit
243 274 420 321 ,loannes
449 283 691 330 Aventinus,
720 284 787 322 lib.
819 285 911 331 VII,
941 285 1165 322 Annalium
1193 283 1394 332 Boiorum,
1427 299 1468 322 eo
1498 299 1616 334 usque
1643 285 1721 323 vita
1748 292 1781 322 et

87 342 279 379 honestate
294 342 515 392 probatum,
530 342 763 380 Albertinus
780 343 984 381 Mussatus
997 344 1037 381 in
1050 343 1220 393 epistola
1236 344 1287 381 ad
1303 344 1431 381 filium
1448 342 1674 392 muratori,
1694 352 1722 382 t.
1740 358 1779 390 x,

87 401 159 439 col.
179 401 275 450 773]
291 401 472 450 *doctum
487 409 528 438 et
546 401 597 438 ad
620 416 680 439 res
693 402 886 451 gerendas
911 402 1184 452 aptissimum,
1211 402 1370 440 Platina
1386 403 1428 440 in
1452 403 1610 440 Jeanne
1638 401 1779 449 XXII,

88 459 306 497 Sabellicus
338 459 529 497 enneadis
560 460 595 507 9,
636 460 703 498 lib.
746 461 862 507 VIII,
903 461 975 499 col.
1019 461 1105 508 798,
1145 469 1186 499 et
1225 461 1470 499 Trithemius
1509 461 1551 499 in
1590 461 1782 498 Chronico

86 518 371 566 Hirsaugiensi
412 518 456 568 [t.
486 533 526 565 11,
557 533 595 568 p.
629 519 741 568 167}
774 520 942 557 Juvenis
981 534 1149 557 uxorem
1189 520 1307 558 duxit
1347 520 1551 557 Joannam
1583 519 1782 558 Matthaei

87 577 134 614 de
166 577 376 623 Corbario;
408 585 448 615 et
478 585 698 627 postquam
721 592 791 627 per
822 578 1146 628 quinquennium
1170 593 1262 616 cum
1292 593 1337 616 ea
1365 579 1536 625 vixerat,
1561 593 1606 616 ea
1636 579 1781 626 invita,

86 643 133 672 ut
166 636 288 685 vulgo
322 635 512 683 traditur,
535 636 775 673 institutum
810 637 939 674 saneti
963 638 1164 675 Francisci
1190 638 1374 687 arripuit.
1408 638 1561 675 Deinde
1591 651 1782 687 magnam

86 708 179 732 eum
206 694 372 744 pietatis
392 695 554 732 ‘famam
579 704 840 732 consecutum
870 710 953 733 esse
982 704 1144 734 constat
1171 711 1220 734 ex
1242 697 1400 734 Joanne
1429 696 1616 744 Villanio,
1638 697 1706 735 lib.
1732 696 1782 743 X,

86 767 174 803 cap.
199 768 250 790 vn
285 753 510 803 [Muratori,
537 761 565 792 t.
591 768 674 801 xm,
706 755 779 792 col.
803 754 900 804 644]
926 763 966 792 et
995 769 1044 793 ex
1065 755 1300 793 testimonio
1332 755 1367 793 b.
1401 755 1562 793 Odorici
1593 755 1640 793 de
1665 755 1782 792 Foro-

84 812 185 861 julio
209 820 298 849 tum
322 812 513 859 viventis,
539 812 607 862 qui
632 827 724 850 eum
748 821 871 851 vocat
894 827 1087 863 magnum
1111 814 1448 863 praedicatorem,
1474 814 1607 851 virum
1632 814 1785 851 multae

87 871 375 919 abstinentiae,
403 871 660 921 paupertatis
689 872 958 921 evangelicae,
987 881 1028 910 et
1054 873 1261 922 religiosae
1290 873 1559 919 obedientiae,
1589 872 1657 922 qui
1685 873 1785 909 mul-

87 937 150 967 tos
179 930 221 967 in
252 930 362 968 viam
393 930 535 968 salutis
566 930 742 968 reduxit.
776 931 836 968 Ita
868 931 976 968 enim
1002 930 1125 969 refert
1156 931 1422 981 VVaddingus,
1455 945 1518 969 an.
1550 932 1663 979 1328,
1701 931 1717 979 ξ
1748 931 1784 978 3,

98 988 143 1038 [t.
170 1003 237 1036 vn,
263 1003 300 1038 p.
330 988 400 1038 78]
427 1003 476 1027 ex
501 989 692 1027 Chronico
717 1003 790 1027 ms.
818 989 992 1028 Odorici.
1021 990 1267 1039 Quanquam
1290 990 1407 1028 istius
1432 989 1618 1028 Clzronici
1642 997 1786 1028 auctor

87 1061 168 1085 non
189 1047 242 1085 sit
261 1048 324 1086 hie
347 1048 557 1095 Odoricus,
579 1056 640 1086 est
660 1056 801 1086 tamen
821 1049 998 1099 auctqris
1019 1049 1158 1086 coaevi
1179 1057 1219 1087 et
1241 1049 1511 1096 Franciscani,
1534 1049 1602 1098 qui
1622 1056 1785 1099 propte-

87 1120 153 1144 rea
175 1106 274 1145 scire
295 1107 434 1156 potuit
453 1121 514 1145 res
536 1107 577 1144 in
599 1121 670 1145 suo
694 1107 832 1145 ordine
855 1115 1000 1157 gestas.
1027 1108 1136 1145 Haec
1159 1116 1255 1145 sunt
1276 1122 1368 1157 ergo
1389 1108 1494 1145 illius
1516 1108 1640 1146 verba
1672 1121 1785 1158 prae-

86 1165 272 1204 termissa
285 1179 307 1203 a
325 1165 555 1215 Waddingo
576 1165 620 1215 [t.
636 1181 702 1213 vn,
720 1180 760 1216 p.
776 1166 837 1216 78]
855 1182 861 1203 :
882 1166 1102 1203 Ludovicus
1115 1181 1198 1203 vero
1210 1167 1262 1204 ad
1278 1167 1467 1216 ipsorum,
1486 1166 1526 1204 id
1539 1175 1600 1205 est
1620 1166 1786 1206 «Roma-

87 1225 262 1272 norum),
284 1224 620 1274 importunitatem
636 1225 780 1262 adduci
796 1225 885 1274 jecit
897 1226 948 1263 ad
962 1239 1001 1262 se
1011 1225 1171 1274 fratrem
1188 1225 1350 1263 Petrum
1362 1226 1405 1262 de
1422 1225 1624 1269 Corvaria,
1642 1239 1786 1273 senem,

88 1283 131 1320 de
149 1283 285 1320 ordine
301 1283 471 1332 fratrum
490 1283 713 1331 Minorum,
735 1284 801 1334 qui
817 1284 901 1333 jam
919 1299 987 1333 per
1005 1298 1131 1321 annos
1150 1284 1439 1334 quinquaginta
1456 1292 1491 1321 et
1508 1285 1599 1334 plus
1619 1298 1787 1332 magnus

87 1341 305 1391 predicator
326 1350 360 1380 et
382 1342 576 1391 confessor
597 1351 631 1380 et
653 1343 958 1392 penitentiarius
972 1343 1099 1391 suerat
1124 1343 1165 1380 in
1194 1343 1309 1390 Urbe,
1333 1351 1366 1380 et
1390 1344 1529 1380 multos
1551 1343 1603 1380 ad
1623 1344 1788 1380 salutem

87 1401 301 1449 reduoeerat,
327 1401 455 1439 virum
477 1416 628 1439 summe
651 1402 885 1439 abstinentie
907 1410 941 1439 et
963 1402 1209 1451 paupertatis
1232 1402 1449 1450 evangelice
1471 1410 1505 1439 et
1527 1402 1741 1439 obedientie
1758 1402 1785 1440 1.

88 1459 165 1498 Sed
191 1460 366 1498 Alvarus
395 1461 546 1510 Pelagii
572 1461 643 1498 has
670 1461 712 1498 in
735 1461 804 1498 illo
829 1461 1003 1499 virtutes
1030 1475 1112 1498 non
1137 1461 1333 1510 agnoscit,
1362 1469 1509 1498 cuncta
1534 1461 1708 1498 referens
1735 1460 1787 1498 ad

86 1518 390 1558 simulationem
409 1527 449 1558 et
466 1520 769 1570 hypocrisimin
780 1520 883 1557 libro
900 1520 1032 1569 primo
1046 1520 1105 1556 De
1122 1520 1283 1569 planctu
1301 1519 1509 1567 Ecclesiae,
1527 1520 1553 1557 l.
1578 1519 1606 1567 I,
1626 1520 1692 1557 fol.
1715 1519 1761 1557 13
1779 1534 1786 1556 :

84 1577 303 1615 Dominum
329 1593 479 1628 papam
509 1579 705 1616 Joannem
733 1579 871 1615 XXI]
901 1578 959 1627 (in
987 1578 1101 1627 cujus
1137 1587 1303 1628 tempore
1334 1578 1460 1616 scribo
1488 1579 1590 1615 hunc
1626 1578 1787 1625 librum)

87 1637 347 1686 deposuerunt
368 1637 410 1675 in
435 1637 538 1675 Urbe
557 1646 591 1675 et
608 1638 688 1675 sibi
707 1638 993 1675 substituerunt
1012 1637 1055 1675 de
1073 1637 1175 1686 sacto
1194 1637 1571 1687 pseudoreligiosum
1592 1637 1635 1674 (Ie
1654 1637 1789 1674 ordine

87 1695 297 1733 Minorum
318 1696 480 1745 fratrem
502 1697 664 1734 Petrum
687 1697 730 1734 de
754 1696 959 1742 Corbaria,
984 1711 1096 1746 quem
1119 1696 1279 1745 cognovi
1304 1696 1346 1733 in
1375 1696 1490 1743 Urbe,
1515 1710 1645 1733 verum
1669 1695 1787 1745 hypo-

86 1754 236 1801 critam,
262 1769 382 1804 quum
405 1756 672 1794 conventualis
695 1770 816 1793 essem
841 1755 897 1792 ibi
918 1755 1037 1792 Rome
1062 1755 1104 1792 in
1127 1755 1315 1802 Ara-celi,
1341 1755 1596 1792 decimantem
1620 1763 1788 1792 mentam

86 1821 119 1850 et
143 1822 302 1851 anetum
329 1814 371 1851 in
397 1814 634 1864 quibusdam
659 1814 910 1852 abstinentiis
936 1814 1191 1851 exterioribus
1216 1822 1249 1851 et
1276 1814 1318 1850 in
1343 1822 1488 1863 aperto,
1515 1822 1548 1851 et
1574 1813 1617 1850 in
1642 1812 1785 1850 abditis

86 1873 230 1909 loculos
250 1873 538 1923 compilantem,
558 1882 592 1911 et
612 1874 711 1911 inter
731 1873 982 1911 mulierculas
1002 1873 1204 1910 Romanas
1224 1872 1337 1922 quasi
1357 1872 1539 1910 continue
1559 1872 1787 1909 residentem

86 1939 119 1969 et
152 1931 318 1980 gloriam
350 1941 613 1982 aucupantem
644 1941 689 1980 et,
723 1932 824 1970 sicut
857 1932 956 1969 milii
988 1932 1255 1970 testimonium
1286 1931 1568 1981 perhibuerunt
1610 1930 1787 1968 minister

90 1990 201 2027 illius
221 1991 420 2040 provincie
442 1991 617 2029 Romane
638 2000 671 2029 et
692 1991 864 2029 custodes
885 1999 976 2028 tunc
997 2005 1116 2040 quum
1137 2004 1308 2027 essemus
1331 1990 1373 2027 in
1395 2004 1537 2038 magno
1559 1989 1721 2027 consilio
1743 1990 1787 2026 de

87 2049 189 2097 sacto
219 2049 305 2098 ejus
337 2058 372 2088 et
403 2050 573 2088 aliorum
606 2051 672 2100 qui
706 2050 876 2088 Ecclesie
907 2057 940 2087 et
972 2049 1103 2087 ordini
1136 2049 1413 2086 rebellaverant
1445 2049 1618 2095 Ananie,
1653 2048 1786 2085 minus

88 2107 302 2155 habentem,
319 2109 464 2147 scilicet
481 2109 523 2146 in
539 2109 724 2156 castitate,
742 2117 775 2146 et
789 2109 846 2146 sic
863 2109 978 2157 fidem
992 2108 1238 2158 paupertatis
1253 2116 1287 2145 et
1303 2107 1495 2145 munditie
1510 2116 1543 2144 et
1558 2107 1784 2154 obedientie,

88 2181 158 2216 que
180 2175 273 2205 sunt
296 2168 392 2216 legis
417 2168 610 2216 graviora,
630 2168 920 2217 relinquentem.
950 2168 1032 2205 Ista
1051 2166 1283 2205 confirmari
1308 2181 1424 2216 posse
1449 2166 1642 2204 videntur
1665 2180 1715 2203 ex
1738 2165 1785 2202 iis

88 2239 192 2274 quae
220 2226 330 2276 apud
360 2227 575 2264 Nicolaum
605 2227 841 2264 Minoritam
859 2226 886 2274 ²,
916 2226 984 2264 fol.
1015 2226 1103 2273 271,
1132 2226 1323 2275 leguntur
1349 2225 1391 2262 in
1418 2225 1543 2262 literis
1572 2224 1784 2273 encyclicis

88 2283 224 2322 fratris
265 2285 428 2323 Geraldi
461 2286 614 2324 Odonis
646 2286 821 2324 ministri
853 2285 1046 2335 generalis
1079 2284 1228 2322 ordinis
1260 2284 1435 2321 fratrum
1467 2283 1683 2330 Minorum,
1716 2282 1785 2320 ubi

88 2343 143 2381 sic
163 2343 338 2381 habetur
360 2360 367 2381 :
389 2344 530 2382 Petrus
548 2345 667 2382 etiam
687 2345 731 2382 de
751 2344 943 2382 Corbaria
962 2343 1126 2394 predicti
1146 2343 1297 2380 ordinis
1318 2342 1439 2380 nostri
1459 2342 1653 2392 professor
1673 2341 1785 2390 fictus

87 2410 121 2439 et
141 2401 280 2450 salsus,
304 2403 610 2441 antichristiana
633 2404 831 2453 impietate
855 2403 898 2440 in
920 2403 1156 2452 antipapam
1180 2402 1369 2448 intrusus,
1393 2409 1426 2438 et
1447 2415 1517 2450 per
1539 2401 1719 2438 dilectum
1744 2400 1785 2437 in

88 2459 243 2498 Christo
267 2461 427 2510 fratrem
456 2462 677 2500 Johannem
705 2462 932 2500 ministrum
959 2462 1002 2499 in
1027 2461 1232 2511 provincia
1257 2460 1439 2497 Romana
1463 2459 1578 2508 prius
1603 2473 1673 2508 pro
1699 2459 1785 2496 suis

88 2519 284 2557 demeritis
298 2521 656 2559 excommunicatus
670 2529 704 2559 et
718 2522 769 2558 ad
782 2535 925 2571 penam
940 2520 1118 2570 perpetui
1134 2519 1296 2557 carceris
1315 2518 1595 2555 sententialiter
1609 2517 1783 2555 condem-

89 2586 217 2616 natus.
243 2578 301 2616 De
323 2579 465 2617 eodem
486 2594 608 2629 agens
631 2580 810 2618 Joannes
834 2579 961 2616 XXII
982 2579 1024 2616 in
1044 2579 1154 2616 bulla
1169 2577 1185 2600 3
1206 2591 1309 2627 quae
1330 2585 1446 2615 extat
1466 2577 1576 2626 apud
1599 2576 1783 2614 Contelo-

88 2636 206 2684 rium,
232 2652 270 2687 p.
294 2637 356 2685 36,
379 2638 438 2676 ait
463 2638 644 2688 :Quique
668 2647 824 2688 propter
848 2637 1145 2684 inobedientias,
1171 2637 1308 2686 culpas
1333 2649 1478 2684 graves,
1504 2634 1783 2682 contumacias,

88 2703 121 2732 et
140 2696 328 2733 scandala
348 2711 416 2746 per
438 2697 572 2747 ipsum
594 2697 637 2735 in
658 2697 792 2735 ordine
811 2697 1037 2746 supradicto
1059 2695 1266 2750 commissa
1286 2709 1354 2744 per
1373 2708 1492 2731 suum
1514 2693 1784 2730 immediatum

87 2754 328 2803 superiorem
367 2756 784 2794 excommunicationis
826 2756 1038 2793 innodatus
1077 2754 1201 2791 extitit
1239 2752 1431 2790 sententia
1483 2760 1516 2789 et
1567 2752 1784 2789 declaratus

88 2813 231 2850 carceri
263 2814 566 2864 mancipandus.
603 2815 679 2853 Sed
711 2815 752 2852 id
785 2812 924 2852 actum
958 2813 1165 2862 Anagniae
1199 2819 1292 2862 post
1323 2811 1591 2848 intrusionem
1624 2810 1710 2860 ejus
1743 2809 1784 2847 in

137 2958 168 2990 1.
197 2958 238 2991 B.
264 2958 322 2998 N„
346 2970 412 2992 ms.
436 2959 531 2992 latin
554 2960 658 2999 5006,
682 2960 706 2993 f.
731 2960 799 2993 179
822 2963 873 2992 v0.

137 3011 168 3043 2.
186 3010 227 3043 B.
248 3011 305 3051 N.‚
325 3023 392 3044 ms.
410 3012 505 3044 latin
523 3013 627 3053 5154,
646 3013 670 3046 f.
691 3013 755 3046 271
775 3025 792 3045 r
805 3016 832 3045 ⁰.
1691 3035 1694 3043 ·

135 3064 167 3096 3.
188 3063 241 3096 La
258 3064 356 3097 bulle
375 3076 396 3097 a
414 3066 472 3098 ete
490 3065 682 3109 imprimee
702 3077 770 3109 par
790 3065 918 3104 Eubel,
938 3065 981 3098 Β.
1002 3064 1057 3104 Ε,
1079 3069 1105 3096 t.
1126 3075 1160 3103 v,
1180 3075 1214 3096 n.
1236 3063 1304 3096 843
1327 3062 1392 3105 (181¹
1408 3073 1506 3094 mars
1525 3060 1646 3105 1330).
