2083 3458
97 171 222 227 [591]
626 185 843 211 PAPARUM
878 182 1265 210 AVENIONENSIUM
1739 168 1793 209 57

87 284 202 308 sence
224 272 246 307 a
270 269 440 307 Poitiers
462 269 496 306 16
519 268 567 306 27
589 268 685 314 mai,
708 269 742 306 16
765 268 786 305 2
807 268 896 318 juin
920 268 1033 313 1308,
1056 275 1097 305 61
1120 267 1174 304 du
1198 267 1243 304 11
1265 266 1354 315 juin
1376 280 1427 303 au
1449 266 1499 304 30
1518 266 1664 315 juillet,
1688 266 1789 304 ainsi

88 329 210 379 qu'en
236 331 347 367 aofit.
377 329 430 365 Le
456 327 515 365 roi
541 327 656 369 etait.
683 328 717 365 le
744 328 767 365 3
793 330 906 374 aosit,
934 329 956 364 a
982 325 1401 364 Villereau-aux-Bois
1431 324 1598 374 ‹Loiret)
1628 324 1697 374 (H.
1727 325 1787 372 F„

88 397 117 427 t.
140 403 229 434 xxr,
250 402 289 438 p.
313 402 363 424 LII
385 395 425 425 et
445 386 534 432 449,
566 386 672 435 450).

142 448 184 485 Ρ.
203 446 264 494 12,
280 446 346 495 lig.
365 446 425 484 15.
445 446 666 484 RsscEssm
688 445 719 482 Il
734 445 864 495 partit
878 446 913 483 16
931 445 978 483 13
993 447 1093 483 aout
1110 444 1210 482 1308
1226 444 1385 493 d'apres
1402 458 1479 481 une
1496 443 1673 493 depeche
1690 443 1787 480 (l'un

87 505 381 544 ambassadeur
399 504 612 554 aragonais
634 504 792 553 (Finke,
812 505 1035 554 Papsttum,
1056 512 1085 541 t.
1104 518 1145 550 11,
1164 518 1203 553 p.
1225 502 1299 540 155
1317 510 1358 540 et
1378 502 1482 551 157).

142 566 184 603 P.
204 564 265 612 12,
282 565 349 614 lig.
369 564 429 602 15.
449 564 630 602 SOLUTA.
651 564 707 601 La
725 578 821 601 cour
837 571 952 609 recut
968 563 1055 601 avis
1073 577 1150 612 que
1167 561 1386 599 l’audition
1403 561 1471 599 des
1489 560 1648 599 affaires
1666 561 1786 598 serait

86 624 235 675 reprise
269 638 318 662 en
352 623 542 673 Avignon
575 623 610 661 16
646 623 701 660 1er
728 623 955 669 decembre,
1001 622 1102 660 mais
1130 622 1165 659 le
1199 635 1305 671 pape
1349 621 1529 669 changea
1564 620 1706 657 d’avis.
1736 621 1787 657 Le

88 683 134 722 12
153 685 266 730 30111,
286 682 386 720 ecrit
404 697 460 720 un
477 682 771 720 ambassadeur
789 680 1017 731 aragonais,
1034 681 1113 730 suit
1132 681 1272 718 iterum
1289 679 1566 717 consistorium
1583 679 1786 729 publicum

85 751 119 781 et
147 757 257 792 papa
288 742 434 779 indixit
465 741 684 778 vacationes
716 755 835 790 usque
864 741 916 778 ad
943 740 1117 791 primam
1147 739 1249 777 diem
1276 739 1493 789 juridicam
1522 746 1609 788 post
1637 746 1790 775 octavas

86 801 319 852 Epiphanie
337 809 370 838 et
388 801 489 850 quod
506 809 598 837 tunc
615 800 821 837 audientia
839 808 1094 837 resumeretur
1112 807 1191 836 tam
1209 813 1420 836 causarum
1438 812 1555 848 quam
1573 797 1789 834 litterarum

86 861 286 898 Avinione
307 859 466 908 (Finke,
487 860 711 909 Papsttum,
732 867 760 896 1.
782 874 823 905 11,
844 874 882 909 p.
906 858 980 896 156
1000 867 1040 897 et
1061 858 1165 905 157),

142 920 185 957 P.
219 919 280 967 12,
310 919 375 969 lig.
410 919 469 956 16.
502 919 677 956 PLURIB.
709 932 982 956 LICENTIATIS.
1014 917 1287 956 Continuator
1316 916 1466 966 Nangii
1496 916 1542 966 [t.
1563 931 1588 962 1,
1613 930 1651 965 p.
1683 914 1788 964 369).

87 979 260 1017 Aestatis
281 978 427 1027 fervore
448 986 655 1024 transacto,
677 992 787 1028 papa
808 985 841 1014 et
861 977 1082 1015 cardinales
1104 991 1248 1023 omnes,
1270 976 1398 1013 soluta
1411 976 1470 1013 ad
1490 983 1643 1025 tempus
1664 974 1789 1020 curia,

87 1039 136 1076 ab
155 1038 248 1076 urbe
265 1037 455 1083 Pictavis,
475 1037 543 1074 ubi
561 1037 631 1074 diu
648 1044 841 1083 steterant,
860 1044 1106 1073 recesserunt.
1126 1036 1243 1085 Papa
1261 1035 1455 1085 siquidem
1471 1035 1523 1072 ad
1538 1042 1676 1071 terram
1695 1047 1796 1071 suae

87 1097 307 1135 nativitatis
333 1111 551 1147 properans
578 1111 665 1133 cum
692 1095 834 1146 paucis
861 1095 1134 1133 cardinalibus
1160 1109 1290 1132 secum
1318 1094 1492 1142 retentis;
1523 1093 1604 1131 illic
1629 1101 1663 1130 et
1688 1093 1791 1130 circa

87 1157 333 1207 postmodum
354 1156 499 1193 dicitur
520 1155 717 1201 resedisse,
739 1155 952 1192 licentiatis
972 1154 1105 1192 ceteris
1125 1162 1158 1191 et
1178 1154 1229 1191 ad
1248 1162 1401 1203 tempus
1422 1153 1472 1190 ab
1495 1152 1657 1199 invicem
1679 1166 1794 1203 sepa-

87 1216 196 1254 ratis.
217 1215 406 1264 Quinque
423 1223 590 1252 tantum
609 1214 731 1252 fuisse
748 1222 929 1252 retentos
949 1214 1057 1251 dicet
1074 1213 1197 1263 paulo
1218 1220 1311 1263 post
1327 1212 1558 1251 Bernardus
1578 1211 1788 1250 Guidonis.

87 1277 143 1313 At
166 1289 216 1313 ex
238 1274 473 1312 narratione
498 1287 602 1323 quae
626 1281 743 1311 extat
765 1273 807 1311 in
831 1281 944 1311 tomo
967 1288 979 1310 1
1003 1272 1179 1310 Bullarii
1203 1271 1450 1319 Casinensis,
1475 1286 1513 1321 p.
1536 1271 1598 1317 40,
1628 1278 1791 1308 constat

87 1349 236 1372 novem
253 1333 477 1372 cardinales
495 1348 587 1371 cum
604 1347 712 1383 papa
729 1332 851 1371 fuisse
868 1333 1038 1370 Tolosae
1055 1346 1163 1370 anno
1180 1331 1384 1369 MCCCIX
1401 1330 1464 1368 die
1482 1338 1630 1380 quarta
1646 1330 1790 1380 janua-

86 1393 148 1441 rii,
164 1408 230 1432 eos
246 1392 439 1430 nimirum
455 1392 525 1442 qui
540 1393 662 1443 paulo
679 1400 773 1442 post
788 1391 1068 1438 nominantur,
1084 1405 1130 1429 ac
1146 1399 1356 1441 praeterea
1374 1390 1541 1428 Petrum
1561 1389 1609 1427 de
1629 1389 1791 1440 Capella

87 1453 373 1503 presbyterum
403 1451 651 1490 cardinalem
674 1451 786 1489 tituli
817 1450 990 1489 Sanctae
1016 1449 1224 1497 praxedis,
1251 1449 1512 1487 Franciscum
1538 1450 1790 1498 Gaytanum,

87 1511 306 1563 diaconum
330 1510 578 1549 cardinalem
603 1510 641 1549 S.
668 1510 820 1549 Mariae
852 1510 894 1548 in
918 1509 1147 1556 Cosmedin,
1173 1508 1411 1547 Guillelmus
1438 1508 1597 1546 Ruffati
1625 1507 1792 1558 presby-

86 1579 221 1610 terum
244 1570 491 1609 cardinalem
514 1570 625 1607 tituli
649 1570 686 1608 S.
713 1569 1008 1616 Pudentianae,
1025 1577 1066 1608 et
1092 1571 1260 1607 Petrum
1282 1568 1330 1606 de
1353 1568 1550 1606 Columna
1574 1567 1796 1605 diaconum,

88 1629 336 1669 cardinalem
354 1629 380 1667 ¹.
412 1630 561 1668 Decem
597 1629 695 1667 alios
723 1628 977 1667 Avenionem
1013 1627 1244 1679 pervenisse
1284 1642 1392 1665 anno
1429 1626 1632 1665 MCCCIX
1668 1625 1796 1663 visuri

87 1704 226 1728 sumus
247 1689 353 1727 infra
376 1689 423 1739 t[.
448 1688 474 1739 1]
499 1704 537 1739 p.
562 1688 623 1727 32.

142 1749 186 1787 P.
207 1748 269 1795 12,
298 1748 364 1798 lig.
388 1748 448 1786 16.
468 1749 661 1793 ALIQUOT
678 1762 817 1785 SECUM
848 1761 997 1785 11116115
1021 1761 1122 1797 quos
1138 1745 1319 1796 quinque
1340 1745 1462 1783 fuisse
1488 1745 1608 1784 docet
1621 1745 1791 1782 Bernar-

89 1808 163 1846 dus
184 1807 381 1846 Guidonis
396 1807 437 1845 in
450 1807 632 1845 Historia
645 1806 872 1844 monasterii
884 1806 1166 1844 Prulianensis
1183 1805 1197 1827 ²
1224 1804 1285 1843 his
1297 1804 1453 1843 verbis:
1483 1805 1602 1841 Anno
1626 1803 1793 1840 Domini

89 1866 376 1913 MCCCVIII,
407 1881 451 1905 ιν
482 1866 558 1904 kal.
589 1866 797 1915 februarii,
839 1866 901 1903 die
940 1865 1138 1912 mercurii,
1169 1864 1354 1902 dominus
1385 1864 1563 1901 Clemens
1602 1877 1710 1913 papa
1747 1862 1791 1905 Γ,

90 1927 234 1964 vadens
253 1926 364 1976 apud
382 1925 622 1963 Avinionem
642 1926 769 1962 locum
788 1925 895 1962 curie
914 1924 1165 1971 destinatum,
1186 1924 1358 1961 secunda
1378 1923 1457 1960 vice
1475 1923 1554 1972 fuit
1575 1922 1618 1959 in
1638 1936 1790 1959 monas-

90 1985 184 2023 terio
206 1985 416 2031 Pruliani3
439 1994 473 2022 et
494 1985 667 2034 sequenti
690 1984 751 2022 die
771 1984 873 2034 jovis
897 1983 1058 2021 intravit
1079 1984 1294 2021 claustrum
1319 1991 1354 2020 et
1375 1982 1595 2032 capitulum
1616 1994 1792 2018 sororum

88 2059 177 2082 cum
197 2044 367 2094 quinque
387 2044 673 2091 cardinalibus,
697 2043 796 2081 inter
815 2057 909 2093 quos
929 2051 1009 2081 erat
1029 2043 1214 2081 dominus
1224 2042 1345 2091 frater
1365 2041 1583 2079 Nicholaus
1597 2041 1642 2078 de
1659 2040 1791 2083 Praw.

89 2104 297 2154 episcopus
315 2103 554 2141 Hostiensis.
577 2103 730 2141 Eorum
746 2102 912 2140 nomina
927 2102 1051 2140 refert
1069 2102 1154 2152 ipse
1175 2102 1358 2140 Clemens
1378 2100 1419 2138 in
1439 2099 1576 2138 bullass
1595 2100 1643 2137 de
1661 2107 1791 2136 trans-

88 2162 240 2201 latione
263 2162 527 2212 reliquiarum
551 2161 683 2200 sancti
715 2161 933 2199 Bertrandi
963 2161 1143 2212 episcopi
1167 2161 1466 2207 Convenarum,
1492 2160 1645 2208 hosque
1670 2157 1791 2195 fuisse

90 2222 222 2269 docet,
261 2221 475 2260 Nicolaum
511 2221 705 2259 nimirum
742 2220 979 2272 episcopum
1016 2220 1260 2266 Ostiensem,
1305 2218 1596 2268 Berengarium
1634 2215 1792 2254 Fredoli

90 2281 377 2331 presbyterum
432 2280 679 2319 cardinalem
737 2280 982 2318 Sanctorum
1046 2279 1165 2318 Nerei
1223 2287 1264 2317 et
1313 2277 1495 2323 Achillei,
1544 2275 1795 2314 Landulfum

90 2339 357 2378 Brancatium
406 2339 625 2378 diaconum
672 2339 812 2378 Sancti
857 2338 1013 2389 Angeli,
1067 2338 1365 2388 Raymundum
1396 2337 1444 2374 de
1487 2337 1613 2374 Gotto
1656 2334 1790 2372 diaco-

89 2413 190 2438 num
237 2399 411 2438 Sanctae
458 2399 609 2437 Mariae
654 2398 810 2446 Novae,
871 2406 912 2437 et
956 2398 1186 2436 Arnaldum
1229 2397 1278 2435 de
1326 2396 1524 2445 Pelagrua
1570 2394 1792 2432 diaconum

138 2574 170 2607 1.
191 2573 241 2606 Le
261 2574 466 2606 document
483 2573 602 2607 insere
622 2573 715 2606 dans
733 2573 765 2606 16
785 2573 942 2606 bullaire
961 2574 1012 2606 du
1030 2573 1139 2606 Mont
1157 2572 1287 2606 Cassin
1305 2570 1476 2604 contient
1494 2569 1594 2602 deux
1610 2568 1796 2601 1116113611-

90 2627 212 2660 111(165.
240 2626 362 2660 Ρ161·1·6
389 2626 433 2659 (16
457 2627 493 2659 la
519 2626 694 2670 Chapelle
720 2627 815 2660 etait
839 2639 885 2660 en
909 2627 1004 2660 1309
1029 2628 1172 2669 eveque
1198 2626 1242 2658 de
1269 2623 1479 2657 Palestrina
1504 2628 1541 2655 et
1565 2621 1723 2654 Arnaud
1748 2621 1792 2653 de

91 2679 281 2724 Pellegrue
312 2680 506 2724 possedait
536 2667 612 2713 n¹on
631 2692 697 2723 pas
714 2680 746 2713 le
778 2680 867 2713 titre
888 2679 933 2712 de
954 2679 1197 2719 saint-vital,
1216 2678 1309 2710 mais
1326 2676 1420 2710 celui
1452 2676 1496 2708 de
1528 2674 1793 2708 Sainte-Marie

90 2731 129 2766 in
145 2733 298 2767 Porticu
317 2733 463 2776 (Eubel,
480 2733 712 2773 Hierarchia,
730 2739 756 2766 t.
771 2745 795 2773 1,
812 2745 847 2777 p.
865 2734 909 2767 37
926 2740 964 2766 et
980 2733 1052 2776 51).

141 2787 173 2820 2.
193 2787 392 2826 Toulouse,
412 2798 480 2820 ms.
501 2785 584 2826 490,
603 2786 628 2820 f.
649 2787 718 2820 108
738 2790 790 2820 v0.

139 2841 172 2873 3.
192 2839 245 2873 La
264 2840 363 2873 hulle
381 2846 438 2873 est
456 2840 566 2873 datee
585 2840 635 2872 du
653 2840 697 2873 16
715 2839 864 2883 janvier
881 2840 986 2877 1309,
1005 2839 1160 2882 journee
1179 2837 1243 2880 qui
1261 2836 1321 2868 fut
1338 2836 1515 2878 marquee
1534 2845 1602 2877 par
1618 2834 1654 2866 la
1672 2839 1794 2866 trans-

88 2892 209 2926 lation
224 2893 287 2926 des
301 2893 462 2936 reliques
477 2893 527 2925 du
541 2892 643 2926 saint
660 2892 834 2936 (Clement
852 2893 893 2932 V,
906 2905 941 2926 n.
955 2892 1078 2935 3994).
1091 2890 1247 2934 L'eglise
1259 2889 1395 2922 n'etait
1406 2899 1472 2931 pas
1487 2898 1619 2920 encore
1631 2887 1798 2920 616116νὲ6-

91 2957 136 2978 611
158 2946 270 2986 1313;
292 2947 324 2979 16
346 2947 392 2980 30
413 2945 562 2990 janvier
583 2946 753 2979 Clement
768 2946 801 2979 V
817 2946 894 2990 prit
916 2946 979 2978 des
1002 2943 1245 2988 dispositions
1268 2954 1363 2986 pour
1384 2941 1519 2984 qu’elle
1532 2940 1592 2972 fut
1612 2939 1799 2973 terminee·

95 2998 268 3041 (clement
296 2999 338 3038 V,
365 3011 400 3032 n.
428 2999 550 3042 9909).
579 2999 609 3032 Il
633 2999 685 3032 lui
711 2999 817 3032 avait
841 3004 1026 3042 pourtant
1051 2997 1122 3030 fait
1147 2997 1210 3029 des
1236 2996 1329 3028 dons
1355 3006 1401 3027 en
1426 2994 1515 3027 1311
1548 2993 1722 3037 (clement
1750 2992 1792 3033 V,

91 3051 317 3096 Appendice,
333 3064 369 3096 p.
385 3052 483 3095 354).
