2083 3458
307 143 359 184 70
958 155 1111 181 NOTAE
1145 154 1206 179 AD
1240 153 1369 179 VITAs
1894 134 2019 190 [600]
2081 141 2083 155 ‘

308 243 440 281 obiter
471 242 669 289 dicamus,
701 240 824 279 fuisse
855 239 982 278 etiam
1015 238 1257 277 canonicum
1279 237 1470 276 ecclesiae
1491 235 1677 275 Dolensis
1700 243 1741 274 et
1763 235 2024 285 capellanum
2082 230 2083 233 ¹

309 301 495 352 Hugonis
522 300 739 351 Aysselini,
765 300 889 349 vulgo
916 298 1015 337 dicti
1042 298 1090 336 de
1109 297 1313 341 Billiomo,
1331 296 1549 334 cardinalis
1576 294 1790 342 Ostiensis,
1816 294 1947 344 liquet
1972 308 2024 332 ex
2082 314 2083 323 ι

305 360 567 400 testamentis
588 360 773 410 ejusdem
796 358 996 408 Hugonis,
1018 357 1137 396 editis
1160 371 1183 394 a
1216 355 1432 394 Francisco
1466 355 1713 402 Duchesnio,
1744 362 1773 393 t.
1804 368 1845 401 11,
1876 368 1915 404 p.
1949 353 2024 392 236

306 429 347 460 et
369 420 457 459 245.

360 480 404 518 P.
425 480 488 527 24,
505 479 572 529 lig.
594 478 654 517 10.
673 478 929 516 VENEYSINI.
950 477 1003 514 Le
1020 475 1133 514 bruit
1150 481 1296 513 com-ut
1313 488 1363 512 en
1383 474 1500 513 Italie
1517 489 1595 524 que
1613 474 1798 512 Clement
1813 472 1848 510 V
1864 471 2025 510 voulait

307 554 348 577 se
368 540 470 577 fixer
486 539 587 576 dans
603 538 638 576 le
656 538 835 576 Comtat.
854 537 907 574 Le
921 536 944 573 4
960 535 1192 586 septembre
1206 533 1321 581 1305,
1338 548 1394 572 un
1410 534 1558 573 Genois
1576 532 1746 572 ecrivait
1761 533 1783 569 a
1801 532 1950 581 Jayme
1970 531 2023 580 II,

307 598 366 636 roi
385 599 595 647 d'Aragon
617 613 624 634 :
649 597 699 634 In
718 595 863 634 nostris
881 595 1065 646 partibus
1085 594 1230 632 dicitur
1249 593 1351 643 quod
1369 593 1521 631 domini
1541 592 1763 631 cardinales
1782 592 1826 629 de
1844 585 2024 629 Perussia

306 666 491 708 separent
522 657 569 694 ob
603 656 646 694 in
678 656 905 693 comitatum
943 654 1090 692 Veneoei
1123 652 1397 701 accedendum,
1433 653 1501 691 ubi
1534 653 1680 691 dicitur
1712 651 1814 701 quod
1843 664 2025 688 summus

308 717 486 768 pontifex
504 716 657 754 curiam
676 716 756 753 vult
774 723 898 752 tenere
919 713 1077 762 (Finke,
1097 713 1198 750 Acta
1216 712 1510 761 Aragonensia,
1530 720 1560 750 t.
1579 727 1605 759 I,
1624 726 1663 762 p.
1687 710 1791 759 198).
1813 710 1867 748 Le
1888 709 1950 757 16,
1968 724 2025 748 un

309 785 424 814 autre
454 775 777 825 correspondent
806 773 928 811 disait
959 789 965 811 :
996 773 1031 810 E
1058 787 1179 822 agren
1207 770 1311 809 ardit
1339 771 1395 810 los
1423 772 1640 819 cardenals,
1670 770 1756 820 quel
1781 785 1895 820 papa
1922 769 2026 807 valia

309 844 409 873 estar
428 844 478 873 tot
496 843 630 884 aquest
648 849 728 883 ayn
746 834 780 870 el
798 841 937 871 comtat
956 833 1000 870 de
1019 832 1175 869 Benaxi
1197 830 1355 880 (Finke,
1378 831 1463 869 ibid
1482 863 1489 874 ,
1511 839 1528 868 t
1561 846 1587 878 1,
1609 846 1633 881 p
1671 830 1775 878 199).
1799 830 1856 867 La
1882 829 2025 870 realitc

309 903 370 933 est
383 903 476 933 tout
491 902 608 931 autre
625 893 798 942 (Mollat,
812 892 885 929 Les
899 906 1023 942 papes
1038 891 1281 941 d'Avignon,
1294 904 1333 939 p.
1351 891 1551 939 403,404).
1570 891 1636 928 Un
1654 889 1801 928 ltalien
1819 903 1840 927 a
1857 890 2025 939 expose,

311 969 359 992 en
384 953 497 1001 1308,
513 954 568 992 les
592 967 731 991 causes
754 952 837 1002 qui,
854 951 1021 989 suivant
1041 951 1112 998 lui,
1134 950 1335 989 retinrent
1357 951 1542 989 Clement
1557 951 1590 987 V
1613 964 1662 988 en
1682 950 1791 987 Fran
1802 964 1844 987 ce
1866 948 2025 998 (Finke,

312 1015 401 1051 Aus
419 1014 484 1050 der
505 1013 640 1061 Tagen
657 1011 829 1061 Bonijaz
851 1011 978 1058 VIII,
996 1026 1034 1060 p.
1056 1025 1153 1058 XCII,
1174 1008 1303 1057 xc111).

366 1073 408 1110 P.
432 1072 494 1119 24,
516 1072 582 1121 lig.
608 1071 668 1110 15.
693 1071 905 1119 QUATUOR
929 1085 984 1109 DE
1008 1085 1182 1108 GENERE
1208 1084 1301 1119 suo,
1326 1069 1521 1108 nimirum
1539 1069 1769 1106 Arnaldum
1801 1068 1849 1106 de
1877 1068 2026 1106 Canta-

312 1133 424 1182 lupo,
459 1131 723 1170 Guillelmum
756 1129 954 1177 Arrufati,
986 1130 1215 1167 Arnaldum
1249 1130 1298 1170 de
1330 1129 1541 1179 Pelagrua,
1568 1136 1609 1166 et
1644 1127 1942 1177 Raymundum
1978 1126 2026 1164 de

315 1192 455 1229 Cotto.
486 1191 543 1228 De
569 1189 736 1240 singulis
762 1204 928 1239 agemus
954 1189 1073 1227 infra.
1807 1185 1811 1189 ’

369 1251 411 1288 P.
440 1250 502 1297 24,
527 1250 594 1299 lig.
622 1249 683 1288 26,
712 1250 825 1286 FJLJE
853 1263 975 1287 REGIS
998 1249 1168 1287 KAROLI
1198 1249 1237 1286 ΙΙ
1259 1248 1432 1295 Siciliae,
1456 1262 1561 1297 quae
1582 1246 1753 1285 Beatrix
1783 1246 2024 1284 vocabatur.

317 1310 504 1348 Duxerat
525 1317 665 1347 autem
687 1323 779 1347 eam
799 1308 921 1355 Azzo,
936 1308 1118 1346 marchio
1135 1308 1334 1356 Estensis,
1355 1322 1463 1345 anno
1483 1307 1659 1345 MCCCV
1676 1306 1891 1356 nullosque
1912 1319 1962 1343 ex
1982 1318 2027 1343 ea

314 1369 461 1407 liberos
489 1368 649 1406 habuit.

370 1429 412 1466 P.
444 1428 506 1475 24,
535 1427 602 1477 lig.
632 1427 694 1466 30.
726 1427 1044 1465 NEAPOLIONEM
1076 1442 1132 1464 DE
1163 1428 1352 1475 URSINIS,
1382 1425 1603 1464 diaconum
1637 1424 1888 1463 cardinalem
1915 1422 2027 1461 tituli

315 1487 456 1526 Sancti
489 1487 659 1525 Adriani
693 1494 877 1525 creatum
910 1500 932 1524 a
968 1486 1137 1524 Nicolao
1175 1487 1229 1530 IV
1263 1501 1372 1525 anno
1399 1484 1781 1524 MCCLXXXVIII
1815 1484 1857 1521 in
1889 1482 2028 1533 vigilia
2082 1497 2083 1504 ¹

316 1547 578 1585 pentecostes
594 1546 621 1585 1.
642 1546 700 1584 De
715 1546 783 1584 illo
798 1546 899 1584 haec
914 1546 1106 1595 leguntur
1128 1546 1172 1584 in
1186 1547 1324 1585 codice
1338 1545 1444 1585 5496
1455 1544 1700 1583 bibliotecae
1716 1542 1975 1582 Colbertinae
1988 1541 2003 1565 2
2019 1557 2027 1580 :

317 1606 386 1644 iste
408 1605 647 1655 Bonisacius
670 1620 781 1656 papa
803 1606 979 1656 prudens
1003 1614 1036 1642 et
1059 1614 1244 1644 strenuus
1267 1621 1338 1657 per
1361 1606 1533 1655 legatum
1553 1618 1673 1642 suum
1698 1603 1905 1641 dominum
1924 1603 2030 1641 Nea·
2082 1646 2083 1654 ¹

316 1666 516 1716 poleonem
535 1665 777 1703 cardinalem
795 1665 1058 1714 Eugubinam
1077 1665 1274 1704 civitatem
1293 1674 1450 1716 captam
1467 1672 1501 1702 et
1520 1671 1751 1714 occupatam
1768 1671 1803 1700 et
1818 1661 2032 1713 spoliatam

316 1740 384 1775 per
412 1724 568 1762 comites
590 1724 880 1773 Montisjeretri
902 1732 936 1761 et
957 1724 1123 1773 Fagiole
1145 1733 1178 1762 et
1199 1725 1377 1763 Arennis
1391 1733 1423 1763 et
1436 1738 1619 1774 sequaces
1639 1737 1772 1760 eorum
1793 1721 1984 1772 reaccepit
2000 1728 2034 1758 et
2082 1718 2083 1750 Ῡ

315 1784 483 1834 pristine
503 1784 671 1821 restituit
693 1783 882 1832 libertati,·
899 1784 1085 1834 effugatis
1104 1784 1193 1822 inde
1216 1785 1440 1832 rebellibus,
1459 1783 1502 1821 in
1522 1781 1628 1821 anno
1640 1781 1809 1821 Domini
1833 1779 2029 1819 MCCCI.

318 1843 579 1881 Ptolomaeus
625 1843 819 1881 Lucensis
863 1843 1100 1892 Eugubium
1148 1858 1171 1881 a
1218 1843 1458 1883 Guibellinis
1509 1850 1678 1893 captum
1731 1840 1873 1880 scribit
1922 1853 2031 1878 anno

317 1902 550 1950 MCCXCV,
570 1903 639 1940 sed
655 1910 800 1952 postea
819 1911 1121 1953 recuperatum.
1142 1903 1290 1942 Eodem
1309 1918 1429 1951 anno,
1450 1902 1588 1952 inquit
1601 1901 1630 1950 3,
1653 1901 1792 1939 civitas
1810 1899 2033 1949 Eugubina

320 1962 461 1999 Tuscie
490 1976 560 2011 per
589 1961 833 1999 Ghibellinos
858 1962 1028 2012 capitur,
1053 1963 1120 2000 sed
1143 1964 1195 2001 ad
1218 1963 1417 2001 modicum
1440 1970 1594 2012 tempus
1622 1968 1887 2011 recuperatur,
1912 1958 2033 1997 misso

319 2021 412 2058 illuc
436 2021 559 2070 legato
578 2036 647 2071 per
672 2022 849 2059 eumdem
874 2036 1039 2072 papam,
1061 2022 1236 2060 videlicet
1255 2022 1414 2060 domino
1442 2021 1692 2072 Neapoleone
1716 2020 1880 2058 diacono
1906 2017 2032 2057 cardi-

319 2080 415 2118 nali.
444 2081 575 2130 Vulgo
609 2080 790 2118 traditur
814 2095 907 2118 eum
936 2095 1045 2119 anno
1072 2081 1373 2120 MCCCXLVII
1410 2080 1570 2120 obiisse.
1601 2080 1754 2118 Verum
1784 2086 1942 2118 certum
1968 2072 2034 2116 est

317 2139 405 2177 illos
428 2154 559 2178 errare
584 2140 653 2189 qui
674 2140 733 2178 ita
754 2140 951 2179 sentiunt.
975 2141 1141 2179 Etenim
1160 2141 1202 2179 in
1221 2142 1325 2180 libro
1346 2140 1648 2190 Obligationum
1666 2138 1823 2177 archivi
1842 2135 2035 2176 Vaticani

318 2199 567 2237 adnotatum
588 2207 649 2237 est
672 2213 767 2237 eum
791 2199 937 2238 obiisse
952 2214 1060 2238 anno
1076 2200 1354 2247 MCCCXLII,
1376 2200 1439 2239 die
1461 2214 1565 2238 xxm
1589 2197 1742 2246 martii,
1766 2197 1871 2236 circa
1889 2197 2034 2235 horam

321 2258 496 2308 primam
512 2258 644 2296 noctis
662 2259 689 2297 4.
715 2259 770 2296 Et
791 2273 841 2296 ex
862 2273 1046 2298 sermone
1070 2274 1191 2309 quem
1212 2260 1254 2298 in
1273 2260 1360 2310 ejus
1376 2260 1516 2298 funere
1531 2258 1679 2297 habuit
1694 2258 1839 2296 Petrus
1857 2254 2035 2306 Rogerii,

322 2318 536 2368 presbyter
552 2317 768 2356 cardinalis
783 2318 895 2355 tituli
913 2319 1157 2357 Sanctorum
1178 2320 1297 2358 Nerei
1311 2327 1351 2357 et
1366 2318 1537 2357 Achillei
1553 2318 1639 2368 (qui
1653 2318 1776 2368 paulo
1791 2324 1885 2367 post
1899 2315 2034 2353 factus

322 2391 443 2426 papa,
470 2377 653 2416 Clemens
676 2377 734 2415 VI
758 2385 930 2416 vocatus
955 2379 1031 2427 est>
1057 2387 1167 2417 certo
1187 2379 1336 2417 certius
1361 2386 1525 2417 constat
1543 2377 1752 2428 sepultum
1771 2375 1893 2413 fuisse
1908 2374 2034 2413 biduo

321 2444 415 2486 post
434 2436 475 2473 in
500 2436 666 2475 ecclesia
682 2437 857 2474 fratrum
873 2437 1090 2476 Minorum.
1114 2438 1177 2476 Sic
1198 2438 1307 2476 enim
1326 2438 1475 2488 legitur
1493 2437 1536 2475 in
1556 2435 1703 2474 titulo5
1723 2451 1730 2473 :
1754 2435 1888 2473 Sermo
1907 2434 2035 2484 factus

322 2510 390 2545 per
410 2496 660 2533 reverendum
683 2496 725 2533 in
745 2496 902 2534 Christo
925 2505 1077 2547 patrem
1107 2498 1313 2535 dominum
1339 2498 1386 2535 P.
1414 2496 1657 2535 cardinalem
1683 2495 2035 2543 Rothomagensem

321 2662 479 2694 candum
498 2662 644 2695 domino
662 2674 768 2706 pape.
791 2663 883 2696 Item
900 2662 1116 2706 juraverunt
1141 2676 1265 2697 omnes
1291 2662 1517 2707 conjunctim
1535 2663 1633 2706 loqui
1651 2673 1734 2695 cum
1761 2661 1908 2694 domino
1935 2670 2037 2704 papa

322 2720 353 2747 et
370 2726 443 2747 non
458 2715 698 2758 singulariter
713 2722 745 2749 et
761 2717 921 2750 divisim.
943 2717 1003 2750 Set
1018 2717 1170 2760 quilibet
1185 2718 1435 2751 cardinalium
1453 2722 1491 2750 ut
1506 2716 1658 2749 celerius
1674 2715 1804 2759 potuit,
1822 2714 2037 2758 premiserat

323 2779 408 2800 suos
424 2769 578 2801 nuncios
592 2770 768 2812 speciales
788 2770 931 2813 (Finke,
947 2770 1042 2803 Acta
1055 2771 1328 2814 Aragonensia,
1346 2777 1373 2803 t.
1389 2783 1413 2810 Ι,
1430 2782 1466 2814 p.
1483 2769 1582 2813 193).

373 2822 405 2853 ²1.
425 2821 661 2855 C’cst-a-dire
678 2823 709 2855 le
726 2824 770 2856 15
787 2824 874 2863 mai,
892 2822 986 2856 mais
1003 2836 1042 2857 ce
1058 2824 1119 2857 fut
1133 2825 1165 2857 le
1181 2825 1226 2857 16
1247 2824 1393 2867 (Eubel,
1410 2823 1643 2862 Hierarchia,
1662 2828 1688 2855 t.
1704 2834 1729 2862 1,
1746 2833 1782 2865 p.
1800 2820 1874 2864 11).

376 2875 406 2907 2.
424 2875 463 2907 B.
484 2875 540 2914 N.‚
558 2877 625 2908 ms.
642 2876 737 2908 latin
753 2876 859 2915 1506,
875 2876 900 2910 f.
917 2878 987 2910 168
1002 2881 1046 2910 ΓΟ.

374 2929 406 2960 3.
423 2928 463 2960 Β.
483 2928 539 2963 N..
557 2941 623 2961 ms.
640 2930 735 2961 latin
751 2928 857 2970 5126,
873 2930 898 2963 f.
915 2931 985 2963 172
1000 2934 1057 2971 v0;
1074 2930 1271 2971 Muratori,
1288 2936 1315 2964 t.
1331 2942 1383 2971 xx,
1400 2930 1467 2963 col.
1484 2930 1590 2963 1203.

373 2979 406 3013 4.
427 2980 549 3020 Vidal,
570 2988 650 3022 1.11‚
671 2994 705 3026 p.
725 2983 806 3016 434.

378 3035 409 3066 5.
426 3034 466 3066 B.
487 3034 543 3071 N„
561 3047 627 3068 ms.
645 3036 739 3068 latin
755 3035 861 3076 3293,
878 3036 902 3069 f.
921 3037 989 3070 254
1004 3040 1056 3070 v0.
