<?xml version="1.0" encoding="UTF-8"?>
<!DOCTYPE html PUBLIC "-//W3C//DTD XHTML 1.0 Transitional//EN"
    "http://www.w3.org/TR/xhtml1/DTD/xhtml1-transitional.dtd">
<html xmlns="http://www.w3.org/1999/xhtml" xml:lang="en" lang="en">
 <head>
  <title>
</title>
<meta http-equiv="Content-Type" content="text/html;charset=utf-8" />
  <meta name='ocr-system' content='tesseract 3.04.00' />
  <meta name='ocr-capabilities' content='ocr_page ocr_carea ocr_par ocr_line ocrx_word'/>
</head>
<body>
  <div class='ocr_page' id='page_1' title='image "./vitaepaparumaven02balu_0134.png"; bbox 0 0 2083 3458; ppageno 0'>
   <div class='ocr_carea' id='block_1_1' title="bbox 312 227 2011 283">
    <p class='ocr_par' dir='ltr' id='par_1_1' title="bbox 312 227 2011 283">
     <span class='ocr_line' id='line_1_1' title="bbox 312 227 2011 283; baseline -0.002 -11"><span class='ocrx_word' id='word_1_1' title='bbox 312 233 389 273; x_wconf 72' lang='lat'><strong>124</strong></span> <span class='ocrx_word' id='word_1_2' title='bbox 956 245 1108 271; x_wconf 78' lang='lat' dir='ltr'><strong>NOTAE</strong></span> <span class='ocrx_word' id='word_1_3' title='bbox 1143 245 1204 270; x_wconf 75' lang='lat' dir='ltr'><strong>AD</strong></span> <span class='ocrx_word' id='word_1_4' title='bbox 1238 245 1365 270; x_wconf 78' lang='lat' dir='ltr'><strong>VITAs</strong></span> <span class='ocrx_word' id='word_1_5' title='bbox 1887 227 2011 283; x_wconf 81' lang='grc'>[641]</span> 
     </span>
    </p>
   </div>
   <div class='ocr_carea' id='block_1_2' title="bbox 304 327 2042 2513">
    <p class='ocr_par' dir='ltr' id='par_1_2' title="bbox 304 327 2014 618">
     <span class='ocr_line' id='line_1_2' title="bbox 308 327 2012 382; baseline -0.003 -12"><span class='ocrx_word' id='word_1_6' title='bbox 308 347 431 382; x_wconf 82' lang='lat' dir='ltr'><strong>copus</strong></span> <span class='ocrx_word' id='word_1_7' title='bbox 452 329 777 380; x_wconf 82' lang='lat' dir='ltr'><strong>Burdegalensis.</strong></span> <span class='ocrx_word' id='word_1_8' title='bbox 802 329 903 367; x_wconf 87' lang='lat' dir='ltr'><strong>Cum</strong></span> <span class='ocrx_word' id='word_1_9' title='bbox 924 343 1021 367; x_wconf 89' lang='lat' dir='ltr'><strong>vero</strong></span> <span class='ocrx_word' id='word_1_10' title='bbox 1042 328 1303 367; x_wconf 80' lang='lat' dir='ltr'>renuntiatus</span> <span class='ocrx_word' id='word_1_11' title='bbox 1325 342 1517 366; x_wconf 86' lang='lat' dir='ltr'><strong>romanus</strong></span> <span class='ocrx_word' id='word_1_12' title='bbox 1538 328 1727 378; x_wconf 76' lang='lat' dir='ltr'>pontifex</span> <span class='ocrx_word' id='word_1_13' title='bbox 1748 343 1767 366; x_wconf 87' lang='lat' dir='ltr'><strong>e</strong></span> <span class='ocrx_word' id='word_1_14' title='bbox 1783 327 2012 377; x_wconf 78' lang='lat' dir='ltr'><strong>Burdegala</strong></span> 
     </span>
     <span class='ocr_line' id='line_1_3' title="bbox 305 386 2013 442; baseline -0.002 -13"><span class='ocrx_word' id='word_1_15' title='bbox 305 390 631 442; x_wconf 82' lang='lat' dir='ltr'><strong>proficisceretur</strong></span> <span class='ocrx_word' id='word_1_16' title='bbox 647 388 894 438; x_wconf 81' lang='lat' dir='ltr'><strong>Lugdunum</strong></span> <span class='ocrx_word' id='word_1_17' title='bbox 909 401 981 438; x_wconf 89' lang='lat' dir='ltr'><strong>per</strong></span> <span class='ocrx_word' id='word_1_18' title='bbox 997 387 1172 425; x_wconf 81' lang='lat' dir='ltr'>Galliam</span> <span class='ocrx_word' id='word_1_19' title='bbox 1189 386 1510 435; x_wconf 78' lang='lat' dir='ltr'><strong>Narbonensem,</strong></span> <span class='ocrx_word' id='word_1_20' title='bbox 1527 387 1634 426; x_wconf 88' lang='lat' dir='ltr'><strong>inter</strong></span> <span class='ocrx_word' id='word_1_21' title='bbox 1650 395 1783 426; x_wconf 88' lang='lat' dir='ltr'><strong>cetera</strong></span> <span class='ocrx_word' id='word_1_22' title='bbox 1803 387 1891 425; x_wconf 88' lang='lat' dir='ltr'><strong>loca</strong></span> <span class='ocrx_word' id='word_1_23' title='bbox 1909 401 2013 436; x_wconf 85' lang='lat' dir='ltr'><strong>quae</strong></span> 
     </span>
     <span class='ocr_line' id='line_1_4' title="bbox 306 446 2014 501; baseline -0.003 -12"><span class='ocrx_word' id='word_1_24' title='bbox 306 449 541 501; x_wconf 72' lang='lat' dir='ltr'>peragravit</span> <span class='ocrx_word' id='word_1_25' title='bbox 558 448 599 486; x_wconf 88' lang='lat' dir='ltr'><strong>in</strong></span> <span class='ocrx_word' id='word_1_26' title='bbox 618 448 694 485; x_wconf 89' lang='lat' dir='ltr'><strong>hoc</strong></span> <span class='ocrx_word' id='word_1_27' title='bbox 712 447 870 494; x_wconf 89' lang='lat' dir='ltr'><strong>itinere,</strong></span> <span class='ocrx_word' id='word_1_28' title='bbox 891 447 1017 485; x_wconf 86' lang='lat' dir='ltr'><strong>etiam</strong></span> <span class='ocrx_word' id='word_1_29' title='bbox 1035 446 1077 483; x_wconf 90' lang='lat' dir='ltr'><strong>in</strong></span> <span class='ocrx_word' id='word_1_30' title='bbox 1096 446 1344 484; x_wconf 85' lang='lat' dir='ltr'><strong>monasterio</strong></span> <span class='ocrx_word' id='word_1_31' title='bbox 1365 446 1618 485; x_wconf 88' lang='lat' dir='ltr'><strong>Prulianensi</strong></span> <span class='ocrx_word' id='word_1_32' title='bbox 1639 446 2014 484; x_wconf 78' lang='lat' dir='ltr'><strong>sanctimonialium</strong></span> 
     </span>
     <span class='ocr_line' id='line_1_5' title="bbox 305 505 2013 556; baseline -0.001 -11"><span class='ocrx_word' id='word_1_33' title='bbox 305 509 458 547; x_wconf 75' lang='lat' dir='ltr'><strong>ordinis</strong></span> <span class='ocrx_word' id='word_1_34' title='bbox 477 507 607 546; x_wconf 87' lang='lat' dir='ltr'><strong>sancti</strong></span> <span class='ocrx_word' id='word_1_35' title='bbox 627 506 830 544; x_wconf 88' lang='lat' dir='ltr'><strong>Dominici</strong></span> <span class='ocrx_word' id='word_1_36' title='bbox 847 505 1068 556; x_wconf 75' lang='lat' dir='ltr'><strong>hospitatus</strong></span> <span class='ocrx_word' id='word_1_37' title='bbox 1085 513 1150 553; x_wconf 81' lang='lat' dir='ltr'><strong>est,</strong></span> <span class='ocrx_word' id='word_1_38' title='bbox 1168 505 1304 555; x_wconf 88' lang='lat' dir='ltr'><strong>inquit</strong></span> <span class='ocrx_word' id='word_1_39' title='bbox 1319 505 1550 544; x_wconf 87' lang='lat' dir='ltr'><strong>Bernardus</strong></span> <span class='ocrx_word' id='word_1_40' title='bbox 1570 505 1767 547; x_wconf 90' lang='lat' dir='ltr'><strong>Guidonis</strong></span> <span class='ocrx_word' id='word_1_41' title='bbox 1785 505 1823 542; x_wconf 91' lang='lat' dir='ltr'><strong>in</strong></span> <span class='ocrx_word' id='word_1_42' title='bbox 1843 505 2013 544; x_wconf 87' lang='lat' dir='ltr'><strong>historia</strong></span> 
     </span>
     <span class='ocr_line' id='line_1_6' title="bbox 304 566 814 618; baseline -0.004 -13"><span class='ocrx_word' id='word_1_43' title='bbox 304 569 490 618; x_wconf 31' lang='lat' dir='ltr'><strong>*ejusdem</strong></span> <span class='ocrx_word' id='word_1_44' title='bbox 530 566 769 607; x_wconf 85' lang='lat' dir='ltr'><strong>monasterii</strong></span> <span class='ocrx_word' id='word_1_45' title='bbox 788 566 814 604; x_wconf 75' lang='lat'><strong>¹.</strong></span> 
     </span>
    </p>

    <p class='ocr_par' dir='ltr' id='par_1_3' title="bbox 304 623 2014 914">
     <span class='ocr_line' id='line_1_7' title="bbox 359 623 2014 674; baseline -0.002 -9"><span class='ocrx_word' id='word_1_46' title='bbox 359 628 478 666; x_wconf 78' lang='lat' dir='ltr'><strong>Anno</strong></span> <span class='ocrx_word' id='word_1_47' title='bbox 502 625 736 672; x_wconf 75' lang='lat' dir='ltr'>MCCCVIL</span> <span class='ocrx_word' id='word_1_48' title='bbox 761 624 951 662; x_wconf 90' lang='lat' dir='ltr'><strong>eumdem</strong></span> <span class='ocrx_word' id='word_1_49' title='bbox 974 637 1126 674; x_wconf 89' lang='lat' dir='ltr'><strong>papam</strong></span> <span class='ocrx_word' id='word_1_50' title='bbox 1150 631 1313 661; x_wconf 89' lang='lat' dir='ltr'><strong>secutus</strong></span> <span class='ocrx_word' id='word_1_51' title='bbox 1337 631 1399 661; x_wconf 91' lang='lat' dir='ltr'><strong>est</strong></span> <span class='ocrx_word' id='word_1_52' title='bbox 1420 623 1749 674; x_wconf 84' lang='lat' dir='ltr'><strong>proficiscentem</strong></span> <span class='ocrx_word' id='word_1_53' title='bbox 1773 623 2014 673; x_wconf 83' lang='lat' dir='ltr'><strong>Augustori-</strong></span> 
     </span>
     <span class='ocr_line' id='line_1_8' title="bbox 307 682 2014 734; baseline -0.002 -10"><span class='ocrx_word' id='word_1_54' title='bbox 307 696 397 724; x_wconf 87' lang='lat' dir='ltr'><strong>tum</strong></span> <span class='ocrx_word' id='word_1_55' title='bbox 419 686 649 732; x_wconf 78' lang='lat' dir='ltr'><strong>Pictonum,</strong></span> <span class='ocrx_word' id='word_1_56' title='bbox 670 683 808 734; x_wconf 79' lang='lat' dir='ltr'><strong>ibique</strong></span> <span class='ocrx_word' id='word_1_57' title='bbox 829 697 922 721; x_wconf 86' lang='lat' dir='ltr'><strong>cum</strong></span> <span class='ocrx_word' id='word_1_58' title='bbox 942 697 988 721; x_wconf 93' lang='lat' dir='ltr'><strong>eo</strong></span> <span class='ocrx_word' id='word_1_59' title='bbox 1008 682 1161 720; x_wconf 88' lang='lat' dir='ltr'><strong>mansit</strong></span> <span class='ocrx_word' id='word_1_60' title='bbox 1179 697 1308 732; x_wconf 89' lang='lat' dir='ltr'><strong>usque</strong></span> <span class='ocrx_word' id='word_1_61' title='bbox 1328 683 1380 721; x_wconf 90' lang='lat' dir='ltr'><strong>ad</strong></span> <span class='ocrx_word' id='word_1_62' title='bbox 1400 697 1581 721; x_wconf 88' lang='lat' dir='ltr'><strong>mensem</strong></span> <span class='ocrx_word' id='word_1_63' title='bbox 1602 690 1825 732; x_wconf 82' lang='lat' dir='ltr'><strong>augustum</strong></span> <span class='ocrx_word' id='word_1_64' title='bbox 1844 696 2014 733; x_wconf 89' lang='lat' dir='ltr'><strong>sequen-</strong></span> 
     </span>
     <span class='ocr_line' id='line_1_9' title="bbox 309 741 2014 789; baseline -0.003 -5"><span class='ocrx_word' id='word_1_65' title='bbox 309 747 360 784; x_wconf 85' lang='lat' dir='ltr'><strong>tis</strong></span> <span class='ocrx_word' id='word_1_66' title='bbox 382 745 491 783; x_wconf 89' lang='lat' dir='ltr'><strong>anni.</strong></span> <span class='ocrx_word' id='word_1_67' title='bbox 515 745 619 782; x_wconf 87' lang='lat' dir='ltr'><strong>Tum</strong></span> <span class='ocrx_word' id='word_1_68' title='bbox 640 757 736 781; x_wconf 82' lang='lat' dir='ltr'><strong>vero</strong></span> <span class='ocrx_word' id='word_1_69' title='bbox 758 757 851 781; x_wconf 89' lang='lat' dir='ltr'><strong>cum</strong></span> <span class='ocrx_word' id='word_1_70' title='bbox 872 757 918 780; x_wconf 90' lang='lat' dir='ltr'><strong>eo</strong></span> <span class='ocrx_word' id='word_1_71' title='bbox 939 741 1044 780; x_wconf 89' lang='lat' dir='ltr'><strong>abiit</strong></span> <span class='ocrx_word' id='word_1_72' title='bbox 1063 741 1106 780; x_wconf 92' lang='lat' dir='ltr'><strong>in</strong></span> <span class='ocrx_word' id='word_1_73' title='bbox 1125 741 1385 788; x_wconf 88' lang='lat' dir='ltr'><strong>Vasconiam,</strong></span> <span class='ocrx_word' id='word_1_74' title='bbox 1408 741 1552 780; x_wconf 91' lang='lat' dir='ltr'><strong>deinde</strong></span> <span class='ocrx_word' id='word_1_75' title='bbox 1574 742 1778 789; x_wconf 85' lang='lat' dir='ltr'><strong>Tolosam,</strong></span> <span class='ocrx_word' id='word_1_76' title='bbox 1800 741 1870 779; x_wconf 92' lang='lat' dir='ltr'><strong>ubi</strong></span> <span class='ocrx_word' id='word_1_77' title='bbox 1892 741 2014 780; x_wconf 86' lang='lat' dir='ltr'><strong>fuisse</strong></span> 
     </span>
     <span class='ocr_line' id='line_1_10' title="bbox 304 800 2014 854; baseline -0.002 -11"><span class='ocrx_word' id='word_1_78' title='bbox 304 819 400 843; x_wconf 77' lang='lat' dir='ltr'><strong>cum</strong></span> <span class='ocrx_word' id='word_1_79' title='bbox 420 819 511 842; x_wconf 88' lang='lat' dir='ltr'><strong>cum</strong></span> <span class='ocrx_word' id='word_1_80' title='bbox 529 817 636 854; x_wconf 90' lang='lat' dir='ltr'><strong>papa</strong></span> <span class='ocrx_word' id='word_1_81' title='bbox 655 802 773 842; x_wconf 85' lang='lat' dir='ltr'><strong>initio</strong></span> <span class='ocrx_word' id='word_1_82' title='bbox 792 801 942 840; x_wconf 84' lang='lat' dir='ltr'><strong>mensis</strong></span> <span class='ocrx_word' id='word_1_83' title='bbox 959 800 1138 851; x_wconf 86' lang='lat' dir='ltr'><strong>januarii</strong></span> <span class='ocrx_word' id='word_1_84' title='bbox 1157 801 1277 839; x_wconf 90' lang='lat' dir='ltr'><strong>docet</strong></span> <span class='ocrx_word' id='word_1_85' title='bbox 1295 809 1432 839; x_wconf 88' lang='lat' dir='ltr'><strong>tomus</strong></span> <span class='ocrx_word' id='word_1_86' title='bbox 1450 801 1605 851; x_wconf 88' lang='lat' dir='ltr'><strong>primus</strong></span> <span class='ocrx_word' id='word_1_87' title='bbox 1625 801 1801 838; x_wconf 74' lang='lat' dir='ltr'><strong>Ballarii</strong></span> <span class='ocrx_word' id='word_1_88' title='bbox 1821 800 2014 839; x_wconf 79' lang='lat' dir='ltr'><strong>Casinen-</strong></span> 
     </span>
     <span class='ocr_line' id='line_1_11' title="bbox 305 863 519 914; baseline -0.009 -12"><span class='ocrx_word' id='word_1_89' title='bbox 305 865 376 911; x_wconf 82' lang='lat' dir='ltr'><strong>sis,</strong></span> <span class='ocrx_word' id='word_1_90' title='bbox 395 879 434 914; x_wconf 87' lang='lat' dir='ltr'><strong>p.</strong></span> <span class='ocrx_word' id='word_1_91' title='bbox 458 863 519 901; x_wconf 81' lang='lat'><strong>41.</strong></span> 
     </span>
    </p>

    <p class='ocr_par' dir='ltr' id='par_1_4' title="bbox 307 919 2042 1326">
     <span class='ocr_line' id='line_1_12' title="bbox 361 919 2042 969; baseline -0.002 -8"><span class='ocrx_word' id='word_1_92' title='bbox 361 924 479 963; x_wconf 89' lang='lat' dir='ltr'><strong>Anno</strong></span> <span class='ocrx_word' id='word_1_93' title='bbox 505 921 763 968; x_wconf 86' lang='lat' dir='ltr'><strong>MCCCVIII,</strong></span> <span class='ocrx_word' id='word_1_94' title='bbox 789 935 830 957; x_wconf 82' lang='lat' dir='ltr'><strong>1v</strong></span> <span class='ocrx_word' id='word_1_95' title='bbox 856 920 936 958; x_wconf 88' lang='lat' dir='ltr'><strong>kal.</strong></span> <span class='ocrx_word' id='word_1_96' title='bbox 963 919 1055 969; x_wconf 84' lang='lat' dir='ltr'><strong>julii</strong></span> <span class='ocrx_word' id='word_1_97' title='bbox 1091 919 1156 969; x_wconf 78' lang='lat'><strong>[28</strong></span> <span class='ocrx_word' id='word_1_98' title='bbox 1179 919 1324 969; x_wconf 71' lang='lat' dir='ltr'><strong>junii),</strong></span> <span class='ocrx_word' id='word_1_99' title='bbox 1361 934 1453 957; x_wconf 83' lang='lat' dir='ltr'><strong>cum</strong></span> <span class='ocrx_word' id='word_1_100' title='bbox 1478 919 1613 957; x_wconf 83' lang='lat' dir='ltr'><strong>adhuc</strong></span> <span class='ocrx_word' id='word_1_101' title='bbox 1650 933 1808 957; x_wconf 86' lang='lat' dir='ltr'><strong>moram</strong></span> <span class='ocrx_word' id='word_1_102' title='bbox 1834 920 2016 958; x_wconf 84' lang='lat' dir='ltr'><strong>traheret</strong></span> <span class='ocrx_word' id='word_1_103' title='bbox 2039 937 2042 939; x_wconf 52' lang='lat'>&gt;</span> 
     </span>
     <span class='ocr_line' id='line_1_13' title="bbox 307 976 2034 1029; baseline -0.002 -9"><span class='ocrx_word' id='word_1_104' title='bbox 307 983 349 1020; x_wconf 83' lang='lat' dir='ltr'><strong>in</strong></span> <span class='ocrx_word' id='word_1_105' title='bbox 378 982 546 1020; x_wconf 81' lang='lat' dir='ltr'><strong>civitate</strong></span> <span class='ocrx_word' id='word_1_106' title='bbox 576 979 838 1027; x_wconf 76' lang='lat' dir='ltr'><strong>pictaviensi,</strong></span> <span class='ocrx_word' id='word_1_107' title='bbox 869 993 1035 1029; x_wconf 85' lang='lat' dir='ltr'><strong>gravem</strong></span> <span class='ocrx_word' id='word_1_108' title='bbox 1063 978 1116 1016; x_wconf 89' lang='lat' dir='ltr'><strong>ad</strong></span> <span class='ocrx_word' id='word_1_109' title='bbox 1146 978 1252 1016; x_wconf 89' lang='lat' dir='ltr'><strong>cives</strong></span> <span class='ocrx_word' id='word_1_110' title='bbox 1279 978 1555 1018; x_wconf 86' lang='lat' dir='ltr'><strong>Bononienses</strong></span> <span class='ocrx_word' id='word_1_111' title='bbox 1585 978 1803 1029; x_wconf 87' lang='lat' dir='ltr'><strong>epistolam</strong></span> <span class='ocrx_word' id='word_1_112' title='bbox 1832 978 1947 1017; x_wconf 80' lang='lat' dir='ltr'><strong>dedit</strong></span> <span class='ocrx_word' id='word_1_113' title='bbox 1973 976 2034 1017; x_wconf 73' lang='lat' dir='ltr'><strong>in¹</strong></span> 
     </span>
     <span class='ocr_line' id='line_1_14' title="bbox 308 1037 2015 1087; baseline -0.002 -8"><span class='ocrx_word' id='word_1_114' title='bbox 308 1055 432 1080; x_wconf 78' lang='lat' dir='ltr'><strong>causa</strong></span> <span class='ocrx_word' id='word_1_115' title='bbox 471 1039 651 1079; x_wconf 86' lang='lat' dir='ltr'><strong>civitatis</strong></span> <span class='ocrx_word' id='word_1_116' title='bbox 691 1037 971 1085; x_wconf 88' lang='lat' dir='ltr'><strong>Ferrariensis,</strong></span> <span class='ocrx_word' id='word_1_117' title='bbox 1012 1052 1115 1087; x_wconf 87' lang='lat' dir='ltr'><strong>quae</strong></span> <span class='ocrx_word' id='word_1_118' title='bbox 1162 1037 1391 1076; x_wconf 83' lang='lat' dir='ltr'><strong>desciverat</strong></span> <span class='ocrx_word' id='word_1_119' title='bbox 1438 1038 1490 1075; x_wconf 90' lang='lat' dir='ltr'><strong>ab</strong></span> <span class='ocrx_word' id='word_1_120' title='bbox 1539 1037 1772 1076; x_wconf 82' lang='lat' dir='ltr'><strong>obedientia</strong></span> <span class='ocrx_word' id='word_1_121' title='bbox 1811 1037 2015 1076; x_wconf 82' lang='lat' dir='ltr'><strong>Ecclesiae</strong></span> 
     </span>
     <span class='ocr_line' id='line_1_15' title="bbox 308 1096 2016 1147; baseline -0.002 -8"><span class='ocrx_word' id='word_1_122' title='bbox 308 1114 514 1147; x_wconf 87' lang='lat' dir='ltr'><strong>romanae,</strong></span> <span class='ocrx_word' id='word_1_123' title='bbox 541 1102 710 1137; x_wconf 84' lang='lat' dir='ltr'><strong>monens</strong></span> <span class='ocrx_word' id='word_1_124' title='bbox 737 1112 803 1136; x_wconf 90' lang='lat' dir='ltr'><strong>eos</strong></span> <span class='ocrx_word' id='word_1_125' title='bbox 829 1097 892 1135; x_wconf 88' lang='lat' dir='ltr'><strong>uti</strong></span> <span class='ocrx_word' id='word_1_126' title='bbox 917 1097 1098 1135; x_wconf 90' lang='lat' dir='ltr'><strong>Arnaldo</strong></span> <span class='ocrx_word' id='word_1_127' title='bbox 1126 1096 1174 1135; x_wconf 90' lang='lat' dir='ltr'><strong>de</strong></span> <span class='ocrx_word' id='word_1_128' title='bbox 1201 1098 1351 1135; x_wconf 72' lang='lat' dir='ltr'><strong>Sancto</strong></span> <span class='ocrx_word' id='word_1_129' title='bbox 1366 1097 1540 1144; x_wconf 80' lang='lat' dir='ltr'><strong>Asterio,</strong></span> <span class='ocrx_word' id='word_1_130' title='bbox 1567 1097 1711 1135; x_wconf 88' lang='lat' dir='ltr'><strong>abbati</strong></span> <span class='ocrx_word' id='word_1_131' title='bbox 1737 1097 1958 1144; x_wconf 86' lang='lat' dir='ltr'><strong>Tutelensi,</strong></span> <span class='ocrx_word' id='word_1_132' title='bbox 1975 1105 2016 1136; x_wconf 89' lang='lat' dir='ltr'><strong>et</strong></span> 
     </span>
     <span class='ocr_line' id='line_1_16' title="bbox 307 1156 2016 1210; baseline 0 -15"><span class='ocrx_word' id='word_1_133' title='bbox 307 1159 522 1210; x_wconf 84' lang='lat' dir='ltr'><strong>Onuphrio</strong></span> <span class='ocrx_word' id='word_1_134' title='bbox 546 1159 594 1197; x_wconf 88' lang='lat' dir='ltr'><strong>de</strong></span> <span class='ocrx_word' id='word_1_135' title='bbox 619 1158 773 1205; x_wconf 89' lang='lat' dir='ltr'><strong>Trebis,</strong></span> <span class='ocrx_word' id='word_1_136' title='bbox 793 1157 946 1195; x_wconf 90' lang='lat' dir='ltr'><strong>decano</strong></span> <span class='ocrx_word' id='word_1_137' title='bbox 964 1156 1174 1204; x_wconf 89' lang='lat' dir='ltr'><strong>Meldensi,</strong></span> <span class='ocrx_word' id='word_1_138' title='bbox 1199 1156 1356 1195; x_wconf 84' lang='lat' dir='ltr'><strong>nunciis</strong></span> <span class='ocrx_word' id='word_1_139' title='bbox 1381 1156 1629 1207; x_wconf 89' lang='lat' dir='ltr'><strong>apostolicis,</strong></span> <span class='ocrx_word' id='word_1_140' title='bbox 1656 1170 1774 1206; x_wconf 87' lang='lat' dir='ltr'><strong>opem</strong></span> <span class='ocrx_word' id='word_1_141' title='bbox 1799 1156 1952 1195; x_wconf 88' lang='lat' dir='ltr'><strong>ferrent</strong></span> <span class='ocrx_word' id='word_1_142' title='bbox 1974 1157 2016 1195; x_wconf 90' lang='lat' dir='ltr'><strong>in</strong></span> 
     </span>
     <span class='ocr_line' id='line_1_17' title="bbox 309 1215 2015 1268; baseline -0.002 -12"><span class='ocrx_word' id='word_1_143' title='bbox 309 1220 384 1257; x_wconf 90' lang='lat' dir='ltr'><strong>hoc</strong></span> <span class='ocrx_word' id='word_1_144' title='bbox 423 1218 601 1268; x_wconf 82' lang='lat' dir='ltr'><strong>negotio.</strong></span> <span class='ocrx_word' id='word_1_145' title='bbox 644 1217 804 1255; x_wconf 88' lang='lat' dir='ltr'><strong>Literae</strong></span> <span class='ocrx_word' id='word_1_146' title='bbox 843 1216 930 1266; x_wconf 89' lang='lat' dir='ltr'><strong>ejus</strong></span> <span class='ocrx_word' id='word_1_147' title='bbox 980 1223 1127 1253; x_wconf 80' lang='lat' dir='ltr'><strong>extant</strong></span> <span class='ocrx_word' id='word_1_148' title='bbox 1175 1215 1286 1266; x_wconf 88' lang='lat' dir='ltr'><strong>apud</strong></span> <span class='ocrx_word' id='word_1_149' title='bbox 1335 1215 1614 1254; x_wconf 86' lang='lat' dir='ltr'><strong>Cherubinum</strong></span> <span class='ocrx_word' id='word_1_150' title='bbox 1664 1215 2015 1263; x_wconf 88' lang='lat' dir='ltr'><strong>Ghirardaccium,</strong></span> 
     </span>
     <span class='ocr_line' id='line_1_18' title="bbox 308 1274 1703 1326; baseline -0.004 -10"><span class='ocrx_word' id='word_1_151' title='bbox 308 1279 378 1316; x_wconf 88' lang='lat' dir='ltr'><strong>lib.</strong></span> <span class='ocrx_word' id='word_1_152' title='bbox 397 1278 511 1324; x_wconf 84' lang='lat' dir='ltr'><strong>XVI,</strong></span> <span class='ocrx_word' id='word_1_153' title='bbox 527 1277 729 1314; x_wconf 77' lang='lat' dir='ltr'><strong>Historiae</strong></span> <span class='ocrx_word' id='word_1_154' title='bbox 745 1277 913 1322; x_wconf 59' lang='lat' dir='ltr'><strong>Botion„</strong></span> <span class='ocrx_word' id='word_1_155' title='bbox 929 1290 969 1326; x_wconf 89' lang='lat' dir='ltr'><strong>p.</strong></span> <span class='ocrx_word' id='word_1_156' title='bbox 989 1274 1076 1313; x_wconf 83' lang='grc'>519.</span> <span class='ocrx_word' id='word_1_157' title='bbox 1701 1276 1703 1281; x_wconf 65' lang='grc'><em>“</em></span> 
     </span>
    </p>

    <p class='ocr_par' dir='ltr' id='par_1_5' title="bbox 306 1333 2016 1742">
     <span class='ocr_line' id='line_1_19' title="bbox 361 1333 2015 1384; baseline -0.002 -9"><span class='ocrx_word' id='word_1_158' title='bbox 361 1338 480 1378; x_wconf 91' lang='lat' dir='ltr'><strong>Anno</strong></span> <span class='ocrx_word' id='word_1_159' title='bbox 512 1336 705 1383; x_wconf 89' lang='lat' dir='ltr'><strong>MCCCX,</strong></span> <span class='ocrx_word' id='word_1_160' title='bbox 739 1335 801 1373; x_wconf 90' lang='lat' dir='ltr'><strong>die</strong></span> <span class='ocrx_word' id='word_1_161' title='bbox 833 1334 997 1373; x_wconf 88' lang='lat' dir='ltr'><strong>sabbati</strong></span> <span class='ocrx_word' id='word_1_162' title='bbox 1029 1348 1119 1371; x_wconf 81' lang='lat' dir='ltr'><strong>xxv</strong></span> <span class='ocrx_word' id='word_1_163' title='bbox 1161 1333 1310 1372; x_wconf 89' lang='lat' dir='ltr'><strong>mensis</strong></span> <span class='ocrx_word' id='word_1_164' title='bbox 1342 1333 1493 1384; x_wconf 82' lang='lat' dir='ltr'><strong>aprilis,</strong></span> <span class='ocrx_word' id='word_1_165' title='bbox 1526 1348 1607 1372; x_wconf 89' lang='lat' dir='ltr'><strong>una</strong></span> <span class='ocrx_word' id='word_1_166' title='bbox 1640 1348 1732 1372; x_wconf 89' lang='lat' dir='ltr'><strong>cum</strong></span> <span class='ocrx_word' id='word_1_167' title='bbox 1770 1334 2015 1384; x_wconf 81' lang='lat' dir='ltr'><strong>Berengario</strong></span> 
     </span>
     <span class='ocr_line' id='line_1_20' title="bbox 311 1393 2016 1446; baseline -0.001 -12"><span class='ocrx_word' id='word_1_168' title='bbox 311 1396 483 1443; x_wconf 85' lang='lat' dir='ltr'><strong>Fredoli,</strong></span> <span class='ocrx_word' id='word_1_169' title='bbox 509 1395 699 1446; x_wconf 87' lang='lat' dir='ltr'><strong>episcopo</strong></span> <span class='ocrx_word' id='word_1_170' title='bbox 724 1394 969 1441; x_wconf 88' lang='lat' dir='ltr'><strong>Tusculano,</strong></span> <span class='ocrx_word' id='word_1_171' title='bbox 995 1393 1176 1431; x_wconf 91' lang='lat' dir='ltr'><strong>Arnaldo</strong></span> <span class='ocrx_word' id='word_1_172' title='bbox 1202 1393 1250 1431; x_wconf 90' lang='lat' dir='ltr'><strong>de</strong></span> <span class='ocrx_word' id='word_1_173' title='bbox 1276 1393 1519 1443; x_wconf 85' lang='lat' dir='ltr'><strong>Cantalupo,</strong></span> <span class='ocrx_word' id='word_1_174' title='bbox 1544 1393 1787 1444; x_wconf 75' lang='lat' dir='ltr'><strong>presbytero</strong></span> <span class='ocrx_word' id='word_1_175' title='bbox 1812 1393 2016 1432; x_wconf 81' lang='lat' dir='ltr'><strong>cardinale</strong></span> 
     </span>
     <span class='ocr_line' id='line_1_21' title="bbox 310 1452 2015 1504; baseline -0.002 -11"><span class='ocrx_word' id='word_1_176' title='bbox 310 1455 422 1493; x_wconf 89' lang='lat' dir='ltr'><strong>tituli</strong></span> <span class='ocrx_word' id='word_1_177' title='bbox 453 1456 489 1493; x_wconf 91' lang='lat' dir='ltr'><strong>S.</strong></span> <span class='ocrx_word' id='word_1_178' title='bbox 522 1454 714 1501; x_wconf 82' lang='lat' dir='ltr'><strong>Marcelli,</strong></span> <span class='ocrx_word' id='word_1_179' title='bbox 747 1454 957 1504; x_wconf 89' lang='lat' dir='ltr'><strong>Stephano</strong></span> <span class='ocrx_word' id='word_1_180' title='bbox 979 1453 1027 1491; x_wconf 89' lang='lat' dir='ltr'><strong>de</strong></span> <span class='ocrx_word' id='word_1_181' title='bbox 1059 1452 1240 1491; x_wconf 89' lang='lat' dir='ltr'><strong>Suisiaco</strong></span> <span class='ocrx_word' id='word_1_182' title='bbox 1271 1452 1384 1490; x_wconf 88' lang='lat' dir='ltr'><strong>tituli</strong></span> <span class='ocrx_word' id='word_1_183' title='bbox 1414 1452 1452 1490; x_wconf 97' lang='lat' dir='ltr'><strong>S.</strong></span> <span class='ocrx_word' id='word_1_184' title='bbox 1485 1452 1645 1502; x_wconf 79' lang='lat' dir='ltr'><strong>Cyriaci</strong></span> <span class='ocrx_word' id='word_1_185' title='bbox 1673 1452 1715 1490; x_wconf 91' lang='lat' dir='ltr'><strong>in</strong></span> <span class='ocrx_word' id='word_1_186' title='bbox 1745 1452 1944 1500; x_wconf 90' lang='lat' dir='ltr'><strong>Thermis,</strong></span> <span class='ocrx_word' id='word_1_187' title='bbox 1975 1461 2015 1491; x_wconf 87' lang='lat' dir='ltr'><strong>et</strong></span> 
     </span>
     <span class='ocr_line' id='line_1_22' title="bbox 312 1511 2016 1564; baseline -0.002 -12"><span class='ocrx_word' id='word_1_188' title='bbox 312 1514 562 1564; x_wconf 73' lang='lat' dir='ltr'><strong>Raymundo</strong></span> <span class='ocrx_word' id='word_1_189' title='bbox 582 1514 630 1551; x_wconf 90' lang='lat' dir='ltr'><strong>de</strong></span> <span class='ocrx_word' id='word_1_190' title='bbox 651 1514 779 1551; x_wconf 91' lang='lat' dir='ltr'><strong>Gotto</strong></span> <span class='ocrx_word' id='word_1_191' title='bbox 800 1512 913 1550; x_wconf 91' lang='lat' dir='ltr'><strong>tituli</strong></span> <span class='ocrx_word' id='word_1_192' title='bbox 933 1512 971 1551; x_wconf 91' lang='lat' dir='ltr'><strong>S.</strong></span> <span class='ocrx_word' id='word_1_193' title='bbox 992 1511 1143 1550; x_wconf 89' lang='lat' dir='ltr'><strong>Mariae</strong></span> <span class='ocrx_word' id='word_1_194' title='bbox 1156 1525 1288 1550; x_wconf 80' lang='lat' dir='ltr'><strong>novae</strong></span> <span class='ocrx_word' id='word_1_195' title='bbox 1309 1511 1495 1559; x_wconf 90' lang='lat' dir='ltr'><strong>diacono,</strong></span> <span class='ocrx_word' id='word_1_196' title='bbox 1517 1511 1597 1549; x_wconf 83' lang='lat' dir='ltr'><strong>fuit</strong></span> <span class='ocrx_word' id='word_1_197' title='bbox 1613 1511 1656 1550; x_wconf 93' lang='lat' dir='ltr'><strong>in</strong></span> <span class='ocrx_word' id='word_1_198' title='bbox 1675 1511 1832 1562; x_wconf 88' lang='lat' dir='ltr'><strong>palatio</strong></span> <span class='ocrx_word' id='word_1_199' title='bbox 1852 1520 2016 1562; x_wconf 90' lang='lat' dir='ltr'><strong>aposto-</strong></span> 
     </span>
     <span class='ocr_line' id='line_1_23' title="bbox 309 1570 2016 1621; baseline -0.001 -10"><span class='ocrx_word' id='word_1_200' title='bbox 309 1574 385 1612; x_wconf 89' lang='lat' dir='ltr'><strong>lico</strong></span> <span class='ocrx_word' id='word_1_201' title='bbox 403 1573 677 1614; x_wconf 85' lang='lat' dir='ltr'><strong>Avenionensi</strong></span> <span class='ocrx_word' id='word_1_202' title='bbox 696 1586 832 1611; x_wconf 89' lang='lat' dir='ltr'><strong>coram</strong></span> <span class='ocrx_word' id='word_1_203' title='bbox 850 1572 1057 1612; x_wconf 88' lang='lat' dir='ltr'><strong>Clemente</strong></span> <span class='ocrx_word' id='word_1_204' title='bbox 1074 1571 1123 1619; x_wconf 89' lang='lat' dir='ltr'><strong>V,</strong></span> <span class='ocrx_word' id='word_1_205' title='bbox 1142 1571 1307 1621; x_wconf 89' lang='lat' dir='ltr'><strong>quando</strong></span> <span class='ocrx_word' id='word_1_206' title='bbox 1324 1570 1356 1609; x_wconf 89' lang='lat' dir='ltr'><strong>is</strong></span> <span class='ocrx_word' id='word_1_207' title='bbox 1373 1571 1612 1621; x_wconf 83' lang='lat' dir='ltr'><strong>prorogavit</strong></span> <span class='ocrx_word' id='word_1_208' title='bbox 1629 1571 1852 1609; x_wconf 87' lang='lat' dir='ltr'><strong>terminum</strong></span> <span class='ocrx_word' id='word_1_209' title='bbox 1871 1585 2016 1610; x_wconf 84' lang='lat' dir='ltr'><strong>causae</strong></span> 
     </span>
     <span class='ocr_line' id='line_1_24' title="bbox 306 1630 2016 1681; baseline -0.001 -11"><span class='ocrx_word' id='word_1_210' title='bbox 306 1632 509 1672; x_wconf 88' lang='lat' dir='ltr'><strong>Bonifacii</strong></span> <span class='ocrx_word' id='word_1_211' title='bbox 543 1632 661 1679; x_wconf 86' lang='lat' dir='ltr'><strong>VIII,</strong></span> <span class='ocrx_word' id='word_1_212' title='bbox 696 1639 743 1669; x_wconf 91' lang='lat' dir='ltr'><strong>ut</strong></span> <span class='ocrx_word' id='word_1_213' title='bbox 776 1639 895 1681; x_wconf 88' lang='lat' dir='ltr'><strong>patet</strong></span> <span class='ocrx_word' id='word_1_214' title='bbox 929 1645 979 1669; x_wconf 87' lang='lat' dir='ltr'><strong>ex</strong></span> <span class='ocrx_word' id='word_1_215' title='bbox 1013 1630 1270 1668; x_wconf 78' lang='lat' dir='ltr'><strong>Collectaneis</strong></span> <span class='ocrx_word' id='word_1_216' title='bbox 1303 1630 1348 1668; x_wconf 82' lang='lat' dir='ltr'><strong>de</strong></span> <span class='ocrx_word' id='word_1_217' title='bbox 1381 1630 1548 1668; x_wconf 72' lang='lat' dir='ltr'><strong>dissidio</strong></span> <span class='ocrx_word' id='word_1_218' title='bbox 1582 1630 1767 1680; x_wconf 87' lang='lat' dir='ltr'><strong>ejusdem</strong></span> <span class='ocrx_word' id='word_1_219' title='bbox 1799 1630 2016 1679; x_wconf 89' lang='lat' dir='ltr'><strong>Bonifacii,</strong></span> 
     </span>
     <span class='ocr_line' id='line_1_25' title="bbox 310 1691 464 1742; baseline -0.006 -12"><span class='ocrx_word' id='word_1_220' title='bbox 310 1707 349 1742; x_wconf 85' lang='lat' dir='ltr'><strong>p.</strong></span> <span class='ocrx_word' id='word_1_221' title='bbox 377 1691 464 1730; x_wconf 83' lang='grc'>406.</span> 
     </span>
    </p>

    <p class='ocr_par' dir='ltr' id='par_1_6' title="bbox 307 1748 2018 2390">
     <span class='ocr_line' id='line_1_26' title="bbox 364 1748 2017 1797; baseline -0.001 -9"><span class='ocrx_word' id='word_1_222' title='bbox 364 1751 478 1789; x_wconf 87' lang='lat' dir='ltr'><strong>Obiit</strong></span> <span class='ocrx_word' id='word_1_223' title='bbox 496 1764 602 1788; x_wconf 89' lang='lat' dir='ltr'><strong>anno</strong></span> <span class='ocrx_word' id='word_1_224' title='bbox 622 1750 839 1796; x_wconf 81' lang='lat' dir='ltr'><strong>MCCCXI,</strong></span> <span class='ocrx_word' id='word_1_225' title='bbox 859 1763 997 1790; x_wconf 87' lang='lat' dir='ltr'><strong>mense</strong></span> <span class='ocrx_word' id='word_1_226' title='bbox 1016 1748 1221 1787; x_wconf 87' lang='lat' dir='ltr'><strong>februario</strong></span> <span class='ocrx_word' id='word_1_227' title='bbox 1241 1748 1267 1786; x_wconf 63' lang='lat'><strong>²³.</strong></span> <span class='ocrx_word' id='word_1_228' title='bbox 1291 1748 1349 1787; x_wconf 91' lang='lat' dir='ltr'><strong>De</strong></span> <span class='ocrx_word' id='word_1_229' title='bbox 1369 1748 1432 1786; x_wconf 90' lang='lat' dir='ltr'><strong>die</strong></span> <span class='ocrx_word' id='word_1_230' title='bbox 1451 1763 1533 1786; x_wconf 90' lang='lat' dir='ltr'><strong>non</strong></span> <span class='ocrx_word' id='word_1_231' title='bbox 1553 1756 1716 1787; x_wconf 86' lang='lat' dir='ltr'><strong>constat</strong></span> <span class='ocrx_word' id='word_1_232' title='bbox 1735 1756 1858 1787; x_wconf 87' lang='lat' dir='ltr'><strong>certo.</strong></span> <span class='ocrx_word' id='word_1_233' title='bbox 1881 1749 2017 1797; x_wconf 88' lang='lat' dir='ltr'><strong>Quan-</strong></span> 
     </span>
     <span class='ocr_line' id='line_1_27' title="bbox 313 1807 2016 1859; baseline -0.001 -12"><span class='ocrx_word' id='word_1_234' title='bbox 313 1824 436 1859; x_wconf 84' lang='lat' dir='ltr'><strong>quam</strong></span> <span class='ocrx_word' id='word_1_235' title='bbox 467 1824 511 1848; x_wconf 89' lang='lat' dir='ltr'><strong>ea</strong></span> <span class='ocrx_word' id='word_1_236' title='bbox 541 1809 674 1847; x_wconf 85' lang='lat' dir='ltr'><strong>verior</strong></span> <span class='ocrx_word' id='word_1_237' title='bbox 703 1808 907 1847; x_wconf 87' lang='lat' dir='ltr'><strong>sententia</strong></span> <span class='ocrx_word' id='word_1_238' title='bbox 937 1808 1102 1846; x_wconf 89' lang='lat' dir='ltr'><strong>videtur</strong></span> <span class='ocrx_word' id='word_1_239' title='bbox 1131 1822 1235 1858; x_wconf 88' lang='lat' dir='ltr'><strong>quae</strong></span> <span class='ocrx_word' id='word_1_240' title='bbox 1265 1822 1358 1846; x_wconf 87' lang='lat' dir='ltr'><strong>eum</strong></span> <span class='ocrx_word' id='word_1_241' title='bbox 1387 1807 1618 1846; x_wconf 83' lang='lat' dir='ltr'><strong>extinctum</strong></span> <span class='ocrx_word' id='word_1_242' title='bbox 1647 1808 1790 1846; x_wconf 88' lang='lat' dir='ltr'><strong>asserit</strong></span> <span class='ocrx_word' id='word_1_243' title='bbox 1820 1808 1882 1846; x_wconf 89' lang='lat' dir='ltr'><strong>die</strong></span> <span class='ocrx_word' id='word_1_244' title='bbox 1913 1823 2016 1845; x_wconf 77' lang='lat' dir='ltr'>xxlv</span> 
     </span>
     <span class='ocr_line' id='line_1_28' title="bbox 308 1866 2017 1918; baseline -0.001 -12"><span class='ocrx_word' id='word_1_245' title='bbox 308 1869 495 1918; x_wconf 80' lang='lat' dir='ltr'><strong>ejusdem</strong></span> <span class='ocrx_word' id='word_1_246' title='bbox 519 1868 682 1906; x_wconf 86' lang='lat' dir='ltr'><strong>mensis.</strong></span> <span class='ocrx_word' id='word_1_247' title='bbox 711 1868 825 1906; x_wconf 90' lang='lat' dir='ltr'><strong>Obiit</strong></span> <span class='ocrx_word' id='word_1_248' title='bbox 849 1876 989 1905; x_wconf 89' lang='lat' dir='ltr'><strong>autem</strong></span> <span class='ocrx_word' id='word_1_249' title='bbox 1012 1867 1052 1904; x_wconf 86' lang='lat' dir='ltr'><strong>in</strong></span> <span class='ocrx_word' id='word_1_250' title='bbox 1080 1867 1268 1905; x_wconf 80' lang='lat' dir='ltr'><strong>Romana</strong></span> <span class='ocrx_word' id='word_1_251' title='bbox 1294 1866 1417 1915; x_wconf 87' lang='lat' dir='ltr'><strong>curia,</strong></span> <span class='ocrx_word' id='word_1_252' title='bbox 1442 1867 1503 1904; x_wconf 89' lang='lat' dir='ltr'><strong>uti</strong></span> <span class='ocrx_word' id='word_1_253' title='bbox 1528 1867 1648 1905; x_wconf 90' lang='lat' dir='ltr'><strong>docet</strong></span> <span class='ocrx_word' id='word_1_254' title='bbox 1670 1867 1790 1904; x_wconf 78' lang='lat' dir='ltr'><strong>Liber</strong></span> <span class='ocrx_word' id='word_1_255' title='bbox 1812 1867 2017 1917; x_wconf 75' lang='lat' dir='ltr'><strong>obligatio-</strong></span> 
     </span>
     <span class='ocr_line' id='line_1_29' title="bbox 312 1926 2016 1977; baseline -0.001 -12"><span class='ocrx_word' id='word_1_256' title='bbox 312 1943 406 1965; x_wconf 77' lang='lat' dir='ltr'><strong>num</strong></span> <span class='ocrx_word' id='word_1_257' title='bbox 424 1928 572 1965; x_wconf 68' lang='lat' dir='ltr'><strong>archivi</strong></span> <span class='ocrx_word' id='word_1_258' title='bbox 595 1927 792 1965; x_wconf 73' lang='lat' dir='ltr'><strong>Vaticani.</strong></span> <span class='ocrx_word' id='word_1_259' title='bbox 814 1927 931 1975; x_wconf 86' lang='lat' dir='ltr'><strong>Quod</strong></span> <span class='ocrx_word' id='word_1_260' title='bbox 951 1926 1186 1977; x_wconf 89' lang='lat' dir='ltr'><strong>Onuphrius</strong></span> <span class='ocrx_word' id='word_1_261' title='bbox 1204 1934 1312 1964; x_wconf 89' lang='lat' dir='ltr'><strong>recte</strong></span> <span class='ocrx_word' id='word_1_262' title='bbox 1330 1926 1626 1977; x_wconf 87' lang='lat' dir='ltr'><strong>interpretatus</strong></span> <span class='ocrx_word' id='word_1_263' title='bbox 1645 1934 1706 1964; x_wconf 92' lang='lat' dir='ltr'><strong>est</strong></span> <span class='ocrx_word' id='word_1_264' title='bbox 1724 1926 1773 1964; x_wconf 93' lang='lat' dir='ltr'><strong>de</strong></span> <span class='ocrx_word' id='word_1_265' title='bbox 1791 1926 2016 1974; x_wconf 88' lang='lat' dir='ltr'><strong>Avenione,</strong></span> 
     </span>
     <span class='ocr_line' id='line_1_30' title="bbox 308 1985 2016 2037; baseline -0.001 -12"><span class='ocrx_word' id='word_1_266' title='bbox 308 1987 463 2025; x_wconf 87' lang='lat' dir='ltr'><strong>addens</strong></span> <span class='ocrx_word' id='word_1_267' title='bbox 495 2001 587 2025; x_wconf 90' lang='lat' dir='ltr'><strong>eum</strong></span> <span class='ocrx_word' id='word_1_268' title='bbox 618 1987 825 2037; x_wconf 89' lang='lat' dir='ltr'><strong>sepultum</strong></span> <span class='ocrx_word' id='word_1_269' title='bbox 855 2000 939 2024; x_wconf 86' lang='lat' dir='ltr'><strong>esse</strong></span> <span class='ocrx_word' id='word_1_270' title='bbox 970 1986 1022 2023; x_wconf 94' lang='lat' dir='ltr'><strong>ad</strong></span> <span class='ocrx_word' id='word_1_271' title='bbox 1054 1985 1241 2024; x_wconf 86' lang='lat' dir='ltr'><strong>Minores.</strong></span> <span class='ocrx_word' id='word_1_272' title='bbox 1265 1986 1371 2023; x_wconf 86' lang='lat' dir='ltr'><strong>Eum</strong></span> <span class='ocrx_word' id='word_1_273' title='bbox 1394 1993 1535 2024; x_wconf 85' lang='lat' dir='ltr'><strong>tamen</strong></span> <span class='ocrx_word' id='word_1_274' title='bbox 1565 1993 1775 2023; x_wconf 86' lang='lat' dir='ltr'><strong>mortuum</strong></span> <span class='ocrx_word' id='word_1_275' title='bbox 1797 2000 1881 2024; x_wconf 86' lang='lat' dir='ltr'><strong>esse</strong></span> <span class='ocrx_word' id='word_1_276' title='bbox 1912 1985 2016 2024; x_wconf 87' lang='lat' dir='ltr'><strong>circa</strong></span> 
     </span>
     <span class='ocr_line' id='line_1_31' title="bbox 308 2043 2017 2095; baseline -0.001 -12"><span class='ocrx_word' id='word_1_277' title='bbox 308 2043 464 2084; x_wconf 88' lang='lat' dir='ltr'><strong>annum</strong></span> <span class='ocrx_word' id='word_1_278' title='bbox 495 2045 643 2084; x_wconf 83' lang='lat' dir='ltr'><strong>Christi</strong></span> <span class='ocrx_word' id='word_1_279' title='bbox 672 2045 895 2083; x_wconf 85' lang='lat' dir='ltr'>MCCCXX</span> <span class='ocrx_word' id='word_1_280' title='bbox 916 2044 1058 2083; x_wconf 85' lang='lat' dir='ltr'><strong>scribit</strong></span> <span class='ocrx_word' id='word_1_281' title='bbox 1089 2044 1302 2083; x_wconf 90' lang='lat' dir='ltr'><strong>Ciaconius</strong></span> <span class='ocrx_word' id='word_1_282' title='bbox 1345 2045 1433 2094; x_wconf 78' lang='lat' dir='ltr'><strong>[col.</strong></span> <span class='ocrx_word' id='word_1_283' title='bbox 1467 2044 1582 2095; x_wconf 85' lang='lat'><strong>377],</strong></span> <span class='ocrx_word' id='word_1_284' title='bbox 1615 2058 1739 2094; x_wconf 91' lang='lat' dir='ltr'><strong>quam</strong></span> <span class='ocrx_word' id='word_1_285' title='bbox 1782 2044 2017 2095; x_wconf 90' lang='lat' dir='ltr'><strong>opinionem</strong></span> 
     </span>
     <span class='ocr_line' id='line_1_32' title="bbox 307 2103 2018 2154; baseline -0.001 -11"><span class='ocrx_word' id='word_1_286' title='bbox 307 2104 487 2154; x_wconf 82' lang='lat' dir='ltr'><strong>adjuvat</strong></span> <span class='ocrx_word' id='word_1_287' title='bbox 509 2105 618 2154; x_wconf 91' lang='lat' dir='ltr'><strong>quod</strong></span> <span class='ocrx_word' id='word_1_288' title='bbox 643 2104 731 2143; x_wconf 89' lang='lat' dir='ltr'><strong>Odo</strong></span> <span class='ocrx_word' id='word_1_289' title='bbox 760 2104 951 2153; x_wconf 85' lang='lat' dir='ltr'><strong>Gisseyus</strong></span> <span class='ocrx_word' id='word_1_290' title='bbox 979 2103 1109 2142; x_wconf 90' lang='lat' dir='ltr'><strong>tradit</strong></span> <span class='ocrx_word' id='word_1_291' title='bbox 1130 2104 1172 2142; x_wconf 90' lang='lat' dir='ltr'><strong>in</strong></span> <span class='ocrx_word' id='word_1_292' title='bbox 1203 2104 1307 2142; x_wconf 91' lang='lat' dir='ltr'><strong>libro</strong></span> <span class='ocrx_word' id='word_1_293' title='bbox 1334 2104 1411 2151; x_wconf 90' lang='lat' dir='ltr'><strong>III,</strong></span> <span class='ocrx_word' id='word_1_294' title='bbox 1436 2118 1523 2154; x_wconf 87' lang='lat' dir='ltr'><strong>cap.</strong></span> <span class='ocrx_word' id='word_1_295' title='bbox 1558 2118 1629 2152; x_wconf 81' lang='lat' dir='ltr'><strong>xv,</strong></span> <span class='ocrx_word' id='word_1_296' title='bbox 1652 2104 1759 2142; x_wconf 82' lang='lat' dir='ltr'><strong>Hist.</strong></span> <span class='ocrx_word' id='word_1_297' title='bbox 1784 2104 2018 2142; x_wconf 76' lang='lat' dir='ltr'><strong>Aniciensis</strong></span> 
     </span>
     <span class='ocr_line' id='line_1_33' title="bbox 312 2162 2017 2213; baseline -0.001 -11"><span class='ocrx_word' id='word_1_298' title='bbox 312 2165 419 2202; x_wconf 89' lang='lat' dir='ltr'><strong>hunc</strong></span> <span class='ocrx_word' id='word_1_299' title='bbox 453 2164 701 2205; x_wconf 86' lang='lat' dir='ltr'><strong>cardinalem</strong></span> <span class='ocrx_word' id='word_1_300' title='bbox 734 2177 842 2204; x_wconf 83' lang='lat' dir='ltr'><strong>anno</strong></span> <span class='ocrx_word' id='word_1_301' title='bbox 876 2163 1141 2201; x_wconf 90' lang='lat' dir='ltr'>MCCCXVII</span> <span class='ocrx_word' id='word_1_302' title='bbox 1177 2162 1380 2201; x_wconf 85' lang='lat' dir='ltr'><strong>Ecclesiae</strong></span> <span class='ocrx_word' id='word_1_303' title='bbox 1414 2162 1619 2201; x_wconf 87' lang='lat' dir='ltr'><strong>Aniciensi</strong></span> <span class='ocrx_word' id='word_1_304' title='bbox 1652 2164 1804 2213; x_wconf 87' lang='lat' dir='ltr'><strong>legasse</strong></span> <span class='ocrx_word' id='word_1_305' title='bbox 1843 2163 2017 2213; x_wconf 85' lang='lat' dir='ltr'><strong>quadra-</strong></span> 
     </span>
     <span class='ocr_line' id='line_1_34' title="bbox 312 2222 2017 2272; baseline -0.001 -12"><span class='ocrx_word' id='word_1_306' title='bbox 312 2223 423 2272; x_wconf 72' lang='lat' dir='ltr'><strong>ginta</strong></span> <span class='ocrx_word' id='word_1_307' title='bbox 444 2222 567 2260; x_wconf 89' lang='lat' dir='ltr'><strong>libras</strong></span> <span class='ocrx_word' id='word_1_308' title='bbox 588 2222 713 2263; x_wconf 91' lang='lat' dir='ltr'><strong>annui</strong></span> <span class='ocrx_word' id='word_1_309' title='bbox 733 2222 930 2261; x_wconf 87' lang='lat' dir='ltr'><strong>redditus.</strong></span> <span class='ocrx_word' id='word_1_310' title='bbox 955 2222 1033 2260; x_wconf 85' lang='lat' dir='ltr'><strong>Sed</strong></span> <span class='ocrx_word' id='word_1_311' title='bbox 1054 2236 1230 2261; x_wconf 89' lang='lat' dir='ltr'><strong>errorem</strong></span> <span class='ocrx_word' id='word_1_312' title='bbox 1249 2222 1370 2260; x_wconf 89' lang='lat' dir='ltr'><strong>isthic</strong></span> <span class='ocrx_word' id='word_1_313' title='bbox 1391 2237 1475 2260; x_wconf 85' lang='lat' dir='ltr'><strong>esse</strong></span> <span class='ocrx_word' id='word_1_314' title='bbox 1495 2222 1538 2263; x_wconf 90' lang='lat' dir='ltr'><strong>in</strong></span> <span class='ocrx_word' id='word_1_315' title='bbox 1557 2236 1666 2261; x_wconf 87' lang='lat' dir='ltr'><strong>anno</strong></span> <span class='ocrx_word' id='word_1_316' title='bbox 1685 2222 1779 2260; x_wconf 88' lang='lat' dir='ltr'><strong>hinc</strong></span> <span class='ocrx_word' id='word_1_317' title='bbox 1800 2222 2017 2260; x_wconf 86' lang='lat' dir='ltr'><strong>manifeste</strong></span> 
     </span>
     <span class='ocr_line' id='line_1_35' title="bbox 310 2281 2016 2331; baseline 0 -12"><span class='ocrx_word' id='word_1_318' title='bbox 310 2282 440 2331; x_wconf 84' lang='lat' dir='ltr'><strong>liquet</strong></span> <span class='ocrx_word' id='word_1_319' title='bbox 461 2282 570 2331; x_wconf 84' lang='lat' dir='ltr'><strong>quod</strong></span> <span class='ocrx_word' id='word_1_320' title='bbox 591 2281 736 2319; x_wconf 88' lang='lat' dir='ltr'><strong>titulus</strong></span> <span class='ocrx_word' id='word_1_321' title='bbox 753 2282 926 2320; x_wconf 58' lang='lat' dir='ltr'><strong>Sanctae</strong></span> <span class='ocrx_word' id='word_1_322' title='bbox 953 2281 1238 2329; x_wconf 79' lang='lat' dir='ltr'><strong>potentianae,</strong></span> <span class='ocrx_word' id='word_1_323' title='bbox 1261 2295 1341 2331; x_wconf 89' lang='lat' dir='ltr'><strong>quo</strong></span> <span class='ocrx_word' id='word_1_324' title='bbox 1369 2281 1607 2319; x_wconf 88' lang='lat' dir='ltr'><strong>Guillelmus</strong></span> <span class='ocrx_word' id='word_1_325' title='bbox 1627 2281 1703 2320; x_wconf 89' lang='lat' dir='ltr'><strong>iste</strong></span> <span class='ocrx_word' id='word_1_326' title='bbox 1725 2289 1813 2320; x_wconf 90' lang='lat' dir='ltr'><strong>erat</strong></span> <span class='ocrx_word' id='word_1_327' title='bbox 1833 2289 2016 2329; x_wconf 90' lang='lat' dir='ltr'><strong>ornatus,</strong></span> 
     </span>
     <span class='ocr_line' id='line_1_36' title="bbox 309 2339 1893 2390; baseline 0 -12"><span class='ocrx_word' id='word_1_328' title='bbox 309 2355 419 2379; x_wconf 90' lang='lat' dir='ltr'><strong>anno</strong></span> <span class='ocrx_word' id='word_1_329' title='bbox 443 2340 668 2379; x_wconf 87' lang='lat' dir='ltr'>MCCCXII</span> <span class='ocrx_word' id='word_1_330' title='bbox 693 2348 867 2378; x_wconf 77' lang='lat' dir='ltr'><strong>exeunte</strong></span> <span class='ocrx_word' id='word_1_331' title='bbox 892 2340 1013 2378; x_wconf 90' lang='lat' dir='ltr'><strong>datus</strong></span> <span class='ocrx_word' id='word_1_332' title='bbox 1038 2348 1099 2378; x_wconf 89' lang='lat' dir='ltr'><strong>est</strong></span> <span class='ocrx_word' id='word_1_333' title='bbox 1125 2340 1387 2390; x_wconf 74' lang='lat' dir='ltr'><strong>Raymundo,</strong></span> <span class='ocrx_word' id='word_1_334' title='bbox 1412 2340 1555 2378; x_wconf 88' lang='lat' dir='ltr'><strong>abbati</strong></span> <span class='ocrx_word' id='word_1_335' title='bbox 1581 2339 1720 2378; x_wconf 86' lang='lat' dir='ltr'><strong>Sancti</strong></span> <span class='ocrx_word' id='word_1_336' title='bbox 1745 2340 1893 2378; x_wconf 88' lang='lat' dir='ltr'><strong>Severi.</strong></span> 
     </span>
    </p>

    <p class='ocr_par' dir='ltr' id='par_1_7' title="bbox 317 2399 2017 2513">
     <span class='ocr_line' id='line_1_37' title="bbox 367 2399 2017 2450; baseline 0 -13"><span class='ocrx_word' id='word_1_337' title='bbox 367 2400 532 2438; x_wconf 87' lang='lat' dir='ltr'><strong>Praeter</strong></span> <span class='ocrx_word' id='word_1_338' title='bbox 553 2399 836 2437; x_wconf 83' lang='lat' dir='ltr'><strong>Gualhardum</strong></span> <span class='ocrx_word' id='word_1_339' title='bbox 858 2399 906 2437; x_wconf 90' lang='lat' dir='ltr'><strong>de</strong></span> <span class='ocrx_word' id='word_1_340' title='bbox 927 2399 1149 2438; x_wconf 89' lang='lat' dir='ltr'><strong>Cassaneto</strong></span> <span class='ocrx_word' id='word_1_341' title='bbox 1170 2399 1343 2438; x_wconf 87' lang='lat' dir='ltr'><strong>militem</strong></span> <span class='ocrx_word' id='word_1_342' title='bbox 1364 2400 1412 2437; x_wconf 90' lang='lat' dir='ltr'><strong>de</strong></span> <span class='ocrx_word' id='word_1_343' title='bbox 1434 2414 1514 2449; x_wconf 87' lang='lat' dir='ltr'><strong>quo</strong></span> <span class='ocrx_word' id='word_1_344' title='bbox 1535 2413 1656 2450; x_wconf 89' lang='lat' dir='ltr'><strong>supra</strong></span> <span class='ocrx_word' id='word_1_345' title='bbox 1679 2399 1869 2446; x_wconf 85' lang='lat' dir='ltr'><strong>diximus,</strong></span> <span class='ocrx_word' id='word_1_346' title='bbox 1892 2399 2017 2437; x_wconf 90' lang='lat' dir='ltr'><strong>alium</strong></span> 
     </span>
     <span class='ocr_line' id='line_1_38' title="bbox 317 2454 2016 2513; baseline 0 -17"><span class='ocrx_word' id='word_1_347' title='bbox 317 2458 462 2496; x_wconf 85' lang='lat' dir='ltr'><strong>habuit</strong></span> <span class='ocrx_word' id='word_1_348' title='bbox 491 2467 699 2509; x_wconf 84' lang='lat' dir='ltr'><strong>nepotem,</strong></span> <span class='ocrx_word' id='word_1_349' title='bbox 730 2458 921 2496; x_wconf 75' lang='lat' dir='ltr'><strong>videlicet</strong></span> <span class='ocrx_word' id='word_1_350' title='bbox 954 2458 1183 2497; x_wconf 84' lang='lat' dir='ltr'><strong>Robertum</strong></span> <span class='ocrx_word' id='word_1_351' title='bbox 1212 2454 1407 2513; x_wconf 63' lang='lat' dir='ltr'><strong>{Arrufati</strong></span> <span class='ocrx_word' id='word_1_352' title='bbox 1425 2458 1453 2505; x_wconf 84' lang='lat'><strong>3,</strong></span> <span class='ocrx_word' id='word_1_353' title='bbox 1485 2458 1856 2509; x_wconf 87' lang='lat' dir='ltr'><strong>archiespiscopum</strong></span> <span class='ocrx_word' id='word_1_354' title='bbox 1889 2458 2016 2497; x_wconf 86' lang='lat' dir='ltr'><strong>Saler-</strong></span> 
     </span>
    </p>
   </div>
   <div class='ocr_carea' id='block_1_3' title="bbox 315 2582 2016 3158">
    <p class='ocr_par' dir='ltr' id='par_1_8' title="bbox 361 2582 1306 2628">
     <span class='ocr_line' id='line_1_39' title="bbox 361 2582 1306 2628; baseline 0.006 -16"><span class='ocrx_word' id='word_1_355' title='bbox 361 2582 391 2616; x_wconf 77' lang='lat'><strong>1.</strong></span> <span class='ocrx_word' id='word_1_356' title='bbox 422 2583 617 2623; x_wconf 85' lang='lat' dir='ltr'><strong>Toulouse,</strong></span> <span class='ocrx_word' id='word_1_357' title='bbox 640 2595 706 2616; x_wconf 84' lang='lat' dir='ltr'><strong>ms.</strong></span> <span class='ocrx_word' id='word_1_358' title='bbox 729 2582 810 2623; x_wconf 75' lang='lat'><strong>490,</strong></span> <span class='ocrx_word' id='word_1_359' title='bbox 833 2583 855 2616; x_wconf 87' lang='lat' dir='ltr'><strong>f.</strong></span> <span class='ocrx_word' id='word_1_360' title='bbox 879 2584 959 2623; x_wconf 89' lang='lat'><strong>108,</strong></span> <span class='ocrx_word' id='word_1_361' title='bbox 982 2588 1016 2617; x_wconf 87' lang='lat' dir='ltr'><strong>r0</strong></span> <span class='ocrx_word' id='word_1_362' title='bbox 1041 2585 1135 2627; x_wconf 82' lang='lat' dir='ltr'><strong>(voir</strong></span> <span class='ocrx_word' id='word_1_363' title='bbox 1153 2596 1187 2628; x_wconf 89' lang='lat' dir='ltr'><strong>p.</strong></span> <span class='ocrx_word' id='word_1_364' title='bbox 1211 2585 1306 2627; x_wconf 75' lang='lat'><strong>649).</strong></span> 
     </span>
    </p>

    <p class='ocr_par' dir='ltr' id='par_1_9' title="bbox 315 2636 2015 2735">
     <span class='ocr_line' id='line_1_40' title="bbox 364 2636 2015 2679; baseline 0.001 -12"><span class='ocrx_word' id='word_1_365' title='bbox 364 2636 393 2668; x_wconf 74' lang='lat'><strong>2.</strong></span> <span class='ocrx_word' id='word_1_366' title='bbox 423 2636 451 2668; x_wconf 83' lang='lat' dir='ltr'><strong>ll</strong></span> <span class='ocrx_word' id='word_1_367' title='bbox 476 2642 629 2668; x_wconf 86' lang='lat' dir='ltr'><strong>mourut</strong></span> <span class='ocrx_word' id='word_1_368' title='bbox 654 2636 685 2669; x_wconf 84' lang='lat' dir='ltr'><strong>le</strong></span> <span class='ocrx_word' id='word_1_369' title='bbox 711 2637 753 2668; x_wconf 74' lang='lat'><strong>24</strong></span> <span class='ocrx_word' id='word_1_370' title='bbox 778 2637 925 2679; x_wconf 79' lang='lat' dir='ltr'><strong>janvicr</strong></span> <span class='ocrx_word' id='word_1_371' title='bbox 947 2638 1052 2671; x_wconf 85' lang='lat'><strong>1311.</strong></span> <span class='ocrx_word' id='word_1_372' title='bbox 1079 2637 1248 2671; x_wconf 81' lang='lat' dir='ltr'><strong>Clement</strong></span> <span class='ocrx_word' id='word_1_373' title='bbox 1270 2637 1302 2670; x_wconf 91' lang='lat' dir='ltr'>V</span> <span class='ocrx_word' id='word_1_374' title='bbox 1327 2638 1495 2670; x_wconf 87' lang='lat' dir='ltr'><strong>ordonna</strong></span> <span class='ocrx_word' id='word_1_375' title='bbox 1519 2638 1562 2670; x_wconf 91' lang='lat' dir='ltr'><strong>dc</strong></span> <span class='ocrx_word' id='word_1_376' title='bbox 1592 2637 1753 2670; x_wconf 78' lang='lat' dir='ltr'><strong>celebrer</strong></span> <span class='ocrx_word' id='word_1_377' title='bbox 1787 2637 1856 2669; x_wconf 82' lang='lat'><strong>200</strong></span> <span class='ocrx_word' id='word_1_378' title='bbox 1880 2647 2015 2669; x_wconf 81' lang='lat' dir='ltr'><strong>messes</strong></span> 
     </span>
     <span class='ocr_line' id='line_1_41' title="bbox 315 2689 1679 2735; baseline 0.003 -15"><span class='ocrx_word' id='word_1_379' title='bbox 315 2701 409 2732; x_wconf 83' lang='lat' dir='ltr'><strong>pour</strong></span> <span class='ocrx_word' id='word_1_380' title='bbox 430 2690 460 2721; x_wconf 85' lang='lat' dir='ltr'><strong>lc</strong></span> <span class='ocrx_word' id='word_1_381' title='bbox 482 2701 588 2732; x_wconf 81' lang='lat' dir='ltr'><strong>rcpos</strong></span> <span class='ocrx_word' id='word_1_382' title='bbox 611 2690 654 2722; x_wconf 80' lang='lat' dir='ltr'><strong>dc</strong></span> <span class='ocrx_word' id='word_1_383' title='bbox 675 2700 743 2722; x_wconf 90' lang='lat' dir='ltr'><strong>son</strong></span> <span class='ocrx_word' id='word_1_384' title='bbox 764 2691 844 2722; x_wconf 72' lang='lat' dir='ltr'><strong>ame</strong></span> <span class='ocrx_word' id='word_1_385' title='bbox 871 2690 1043 2732; x_wconf 80' lang='lat' dir='ltr'><strong>(Cle&#39;ment</strong></span> <span class='ocrx_word' id='word_1_386' title='bbox 1066 2691 1108 2730; x_wconf 79' lang='lat' dir='ltr'><strong>V,</strong></span> <span class='ocrx_word' id='word_1_387' title='bbox 1129 2691 1355 2735; x_wconf 78' lang='lat' dir='ltr'><strong>Appendice,</strong></span> <span class='ocrx_word' id='word_1_388' title='bbox 1378 2703 1412 2735; x_wconf 90' lang='lat' dir='ltr'><strong>p.</strong></span> <span class='ocrx_word' id='word_1_389' title='bbox 1435 2691 1503 2724; x_wconf 56' lang='lat'><strong>&lt;167</strong></span> <span class='ocrx_word' id='word_1_390' title='bbox 1525 2697 1563 2723; x_wconf 86' lang='lat' dir='ltr'><strong>et</strong></span> <span class='ocrx_word' id='word_1_391' title='bbox 1584 2689 1679 2734; x_wconf 86' lang='lat'><strong>230).</strong></span> 
     </span>
    </p>

    <p class='ocr_par' dir='ltr' id='par_1_10' title="bbox 320 2742 2016 3158">
     <span class='ocr_line' id='line_1_42' title="bbox 365 2742 2016 2787; baseline 0 -13"><span class='ocrx_word' id='word_1_392' title='bbox 365 2743 396 2774; x_wconf 88' lang='lat'><strong>3.</strong></span> <span class='ocrx_word' id='word_1_393' title='bbox 428 2742 571 2774; x_wconf 76' lang='lat' dir='ltr'><strong>Robcrt</strong></span> <span class='ocrx_word' id='word_1_394' title='bbox 593 2742 794 2786; x_wconf 85' lang='lat' dir='ltr'><strong>s’appclait</strong></span> <span class='ocrx_word' id='word_1_395' title='bbox 817 2743 1041 2783; x_wconf 84' lang='lat' dir='ltr'><strong>Mauvoisin,</strong></span> <span class='ocrx_word' id='word_1_396' title='bbox 1066 2744 1160 2776; x_wconf 85' lang='lat' dir='ltr'><strong>ainsi</strong></span> <span class='ocrx_word' id='word_1_397' title='bbox 1184 2745 1296 2787; x_wconf 76' lang='lat' dir='ltr'><strong>qu&#39;cn</strong></span> <span class='ocrx_word' id='word_1_398' title='bbox 1319 2744 1506 2787; x_wconf 78' lang='lat' dir='ltr'><strong>temoigne</strong></span> <span class='ocrx_word' id='word_1_399' title='bbox 1529 2756 1601 2776; x_wconf 87' lang='lat' dir='ltr'><strong>une</strong></span> <span class='ocrx_word' id='word_1_400' title='bbox 1625 2743 1723 2776; x_wconf 91' lang='lat' dir='ltr'><strong>bulle</strong></span> <span class='ocrx_word' id='word_1_401' title='bbox 1740 2743 1783 2776; x_wconf 88' lang='lat' dir='ltr'><strong>dc</strong></span> <span class='ocrx_word' id='word_1_402' title='bbox 1801 2742 1969 2775; x_wconf 63' lang='lat' dir='ltr'><strong>Clement</strong></span> <span class='ocrx_word' id='word_1_403' title='bbox 1984 2742 2016 2774; x_wconf 95' lang='lat' dir='ltr'>V</span> 
     </span>
     <span class='ocr_line' id='line_1_43' title="bbox 324 2795 2016 2840; baseline 0 -12"><span class='ocrx_word' id='word_1_404' title='bbox 324 2801 369 2836; x_wconf 62' lang='grc' dir='ltr'><strong>(ᾳί.</strong></span> <span class='ocrx_word' id='word_1_405' title='bbox 390 2795 494 2838; x_wconf 79' lang='grc'>6082)</span> <span class='ocrx_word' id='word_1_406' title='bbox 517 2796 562 2827; x_wconf 77' lang='lat' dir='ltr'><strong>ou</strong></span> <span class='ocrx_word' id='word_1_407' title='bbox 580 2795 603 2827; x_wconf 89' lang='lat' dir='ltr'><strong>il</strong></span> <span class='ocrx_word' id='word_1_408' title='bbox 621 2802 677 2828; x_wconf 81' lang='lat' dir='ltr'><strong>cst</strong></span> <span class='ocrx_word' id='word_1_409' title='bbox 695 2796 751 2828; x_wconf 79' lang='lat' dir='ltr'><strong>dit</strong></span> <span class='ocrx_word' id='word_1_410' title='bbox 768 2796 995 2829; x_wconf 84' lang='lat' dir='ltr'><strong>archidiacre</strong></span> <span class='ocrx_word' id='word_1_411' title='bbox 1015 2797 1057 2830; x_wconf 84' lang='lat' dir='ltr'><strong>de</strong></span> <span class='ocrx_word' id='word_1_412' title='bbox 1076 2796 1185 2831; x_wconf 77' lang='lat' dir='ltr'><strong>Sable</strong></span> <span class='ocrx_word' id='word_1_413' title='bbox 1203 2809 1249 2829; x_wconf 86' lang='lat' dir='ltr'><strong>au</strong></span> <span class='ocrx_word' id='word_1_414' title='bbox 1268 2797 1410 2830; x_wconf 81' lang='lat' dir='ltr'><strong>diocese</strong></span> <span class='ocrx_word' id='word_1_415' title='bbox 1430 2798 1479 2829; x_wconf 91' lang='lat' dir='ltr'><strong>du</strong></span> <span class='ocrx_word' id='word_1_416' title='bbox 1497 2797 1615 2837; x_wconf 85' lang='lat' dir='ltr'><strong>Mans,</strong></span> <span class='ocrx_word' id='word_1_417' title='bbox 1634 2795 1830 2840; x_wconf 84' lang='lat' dir='ltr'><strong>chapelain</strong></span> <span class='ocrx_word' id='word_1_418' title='bbox 1846 2802 1884 2828; x_wconf 85' lang='lat' dir='ltr'><strong>et</strong></span> <span class='ocrx_word' id='word_1_419' title='bbox 1901 2797 2016 2828; x_wconf 74' lang='lat' dir='ltr'><strong>treso—</strong></span> 
     </span>
     <span class='ocr_line' id='line_1_44' title="bbox 322 2848 2014 2892; baseline 0.001 -13"><span class='ocrx_word' id='word_1_420' title='bbox 322 2848 390 2879; x_wconf 83' lang='lat' dir='ltr'><strong>1·i‹·1·</strong></span> <span class='ocrx_word' id='word_1_421' title='bbox 416 2849 463 2879; x_wconf 84' lang='lat' dir='ltr'><strong>du</strong></span> <span class='ocrx_word' id='word_1_422' title='bbox 490 2848 732 2891; x_wconf 74' lang='lat' dir='ltr'><strong>Saint—Siege.</strong></span> <span class='ocrx_word' id='word_1_423' title='bbox 761 2848 809 2881; x_wconf 85' lang='lat' dir='ltr'><strong>Sa</strong></span> <span class='ocrx_word' id='word_1_424' title='bbox 834 2849 933 2882; x_wconf 83' lang='lat' dir='ltr'><strong>bulle</strong></span> <span class='ocrx_word' id='word_1_425' title='bbox 962 2850 1005 2883; x_wconf 87' lang='lat' dir='ltr'><strong>de</strong></span> <span class='ocrx_word' id='word_1_426' title='bbox 1031 2850 1269 2883; x_wconf 75' lang='lat' dir='ltr'><strong>nominatior]</strong></span> <span class='ocrx_word' id='word_1_427' title='bbox 1297 2851 1317 2882; x_wconf 78' lang='lat' dir='ltr'><strong>a</strong></span> <span class='ocrx_word' id='word_1_428' title='bbox 1343 2851 1599 2883; x_wconf 75' lang='lat' dir='ltr'><strong>l⁷archeveche</strong></span> <span class='ocrx_word' id='word_1_429' title='bbox 1622 2850 1665 2882; x_wconf 90' lang='lat' dir='ltr'><strong>de</strong></span> <span class='ocrx_word' id='word_1_430' title='bbox 1692 2849 1841 2882; x_wconf 87' lang='lat' dir='ltr'><strong>Salerne</strong></span> <span class='ocrx_word' id='word_1_431' title='bbox 1862 2848 2014 2892; x_wconf 84' lang='lat' dir='ltr'><strong>indique</strong></span> 
     </span>
     <span class='ocr_line' id='line_1_45' title="bbox 320 2900 2014 2946; baseline 0.002 -16"><span class='ocrx_word' id='word_1_432' title='bbox 320 2900 409 2942; x_wconf 78' lang='lat'><strong>‹111&#39;1&#39;1</strong></span> <span class='ocrx_word' id='word_1_433' title='bbox 434 2900 525 2932; x_wconf 54' lang='lat' dir='ltr'><strong>&amp;tait</strong></span> <span class='ocrx_word' id='word_1_434' title='bbox 550 2912 669 2933; x_wconf 75' lang='lat' dir='ltr'><strong>ncvcu</strong></span> <span class='ocrx_word' id='word_1_435' title='bbox 694 2902 742 2933; x_wconf 88' lang='lat' dir='ltr'><strong>du</strong></span> <span class='ocrx_word' id='word_1_436' title='bbox 766 2902 932 2935; x_wconf 86' lang='lat' dir='ltr'><strong>cardinal</strong></span> <span class='ocrx_word' id='word_1_437' title='bbox 958 2902 1091 2935; x_wconf 73' lang='lat' dir='ltr'><strong>Ruffat</strong></span> <span class='ocrx_word' id='word_1_438' title='bbox 1116 2903 1173 2945; x_wconf 82' lang='lat'><strong>(14</strong></span> <span class='ocrx_word' id='word_1_439' title='bbox 1201 2904 1352 2936; x_wconf 74' lang='lat' dir='ltr'><strong>octobre</strong></span> <span class='ocrx_word' id='word_1_440' title='bbox 1376 2904 1487 2943; x_wconf 73' lang='lat'><strong>13103</strong></span> <span class='ocrx_word' id='word_1_441' title='bbox 1512 2903 1671 2936; x_wconf 82' lang='lat' dir='ltr'><strong>Cle&#39;ment</strong></span> <span class='ocrx_word' id='word_1_442' title='bbox 1696 2902 1738 2942; x_wconf 80' lang='lat' dir='ltr'><strong>V,</strong></span> <span class='ocrx_word' id='word_1_443' title='bbox 1763 2914 1797 2935; x_wconf 91' lang='lat' dir='ltr'><strong>n.</strong></span> <span class='ocrx_word' id='word_1_444' title='bbox 1823 2901 1943 2946; x_wconf 86' lang='lat'><strong>5675).</strong></span> <span class='ocrx_word' id='word_1_445' title='bbox 1965 2901 2014 2934; x_wconf 82' lang='lat' dir='ltr'><strong>Le</strong></span> 
     </span>
     <span class='ocr_line' id='line_1_46' title="bbox 320 2953 2014 2999; baseline 0.003 -17"><span class='ocrx_word' id='word_1_446' title='bbox 320 2964 412 2995; x_wconf 67' lang='lat' dir='ltr'><strong>palu·</strong></span> <span class='ocrx_word' id='word_1_447' title='bbox 441 2953 615 2995; x_wconf 64' lang='lat' dir='ltr'><strong>l&#39;cnvoya</strong></span> <span class='ocrx_word' id='word_1_448' title='bbox 645 2954 793 2990; x_wconf 71' lang='lat' dir='ltr'><strong>(sevricr</strong></span> <span class='ocrx_word' id='word_1_449' title='bbox 821 2955 927 2998; x_wconf 90' lang='lat'><strong>1311)</strong></span> <span class='ocrx_word' id='word_1_450' title='bbox 959 2967 1004 2988; x_wconf 86' lang='lat' dir='ltr'><strong>cn</strong></span> <span class='ocrx_word' id='word_1_451' title='bbox 1032 2956 1140 2989; x_wconf 77' lang='lat' dir='ltr'><strong>Italie</strong></span> <span class='ocrx_word' id='word_1_452' title='bbox 1170 2956 1213 2989; x_wconf 89' lang='lat' dir='ltr'><strong>dc</strong></span> <span class='ocrx_word' id='word_1_453' title='bbox 1241 2963 1389 2989; x_wconf 85' lang='lat' dir='ltr'><strong>concert</strong></span> <span class='ocrx_word' id='word_1_454' title='bbox 1415 2968 1505 2989; x_wconf 85' lang='lat' dir='ltr'><strong>avec</strong></span> <span class='ocrx_word' id='word_1_455' title='bbox 1545 2956 1698 2999; x_wconf 87' lang='lat' dir='ltr'><strong>Hugues</strong></span> <span class='ocrx_word' id='word_1_456' title='bbox 1727 2955 1876 2989; x_wconf 72' lang='lat' dir='ltr'><strong>Geraud</strong></span> <span class='ocrx_word' id='word_1_457' title='bbox 1919 2961 1957 2987; x_wconf 86' lang='lat' dir='ltr'><strong>et</strong></span> <span class='ocrx_word' id='word_1_458' title='bbox 1984 2955 2014 2987; x_wconf 89' lang='lat' dir='ltr'><strong>le</strong></span> 
     </span>
     <span class='ocr_line' id='line_1_47' title="bbox 322 3006 2014 3053; baseline 0.003 -18"><span class='ocrx_word' id='word_1_459' title='bbox 322 3006 475 3045; x_wconf 62' lang='lat' dir='ltr'><strong>churgvn</strong></span> <span class='ocrx_word' id='word_1_460' title='bbox 499 3006 607 3037; x_wconf 80' lang='lat' dir='ltr'><strong>‹l&#39;unc</strong></span> <span class='ocrx_word' id='word_1_461' title='bbox 630 3007 782 3039; x_wconf 87' lang='lat' dir='ltr'><strong>mission</strong></span> <span class='ocrx_word' id='word_1_462' title='bbox 803 3010 885 3051; x_wconf 78' lang='lat' dir='ltr'><strong>pres</strong></span> <span class='ocrx_word' id='word_1_463' title='bbox 907 3009 950 3041; x_wconf 92' lang='lat' dir='ltr'><strong>de</strong></span> <span class='ocrx_word' id='word_1_464' title='bbox 974 3008 1089 3041; x_wconf 82' lang='lat' dir='ltr'><strong>chri</strong></span> <span class='ocrx_word' id='word_1_465' title='bbox 1110 3009 1184 3042; x_wconf 89' lang='lat' dir='ltr'><strong>VII</strong></span> <span class='ocrx_word' id='word_1_466' title='bbox 1210 3009 1383 3052; x_wconf 67' lang='lat' dir='ltr'><strong>(Clement</strong></span> <span class='ocrx_word' id='word_1_467' title='bbox 1406 3010 1448 3049; x_wconf 74' lang='lat'><strong>1⁷,</strong></span> <span class='ocrx_word' id='word_1_468' title='bbox 1470 3021 1505 3042; x_wconf 88' lang='lat' dir='ltr'><strong>n.</strong></span> <span class='ocrx_word' id='word_1_469' title='bbox 1528 3009 1650 3053; x_wconf 80' lang='lat'><strong>7499).</strong></span> <span class='ocrx_word' id='word_1_470' title='bbox 1674 3008 1722 3041; x_wconf 84' lang='lat' dir='ltr'><strong>Le</strong></span> <span class='ocrx_word' id='word_1_471' title='bbox 1744 3009 1764 3042; x_wconf 86' lang='grc'><strong>6</strong></span> <span class='ocrx_word' id='word_1_472' title='bbox 1797 3008 1888 3041; x_wconf 72' lang='lat' dir='ltr'><strong>aofit</strong></span> <span class='ocrx_word' id='word_1_473' title='bbox 1920 3007 2014 3041; x_wconf 82' lang='lat'><strong>1313</strong></span> 
     </span>
     <span class='ocr_line' id='line_1_48' title="bbox 325 3058 2013 3102; baseline 0.004 -15"><span class='ocrx_word' id='word_1_474' title='bbox 325 3058 488 3097; x_wconf 59' lang='grc' dir='ltr'><strong>(ΙΙιίιΙιηιι,</strong></span> <span class='ocrx_word' id='word_1_475' title='bbox 518 3070 552 3091; x_wconf 84' lang='lat'><strong>11.</strong></span> <span class='ocrx_word' id='word_1_476' title='bbox 582 3060 685 3102; x_wconf 62' lang='lat'><strong>9578)</strong></span> <span class='ocrx_word' id='word_1_477' title='bbox 719 3059 861 3093; x_wconf 63' lang='lat' dir='ltr'><strong>Robort</strong></span> <span class='ocrx_word' id='word_1_478' title='bbox 887 3062 1051 3094; x_wconf 81' lang='lat' dir='ltr'><strong>recevait</strong></span> <span class='ocrx_word' id='word_1_479' title='bbox 1077 3062 1334 3095; x_wconf 68' lang='lat' dir='ltr'><strong>l’archeveche</strong></span> <span class='ocrx_word' id='word_1_480' title='bbox 1362 3062 1473 3095; x_wconf 73' lang='lat' dir='ltr'><strong>d&#39;Aix</strong></span> <span class='ocrx_word' id='word_1_481' title='bbox 1499 3074 1545 3095; x_wconf 88' lang='lat' dir='ltr'><strong>en</strong></span> <span class='ocrx_word' id='word_1_482' title='bbox 1572 3062 1772 3095; x_wconf 88' lang='lat' dir='ltr'><strong>Provence.</strong></span> <span class='ocrx_word' id='word_1_483' title='bbox 1800 3061 1942 3094; x_wconf 79' lang='lat' dir='ltr'><strong>Accuse</strong></span> <span class='ocrx_word' id='word_1_484' title='bbox 1970 3060 2013 3093; x_wconf 89' lang='lat' dir='ltr'><strong>de</strong></span> 
     </span>
     <span class='ocr_line' id='line_1_49' title="bbox 322 3111 2014 3158; baseline 0.003 -17"><span class='ocrx_word' id='word_1_485' title='bbox 322 3111 482 3150; x_wconf 61' lang='lat' dir='ltr'><strong>vilcnivs,</strong></span> <span class='ocrx_word' id='word_1_486' title='bbox 508 3111 529 3142; x_wconf 87' lang='lat' dir='ltr'><strong>il</strong></span> <span class='ocrx_word' id='word_1_487' title='bbox 555 3124 590 3143; x_wconf 67' lang='lat' dir='ltr'><strong>sc</strong></span> <span class='ocrx_word' id='word_1_488' title='bbox 616 3112 728 3145; x_wconf 70' lang='lat' dir='ltr'><strong>demit</strong></span> <span class='ocrx_word' id='word_1_489' title='bbox 757 3113 799 3145; x_wconf 85' lang='lat' dir='ltr'><strong>dc</strong></span> <span class='ocrx_word' id='word_1_490' title='bbox 824 3125 879 3146; x_wconf 87' lang='lat' dir='ltr'><strong>scs</strong></span> <span class='ocrx_word' id='word_1_491' title='bbox 903 3114 1090 3147; x_wconf 76' lang='lat' dir='ltr'><strong>fonctions</strong></span> <span class='ocrx_word' id='word_1_492' title='bbox 1115 3115 1342 3158; x_wconf 74' lang='lat' dir='ltr'><strong>episcopales</strong></span> <span class='ocrx_word' id='word_1_493' title='bbox 1366 3116 1397 3147; x_wconf 84' lang='lat' dir='ltr'><strong>le</strong></span> <span class='ocrx_word' id='word_1_494' title='bbox 1423 3116 1442 3148; x_wconf 87' lang='lat'>9</span> <span class='ocrx_word' id='word_1_495' title='bbox 1466 3115 1677 3158; x_wconf 80' lang='lat' dir='ltr'><strong>septembre</strong></span> <span class='ocrx_word' id='word_1_496' title='bbox 1701 3115 1794 3148; x_wconf 89' lang='lat'><strong>1318</strong></span> <span class='ocrx_word' id='word_1_497' title='bbox 1821 3114 2014 3157; x_wconf 76' lang='lat' dir='ltr'><strong>(Albanes-</strong></span> 
     </span>
    </p>
   </div>
  </div>
 </body>
</html>
