2083 3458
99 237 250 292 [1441]
618 253 834 279 PAPARUM
870 254 1252 280 AVENIONENSIUM
1703 240 1783 280 573

86 337 307 385 multisque
324 336 529 373 virtutum
547 336 759 374 ornatibus
777 336 1015 386 insignitam
1031 351 1076 375 ac
1098 337 1225 374 silium
1242 351 1292 375 ex
1307 352 1352 375 ea
1369 338 1539 387 legimus
1556 337 1596 374 in
1612 338 1783 375 laudato

86 394 223 433 codice
246 395 513 444 epistolarum
538 394 718 444 Gregorii
746 395 805 432 XI
829 410 879 433 ex
903 409 982 444 quo
1006 396 1130 434 etiam
1155 396 1347 434 discimus
1370 397 1484 434 illum
1509 396 1631 434 fuisse
1655 397 1783 434 domi-

85 467 183 491 num
198 453 400 491 Piscariae
414 453 453 490 in
470 453 658 503 Aprutio.
678 454 783 492 Hinc
799 454 914 492 facile
930 462 991 492 est
1005 469 1221 504 agnoscere
1237 455 1339 492 falso
1353 456 1604 504 Cyprianum
1620 455 1784 493 Manen·

85 520 169 550 tem
189 513 395 562 scripsisse
411 512 647 550 Gometium
668 512 791 550 fuisse
813 513 991 550 occisum
1012 527 1120 551 anno
1138 513 1451 559 MCCCLXVII,
1467 522 1507 552 et
1528 528 1674 563 corpus
1695 514 1782 562 ejus

85 571 207 609 fuisse
240 572 450 621 sepultum
483 572 594 620 apud
628 571 828 608 Assisium
861 572 902 608 in
936 573 1102 610 ecclesia
1139 572 1313 610 Sanctae
1348 573 1499 610 Mariae
1534 573 1582 611 de
1616 573 1781 621 angelis.

138 630 180 669 P.
212 629 302 677 395,
331 631 397 680 lig.
432 629 491 668 13.
528 630 575 667 IN
607 644 727 666 DOMO
760 644 879 674 QUAM
913 644 1106 668 DOMINUS
1137 633 1354 677 CLEMENS,
1387 646 1490 680 quae
1520 631 1655 669 suerat
1685 632 1780 669 olim

86 688 356 738 Neapoleonis
381 689 598 727 cardinalis
624 689 773 734 Ursini,
799 690 858 726 uti
883 689 1040 726 (lictum
1064 698 1125 727 est
1148 704 1269 739 supra
1294 705 1331 739 p.
1357 690 1445 728 913.

138 747 181 787 Ρ.
205 747 294 795 395,
316 748 383 797 lig.
409 747 456 784 15
480 747 732 785 PORTATUM.
760 747 878 794 Prou,
902 739 1042 795 Etade,
1066 763 1103 797 p.
1128 750 1164 795 ὅ,
1187 756 1283 786 note
1307 749 1341 786 7.

137 806 181 845 P.
203 806 292 854 395,
313 807 379 856 lig.
404 806 463 845 19.
487 806 643 844 CITARI.
666 806 853 853 Theiner,
875 806 1017 854 Codex,
1039 815 1067 845 t.
1090 821 1130 853 11,
1152 822 1189 845 n.
1212 807 1300 845 369.

138 865 180 904 Ρ.
206 864 296 913 395,
319 866 386 915 lig.
412 864 473 904 22.
501 865 627 913 QUOD
654 879 782 902 ESSET
806 879 1057 903 HERETICUS.
1091 866 1181 903 Non
1219 866 1420 915 agebatur
1451 867 1498 904 de
1532 881 1653 904 causa
1689 866 1783 904 fidei
1822 903 1823 906 ,

83 925 280 962 adversus
296 924 596 971 Bernabonem,
614 924 683 962 sed
701 925 749 962 de
766 924 1006 973 pervasione
1022 938 1158 962 rerum
1174 926 1553 964 ecclesiasticarum.
1575 926 1628 963 Et
1644 933 1784 963 tamen

86 983 276 1022 Urbanus
310 997 403 1021 eum
437 983 610 1021 damnat
651 992 697 1021 ut
730 983 996 1029 haereticum,
1032 983 1125 1032 quia
1172 998 1222 1021 ex
1255 985 1382 1022 veteri
1422 985 1616 1022 instituto
1650 985 1783 1022 curiae

87 1042 297 1081 Romanae
318 1042 350 1080 is
373 1050 563 1080 censetur
582 1042 812 1080 haereticus
837 1042 905 1091 qui
930 1042 1121 1079 Pontifici
1147 1042 1334 1080 Romano
1356 1052 1405 1082 et.
1418 1043 1505 1092 ejus
1528 1044 1662 1082 curiae
1685 1057 1783 1092 qua-

82 1103 289 1150 licumque
320 1101 475 1139 modo1
507 1102 764 1140 adversatur.
798 1102 1060 1138 Adnotatum
1090 1101 1130 1138 id
1162 1102 1319 1150 pridem
1351 1115 1372 1138 a
1406 1102 1564 1139 Joanne
1597 1101 1784 1139 Saresbe-

83 1160 218 1207 riensi,
245 1160 314 1198 lib.
346 1160 402 1197 VI
430 1160 633 1207 Policmt„
663 1174 750 1209 cap.
782 1174 887 1197 xxlv
917 1176 923 1196 ;
954 1159 1062 1197 Nam
1089 1161 1157 1209 qui
1183 1175 1207 1197 a
1234 1161 1409 1198 doctrina
1438 1170 1562 1198 vestra
1589 1160 1782 1206 dissentit,

83 1228 153 1257 aut
177 1219 394 1257 haereticus
418 1228 488 1257 aut
511 1219 762 1257 scismaticus
787 1227 853 1257 est.
888 1219 978 1257 Illos
1006 1219 1114 1257 enim
1141 1220 1245 1257 male
1273 1220 1421 1257 sentire
1450 1220 1497 1258 de
1527 1220 1604 1257 fide
1632 1227 1784 1269 putant

85 1279 153 1328 qui
192 1278 404 1316 Romanae
439 1279 640 1328 potestati
676 1292 903 1328 repugnare
940 1278 1108 1316 audent.
1148 1278 1211 1315 Sic
1246 1278 1492 1316 Benedictus
1532 1278 1639 1315 XIII
1675 1293 1783 1316 anno

85 1337 299 1376 millesimo
331 1337 578 1384 CCCCVIII,
610 1352 652 1374 111
683 1338 774 1375 idus
819 1336 909 1387 [11]
938 1336 1145 1383 februarii,
1172 1337 1467 1385 Raymundum
1499 1338 1547 1375 de
1579 1337 1783 1383 Turenna,

85 1397 153 1446 qui
171 1396 324 1435 bellum
342 1396 510 1446 gerebat
527 1397 723 1434 adversus
742 1409 895 1446 papam
913 1405 953 1433 et
972 1396 1173 1445 quasdam
1191 1404 1319 1433 terras
1340 1396 1542 1435 Ecclesiae
1560 1396 1783 1442 invaserat,

84 1470 155 1505 per
177 1455 366 1505 publicae
391 1455 599 1493 citationis
624 1455 807 1493 edictum
831 1454 948 1493 citari
974 1454 1069 1493 fecit
1090 1454 1104 1477 2
1128 1462 1174 1492 ut
1198 1463 1308 1493 certa
1334 1455 1396 1492 die
1421 1468 1558 1492 coram
1581 1455 1669 1504 ipso
1693 1469 1781 1503 per-

84 1514 279 1553 sonaliter
327 1522 583 1564 compareret
630 1529 752 1564 super
804 1514 883 1552 fide
932 1527 1213 1563 responsurus.
1267 1514 1329 1551 Sic
1379 1514 1517 1551 Sixtus
1560 1514 1626 1560 IV,
1676 1527 1784 1551 anno

85 1573 428 1621 MCCCCLXXV,
452 1574 516 1612 die
539 1574 661 1612 tertia
683 1573 875 1622 januarii,
894 1573 1098 1611 Joannem
1116 1573 1310 1621 Jougleti,
1335 1573 1611 1611 consiliarium
1628 1572 1783 1621 regium

80 1633 122 1670 in
159 1634 419 1682 parlamento
458 1632 688 1679 parisiensi,
729 1633 798 1682 qui
838 1632 1041 1670 Joannem
1088 1632 1136 1670 de
1175 1631 1507 1679 Montemirabili‚
1546 1632 1783 1681 episcopum

83 1691 390 1739 Vasionensem,
419 1691 620 1730 turbabat
647 1692 687 1729 in
716 1691 970 1741 possessione
998 1691 1265 1729 canonicatus
1295 1699 1335 1729 et
1360 1690 1618 1740 praebendae
1648 1690 1784 1728 Eccle-

81 1751 163 1789 siae
185 1751 501 1798 Cameracensis,
523 1751 583 1789 ait
601 1751 643 1788 in
667 1751 745 1788 lide
767 1765 851 1789 esse
873 1751 978 1788 male
999 1750 1242 1800 sapientem,
1266 1751 1360 1799 quia
1382 1749 1433 1787 ab
1453 1750 1542 1799 ipso
1565 1749 1693 1796 Sixto,
1717 1748 1785 1798 qui

81 1809 361 1859 praebendam
379 1810 492 1849 illam
512 1810 745 1848 contulerat
765 1810 957 1859 episcopo
977 1809 1232 1856 Vasionensi,
1253 1810 1537 1858 appellaverat
1556 1808 1607 1846 ad
1629 1822 1785 1845 conser-

82 1876 270 1907 vatorem
292 1869 599 1919 privilegiorum
626 1869 919 1907 Universitatis
935 1868 1187 1915 parisiensis,
1204 1882 1326 1917 quem
1349 1882 1456 1917 papa
1481 1868 1539 1905 ait
1562 1882 1646 1905 esse
1666 1879 1785 1904 suum

80 1927 327 1967 inferiorem.
346 1928 402 1965 Et
418 1941 515 1966 mox
530 1928 648 1966 addit
665 1928 855 1966 eumdem
874 1928 1078 1965 Joannem
1097 1927 1278 1976 Jougleti
1294 1927 1490 1964 nonnulla
1508 1927 1584 1964 alia
1602 1926 1783 1963 enormia

82 1986 230 2025 delicta
261 1996 404 2025 contra
434 1988 569 2037 ipsum
599 2000 751 2037 papam
781 1994 822 2024 et
852 1986 996 2025 Sedem
1026 1986 1298 2036 apostolicam
1327 1994 1583 2035 perpetrasse
1618 1999 1715 2034 quae
1745 1984 1787 2021 in

81 2046 235 2084 totalem
251 2054 404 2084 nostrae
418 2055 452 2084 et
465 2046 640 2095 ejusdem
654 2046 759 2083 sedis
771 2045 1068 2095 jurisdictionis
1082 2046 1368 2087 enervationem
1384 2045 1523 2081 cedant
1537 2059 1582 2081 ac
1596 2043 1786 2080 haeresim

83 2105 261 2154 sapiunt.
284 2105 469 2155 Denique
486 2105 547 2143 his
565 2105 720 2143 ultimis
739 2104 994 2154 temporibus
1014 2104 1246 2142 Alexander
1264 2104 1357 2150 VH,
1378 2103 1577 2139 damnans
1597 2115 1785 2140 censuras

84 2164 359 2213 quorumdam
386 2164 585 2202 librorum
614 2164 813 2202 Amadaei
844 2164 1048 2201 Guimenii
1078 2171 1118 2201 et
1148 2162 1293 2200 Jacobi
1324 2162 1507 2200 Vernant
1536 2176 1557 2199 a
1587 2161 1785 2210 theologis

85 2223 381 2261 parisiensibus
411 2223 557 2270 editas,
588 2223 646 2261 ait
677 2223 763 2272 fieri
794 2237 872 2260 non
900 2236 1013 2271 posse
1040 2222 1127 2259 sine
1155 2221 1315 2270 publico
1343 2221 1553 2258 catholicae
1581 2219 1787 2268 religionis

86 2282 313 2320 detrimento
348 2290 389 2320 ut
420 2282 643 2332 praedictae
676 2296 863 2320 censurae
895 2289 1123 2318 remaneant
1157 2280 1416 2317 indemnatae.

140 2341 183 2380 P.
214 2340 304 2389 395,
333 2342 400 2391 lig.
432 2341 493 2380 23.
528 2341 758 2379 DUELLUM.
794 2341 903 2387 Item,
934 2340 967 2377 le
996 2340 1124 2377 mardi
1153 2347 1384 2388 ensuyvant,
1422 2338 1496 2374 VIe
1523 2337 1614 2386 joar
1651 2337 1702 2373 du
1732 2336 1788 2373 dit

89 2401 188 2438 mois
209 2401 253 2437 de
273 2400 480 2447 decembre,
501 2399 563 2449 sat
581 2401 620 2437 la
644 2400 801 2437 bataille
821 2400 865 2436 de
886 2399 1045 2436 messire
1065 2398 1266 2435 Amaniea
1288 2398 1332 2434 de
1351 2397 1542 2449 Pomiers,
1568 2395 1785 2445 appellant,

86 2468 120 2497 et
133 2459 178 2496 de
193 2459 352 2496 messire
364 2459 527 2508 Fouque
540 2458 766 2506 d’Arclziae,
784 2458 1022 2508 deffendant,
1035 2471 1082 2494 en
1097 2457 1135 2494 la
1150 2458 1330 2505 presence
1345 2456 1396 2493 da
1409 2455 1465 2492 dit
1478 2469 1547 2503 roy
1561 2455 1605 2491 de
1618 2454 1784 2500 France,

85 2521 109 2555 ἀ
135 2517 406 2565 Vitte-Neave,
429 2520 519 2567 pres
540 2518 783 2566 d’Avignon,
807 2525 841 2554 et
859 2517 905 2565 sii
925 2516 1001 2565 fait
1022 2516 1177 2553 l'accort
1197 2530 1247 2552 oa
1268 2515 1422 2563 elzamp,
1444 2528 1560 2562 parce
1582 2527 1653 2562 que
1674 2513 1707 2549 le
1728 2512 1789 2549 dit

86 2577 171 2626 Roy
189 2577 291 2626 prist
310 2577 343 2613 le
362 2577 508 2615 deseort
525 2591 594 2614 sar
613 2577 681 2625 lay
702 2576 901 2625 (Grandes
921 2575 1165 2624 Chroniques
1185 2574 1229 2610 de
1249 2574 1413 2620 France,
1436 2573 1496 2610 ed.
1521 2571 1785 2618 Delachenal,

85 2644 115 2674 t.
137 2650 163 2683 1,
186 2650 224 2685 p.
248 2635 362 2684 339);
385 2635 474 2673 voir
495 2636 603 2673 aussi
627 2635 672 2674 E.
698 2635 883 2673 Molinier
906 2625 1049 2683 (Etade
1069 2648 1138 2670 sar
1159 2633 1197 2670 la
1218 2632 1277 2670 vie
1298 2631 1497 2669 d’Arnoal
1516 2630 1785 2668 d’Audreliem

86 2694 282 2732 marechal
301 2695 345 2732 de
365 2694 530 2741 France,
556 2694 681 2742 Paris,
705 2693 818 2741 1883,
841 2708 879 2743 p.
905 2692 1008 2741 124).

140 2753 183 2793 P.
212 2753 301 2801 395,
328 2753 395 2802 lig.
424 2753 485 2791 30.
516 2753 787 2790 VABRENSEM
817 2752 1079 2790 Guillelmum
1105 2750 1296 2799 Bragose,
1325 2749 1393 2798 qui
1421 2749 1543 2798 vulgo
1571 2747 1787 2785 dicebatur

86 2812 302 2851 cardinalis
323 2812 557 2859 Vabrensis,
577 2813 672 2861 quia
691 2813 843 2850 electus
862 2819 950 2849 erat
968 2810 1180 2860 episcopus
1201 2808 1419 2846 Vabrensis
1438 2822 1484 2845 eo
1502 2815 1686 2856 tempore
1705 2820 1785 2855 quo

88 2871 220 2910 factus
243 2879 305 2909 est
326 2871 557 2909 cardinalis.
582 2870 683 2908 Vide
705 2884 827 2919 supra
850 2884 888 2919 p.
913 2869 1000 2907 962.

140 2930 183 2969 Ρ.
214 2929 303 2977 396,
332 2930 399 2979 lig.
430 2929 465 2968 3.
495 2929 744 2967 BONONIAM.
778 2929 830 2967 Le
859 2928 1040 2976 marquis
1071 2927 1213 2964 d’Este
1243 2926 1372 2962 battit
1399 2924 1586 2963 Bernabo
1614 2926 1705 2974 pres
1735 2923 1784 2961 de

135 3059 167 3092 1.
194 3059 332 3092 Baluze
358 3071 395 3092 se
421 3058 529 3092 laisse
555 3059 690 3091 abuser
715 3070 783 3102 par
808 3069 863 3091 ses
890 3056 1061 3100 prejuges
1089 3055 1277 3099 gallicans.

137 3112 167 3144 2.
197 3112 346 3151 Baluze,
378 3118 404 3144 t.
434 3123 484 3151 iv,
516 3123 550 3154 p.
582 3112 662 3144 413.
