2083 3458
143 241 258 298 [852]
667 258 884 299 PAPARJJM
919 259 1304 285 AVENIONENSIUM
1743 245 1822 288 361

128 341 248 379 tionis
279 341 418 379 Sancte
440 341 581 379 Crucis
603 356 709 379 anno
731 342 898 380 Domini
922 341 1167 389 MCCCXL‚
1189 343 1317 392 primo
1342 358 1447 381 anno
1467 344 1532 382 sui
1556 345 1822 395 pontificatus,

129 400 228 438 Erat
247 408 377 438 autem
397 408 488 438 tanc
509 401 694 450 magister
714 401 866 439 ordinis
895 401 1033 439 electus
1063 401 1106 438 in
1131 402 1303 451 capitulo
1325 403 1496 451 generali
1517 403 1824 442 Carcassonensi

129 473 235 496 anno
255 459 395 498 eodem.
419 459 473 496 Et
493 458 589 497 alibi
608 459 650 497 in
670 460 814 499 eodem
834 459 970 498 codice
987 459 1002 482 ¹
1025 476 1032 498 :
1051 460 1239 498 Decimus
1258 461 1448 510 septimus
1469 462 1652 511 magister
1671 463 1824 501 ordinis

129 516 173 556 O.
201 518 248 557 P.
275 517 394 567 frater
425 517 615 555 Geraldus
641 518 684 555 de
706 518 929 556 Daumario
951 518 1150 569 provincie
1168 519 1408 567 'Tliolosane,
1435 535 1505 570 pos
1523 535 1567 559 ea
1592 522 1809 560 cardinalis

132 577 189 615 Ut
216 577 295 614 ista
326 576 600 626 discrepantia
629 577 718 615 tolli
746 577 889 627 possit,
920 577 1139 617 dicendum
1161 577 1326 616 videtur
1354 593 1447 618 eum
1478 594 1702 629 cognomen
1722 581 1823 619 illud

129 634 318 673 habuisse
340 649 362 673 a
383 635 622 685 parentibus
645 635 819 674 dominis
840 636 916 674 loci
938 637 986 674 de
1010 636 1232 675 Daumario
1253 638 1489 687 parrochiae
1512 639 1559 676 de
1582 639 1761 678 Guardia
1781 640 1823 678 in

129 693 301 732 dioecesi
327 693 548 742 Tutelensi,
575 702 623 732 ut
647 695 724 732 hoc
750 703 872 745 pacto
898 695 1025 734 istum
1052 695 1350 745 distinguerent
1376 710 1399 733 a
1426 696 1619 735 fratribus
1648 698 1748 747 ejus,
1775 706 1823 736 ut

129 753 261 791 solent
286 753 362 790 viri
388 753 542 791 nobiles
568 753 592 788 2.

181 811 335 850 Auctor
364 811 482 849 istius
519 812 631 849 Vitae
663 812 722 850 ait
751 812 868 850 illum
899 812 1021 851 fuisse
1054 813 1402 863 consanguineum
1427 828 1558 864 papae
1588 815 1819 854 Clementis.

129 870 363 920 Onuphrius
393 870 631 918 Panvinius,
661 885 783 920 quem
811 871 878 908 alii
906 880 1048 921 postea
1077 872 1205 910 secuti
1234 880 1343 919 sunt,
1373 872 1513 910 scribit
1541 873 1661 912 fuisse
1693 874 1837 913 filium.

127 929 273 967 sororis
301 943 445 979 papae.
477 930 595 978 Quod
623 944 695 980 ego
723 938 825 980 puto
853 945 996 969 verum
1025 945 1105 968 non
1143 945 1239 969 esse.
1272 931 1378 970 Nam
1406 931 1437 969 si
1465 931 1496 969 is
1525 932 1668 970 fuisset
1695 948 1819 983 nepos

127 988 358 1036 Clementis,
389 996 533 1027 auctor
561 988 677 1026 istius
713 989 837 1036 Vitae,
870 989 938 1039 qui
968 989 1112 1028 statim
1139 990 1309 1039 loquens
1340 990 1392 1028 de.
1419 990 1632 1029 Guillelmo
1664 992 1819 1030 Judicis

126 1047 322 1086 admonet
350 1047 466 1086 illum
487 1047 608 1086 fuisse
631 1055 824 1097 nepotem
844 1062 976 1098 papae
998 1063 1049 1086 ex
1069 1063 1216 1095 sorore,
1240 1063 1321 1086 non
1344 1048 1545 1087 omisisset
1570 1050 1682 1088 istud
1711 1050 1819 1090 idem

127 1105 298 1144 scribere
323 1106 371 1144 de
398 1106 572 1145 Geraldo
597 1107 645 1144 de
667 1107 859 1145 Guardia.
880 1107 1094 1145 Praeterea
1120 1107 1230 1146 idem
1245 1115 1389 1145 auctor
1404 1108 1509 1146 infra
1528 1107 1572 1158 [t.
1592 1108 1648 1160 1.]‚
1672 1124 1710 1159 p.
1730 1109 1817 1157 250,

126 1165 295 1214 loquens
322 1165 371 1203 (16
400 1165 615 1204 Guillelmo
635 1162 691 1203 'de
721 1165 900 1203 Guardia
927 1166 986 1203 ait
1010 1165 1126 1204 illum
1152 1166 1273 1204 fuisse
1301 1167 1647 1216 consanguineum
1672 1182 1818 1218 papae,

127 1224 237 1273 quod
262 1223 387 1262 etiam
412 1224 600 1272 Bzovius,
626 1238 691 1263 an.
718 1224 832 1272 1352,
862 1224 879 1273 ξ
903 1225 938 1272 7,
963 1225 1082 1263 docet
1105 1240 1155 1263 ex
1177 1225 1338 1274 Regesto
1361 1225 1545 1275 ejusdem
1566 1226 1786 1276 pontificis.

178 1283 320 1321 Ordini
347 1283 523 1322 fratrum
550 1283 886 1323 praedicatorum
912 1298 952 1322 se
979 1284 1140 1322 addixit
1175 1284 1216 1322 in
1244 1292 1449 1322 conventu
1475 1284 1673 1333 Brivensi,
1703 1286 1817 1335 cujus

123 1349 266 1391 postea
291 1341 400 1392 prior
424 1342 502 1379 fuit
526 1356 633 1380 anno
659 1342 953 1381 MCCCXXIII
978 1351 1018 1381 et
1042 1351 1136 1393 post
1159 1351 1241 1381 tres
1267 1357 1423 1382 menses
1450 1343 1581 1382 factus
1607 1352 1668 1382 est
1691 1344 1818 1383 lector

122 1401 350 1450 theologiae
376 1400 418 1439 in
444 1401 586 1440 eodem
613 1409 832 1440 conventu.
862 1402 1009 1440 Postea
1035 1402 1260 1440 translatus
1288 1410 1350 1440 est
1377 1402 1600 1449 Lutetiam,
1627 1403 1697 1440 ubi
1724 1417 1817 1442 eum

123 1459 306 1498 docuisse
332 1460 581 1510 theologiam
606 1474 713 1498 anno
740 1460 1047 1498 MCCCXXVII
1074 1460 1202 1511 reperi
1228 1461 1269 1499 in
1295 1461 1423 1499 veteri
1449 1462 1698 1500 membrana.

175 1518 294 1556 Anno
327 1519 601 1566 MCCCXLII,
635 1519 697 1558 die
731 1534 790 1556 xx
822 1519 1076 1570 septembris,
1105 1520 1237 1558 faetus
1265 1528 1325 1558 est
1356 1520 1571 1570 presbyter
1602 1520 1815 1559 cardinalis

123 1576 235 1615 tituli
255 1578 292 1616 S.
315 1577 501 1616 Sabinae.
524 1578 675 1616 Statim
694 1593 790 1617 vero
811 1578 845 1617 ei
866 1579 1062 1626 Clemens,
1083 1587 1130 1616 ut
1149 1579 1394 1617 necessarios
1415 1587 1603 1629 sumptus
1627 1580 1815 1629 suppedi-

123 1643 231 1674 taret
262 1637 314 1674 ad
355 1636 599 1687 dignitatem
629 1637 742 1676 illam
773 1638 1053 1676 exornandam
1084 1638 1119 1676 ei
1160 1638 1273 1676 dedit
1304 1638 1581 1688 praebendam
1615 1638 1815 1677 Ecclesiae

124 1695 402 1734 Eboracensis.
423 1696 534 1744 Quae
551 1711 611 1734 res
630 1710 823 1746 magnam
840 1696 1207 1735 contradictionem
1224 1711 1342 1747 passa
1361 1705 1434 1735 est.
1454 1697 1554 1735 Vide
1573 1711 1676 1746 quae
1693 1698 1814 1748 paulo

122 1762 218 1792 ante
240 1769 278 1804 p.
302 1754 378 1792 850
401 1755 510 1793 dicta
533 1763 628 1793 sunt
651 1755 699 1793 de
723 1755 925 1794 Ademaro
950 1756 1133 1794 Roberti.
1159 1756 1265 1794 Nam
1287 1770 1427 1794 eorum
1450 1770 1570 1794 eausa
1594 1756 1810 1806 conjuncta

125 1813 217 1852 fuit.

174 1872 287 1910 Obiit
312 1872 512 1911 Avenioni
536 1887 643 1911 anno
669 1873 966 1920 MCCCXLIII,
991 1873 1053 1911 die
1076 1888 1192 1911 xxvxi
1213 1874 1467 1924 septembris,
1491 1881 1538 1911 ut
1562 1882 1623 1912 est
1646 1873 1687 1912 in
1711 1873 1813 1911 libro

119 1930 428 1980 Obligationum.
458 1932 570 1970 Idem
599 1932 718 1970 docet
748 1940 866 1970 vetus
898 1932 1180 1971 kalendarium
1210 1932 1440 1982 praefixum
1462 1932 1614 1971 missali
1645 1932 1814 1970 Joannis

120 1989 275 2028 Jofrevi
307 1990 485 2041 episcopi
517 1990 740 2029 Aniciensis
772 1991 813 2028 in
845 1991 981 2029 codice
1015 1990 1091 2028 730
1122 1991 1392 2029 bibliothecae
1425 1991 1712 2029 Colbertinae3
1744 1991 1813 2028 ubi

118 2049 197 2086 ista
216 2049 407 2099 leguntur
434 2049 486 2087 ad
514 2049 622 2088 diem
642 2065 667 2086 v
686 2050 766 2088 kal.
789 2050 964 2088 octobris
992 2066 998 2088 ι
1020 2051 1108 2088 Hac
1135 2051 1196 2088 die
1224 2050 1383 2088 decessit
1400 2050 1584 2087 dominus
1604 2064 1710 2087 meus
1730 2064 1811 2087 car-

119 2107 267 2145 dinalis
289 2109 333 2146 de
361 2108 509 2146 Gardia
530 2123 635 2146 anno
658 2108 955 2147 MCCCXLII.
1613 2111 1615 2113 ’

171 2167 300 2216 Vulgo
320 2167 499 2205 traditur
517 2167 633 2206 illum
651 2176 693 2206 et
713 2168 917 2206 Joannem
937 2168 984 2206 de
1007 2168 1238 2206 Molendino
1260 2167 1508 2206 cardinalem
1527 2167 1706 2217 sepultos
1727 2181 1810 2205 esse

118 2225 286 2264 Tolosae
314 2226 424 2276 apud
454 2226 755 2265 Dominicanos.
786 2227 1080 2265 Verumtamen
1107 2241 1179 2276 ego
1207 2227 1390 2276 sepulcra
1418 2240 1558 2264 eorum
1586 2225 1811 2275 conquisivi

118 2299 211 2323 cum
230 2299 390 2324 summa
411 2285 634 2335 diligentia,
656 2294 697 2324 et
717 2286 873 2324 nullam
893 2300 1033 2325 eorum
1054 2285 1293 2325 memoriam
1312 2285 1484 2335 reperire
1505 2282 1634 2334 potui.

172 2344 213 2382 P.
238 2343 326 2391 243,
348 2344 413 2394 lig.
438 2343 472 2382 6.
494 2344 763 2382 BERNARDUS
787 2359 842 2382 DE
865 2345 1028 2383 TURRE.
1054 2345 1219 2383 Patrem
1240 2344 1386 2382 habuit
1406 2343 1658 2381 Bernardum
1682 2342 1809 2380 domi-

117 2416 217 2441 num
250 2403 298 2441 de
334 2403 458 2441 Turre
492 2403 533 2440 in
568 2403 780 2450 Arvernia,
816 2411 992 2443 matrem
1024 2403 1254 2441 Beatricem
1290 2402 1416 2440 filiam
1454 2401 1616 2440 Henrici
1651 2401 1809 2438 comitis

120 2460 393 2499 Ruthenensis
420 2469 461 2500 et
487 2462 752 2501 Mascarosae.
784 2462 873 2512 Ipse
899 2476 922 2500 a
948 2462 1079 2513 prima
1105 2461 1280 2511 pueritia
1308 2461 1471 2499 clericus
1504 2460 1635 2498 factus
1662 2467 1736 2506 est,
1763 2467 1810 2496 ut

119 2519 242 2558 fidem
290 2520 448 2558 faciunt
494 2529 634 2559 vetera
681 2521 956 2560 instrumenta
1002 2520 1163 2559 illorum
1206 2528 1458 2569 temporum3
1501 2527 1668 2568 eratque
1703 2532 1809 2556 anno

117 2578 362 2617 MCCCXXI
391 2579 523 2629 major
553 2580 652 2617 XIV
681 2594 896 2627 annorum,
919 2579 1050 2618 minor
1079 2579 1237 2629 viginti.
1260 2579 1362 2617 Cum
1390 2585 1530 2616 autem
1556 2592 1663 2615 anno
1686 2576 1810 2615 mille-

116 2637 218 2675 simo
238 2638 456 2676 CCCXLII
478 2638 715 2678 Guillelmus
737 2639 786 2677 de
807 2639 945 2685 Turre,
968 2653 1091 2688 nepos
1114 2638 1213 2687 ejus,
1235 2651 1405 2675 uxorem
1426 2636 1609 2674 duxisset
1631 2635 1810 2685 Elipdim

162 2795 193 2827 1.
218 2794 414 2834 Toulouse,
438 2806 505 2828 ms.
530 2794 610 2835 490,
634 2795 696 2828 fol.
722 2796 766 2829 62
788 2800 831 2828 1¹⁰.

160 2846 371 2881 2.,G‹⁵,raud
398 2847 541 2891 portait
567 2848 599 2881 le
627 2859 717 2881 nom
744 2849 787 2881 de
815 2849 850 2881 la
871 2847 1004 2886 Garde‚
1035 2846 1197 2890 paroisse
1227 2846 1318 2879 dans
1336 2845 1494 2888 laquelle
1522 2856 1559 2878 se
1580 2844 1750 2878 trouvait
1775 2844 1807 2877 16

114 2899 176 2933 fies
207 2900 251 2933 de
284 2900 463 2933 Daumar.
499 2901 529 2933 Il
560 2901 666 2934 avait
697 2902 795 2934 deux
822 2901 934 2933 freres
963 2899 1260 2942 ecclesiastiques
1280 2911 1286 2931 z
1308 2898 1530 2937 Guillaume‚
1553 2897 1747 2935 chanoine‚
1770 2903 1808 2930 et

114 2944 284 2993 Efflenne,
311 2953 538 2986 archidiacre
565 2954 609 2986 de
634 2953 819 2987 Beauvais
849 2953 1017 2996 (Deprez‚
1045 2964 1079 2984 11.
1106 2952 1203 2994 482).
1821 2991 1827 2994 Δ

161 3007 192 3038 3.
221 3006 370 3045 Baluze,
399 3012 425 3039 t.
453 3018 504 3046 1v‚
533 3018 568 3049 p.
590 3006 671 3040 119.
691 3025 740 3029 —
766 3006 813 3039 Sa
831 3006 943 3038 livree
971 3017 1016 3038 en
1042 3004 1217 3048 Avignon
1243 3004 1302 3037 fut
1323 3003 1431 3037 cedee
1454 3004 1475 3036 a
1496 3003 1643 3036 Nicolas
1673 3002 1804 3046 Roger,

113 3058 346 3102 archeveque
367 3059 410 3091 de
432 3058 565 3091 Rouen
587 3059 755 3102 (Deprez‚
777 3070 811 3091 n.
832 3059 929 3102 485).
949 3077 997 3080 —
1015 3057 1084 3090 Sur
1104 3057 1264 3096 Geram,
1286 3057 1366 3090 voir
1384 3056 1547 3096 Morfier,
1568 3055 1730 3089 Histoire
1749 3056 1807 3088 des

114 3112 257 3144 mailros
280 3113 462 3154 generaux
482 3111 523 3144 de
544 3111 672 3145 l'ordre
694 3112 754 3145 des
775 3111 809 3144 F
810 3112 902 3144 reres
923 3111 1131 3149 Ρνέεὴειινε,
1156 3116 1182 3143 t.
1204 3121 1242 3149 11,
1266 3121 1300 3153 p.
1326 3110 1494 3143 171-185.
