2083 3458
87 235 237 290 [1082]
605 253 819 279 PAPARUM
856 254 1240 280 AVENIONENSIUM
1688 238 1769 279 603

71 336 247 374 multam
270 336 525 376 mentionem
551 338 701 377 facturi
725 353 866 378 sumus
890 340 932 378 in
957 340 1239 390 sequentihus,
1265 341 1470 389 tantisper
1495 339 1772 389 digrediamur

71 408 94 432 a
120 393 187 432 via
212 403 325 434 recta
349 403 397 433 ut
421 395 716 446 investigemus
743 412 796 436 an
819 398 852 436 is
877 413 918 437 re
943 413 1038 437 vera
1063 399 1116 437 sit
1140 398 1247 437 illius
1274 399 1404 449 operis
1430 407 1587 446 auctor,
1614 406 1655 437 et
1681 398 1769 448 quis

71 453 242 503 cujusve
294 454 419 493 fuerit
468 455 532 493 hic
587 456 780 495 Jacobus.
823 457 913 508 Ipse
966 457 1074 496 enim
1118 457 1388 507 jurejurando
1440 457 1614 496 asseruit
1663 471 1772 495 anno

71 512 422 551 MCCCLXXXII
454 528 496 552 se
529 514 629 552 nihil
661 529 846 566 unquam
878 516 1085 566 scripsisse
1117 530 1191 566 pro
1233 516 1401 554 Urbano
1434 517 1492 553 VI
1524 517 1566 554 in
1598 515 1771 554 materia

71 572 317 611 schismatis.
352 572 431 612 Sed
461 581 558 611 ante
591 574 727 612 omnia
759 575 1030 613 statuendum
1062 583 1123 614 est
1153 575 1268 613 illum
1300 589 1381 613 non
1420 575 1542 613 fuisse
1574 583 1770 613 vocatum

74 630 278 670 Jacobum
297 631 346 670 de
365 631 483 679 Sena,
502 632 564 669 uti
581 633 780 683 scriptum
799 642 861 672 est
878 634 988 684 apud
1010 634 1307 683 Raymundum
1328 634 1511 683 Hugonis
1530 634 1568 671 in
1588 633 1772 675 Historia

71 689 349 728 translationis
364 691 539 741 corporis
553 692 682 730 sancti
700 692 872 730 Thomae
886 693 1118 742 Aquinatis,
1134 707 1173 742 p.
1194 692 1282 741 738,
1298 693 1339 731 in
1355 701 1469 731 tomo
1485 693 1616 742 primo
1633 692 1771 730 martii

72 749 348 798 Bollandiani,
371 749 414 787 in
432 749 617 788 oratione
642 750 846 789 Francisci
867 751 916 790 de
940 751 1096 790 Urbino
1118 751 1298 801 episcopi
1318 752 1550 799 Faventim',
1574 751 1615 788 in
1634 750 1771 789 codice

75 808 310 847 Harlaeano
329 817 370 848 et
388 809 431 847 in
451 808 701 857 Colbertino,
722 809 833 860 apud
854 810 1071 859 Aegidium
1088 810 1359 849 Bellameram
1378 810 1498 849 decis.
1522 824 1770 848 Dctxxxvm

73 875 114 906 et
132 867 174 905 in
193 881 281 917 cap.
303 868 367 905 Ex
384 876 507 917 parte,
524 868 584 905 De
599 868 775 916 arbitris,
796 869 908 918 apud
924 869 1147 907 Henricum
1168 869 1450 919 Spondanum,
1470 883 1534 908 an.
1558 869 1672 916 1378,
1699 868 1715 917 ξ
1734 868 1770 917 9,

71 934 113 965 et
135 927 178 964 in
200 935 315 965 tomo
340 934 489 977 quarto
512 926 719 965 Historiae
747 927 1028 965 Universitatis
1051 927 1312 974 parisiensis,
1337 943 1375 978 p.
1401 927 1490 975 485,
1515 928 1585 965 ubi
1614 928 1772 965 factum

72 986 173 1024 illud
197 985 354 1024 editum
373 993 435 1034 est
452 985 481 1032 ¹,
500 986 570 1024 sed
598 986 802 1024 Jacobum
829 986 877 1023 de
896 987 1014 1033 Seva,
1034 987 1094 1024 uti
1113 986 1262 1025 diserte
1280 987 1479 1036 scriptum
1497 986 1618 1024 estin
1635 986 1772 1025 codice

72 1045 298 1092 Victorino,
319 1045 430 1095 apud
449 1045 787 1094 Boninsegnium,
808 1060 846 1095 p.
870 1045 959 1091 569,
975 1045 1180 1083 Historiae
1203 1045 1457 1083 Florentinae
1474 1045 1500 1092 2,
1515 1054 1555 1083 et
1570 1046 1612 1083 in
1628 1045 1772 1083 Diario

73 1104 247 1143 Joannis
269 1103 392 1142 Fabri
413 1104 593 1154 episcopi
615 1104 891 1151 Carnotensis,
914 1103 1024 1153 quod
1045 1105 1176 1142 instar
1197 1105 1379 1142 omnium
1401 1119 1485 1142 esse
1508 1104 1642 1143 debet.
1667 1104 1772 1141 Nam

72 1171 285 1213 praeterea
307 1163 350 1201 in
372 1163 470 1201 folio
495 1162 570 1201 115
594 1163 780 1212 ejusdem
799 1163 940 1200 Diarii
956 1162 972 1185 3
1002 1163 1157 1201 mentio
1190 1171 1251 1201 est
1273 1164 1349 1201 loci
1373 1163 1421 1201 de
1446 1163 1549 1201 Seva
1573 1163 1640 1201 siti
1662 1163 1704 1200 in
1727 1175 1772 1201 ea

72 1230 190 1272 parte
209 1222 365 1260 Galliae
385 1222 664 1260 Narbonensis
684 1236 789 1272 quae
808 1237 916 1260 nunc
937 1222 1152 1260 Provincia
1173 1222 1335 1269 dicitur,
1356 1236 1374 1260 e
1395 1236 1474 1271 qua
1495 1230 1630 1259 ortum
1651 1222 1773 1259 fuisse

74 1282 182 1320 hunc
204 1281 409 1320 ,Iacobum
430 1289 612 1319 testatur
633 1281 742 1319 idem
763 1281 978 1331 episcopus
1003 1281 1269 1319 Faventinus.

128 1340 201 1378 His
230 1341 290 1379 ita
319 1340 574 1388 constitutis,
606 1354 710 1390 quae
740 1348 851 1379 certa
881 1348 992 1387 sunt,
1024 1340 1238 1378 videamus
1269 1340 1359 1389 quis
1390 1340 1514 1377 fuerit
1543 1340 1665 1378 homo
1694 1340 1772 1377 ille.

73 1400 137 1437 Ex
165 1399 335 1438 militari
363 1400 556 1450 progenie
585 1414 657 1438 seu
686 1399 859 1449 antiqua
890 1399 1109 1437 nobilitate
1139 1406 1388 1448 prognatum
1419 1398 1542 1436 fuisse
1572 1398 1775 1447 colligitur

70 1473 122 1497 ex
146 1458 281 1497 verbis
309 1458 494 1509 ejusdem
521 1458 714 1509 episcopi,
751 1458 820 1508 qui
856 1472 947 1496 eum
976 1466 1099 1496 vocat
1133 1457 1462 1495 valentissimum
1498 1457 1708 1494 doctorem
1734 1464 1774 1495 et

71 1512 247 1557 militem
275 1525 317 1556 et
347 1518 600 1556 advocatum
631 1517 853 1567 antiquum
894 1517 1106 1555 Romanae
1147 1517 1281 1555 curiae
1297 1516 1325 1555 4.
1359 1516 1580 1554 Doctorem
1611 1529 1775 1565 quoque

71 1577 292 1627 antiquum
323 1591 417 1616 eum
445 1585 570 1616 vocat
598 1577 792 1615 Alfonsus
823 1576 993 1615 eremita
1024 1576 1120 1614 olim
1149 1575 1363 1625 episcopus
1394 1574 1634 1613 Giennensis
1664 1573 1773 1624 apud

73 1636 296 1675 Odoricum
323 1636 603 1685 Raynaldum,
629 1650 694 1675 an.
724 1635 838 1683 1379,
871 1636 887 1684 ἓ
915 1635 974 1674 19.
1002 1635 1267 1672 Advocatum
1294 1634 1474 1672 fiscalem
1501 1632 1772 1682 Raymundus

76 1696 260 1745 Hugonis
283 1695 325 1732 in
346 1696 436 1734 loco
458 1709 582 1745 supra
604 1695 790 1734 laudato,

126 1755 300 1793 Constat
321 1768 415 1793 eum
434 1755 477 1793 in
496 1754 616 1792 initio
638 1754 872 1792 schismatis
894 1753 1089 1791 transisse
1111 1753 1152 1790 in
1173 1760 1311 1802 partes
1336 1751 1491 1789 Urbani
1515 1751 1570 1788 VI
1592 1759 1634 1789 et
1654 1750 1705 1788 ab
1727 1765 1772 1788 eo

72 1814 241 1852 missum
258 1813 310 1858 ad
328 1814 527 1852 Karolum
543 1813 591 1861 V,
607 1827 744 1863 regem
759 1813 1024 1851 Francorum.
1045 1811 1161 1850 Istud
1177 1812 1286 1850 enim
1301 1811 1420 1849 docet
1435 1810 1543 1848 idem
1558 1810 1771 1859 episcopus

74 1873 328 1911 Faventinus
354 1873 414 1911 his
439 1872 575 1911 verbis
594 1875 608 1896 ⁵
634 1889 641 1910 :
668 1871 889 1922 Nunquam
912 1872 1019 1909 enim
1053 1871 1096 1908 in
1127 1870 1306 1908 Francia
1329 1884 1399 1919 pro
1429 1869 1590 1907 Urbano
1613 1868 1774 1917 fuerant

72 1932 374 1981 informationes
401 1940 560 1982 recepte.
594 1931 680 1969 Imo
708 1945 796 1969 cum
824 1931 876 1968 acl
904 1930 1024 1968 istum
1054 1929 1173 1979 finem
1203 1929 1297 1966 illac
1324 1928 1585 1966 destinaretur
1613 1927 1775 1977 quidam

71 1991 368 2029 valentissimas
400 1991 529 2028 doctor
560 1999 595 2028 et
627 1991 752 2038 miles,
787 1990 998 2028 advocatus
1030 1989 1220 2038 antiquas
1252 1988 1430 2025 Romane
1463 1986 1581 2033 carie,
1617 1985 1775 2023 nomine

70 2050 257 2088 dominas
286 2050 462 2088 Jacobas
489 2051 533 2087 cle
562 2050 667 2088 Sena
695 2049 855 2087 natione
882 2048 1165 2095 Provincialis,
1193 2047 1273 2096 suit
1298 2061 1367 2096 per
1394 2054 1544 2095 partem
1571 2046 1774 2082 adversam

70 2117 210 2159 captas
247 2117 281 2147 et
316 2109 492 2147 detentas
510 2109 537 2157 ⁶,
576 2109 741 2146 necdum
768 2122 838 2146 sae
874 2107 1047 2145 libertati
1075 2107 1188 2156 plene
1225 2105 1439 2152 restitutas,
1478 2117 1704 2154 quanquam
1732 2103 1776 2140 de

72 2168 214 2206 directo
240 2168 454 2206 mitteretur
477 2169 529 2206 ad
552 2168 792 2218 presentiam
817 2166 970 2204 domini
995 2165 1099 2214 regis
1124 2164 1307 2203 Francie.
1335 2164 1440 2200 Tum
1466 2177 1559 2212 ergo
1585 2162 1697 2199 misit
1721 2161 1773 2199 ad

74 2227 400 2266 Universitatem
420 2227 690 2265 Parisiensem
710 2226 869 2265 factum
889 2225 938 2264 de
958 2239 1039 2275 quo
1054 2237 1177 2274 supra
1194 2223 1385 2261 diximus.
1406 2221 1617 2259 Creditum
1634 2228 1773 2258 autem

72 2294 134 2325 est
160 2294 378 2336 propterea
404 2285 506 2324 illud
532 2286 584 2324 ab
611 2300 658 2324 eo
685 2285 963 2335 compositum
998 2283 1135 2330 fuisse,
1163 2290 1209 2320 ut
1236 2289 1353 2332 patet
1380 2296 1429 2318 ex
1455 2280 1588 2318 verbis
1616 2278 1774 2317 Alfonsi

73 2345 268 2384 eremitae
296 2345 435 2384 relatis
465 2345 517 2383 ab
547 2344 723 2383 Odorico
762 2343 981 2393 Raynaldo
1018 2343 1060 2380 in
1096 2342 1184 2379 loco
1212 2341 1335 2391 paulo
1372 2348 1468 2376 ante
1504 2338 1687 2376 laudato.
1719 2338 1773 2375 Et

73 2412 214 2443 tamen
251 2412 417 2442 constat
444 2403 560 2452 illud,
591 2403 823 2453 cujusmodi
852 2402 1030 2440 habetur
1066 2401 1107 2438 in
1145 2400 1283 2438 codice
1312 2398 1538 2444 Victorino,
1568 2411 1649 2433 non
1688 2411 1772 2434 esse

124 2534 156 2567 1.
187 2533 235 2566 Le
272 2540 375 2567 texte
411 2533 584 2576 imprime
620 2544 688 2577 par
715 2532 775 2565 Du
801 2532 946 2574 Boulay
973 2530 1070 2563 n’est
1095 2540 1161 2573 pas
1188 2528 1352 2571 complet
1377 2533 1415 2560 et
1442 2538 1462 2560 a
1489 2528 1546 2560 ete
1573 2526 1648 2558 mal
1675 2525 1773 2558 date.

78 2586 234 2630 D’apres
254 2587 379 2619 Valois
403 2587 442 2630 (t.
461 2599 485 2626 1,
506 2598 540 2630 p.
562 2586 644 2629 125)
666 2586 691 2619 il
708 2585 769 2618 fut
787 2585 961 2628 compose
980 2595 994 2613 ‹<
1012 2594 1093 2616 vers
1112 2582 1143 2615 le
1163 2581 1289 2617 milieu
1309 2582 1358 2613 du
1376 2580 1469 2612 mois
1489 2579 1620 2612 d'aofit
1638 2579 1730 2612 1378
1747 2588 1773 2609 ».

124 2641 155 2673 2.
184 2640 321 2672 Baluze
358 2640 487 2683 ajoute
526 2652 532 2672 :
571 2639 737 2673 Jacobus
767 2638 810 2671 de
840 2637 940 2670 Ceva
961 2641 1119 2670 vocatur
1139 2635 1182 2668 de
1205 2634 1304 2667 Ceva
1333 2633 1391 2665 vel
1421 2632 1516 2665 Sena
1545 2632 1591 2664 ab
1619 2630 1776 2674 Aegidio

75 2692 294 2732 Bellamera,
322 2693 432 2726 decis.
458 2693 540 2732 411,
567 2692 648 2732 689,
674 2691 739 2724 uhi
764 2691 902 2724 dicitur
925 2690 1134 2724 advocatus
1161 2687 1294 2720 fiscalis
1321 2685 1485 2728 Gregorii
1510 2685 1566 2717 XI
1596 2683 1776 2726 (Histoire

76 2746 117 2779 de
132 2746 340 2785 ·Marseille‚
366 2746 428 2779 lib.
455 2745 519 2785 VI,
545 2757 580 2788 p.
608 2744 703 2788 206).

120 2799 152 2832 3.
182 2799 222 2832 B.
251 2798 307 2838 Ν.,
333 2810 399 2831 ms.
425 2798 586 2840 francais
610 2797 714 2831 5015.

122 2852 154 2885 4.
186 2852 331 2885 Urbain
348 2851 400 2884 VI
427 2851 458 2884 le
486 2851 634 2894 designe
661 2850 756 2883 ainsi
774 2863 781 2883 2
801 2850 920 2892 legum
937 2849 1119 2886 doctorem,
1140 2846 1290 2879 militem
1306 2850 1336 2877 et
1352 2844 1513 2876 Romane
1529 2844 1627 2876 carie
1644 2853 1775 2875 mares-

73 2905 210 2938 callum
234 2904 385 2948 (Valois,
410 2916 446 2948 p.
471 2905 553 2944 125,
578 2910 666 2937 note
690 2903 737 2947 2).

123 2958 154 2991 5.
184 2957 224 2991 Β.
251 2957 308 2997 Ν.,
332 2969 400 2991 ms.
423 2956 518 2990 latin
540 2956 670 2997 11745,
693 2956 755 2990 fol.
781 2957 801 2989 8
823 2960 873 2988 v0.

125 3011 156 3044 6.
187 3010 333 3044 Urbain
369 3010 422 3043 VI
460 3010 637 3053 l'envoya
675 3009 719 3043 de
749 3013 900 3042 concert
929 3017 1019 3039 avec
1050 3003 1252 3048 Raymond
1282 3003 1325 3035 de
1356 3002 1504 3045 Capoue
1537 3001 1592 3044 (21
1623 3012 1777 3033 novem-

77 3063 140 3096 bre
162 3063 284 3107 1378).
307 3063 357 3096 Le
379 3069 502 3096 comte
524 3062 567 3096 de
590 3062 775 3095 Genevois
795 3061 959 3094 l'arreta.
982 3059 1145 3101 Jacques
1168 3057 1211 3089 de
1234 3056 1331 3089 Ceva
1353 3054 1492 3088 adhera
1513 3054 1606 3087 dans
1626 3054 1661 3086 la
1680 3053 1776 3087 suite

77 3116 99 3148 a
123 3116 293 3149 Clement
316 3116 391 3149 VII
419 3116 569 3159 (Valois,
596 3127 652 3159 op.
679 3115 750 3154 cit„
778 3126 812 3157 p.
840 3111 1026 3153 124-125).
