2083 3458
274 162 326 204 58
925 175 1077 200 NOTAE
1112 174 1172 199 AD
1207 173 1335 199 VITAs
1859 156 1986 215 [592]

276 262 450 301 Sanctae
478 261 629 298 Mariae
654 260 696 297 in
726 259 910 306 Porticu3
951 258 1062 309 apud
1090 257 1313 296 Odoricum
1344 257 1624 307 Raynaldum,
1655 272 1720 296 an.
1754 257 1869 305 1309,
1909 257 1925 306 ἓ
1950 257 1986 296 2.

329 322 371 359 Ρ.
392 320 452 368 12,
469 320 535 370 lig.
556 320 616 358 17.
637 319 1048 358 PROPEBURDEGAL.
1068 331 1233 355 URBEM.
1247 317 1370 367 Apud
1383 317 1602 356 Pessacum
1617 316 1988 368 utplurimum,ubi

273 381 397 418 datae
429 380 564 430 plures
597 378 723 429 ipsius
745 378 899 425 bullae3
933 377 999 415 vel
1024 377 1135 427 apud
1159 376 1364 414 Laureum
1388 385 1573 416 montem
1600 376 1672 415 ubi
1704 375 1831 416 etiam
1865 376 1988 415 datae

274 439 534 490 reperiuntur
554 438 656 476 aliae
676 437 824 475 bullae.

329 499 371 537 P.
399 498 461 545 12,
485 498 551 547 lig.
579 496 640 535 19.
667 497 863 536 ULME'ro.
891 495 942 534 Ce
967 494 1153 545 seigneur
1176 494 1241 532 fut
1266 495 1495 534 cond-amne
1520 497 1542 533 a
1565 495 1678 534 l’exil
1701 495 1915 546 perpetuel
1938 510 1988 534 en

274 561 375 596 aout
393 557 492 596 1311
514 557 730 607 (Beugnot,
750 555 868 603 Olim,
887 563 917 593 t.
934 569 976 602 11,
995 569 1034 605 p.
1054 553 1160 603 515).

329 617 372 655 P.
401 616 463 663 12,
491 616 558 666 lig.
586 616 647 654 31.
673 614 1050 661 SUBTERRATIONE,
1077 613 1136 652 ita
1156 613 1351 652 nimirum
1377 622 1424 652 ut
1449 614 1570 653 vivae
1591 614 1896 653 defoderentur.
1924 613 1989 653 Sic

275 676 383 714 enim
416 684 505 713 tum
539 675 726 713 solebant
758 688 850 724 erga
883 672 1055 712 feminas
1089 687 1194 723 quae
1225 687 1402 724 poenam
1425 673 1568 712 mortis
1600 681 1849 712 meruerant.
1882 673 1987 712 Acta

272 734 549 785 inquisitionis
577 734 712 773 factae
738 748 846 772 anno
874 733 1067 772 MCCXX
1093 740 1168 770 aut
1195 732 1302 770 XXI
1328 741 1470 771 utrum
1495 748 1568 772 rex
1592 733 1747 772 habeat
1772 733 1986 782 multrum,

273 803 454 845 raptum,
472 802 513 832 et
529 793 796 831 homicidium
811 793 853 831 in
869 793 998 842 burgo
1015 791 1195 843 episcopi
1212 791 1449 831 Parisiensis
1465 808 1472 830 :
1488 793 1532 831 in
1544 807 1641 831 novo
1660 793 1781 842 burgo
1797 792 1988 843 episcopi,

275 854 318 891 in
336 855 447 891 domo
465 853 617 891 Ferrici
636 854 680 891 de
699 852 884 891 Salneria
902 852 1046 890 accidit
1063 852 1165 902 quod
1181 852 1349 902 quedam
1366 852 1612 891 camberaria
1629 852 1769 891 occidit
1786 852 1990 890 dominam

271 927 400 960 suam,
420 921 453 950 et
467 912 630 962 jactavit
650 927 736 950 eam
755 912 797 950 in
824 926 977 950 camera
995 911 1166 962 privata.
1185 912 1328 949 Postea
1345 912 1450 950 dicta
1473 912 1719 950 camberaria
1737 912 1896 950 inventa
1910 912 1991 962 fuit

275 972 318 1009 in
346 972 465 1021 burgo
490 972 680 1022 episcopi,
706 971 850 1009 saisita
874 979 908 1008 et
933 970 1069 1009 vestita
1093 971 1138 1009 de
1163 970 1300 1009 tunica
1324 979 1358 1009 et
1382 971 1560 1009 cinctura
1584 979 1618 1010 et
1642 972 1687 1010 de
1711 970 1990 1010 elemosinaria

272 1040 307 1069 et
328 1032 372 1069 de
394 1031 534 1069 monili
557 1031 713 1069 domine
734 1045 803 1068 sue
825 1030 958 1068 occise.
982 1031 1034 1068 Et
1054 1038 1213 1081 propter
1233 1031 1302 1068 hoc
1322 1030 1472 1081 factum
1492 1031 1686 1082 prepositi
1708 1031 1863 1069 domini
1885 1031 1988 1081 regis

270 1091 445 1140 jecerunt
471 1105 556 1128 eam
586 1090 751 1140 infodiri
780 1090 921 1128 vivam.
953 1089 1116 1128 Literae
1136 1089 1293 1129 Nicolai
1322 1090 1467 1129 decani
1494 1090 1703 1129 Trecensis
1725 1091 1850 1129 datae
1878 1104 1986 1129 anno

273 1149 468 1189 MCCXII
490 1164 627 1189 mense
649 1149 864 1188 novembri
887 1165 894 1188 ε
919 1149 1069 1187 Notum
1087 1149 1262 1199 jacimus
1281 1150 1533 1200 presentibus
1553 1158 1588 1188 et
1605 1150 1756 1200 futuris
1777 1150 1880 1201 quod
1899 1164 1989 1188 cum

273 1209 373 1247 inter
399 1224 482 1256 nos,
509 1224 555 1247 ex
582 1224 664 1247 una
689 1217 812 1260 parte,
840 1217 875 1247 et
894 1208 1146 1247 carissimam
1175 1209 1379 1247 dominam
1406 1217 1580 1248 nostram
1605 1210 1840 1258 Blancham,
1869 1208 1986 1247 Cam-

271 1269 393 1319 panie
414 1269 653 1307 comitissam
686 1268 889 1316 illustrem,
919 1283 966 1307 ea·
997 1268 1131 1317 altera,
1170 1268 1369 1307 discordia
1396 1277 1492 1307 esset
1528 1270 1573 1307 de
1596 1269 1835 1320 quibusdam
1864 1269 1987 1307 homi-

275 1328 395 1366 nibus
419 1328 626 1379 suspensis
651 1336 686 1366 et
710 1328 755 1366 de
781 1328 952 1378 quadam
976 1327 1130 1378 femina
1156 1328 1357 1376 interrata,
1385 1328 1454 1379 qui
1480 1329 1586 1379 capti
1610 1328 1770 1379 fuerant
1796 1329 1840 1367 in
1868 1328 1988 1378 burgo

273 1395 401 1426 nostro
434 1388 572 1426 Sancti
601 1387 805 1438 Dionysii,
840 1402 935 1438 quos
964 1387 1140 1426 videlicet
1169 1388 1377 1426 servientes
1404 1388 1528 1426 nostri
1559 1389 1849 1439 suspenderant
1878 1388 1990 1439 apud

278 1447 512 1485 Vacheriam
538 1447 580 1484 in
605 1455 738 1485 nostra
759 1447 919 1497 justitia
942 1455 1050 1485 extra
1073 1447 1269 1486 civitatem
1296 1448 1524 1486 Trecensem
1548 1455 1582 1486 et
1603 1447 1798 1498 feminam
1823 1447 1986 1485 interra-

271 1515 417 1555 verant,
448 1514 524 1545 etc.
558 1507 738 1545 Joannes
770 1506 1065 1554 Stiernookius,
1095 1507 1166 1546 lib.
1195 1507 1248 1555 II,
1268 1507 1328 1545 De
1354 1507 1443 1557 jure
1473 1507 1676 1546 Sueonum
1705 1516 1740 1546 et
1774 1507 1987 1546 Gothorum

271 1574 430 1613 vetusto,
462 1581 501 1617 p.
533 1566 623 1614 356,
653 1567 825 1616 loquens
856 1567 905 1605 de
927 1565 1069 1617 poenis
1101 1566 1339 1605 constitutis
1370 1567 1566 1605 adversus
1596 1566 1824 1605 homicidas
1856 1582 1864 1605 ε
1893 1566 1988 1617 jura

273 1625 476 1663 Sueonum
491 1625 727 1676 ubicumque
740 1634 775 1663 et
790 1625 833 1664 in
847 1640 1087 1677 quocumque
1101 1641 1196 1664 casu
1211 1626 1327 1674 viros,
1343 1626 1463 1665 etiam
1475 1626 1648 1676 seminas
1663 1634 1781 1665 morte
1794 1626 1985 1677 puniunt.

273 1685 350 1723 Sed
371 1699 438 1723 nec
459 1693 562 1723 rotae
583 1685 785 1736 supplicio
800 1694 870 1723 aut
889 1686 1119 1736 suspendio,
1137 1694 1179 1724 ut
1198 1686 1424 1737 parricidas
1446 1686 1503 1724 vel
1515 1686 1637 1736 sures,
1661 1700 1729 1724 nec
1749 1685 1869 1724 etiam
1890 1684 1986 1724 vivi-

271 1743 485 1792 comburio,
509 1745 610 1795 quod
632 1745 675 1783 in
697 1744 936 1795 quibusdam
957 1745 1117 1783 casibus
1139 1746 1184 1783 de
1202 1745 1292 1796 jure
1315 1745 1530 1783 novissimo
1551 1753 1743 1784 statutum
1764 1754 1830 1793 est,
1854 1759 1987 1784 verum

272 1803 491 1853 defossione
510 1812 545 1842 et
566 1804 710 1854 injecta
730 1804 915 1855 lapidum
931 1804 1121 1855 congerie,
1134 1813 1324 1856 tanquam
1343 1805 1380 1843 si
1400 1805 1546 1856 pudori
1561 1813 1596 1843 et
1615 1805 1850 1850 reverentiae
1870 1818 1987 1843 sexus

272 1863 413 1900 melius
437 1864 666 1902 consulatur
687 1863 724 1901 si
748 1878 837 1902 cum
859 1864 1050 1914 slagitioe
1074 1873 1282 1915 conspectu
1305 1865 1513 1903 hominum
1527 1873 1694 1903 remotae
1718 1872 1984 1914 contegantur.

328 1922 371 1960 Ρ.
391 1922 453 1970 13,
469 1923 536 1973 lig.
556 1922 617 1961 15.
635 1923 813 1962 VALEIE.
834 1923 996 1962 Charles
1015 1924 1064 1962 de
1080 1923 1218 1963 Valois
1236 1924 1388 1975 epousa
1406 1926 1428 1962 a
1446 1923 1633 1972 Poitiers,
1651 1939 1701 1963 en
1716 1924 1851 1974 juillet
1869 1923 1984 1971 1308,

275 1981 460 2030 Mahaut‚
492 1982 576 2021 fille
615 1982 664 2021 de
702 1982 781 2023 Gui
817 1983 873 2022 IV
907 1983 956 2022 de
995 1983 1215 2032 Chatillon,
1258 1992 1394 2023 comte
1431 1984 1480 2023 de
1518 1983 1732 2023 saint-Pol
1768 1984 1823 2034 (J.
1860 1982 1984 2031 Petit,

271 2041 435 2080 Charles
465 2042 510 2079 de
532 2042 681 2089 Valois,
700 2057 739 2093 p.
759 2042 848 2090 245,
869 2042 976 2093 246).

327 2100 370 2138 Ρ.
398 2100 459 2148 13,
484 2101 550 2151 lig.
578 2101 639 2140 17.
666 2101 818 2139 F1L1AM
845 2117 955 2141 men
982 2102 1163 2150 KAnou,
1189 2102 1466 2153 Margaretam
1484 2103 1511 2151 1,
1538 2117 1663 2153 quam
1687 2102 1789 2141 falso
1814 2101 1984 2152 quidam

272 2168 425 2198 vocant
449 2160 732 2199 Clementiam.
759 2161 861 2199 Erat
883 2161 951 2200 illa
972 2161 1055 2200 filia
1072 2162 1320 2201 Catharinae
1334 2161 1621 2213 imperatricis,
1638 2161 1984 2212 Constantinopo-

270 2219 440 2267 litanae,
464 2227 512 2257 ut
534 2219 594 2257 ait
616 2227 761 2259 auctor
782 2220 872 2259 iste.
894 2221 1012 2270 Quod
1036 2221 1220 2260 Andreas
1239 2221 1509 2269 Duchesnius,
1527 2222 1596 2262 lib.
1616 2222 1685 2269 IV,
1709 2221 1814 2259 Hist.
1841 2220 1984 2259 Castil-

270 2277 382 2325 lion„
409 2292 496 2329 cap.
520 2294 560 2326 11,
588 2279 802 2318 contendit
821 2294 906 2319 esse
931 2295 1088 2329 verum,
1108 2295 1199 2319 eam
1223 2280 1411 2331 inquiens
1432 2280 1555 2320 fuisse
1577 2280 1704 2319 filiam
1729 2281 1985 2331 Margaretae

274 2337 446 2385 Siculae,
467 2338 611 2388 prioris
632 2338 770 2377 uxoris
794 2339 936 2378 Karoli
957 2340 1118 2378 comitis
1140 2340 1338 2379 Valesiae.

326 2396 369 2434 P.
389 2397 450 2444 13,
467 2397 534 2447 lig.
552 2397 614 2436 21.
635 2398 872 2437 DEFUNCTI.
892 2399 997 2437 Jean
1013 2400 1061 2438 de
1080 2399 1360 2438 Saint—Victor
1376 2407 1593 2450 emprunte
1610 2401 1632 2437 a
1649 2407 1735 2437 tort
1752 2413 1795 2437 ce
1810 2412 1982 2450 passage

272 2469 325 2493 au
347 2456 637 2495 continuateur
658 2458 706 2495 de
729 2456 883 2508 Nangis
907 2458 984 2508 (ed.
1008 2459 1124 2507 eitee,
1145 2467 1176 2498 t.
1197 2473 1224 2507 1,
1246 2474 1286 2510 p.
1309 2459 1416 2509 367).
1441 2459 1599 2497 Robert
1620 2457 1801 2497 d’Artois
1823 2471 1846 2496 a
1866 2472 1923 2509 pu
1943 2472 1984 2496 se

276 2514 425 2553 fiancer
446 2530 545 2554 avec
567 2517 738 2564 Jeanne,
761 2517 989 2567 quatrieme
1010 2526 1051 2557 et
1071 2533 1154 2557 non
1173 2518 1380 2557 troisieme
1403 2518 1483 2557 fille
1505 2518 1553 2557 de
1576 2518 1734 2556 Robert
1757 2517 1811 2565 II,
1834 2517 1913 2556 duc
1933 2517 1982 2555 de

271 2573 531 2624 Bourgogne3
554 2590 604 2613 en
623 2576 766 2614 realite
785 2576 814 2614 il
835 2579 986 2627 epousa
1008 2592 1057 2616 en
1076 2577 1211 2627 juillet
1232 2577 1333 2616 1315
1355 2578 1513 2616 Jeanne
1534 2577 1584 2616 de
1604 2576 1742 2616 Valois
1763 2584 1805 2615 et
1826 2577 1983 2615 Jeanne

272 2632 321 2670 de
341 2633 581 2684 Bourgogne
603 2649 643 2673 se
663 2635 792 2673 maria
813 2650 913 2674 avec
934 2636 1121 2687 Philippe
1142 2637 1191 2675 de
1214 2636 1352 2675 Valois
1375 2636 1438 2686 (E.
1463 2636 1587 2684 Petit,
1608 2636 1786 2674 Histoire
1805 2636 1870 2674 des
1890 2635 1984 2673 dues

273 2692 316 2728 de
336 2692 583 2742 Bourgogne,
604 2702 633 2733 t.
656 2709 709 2741 vi,
730 2710 768 2745 p.
792 2695 879 2742 115,
900 2703 941 2733 et
962 2696 998 2733 J.
1022 2696 1146 2743 Petit,
1167 2695 1328 2734 Charles
1348 2697 1392 2734 de
1416 2695 1565 2744 Valois,
1585 2711 1624 2746 p.
1646 2695 1753 2744 244).

320 2842 351 2873 1.
374 2841 600 2884 Margum-ite
620 2844 713 2877 etait
738 2844 808 2877 fille
830 2846 872 2877 de
894 2846 1121 2888 Margucrite
1142 2846 1321 2889 d'Anjou,
1342 2845 1524 2889 premiere
1542 2845 1680 2878 femme
1701 2845 1745 2878 de
1766 2844 1916 2878 Charles
1937 2846 1981 2878 de

272 2894 409 2927 valois.
431 2895 504 2927 Son
522 2897 638 2928 union
658 2908 747 2930 avec
768 2899 839 2931 Cui
859 2900 902 2931 de
922 2899 1123 2938 Chatillon,
1144 2910 1339 2932 convenue
1358 2911 1403 2931 en
1421 2899 1527 2932 1298.
1547 2899 1606 2931 fut
1625 2899 1789 2932 celebree
1809 2899 1829 2930 ὲ
1847 2898 1979 2939 Senlis,

272 2947 302 2978 lo
327 2948 364 2980 18
381 2948 501 2990 juillet
526 2950 609 2981 1311
635 2950 681 2991 (J.
704 2952 815 2987 Petit„
835 2952 984 2985 Chat-les
1002 2954 1042 2985 cle
1061 2950 1200 2991 Valois,
1219 2964 1253 2996 p.
1274 2952 1445 2995 241-243)
1461 2966 1466 2991 3
1485 2964 1554 2996 par
1569 2954 1804 2995 consequent
1819 2952 1917 2984 Jean
1934 2952 1979 2985 de

271 3000 529 3033 §nint—Victor
547 3011 710 3036 commct
730 3005 773 3037 ici
794 3017 866 3038 une
886 3018 1022 3038 errcur.
1046 3006 1074 3038 11
1094 3018 1114 3038 a
1134 3006 1208 3038 mal
1227 3006 1264 3038 lu
1284 3006 1314 3038 le
1334 3005 1605 3039 continuateur
1623 3006 1667 3038 de
1688 3004 1829 3048 Nangis
1849 3005 1913 3048 qui
1932 3017 1977 3038 ne

271 3055 373 3095 pavle
391 3066 461 3096 qu(-
479 3056 522 3086 do
545 3056 745 3098 fianqailles
767 3058 835 3100 (ed.
857 3059 902 3092 H.
923 3059 1085 3095 Geraud,
1105 3065 1130 3091 t.
1147 3071 1170 3097 1⁷
1189 3071 1223 3102 p.
1242 3059 1339 3102 368).
