2083 3458
292 130 346 173 38
944 133 1096 159 NOTAE
1130 132 1190 157 AD
1225 130 1354 156 VITAs
1879 111 2003 166 [579]

296 245 335 281 p.
363 227 462 278 212]
495 242 502 265 :
536 226 673 263 Frater
702 221 904 260 Joharmes
931 215 1178 256 Parisiensis
1204 214 1428 252 licentiatus
1448 228 1554 251 anno
1569 212 1738 251 Domini
1765 211 2003 249 MCCCIV.

298 289 379 326 Hic
395 286 492 325 obiit
512 286 553 323 in
573 283 685 322 curia
703 294 865 319 romana
886 276 1136 326 Burdegalis,
1154 274 1223 312 ubi
1242 273 1496 324 diffinitivam
1516 272 1749 310 sententiam
1765 271 2005 322 empectabat,

300 362 406 386 anno
437 344 605 385 Domini
633 339 869 385 MCCCVI,
901 338 943 375 in
972 336 1067 386 festo
1097 334 1225 372 sancti
1256 332 1450 371 Mauritii
1484 332 1547 383 [22
1584 331 1857 382 septembris].
1887 330 2006 379 Quod

301 415 441 445 autem
464 405 523 442 ait
544 403 659 441 illum
683 400 805 437 fuisse
826 396 1086 436 licentiatum
1110 408 1217 432 anno
1243 392 1443 431 MCCCIV
1461 391 1521 429 ita
1545 391 1860 441 intelligendum
1878 398 1940 429 est
1960 398 2007 428 ut

303 481 348 505 eo
384 479 491 503 anno
527 463 686 500 dicatur
721 458 843 496 fuisse
875 454 1112 494 licentiatus
1145 453 1188 491 in
1218 451 1425 502 theologia
1455 451 1499 489 in
1529 450 1740 489 academia
1776 449 2006 488 Parisiensi.

300 524 532 564 Bernardus
560 520 668 560 enim
694 518 773 557 illic
795 522 1010 555 enumerat
1026 513 1242 563 magistros
1268 511 1522 561 theologicae
1543 510 1753 549 facultatis
1770 509 2007 548 Parisiensis

302 590 535 633 assumptos
567 595 617 619 ex
647 578 786 617 ordine
818 576 994 613 fratrum
1026 571 1375 611 praedicatorum.
1402 571 1581 617 Praeter,
1617 584 1739 621 opera
1772 584 1869 607 vero
1903 583 2008 619 quae

302 643 396 681 huic
430 640 582 680 ,loanni
613 639 737 687 vulgo
770 636 1024 680 tribuuntur,
1078 639 1226 670 extant
1256 630 1300 669 in
1323 630 1460 669 codice
1494 629 1600 669 3725
1626 629 1716 679 [ms.
1743 629 1848 667 latin
1876 627 2006 679 3557]

302 701 574 741 bibliothecae
601 696 871 742 Colbertinae,
901 693 968 732 fol.
997 692 1046 730 63
1076 696 1126 739 ΓΟ,
1164 691 1239 729 160
1264 695 1323 738 v0,
1361 690 1436 728 194
1464 694 1515 738 r0,
1542 703 1746 728 sermones
1773 696 1855 727 tres
1882 688 1934 726 ab
1963 703 2008 727 eo

304 761 402 800 dicti
426 759 614 798 Lutetiae
635 774 641 795 z
664 769 838 807 quorum
859 753 1013 804 primus
1042 759 1103 790 est
1128 750 1168 788 in
1197 750 1382 788 adventu
1411 748 1589 797 Domini,
1615 748 1716 787 alius
1739 748 1781 786 in
1804 747 2008 787 dominica

303 820 480 860 secunda
505 815 853 869 quadragesimae,
876 811 1022 851 tertius
1044 811 1086 849 in
1109 810 1314 849 dominica
1335 809 1442 848 infra
1465 816 1633 847 octavas
1657 808 1838 847 Paschae
1855 807 1882 846 ¹.

358 881 401 919 P.
425 879 461 926 2,
482 878 548 928 lig.
572 876 633 915 28.
658 876 1006 913 PR1M0GEN1TAM.
1031 871 1136 909 Jean
1158 870 1206 908 de
1229 868 1508 908 Saint-Victor
1528 876 1570 907 et
1588 869 1624 906 le
1647 868 1939 906 continuateur
1961 867 2009 905 de

306 938 459 988 Nangis
481 939 526 986 (t.
545 951 571 984 1,
591 951 630 987 p.
651 934 742 983 349)
764 938 1038 972 commettent
1055 931 1094 968 la
1113 932 1246 968 meme
1265 943 1401 967 erreur
1434 959 1442 967 .
1464 927 1585 966 Louis
1604 928 1640 966 le
1661 927 1794 965 Hutin
1813 928 2008 978 n’epousa

304 1013 392 1050 pas,
411 998 447 1037 le
468 997 517 1035 23
537 994 768 1046 septembre
790 991 904 1039 1305,
924 992 963 1029 la
986 990 1066 1028 fille
1086 991 1200 1028 ainee
1222 989 1277 1027 du
1297 988 1376 1027 duc
1397 988 1445 1026 de
1463 988 1706 1037 Bourgogne
1727 987 1828 1025 mais
1849 1001 1893 1025 sa
1913 986 2009 1025 troi-

305 1057 427 1096 sieme
459 1056 551 1094 fille.
584 1055 689 1093 Leur
718 1066 853 1091 erreur
881 1050 1073 1102 provient
1103 1050 1152 1088 de
1183 1063 1225 1087 ce
1256 1062 1334 1099 que
1365 1047 1518 1086 celle-ci
1546 1054 1667 1098 porta
1695 1047 1731 1085 le
1760 1049 1931 1097 prenom
1962 1046 2010 1084 de

306 1115 566 1166 Marguerite,
588 1128 639 1152 en
659 1111 850 1151 souvenir
872 1111 921 1149 de
941 1110 980 1148 la
1001 1108 1293 1161 premiere-nee
1315 1108 1370 1146 du
1392 1108 1470 1146 duc
1493 1107 1563 1157 qui
1583 1114 1751 1145 mourut
1772 1121 1821 1144 en
1843 1106 1915 1144 bas
1939 1108 2010 1156 age

308 1177 370 1226 (E.
394 1175 518 1222 Petit,
538 1173 716 1212 Histoire
736 1172 801 1210 des
820 1171 915 1209 duos
935 1170 979 1208 de
999 1169 1235 1218 Bourgogne
1255 1168 1300 1206 de
1320 1167 1360 1205 la
1379 1182 1465 1205 race
1484 1166 1724 1217 capetienne,
1746 1165 1873 1213 Paris,
1896 1165 2010 1213 1898,

305 1244 335 1274 t.
364 1250 418 1283 v1,
444 1249 483 1285 p.
512 1233 617 1282 115).

358 1295 401 1332 P.
419 1294 455 1341 2,
470 1294 537 1343 lig.
554 1292 616 1331 31.
634 1291 860 1329 NAVARRE.
878 1288 1000 1327 Louis
1018 1287 1162 1326 devint
1175 1286 1235 1325 roi
1251 1287 1300 1325 de
1317 1286 1500 1324 Navarre
1515 1286 1551 1324 le
1567 1285 1589 1323 5
1605 1284 1709 1324 avril
1725 1284 1838 1323 1305.

358 1354 401 1392 P.
424 1353 460 1401 2,
481 1352 548 1402 lig.
571 1351 633 1390 33.
658 1351 774 1388 F1L1A
798 1349 966 1387 KAROLI
997 1347 1160 1386 comitis
1182 1346 1381 1394 Valesiae,
1403 1345 1568 1384 nomine
1589 1352 1766 1383 matrem
1796 1343 2011 1391 referente,

304 1413 345 1451 id
366 1420 441 1461 est,
464 1410 729 1451 Catharinam
750 1408 941 1447 heredem
968 1406 1129 1458 imperii
1150 1404 1613 1456 Constantinopolitani,
1634 1412 1682 1442 ut
1706 1403 1827 1442 isthic
1849 1403 2011 1442 dieitur.

305 1472 383 1511 Sed
403 1472 503 1510 haec
524 1469 729 1522 sponsalia
751 1468 835 1507 sine
857 1468 1006 1507 effectu
1028 1467 1151 1505 fuere.
1176 1465 1342 1504 Etenim
1376 1463 1612 1512 Catharina,
1643 1478 1737 1503 cum
1757 1464 1810 1502 ad
1831 1471 2013 1502 aetatem

304 1531 485 1570 nubilem
515 1529 717 1582 pervenit,
749 1535 983 1566 contestata
1013 1541 1054 1565 se
1082 1525 1264 1577 indigere
1293 1525 1382 1563 viro
1412 1523 1576 1576 potenti
1604 1523 1657 1562 ad
1685 1522 2014 1574 recuperandum

304 1590 522 1642 imperium
549 1587 1071 1638 Constantinopolitanum,
1101 1585 1211 1636 quod
1239 1584 1317 1623 sibi
1344 1584 1573 1623 debebatur
1599 1582 1759 1621 ratione
1786 1581 1944 1630 matris,
1973 1590 2014 1621 et

306 1651 451 1688 ducem
467 1648 729 1699 Burgundiae
746 1662 829 1685 non
845 1661 963 1698 posse
980 1645 1074 1684 huic
1091 1644 1256 1695 negotio
1275 1644 1470 1692 sufficere,
1487 1643 1627 1694 palam
1643 1650 1685 1681 et
1701 1641 1863 1694 publice
1881 1642 2013 1680 decla-

305 1709 415 1748 ravit
437 1709 543 1747 nolle
567 1723 607 1747 se
631 1716 740 1746 stare
762 1706 895 1758 pactis
920 1706 1016 1745 olim
1040 1720 1112 1744 suo
1136 1704 1302 1743 nomine
1324 1703 1437 1742 initis
1462 1703 1511 1742 de
1534 1701 1799 1741 matrimonio
1823 1716 1897 1740 suo
1920 1715 2014 1740 cum

308 1768 390 1807 filio
416 1768 528 1807 ducis
551 1766 814 1818 Burgundiae
839 1766 909 1805 sed
933 1765 1035 1804 velle
1061 1780 1101 1803 se
1126 1763 1270 1803 sociari
1294 1763 1459 1802 vinculo
1484 1761 1690 1812 conjugali
1714 1775 1808 1800 cum
1825 1760 2014 1812 Philippo

304 1828 487 1879 principe
509 1826 733 1866 Tarentino
758 1825 841 1864 filio
866 1824 1008 1864 Karoli
1034 1825 1088 1872 II,
1110 1823 1214 1874 regis
1239 1822 1411 1871 Siciliae,
1435 1822 1468 1861 si
1488 1822 1549 1861 ita
1571 1829 1801 1860 annuerent
1829 1835 2013 1859 summus

307 1887 500 1926 Pontifex
529 1894 570 1925 et
599 1886 813 1937 Philippus
847 1885 901 1922 IV
930 1899 1002 1923 rex
1032 1883 1241 1931 Franciae,
1271 1882 1359 1933 ejus
1387 1890 1575 1933 patruus.
1606 1881 1738 1919 Extat
1766 1880 1875 1919 enim
1903 1880 2014 1931 apud

307 1947 505 1997 Cangium
535 1946 577 1984 in
608 1945 833 1997 appendice
861 1944 1067 1983 Historiae
1097 1942 1580 1994 Constantinopolitanae,
1611 1955 1651 1992 p.
1676 1940 1739 1988 65,
1764 1938 2014 1979 contestatio

307 2006 393 2056 ejus
414 2021 459 2045 ea
480 2020 584 2056 quae
605 2005 782 2043 diximus
803 2004 1030 2043 continens.
1050 2003 1211 2041 Extant
1228 2001 1396 2049 ibidem,
1416 2016 1455 2052 p.
1473 2001 1535 2049 74,
1550 2000 1693 2039 literae
1714 1999 1893 2050 Philippi
1911 1998 2014 2049 regis

308 2066 429 2104 datae
447 2080 554 2103 anno
574 2064 740 2103 Domini
756 2063 1008 2102 MCCCXIII
1026 2077 1164 2101 mense
1180 2061 1296 2112 julio,
1318 2061 1467 2112 quibus
1485 2060 1706 2099 confirmat
1723 2058 2015 2098 conventiones

306 2125 431 2163 initas
451 2124 559 2163 inter
579 2124 743 2162 eosdem
765 2123 1003 2174 Philippum
1025 2130 1065 2161 et
1087 2121 1373 2169 Catharinam3
1396 2128 1438 2159 et
1456 2135 1497 2171 p.
1521 2119 1583 2168 63,
1605 2119 1717 2157 bulla
1739 2117 1958 2157 Clementis
1980 2117 2015 2155 V

310 2185 407 2222 data
437 2184 516 2222 kal.
547 2183 789 2234 septembris
819 2197 926 2221 anno
956 2181 1102 2232 quinto
1143 2181 1207 2232 [23
1235 2180 1400 2231 augusti
1430 2178 1571 2230 1310],
1599 2178 1642 2217 in
1671 2192 1752 2229 qua
1780 2177 2016 2216 continetur

310 2243 485 2293 qualiter
502 2243 587 2281 dux
604 2250 645 2281 et
662 2242 821 2281 ducissa
837 2241 1114 2291 Burgundiae,
1133 2240 1281 2291 quibus
1304 2239 1454 2278 iterato
1472 2238 1691 2289 scripserat
1712 2237 1760 2276 de
1778 2236 2015 2275 dirimendis

309 2302 523 2353 sponsaliis
544 2301 640 2340 olim
658 2301 771 2340 initis
790 2301 898 2339 inter
918 2301 1074 2339 dictum
1096 2301 1241 2338 ducem
1262 2307 1303 2338 et
1324 2297 1603 2346 Catharinam,
1624 2297 1822 2336 nolebant
1841 2310 1864 2335 a
1883 2295 2015 2347 pactis

309 2362 507 2409 recedere,
530 2361 714 2411 adeoque
735 2375 818 2399 non
839 2375 956 2411 posse
978 2375 1019 2398 se
1041 2360 1196 2410 absque
1219 2373 1418 2398 consensu
1440 2357 1553 2396 ducis
1575 2355 1777 2408 praedicti
1797 2355 2016 2407 procedere

310 2421 361 2458 ad
383 2420 658 2459 dirimendum
678 2420 883 2471 sponsalia
905 2419 1155 2470 supradicta.
1178 2419 1326 2457 Postea
1346 2426 1489 2456 tamen
1508 2415 1727 2464 consensit,
1748 2423 1789 2454 et
1809 2429 1903 2454 cum
1923 2413 2017 2452 Phi-

310 2480 420 2530 lippo
445 2488 485 2518 et
509 2479 730 2518 Catharina
754 2478 1011 2530 dispensavit
1032 2487 1080 2516 ut
1101 2477 1367 2516 matrimonio
1388 2476 1506 2527 jungi
1527 2483 1696 2527 possent
1717 2489 1800 2513 non
1824 2475 2016 2513 obstante

311 2539 438 2588 gradu
463 2538 832 2589 consanguinitatis
855 2538 1066 2589 prohibito
1084 2551 1166 2588 quo
1185 2552 1226 2576 se
1243 2536 1522 2587 attingebant,
1539 2542 1588 2573 ut
1611 2535 1761 2574 docent
1780 2533 2019 2573 eorumdem

312 2597 489 2648 Philippi
508 2597 701 2649 principis
722 2606 763 2636 et
783 2597 962 2649 Philippi
980 2597 1083 2647 regis
1102 2596 1245 2635 literae
1263 2595 1417 2635 ibidem
1437 2594 1586 2643 editae,
1605 2609 1645 2645 p.
1664 2594 1712 2632 77
1733 2601 1775 2632 et
1795 2592 1856 2641 79,
1872 2600 1914 2631 et
1931 2591 2018 2643 ipse

311 2656 493 2695 Clemens
538 2657 649 2708 apud
696 2656 918 2696 Odoricum
966 2656 1245 2706 Raynaldum,
1281 2670 1347 2694 an.
1397 2654 1512 2703 1312,
1554 2654 1571 2703 ἕ
1606 2653 1669 2693 49.
1721 2653 1867 2703 Itaque
1911 2665 2020 2691 anno

311 2714 575 2763 MCCCXIII,
606 2716 791 2766 princeps
824 2716 1078 2763 Tarentinus,
1108 2715 1212 2754 circa
1238 2714 1383 2765 sestam
1412 2713 1687 2764 MagdaleneS,
1713 2711 1842 2763 filiam
1868 2710 2022 2749 comitis

318 2774 466 2812 Valesii
486 2790 530 2812 esc
549 2776 712 2825 conjuge
732 2775 966 2823 Katherina,
987 2775 1160 2813 heredem
1191 2771 1625 2824 constantinopolitani
1645 2770 1818 2822 imperii,
1856 2770 2020 2821 despon-

363 2963 393 2995 1.
415 2963 496 3005 Mgr
516 2963 734 2996 Grabmann
755 2977 773 2996 a
794 2965 921 3007 publie
939 2964 971 2997 le
991 2964 1158 2997 discours
1178 2963 1241 3007 qui
1260 2963 1321 2996 fut
1338 2963 1529 3007 prononce
1549 2961 1569 2993 a
1587 2972 1725 3005 propos
1745 2959 1789 2992 de
1808 2970 1849 2992 sa
1866 2958 2018 2999 licence,

316 3016 461 3059 d'aprcs
476 3016 507 3047 10
523 3028 589 3049 ms.
606 3016 844 3053 121ri1114889.
860 3017 885 3051 f.
899 3019 943 3051 38
960 3021 1000 3050 νο
1017 3017 1185 3061 (Studien
1197 3028 1242 3049 zie
1254 3014 1447 3049 Johannes
1461 3015 1615 3059 Quidort
1627 3025 1695 3047 von
1707 3012 1831 3052 Paris,
1844 3023 1879 3056 p.
1892 3010 2017 3055 38-60)
