<?xml version="1.0" encoding="UTF-8"?>
<!DOCTYPE html PUBLIC "-//W3C//DTD XHTML 1.0 Transitional//EN"
    "http://www.w3.org/TR/xhtml1/DTD/xhtml1-transitional.dtd">
<html xmlns="http://www.w3.org/1999/xhtml" xml:lang="en" lang="en">
 <head>
  <title>
</title>
<meta http-equiv="Content-Type" content="text/html;charset=utf-8" />
  <meta name='ocr-system' content='tesseract 3.04.00' />
  <meta name='ocr-capabilities' content='ocr_page ocr_carea ocr_par ocr_line ocrx_word'/>
</head>
<body>
  <div class='ocr_page' id='page_1' title='image "./vitaepaparumaven02balu_0801.png"; bbox 0 0 2083 3458; ppageno 0'>
   <div class='ocr_carea' id='block_1_1' title="bbox 73 259 1760 315">
    <p class='ocr_par' dir='ltr' id='par_1_1' title="bbox 73 259 1760 315">
     <span class='ocr_line' id='line_1_1' title="bbox 73 259 1760 315; baseline -0.001 -15"><span class='ocrx_word' id='word_1_1' title='bbox 73 259 228 315; x_wconf 81' lang='lat'>[1270]</span> <span class='ocrx_word' id='word_1_2' title='bbox 596 274 811 300; x_wconf 79' lang='lat' dir='ltr'><strong>PAPARUM</strong></span> <span class='ocrx_word' id='word_1_3' title='bbox 847 272 1230 297; x_wconf 77' lang='lat' dir='ltr'><strong>AVENIONENSIUM</strong></span> <span class='ocrx_word' id='word_1_4' title='bbox 1684 259 1760 300; x_wconf 82' lang='grc'>791</span> 
     </span>
    </p>
   </div>
   <div class='ocr_carea' id='block_1_2' title="bbox 56 357 1770 2829">
    <p class='ocr_par' dir='ltr' id='par_1_2' title="bbox 56 357 1770 2359">
     <span class='ocr_line' id='line_1_2' title="bbox 56 357 1760 409; baseline -0.001 -12"><span class='ocrx_word' id='word_1_5' title='bbox 56 359 222 406; x_wconf 87' lang='lat' dir='ltr'>dinalis,</span> <span class='ocrx_word' id='word_1_6' title='bbox 257 359 496 409; x_wconf 75' lang='lat' dir='ltr'>Raynulphi</span> <span class='ocrx_word' id='word_1_7' title='bbox 527 358 743 397; x_wconf 87' lang='lat' dir='ltr'>cardinalis</span> <span class='ocrx_word' id='word_1_8' title='bbox 775 357 1067 405; x_wconf 82' lang='lat' dir='ltr'>Sistaricensis,</span> <span class='ocrx_word' id='word_1_9' title='bbox 1101 358 1271 396; x_wconf 83' lang='lat' dir='ltr'>Joannis</span> <span class='ocrx_word' id='word_1_10' title='bbox 1311 358 1490 409; x_wconf 81' lang='lat' dir='ltr'>episcopi</span> <span class='ocrx_word' id='word_1_11' title='bbox 1521 358 1760 406; x_wconf 71' lang='lat' dir='ltr'>Castrensis,</span> 
     </span>
     <span class='ocr_line' id='line_1_3' title="bbox 58 417 1760 468; baseline -0.001 -11"><span class='ocrx_word' id='word_1_12' title='bbox 58 418 266 457; x_wconf 88' lang='lat' dir='ltr'>Fernandi</span> <span class='ocrx_word' id='word_1_13' title='bbox 296 417 477 468; x_wconf 80' lang='lat' dir='ltr'>episcopi</span> <span class='ocrx_word' id='word_1_14' title='bbox 508 417 782 467; x_wconf 75' lang='lat' dir='ltr'>Legionensis,</span> <span class='ocrx_word' id='word_1_15' title='bbox 813 425 854 454; x_wconf 86' lang='lat' dir='ltr'>et</span> <span class='ocrx_word' id='word_1_16' title='bbox 885 417 1064 454; x_wconf 88' lang='lat' dir='ltr'>Thomae</span> <span class='ocrx_word' id='word_1_17' title='bbox 1098 418 1241 456; x_wconf 80' lang='lat' dir='ltr'>Petrae</span> <span class='ocrx_word' id='word_1_18' title='bbox 1273 417 1457 456; x_wconf 86' lang='lat' dir='ltr'>canonici</span> <span class='ocrx_word' id='word_1_19' title='bbox 1490 418 1760 463; x_wconf 83' lang='lat' dir='ltr'>Patracensis,</span> 
     </span>
     <span class='ocr_line' id='line_1_4' title="bbox 59 475 1761 526; baseline -0.001 -10"><span class='ocrx_word' id='word_1_20' title='bbox 59 477 275 516; x_wconf 90' lang='lat' dir='ltr'>hominum</span> <span class='ocrx_word' id='word_1_21' title='bbox 294 477 462 515; x_wconf 89' lang='lat' dir='ltr'>Urbano</span> <span class='ocrx_word' id='word_1_22' title='bbox 479 476 871 515; x_wconf 85' lang='lat' dir='ltr'>addictissimorum.</span> <span class='ocrx_word' id='word_1_23' title='bbox 891 476 1026 525; x_wconf 81' lang='lat' dir='ltr'>Atque</span> <span class='ocrx_word' id='word_1_24' title='bbox 1044 475 1083 513; x_wconf 87' lang='lat' dir='ltr'>id</span> <span class='ocrx_word' id='word_1_25' title='bbox 1102 477 1203 514; x_wconf 90' lang='lat' dir='ltr'>adeo</span> <span class='ocrx_word' id='word_1_26' title='bbox 1221 476 1432 526; x_wconf 88' lang='lat' dir='ltr'>publicum</span> <span class='ocrx_word' id='word_1_27' title='bbox 1449 485 1537 515; x_wconf 88' lang='lat' dir='ltr'>erat</span> <span class='ocrx_word' id='word_1_28' title='bbox 1554 485 1601 514; x_wconf 92' lang='lat' dir='ltr'>ut</span> <span class='ocrx_word' id='word_1_29' title='bbox 1617 486 1761 515; x_wconf 80' lang='lat' dir='ltr'>auctor</span> 
     </span>
     <span class='ocr_line' id='line_1_5' title="bbox 57 535 1759 587; baseline -0.001 -12"><span class='ocrx_word' id='word_1_30' title='bbox 57 536 255 587; x_wconf 86' lang='lat' dir='ltr'>epistolae</span> <span class='ocrx_word' id='word_1_31' title='bbox 281 535 516 574; x_wconf 77' lang='lat' dir='ltr'>academiae</span> <span class='ocrx_word' id='word_1_32' title='bbox 543 535 785 574; x_wconf 80' lang='lat' dir='ltr'>Oxoniensis</span> <span class='ocrx_word' id='word_1_33' title='bbox 812 535 863 572; x_wconf 87' lang='lat' dir='ltr'>ad</span> <span class='ocrx_word' id='word_1_34' title='bbox 890 536 1134 584; x_wconf 76' lang='lat' dir='ltr'>pragensem</span> <span class='ocrx_word' id='word_1_35' title='bbox 1159 544 1337 574; x_wconf 79' lang='lat' dir='ltr'>testetur</span> <span class='ocrx_word' id='word_1_36' title='bbox 1361 536 1515 585; x_wconf 78' lang='lat' dir='ltr'>legatos</span> <span class='ocrx_word' id='word_1_37' title='bbox 1542 536 1759 575; x_wconf 88' lang='lat' dir='ltr'>Clementis</span> 
     </span>
     <span class='ocr_line' id='line_1_6' title="bbox 56 594 1760 647; baseline 0 -13"><span class='ocrx_word' id='word_1_38' title='bbox 56 596 98 634; x_wconf 91' lang='lat' dir='ltr'>in</span> <span class='ocrx_word' id='word_1_39' title='bbox 121 595 353 647; x_wconf 87' lang='lat' dir='ltr'>provincias</span> <span class='ocrx_word' id='word_1_40' title='bbox 379 595 523 633; x_wconf 87' lang='lat' dir='ltr'>missos</span> <span class='ocrx_word' id='word_1_41' title='bbox 549 595 742 633; x_wconf 87' lang='lat' dir='ltr'>eumdem</span> <span class='ocrx_word' id='word_1_42' title='bbox 769 594 984 632; x_wconf 88' lang='lat' dir='ltr'>Urbanum</span> <span class='ocrx_word' id='word_1_43' title='bbox 1008 609 1175 633; x_wconf 87' lang='lat' dir='ltr'>vocasse</span> <span class='ocrx_word' id='word_1_44' title='bbox 1202 595 1389 644; x_wconf 78' lang='lat' dir='ltr'>gulosum</span> <span class='ocrx_word' id='word_1_45' title='bbox 1414 603 1455 633; x_wconf 88' lang='lat' dir='ltr'>et</span> <span class='ocrx_word' id='word_1_46' title='bbox 1479 595 1700 643; x_wconf 87' lang='lat' dir='ltr'>ebriosum,</span> <span class='ocrx_word' id='word_1_47' title='bbox 1720 604 1760 634; x_wconf 86' lang='lat' dir='ltr'>et</span> 
     </span>
     <span class='ocr_line' id='line_1_7' title="bbox 57 652 1760 704; baseline -0.001 -11"><span class='ocrx_word' id='word_1_48' title='bbox 57 655 99 693; x_wconf 90' lang='lat' dir='ltr'>in</span> <span class='ocrx_word' id='word_1_49' title='bbox 125 654 359 693; x_wconf 76' lang='lat' dir='ltr'>narratione</span> <span class='ocrx_word' id='word_1_50' title='bbox 387 668 523 692; x_wconf 89' lang='lat' dir='ltr'>rerum</span> <span class='ocrx_word' id='word_1_51' title='bbox 552 663 759 703; x_wconf 65' lang='lat' dir='ltr'>gestarum</span> <span class='ocrx_word' id='word_1_52' title='bbox 787 653 827 690; x_wconf 88' lang='lat' dir='ltr'>in</span> <span class='ocrx_word' id='word_1_53' title='bbox 858 652 975 691; x_wconf 89' lang='lat' dir='ltr'>initio</span> <span class='ocrx_word' id='word_1_54' title='bbox 1003 654 1234 692; x_wconf 82' lang='lat' dir='ltr'>schismatis</span> <span class='ocrx_word' id='word_1_55' title='bbox 1263 654 1373 692; x_wconf 86' lang='lat' dir='ltr'>edita</span> <span class='ocrx_word' id='word_1_56' title='bbox 1402 654 1441 691; x_wconf 89' lang='lat' dir='ltr'>in</span> <span class='ocrx_word' id='word_1_57' title='bbox 1469 663 1583 692; x_wconf 91' lang='lat' dir='ltr'>tomo</span> <span class='ocrx_word' id='word_1_58' title='bbox 1612 663 1760 704; x_wconf 77' lang='lat' dir='ltr'>quarto</span> 
     </span>
     <span class='ocr_line' id='line_1_8' title="bbox 58 712 1759 763; baseline -0.001 -11"><span class='ocrx_word' id='word_1_59' title='bbox 58 714 262 752; x_wconf 79' lang='lat' dir='ltr'>Historiae</span> <span class='ocrx_word' id='word_1_60' title='bbox 288 713 567 751; x_wconf 84' lang='lat' dir='ltr'>Universitatis</span> <span class='ocrx_word' id='word_1_61' title='bbox 591 713 739 759; x_wconf 69' lang='lat' dir='ltr'>Paris,</span> <span class='ocrx_word' id='word_1_62' title='bbox 762 727 801 762; x_wconf 88' lang='lat' dir='ltr'>p.</span> <span class='ocrx_word' id='word_1_63' title='bbox 824 712 914 758; x_wconf 75' lang='lat'>522,</span> <span class='ocrx_word' id='word_1_64' title='bbox 939 712 1088 750; x_wconf 79' lang='lat' dir='ltr'>diserte</span> <span class='ocrx_word' id='word_1_65' title='bbox 1111 713 1159 751; x_wconf 87' lang='lat' dir='ltr'>de</span> <span class='ocrx_word' id='word_1_66' title='bbox 1184 714 1351 751; x_wconf 84' lang='lat' dir='ltr'>Urbano</span> <span class='ocrx_word' id='word_1_67' title='bbox 1373 714 1430 751; x_wconf 88' lang='lat' dir='ltr'>ita</span> <span class='ocrx_word' id='word_1_68' title='bbox 1453 713 1653 763; x_wconf 83' lang='lat' dir='ltr'>scriptum</span> <span class='ocrx_word' id='word_1_69' title='bbox 1676 714 1729 751; x_wconf 86' lang='lat' dir='ltr'>sit</span> <span class='ocrx_word' id='word_1_70' title='bbox 1751 730 1759 752; x_wconf 73' lang='grc' dir='ltr'><strong><em>ε</em></strong></span> 
     </span>
     <span class='ocr_line' id='line_1_9' title="bbox 58 772 1761 822; baseline -0.001 -11"><span class='ocrx_word' id='word_1_71' title='bbox 58 774 168 812; x_wconf 85' lang='lat' dir='ltr'>Alter</span> <span class='ocrx_word' id='word_1_72' title='bbox 186 774 328 811; x_wconf 88' lang='lat' dir='ltr'>stultus</span> <span class='ocrx_word' id='word_1_73' title='bbox 348 780 383 810; x_wconf 90' lang='lat' dir='ltr'>et</span> <span class='ocrx_word' id='word_1_74' title='bbox 402 786 544 822; x_wconf 87' lang='lat' dir='ltr'>porcus</span> <span class='ocrx_word' id='word_1_75' title='bbox 565 780 735 818; x_wconf 87' lang='lat' dir='ltr'>vocatus,</span> <span class='ocrx_word' id='word_1_76' title='bbox 758 779 915 809; x_wconf 80' lang='lat' dir='ltr'>vocatur</span> <span class='ocrx_word' id='word_1_77' title='bbox 937 772 979 808; x_wconf 89' lang='lat' dir='ltr'>in</span> <span class='ocrx_word' id='word_1_78' title='bbox 1008 772 1128 809; x_wconf 88' lang='lat' dir='ltr'>Italia</span> <span class='ocrx_word' id='word_1_79' title='bbox 1149 772 1299 821; x_wconf 70' lang='lat' dir='ltr'>fatuus,</span> <span class='ocrx_word' id='word_1_80' title='bbox 1320 773 1530 822; x_wconf 86' lang='lat' dir='ltr'>superbus,</span> <span class='ocrx_word' id='word_1_81' title='bbox 1551 781 1586 810; x_wconf 90' lang='lat' dir='ltr'>et</span> <span class='ocrx_word' id='word_1_82' title='bbox 1606 774 1761 822; x_wconf 70' lang='lat' dir='ltr'>loquax,</span> 
     </span>
     <span class='ocr_line' id='line_1_10' title="bbox 58 831 1760 883; baseline 0 -13"><span class='ocrx_word' id='word_1_83' title='bbox 58 833 126 883; x_wconf 82' lang='lat' dir='ltr'>qui</span> <span class='ocrx_word' id='word_1_84' title='bbox 145 847 223 869; x_wconf 91' lang='lat' dir='ltr'>non</span> <span class='ocrx_word' id='word_1_85' title='bbox 241 832 339 881; x_wconf 74' lang='lat' dir='ltr'>jacit</span> <span class='ocrx_word' id='word_1_86' title='bbox 357 831 437 868; x_wconf 88' lang='lat' dir='ltr'>nisi</span> <span class='ocrx_word' id='word_1_87' title='bbox 457 831 576 881; x_wconf 80' lang='lat' dir='ltr'>loqui.</span> <span class='ocrx_word' id='word_1_88' title='bbox 601 831 672 868; x_wconf 77' lang='lat' dir='ltr'>His</span> <span class='ocrx_word' id='word_1_89' title='bbox 693 831 884 869; x_wconf 87' lang='lat' dir='ltr'>eumdem</span> <span class='ocrx_word' id='word_1_90' title='bbox 907 831 1121 868; x_wconf 65' lang='lat' dir='ltr'>[frbanum</span> <span class='ocrx_word' id='word_1_91' title='bbox 1140 831 1279 881; x_wconf 77' lang='lat' dir='ltr'>elogiis</span> <span class='ocrx_word' id='word_1_92' title='bbox 1300 832 1477 869; x_wconf 89' lang='lat' dir='ltr'>ornabat</span> <span class='ocrx_word' id='word_1_93' title='bbox 1495 832 1639 870; x_wconf 86' lang='lat' dir='ltr'>eadem</span> <span class='ocrx_word' id='word_1_94' title='bbox 1658 841 1760 870; x_wconf 85' lang='lat' dir='ltr'>tem-</span> 
     </span>
     <span class='ocr_line' id='line_1_11' title="bbox 59 889 1761 943; baseline -0.001 -13"><span class='ocrx_word' id='word_1_95' title='bbox 59 899 218 943; x_wconf 83' lang='lat' dir='ltr'>pestate</span> <span class='ocrx_word' id='word_1_96' title='bbox 245 891 448 929; x_wconf 79' lang='lat' dir='ltr'>Robertus</span> <span class='ocrx_word' id='word_1_97' title='bbox 473 890 658 928; x_wconf 75' lang='lat' dir='ltr'>Gervasii</span> <span class='ocrx_word' id='word_1_98' title='bbox 678 889 891 940; x_wconf 82' lang='lat' dir='ltr'>episcopus</span> <span class='ocrx_word' id='word_1_99' title='bbox 915 890 1149 928; x_wconf 76' lang='lat' dir='ltr'>Senecensis</span> <span class='ocrx_word' id='word_1_100' title='bbox 1169 890 1198 937; x_wconf 75' lang='lat'>¹,</span> <span class='ocrx_word' id='word_1_101' title='bbox 1221 891 1288 929; x_wconf 89' lang='lat' dir='ltr'>fol.</span> <span class='ocrx_word' id='word_1_102' title='bbox 1310 892 1329 928; x_wconf 87' lang='lat'><strong>7</strong></span> <span class='ocrx_word' id='word_1_103' title='bbox 1347 892 1421 928; x_wconf 89' lang='lat' dir='ltr'>:Et</span> <span class='ocrx_word' id='word_1_104' title='bbox 1440 891 1475 928; x_wconf 93' lang='lat' dir='ltr'>si</span> <span class='ocrx_word' id='word_1_105' title='bbox 1496 891 1761 941; x_wconf 75' lang='lat' dir='ltr'>operationem</span> 
     </span>
     <span class='ocr_line' id='line_1_12' title="bbox 59 949 1761 997; baseline -0.001 -9"><span class='ocrx_word' id='word_1_106' title='bbox 59 951 176 989; x_wconf 90' lang='lat' dir='ltr'>istius</span> <span class='ocrx_word' id='word_1_107' title='bbox 203 949 468 988; x_wconf 85' lang='lat' dir='ltr'>Bartholomei</span> <span class='ocrx_word' id='word_1_108' title='bbox 497 950 677 987; x_wconf 85' lang='lat' dir='ltr'>volumus</span> <span class='ocrx_word' id='word_1_109' title='bbox 708 949 800 986; x_wconf 88' lang='lat' dir='ltr'>bene</span> <span class='ocrx_word' id='word_1_110' title='bbox 827 963 1052 986; x_wconf 79' lang='lat' dir='ltr'>concernere</span> <span class='ocrx_word' id='word_1_111' title='bbox 1079 957 1113 986; x_wconf 92' lang='lat' dir='ltr'>et</span> <span class='ocrx_word' id='word_1_112' title='bbox 1139 950 1347 997; x_wconf 79' lang='lat' dir='ltr'>declarare,</span> <span class='ocrx_word' id='word_1_113' title='bbox 1378 950 1448 987; x_wconf 88' lang='lat' dir='ltr'>iste</span> <span class='ocrx_word' id='word_1_114' title='bbox 1475 958 1529 987; x_wconf 90' lang='lat' dir='ltr'>est</span> <span class='ocrx_word' id='word_1_115' title='bbox 1554 950 1761 987; x_wconf 75' lang='lat' dir='ltr'>seditionis</span> 
     </span>
     <span class='ocr_line' id='line_1_13' title="bbox 58 1008 1763 1059; baseline -0.001 -11"><span class='ocrx_word' id='word_1_116' title='bbox 58 1010 181 1059; x_wconf 83' lang='lat' dir='ltr'>origo,</span> <span class='ocrx_word' id='word_1_117' title='bbox 207 1010 318 1059; x_wconf 77' lang='lat' dir='ltr'>fovea</span> <span class='ocrx_word' id='word_1_118' title='bbox 342 1009 635 1052; x_wconf 73' lang='lat' dir='ltr'>scandalorum,</span> <span class='ocrx_word' id='word_1_119' title='bbox 663 1008 778 1045; x_wconf 68' lang='lat' dir='ltr'>radim</span> <span class='ocrx_word' id='word_1_120' title='bbox 804 1008 984 1045; x_wconf 89' lang='lat' dir='ltr'>omnium</span> <span class='ocrx_word' id='word_1_121' title='bbox 1011 1009 1217 1056; x_wconf 86' lang='lat' dir='ltr'>malorum,</span> <span class='ocrx_word' id='word_1_122' title='bbox 1240 1017 1350 1058; x_wconf 87' lang='lat' dir='ltr'>pater</span> <span class='ocrx_word' id='word_1_123' title='bbox 1375 1009 1703 1058; x_wconf 70' lang='lat' dir='ltr'>transgressionis</span> <span class='ocrx_word' id='word_1_124' title='bbox 1729 1017 1763 1046; x_wconf 92' lang='lat' dir='ltr'>et</span> 
     </span>
     <span class='ocr_line' id='line_1_14' title="bbox 61 1067 1760 1119; baseline -0.001 -12"><span class='ocrx_word' id='word_1_125' title='bbox 61 1069 301 1119; x_wconf 82' lang='lat' dir='ltr'>iniquitatis,</span> <span class='ocrx_word' id='word_1_126' title='bbox 325 1069 453 1106; x_wconf 86' lang='lat' dir='ltr'>doctor</span> <span class='ocrx_word' id='word_1_127' title='bbox 475 1068 616 1104; x_wconf 86' lang='lat' dir='ltr'>erroris</span> <span class='ocrx_word' id='word_1_128' title='bbox 640 1075 674 1104; x_wconf 91' lang='lat' dir='ltr'>et</span> <span class='ocrx_word' id='word_1_129' title='bbox 701 1067 906 1116; x_wconf 75' lang='lat' dir='ltr'>falsitatis,</span> <span class='ocrx_word' id='word_1_130' title='bbox 941 1067 1127 1116; x_wconf 79' lang='lat' dir='ltr'>magister</span> <span class='ocrx_word' id='word_1_131' title='bbox 1158 1068 1294 1105; x_wconf 90' lang='lat' dir='ltr'>livoris</span> <span class='ocrx_word' id='word_1_132' title='bbox 1325 1077 1358 1105; x_wconf 89' lang='lat' dir='ltr'>et</span> <span class='ocrx_word' id='word_1_133' title='bbox 1382 1068 1611 1118; x_wconf 86' lang='lat' dir='ltr'>impietatis,</span> <span class='ocrx_word' id='word_1_134' title='bbox 1645 1068 1760 1105; x_wconf 58' lang='lat' dir='ltr'>vexil-</span> 
     </span>
     <span class='ocr_line' id='line_1_15' title="bbox 59 1126 1762 1177; baseline -0.001 -11"><span class='ocrx_word' id='word_1_135' title='bbox 59 1129 187 1166; x_wconf 80' lang='lat' dir='ltr'>larius</span> <span class='ocrx_word' id='word_1_136' title='bbox 208 1128 427 1165; x_wconf 89' lang='lat' dir='ltr'>scismatice</span> <span class='ocrx_word' id='word_1_137' title='bbox 449 1126 672 1177; x_wconf 86' lang='lat' dir='ltr'>pravitatis,</span> <span class='ocrx_word' id='word_1_138' title='bbox 695 1126 838 1175; x_wconf 78' lang='lat' dir='ltr'>auriga</span> <span class='ocrx_word' id='word_1_139' title='bbox 863 1126 1013 1163; x_wconf 79' lang='lat' dir='ltr'>malitie</span> <span class='ocrx_word' id='word_1_140' title='bbox 1033 1135 1067 1164; x_wconf 90' lang='lat' dir='ltr'>et</span> <span class='ocrx_word' id='word_1_141' title='bbox 1088 1127 1344 1174; x_wconf 74' lang='lat' dir='ltr'>crudelitatis,</span> <span class='ocrx_word' id='word_1_142' title='bbox 1366 1136 1399 1165; x_wconf 89' lang='lat' dir='ltr'>et</span> <span class='ocrx_word' id='word_1_143' title='bbox 1423 1136 1555 1177; x_wconf 89' lang='lat' dir='ltr'>pastor</span> <span class='ocrx_word' id='word_1_144' title='bbox 1577 1127 1762 1177; x_wconf 77' lang='lat' dir='ltr'>nequitie,</span> 
     </span>
     <span class='ocr_line' id='line_1_16' title="bbox 58 1185 1761 1237; baseline -0.001 -12"><span class='ocrx_word' id='word_1_145' title='bbox 58 1187 257 1237; x_wconf 76' lang='lat' dir='ltr'>superbie,</span> <span class='ocrx_word' id='word_1_146' title='bbox 285 1195 318 1224; x_wconf 93' lang='lat' dir='ltr'>et</span> <span class='ocrx_word' id='word_1_147' title='bbox 344 1186 541 1233; x_wconf 87' lang='lat' dir='ltr'>elationis,</span> <span class='ocrx_word' id='word_1_148' title='bbox 569 1186 788 1235; x_wconf 79' lang='lat' dir='ltr'>alimipnus</span> <span class='ocrx_word' id='word_1_149' title='bbox 806 1185 1040 1222; x_wconf 76' lang='lat' dir='ltr'>ambitionis</span> <span class='ocrx_word' id='word_1_150' title='bbox 1060 1194 1093 1223; x_wconf 90' lang='lat' dir='ltr'>et</span> <span class='ocrx_word' id='word_1_151' title='bbox 1113 1186 1415 1235; x_wconf 78' lang='lat' dir='ltr'>reprobationis,</span> <span class='ocrx_word' id='word_1_152' title='bbox 1438 1187 1573 1224; x_wconf 70' lang='lat' dir='ltr'>nutrix</span> <span class='ocrx_word' id='word_1_153' title='bbox 1597 1187 1761 1233; x_wconf 78' lang='lat' dir='ltr'>tenebre,</span> 
     </span>
     <span class='ocr_line' id='line_1_17' title="bbox 59 1244 1761 1294; baseline -0.001 -10"><span class='ocrx_word' id='word_1_154' title='bbox 59 1246 262 1294; x_wconf 83' lang='lat' dir='ltr'>caliginis,</span> <span class='ocrx_word' id='word_1_155' title='bbox 290 1254 323 1283; x_wconf 89' lang='lat' dir='ltr'>et</span> <span class='ocrx_word' id='word_1_156' title='bbox 349 1245 601 1292; x_wconf 77' lang='lat' dir='ltr'>turbationis,</span> <span class='ocrx_word' id='word_1_157' title='bbox 631 1245 780 1282; x_wconf 88' lang='lat' dir='ltr'>idolum</span> <span class='ocrx_word' id='word_1_158' title='bbox 805 1244 1040 1294; x_wconf 68' lang='lat' dir='ltr'>hypocrisis,</span> <span class='ocrx_word' id='word_1_159' title='bbox 1069 1245 1255 1294; x_wconf 76' lang='lat' dir='ltr'>fictionis,</span> <span class='ocrx_word' id='word_1_160' title='bbox 1282 1253 1316 1282; x_wconf 85' lang='lat' dir='ltr'>et</span> <span class='ocrx_word' id='word_1_161' title='bbox 1350 1246 1634 1292; x_wconf 74' lang='lat' dir='ltr'>simulationis,</span> <span class='ocrx_word' id='word_1_162' title='bbox 1671 1254 1761 1283; x_wconf 90' lang='lat' dir='ltr'>tem-</span> 
     </span>
     <span class='ocr_line' id='line_1_18' title="bbox 60 1303 1759 1356; baseline -0.001 -13"><span class='ocrx_word' id='word_1_163' title='bbox 60 1306 172 1356; x_wconf 78' lang='lat' dir='ltr'>plum</span> <span class='ocrx_word' id='word_1_164' title='bbox 198 1305 468 1355; x_wconf 77' lang='lat' dir='ltr'>superstitiose</span> <span class='ocrx_word' id='word_1_165' title='bbox 496 1303 773 1349; x_wconf 76' lang='lat' dir='ltr'>venerationz&#39;S,</span> <span class='ocrx_word' id='word_1_166' title='bbox 801 1303 973 1341; x_wconf 85' lang='lat' dir='ltr'>sicarius</span> <span class='ocrx_word' id='word_1_167' title='bbox 1001 1304 1170 1351; x_wconf 88' lang='lat' dir='ltr'>virtutis,</span> <span class='ocrx_word' id='word_1_168' title='bbox 1197 1304 1363 1353; x_wconf 80' lang='lat' dir='ltr'>justitie,</span> <span class='ocrx_word' id='word_1_169' title='bbox 1392 1313 1426 1342; x_wconf 88' lang='lat' dir='ltr'>et</span> <span class='ocrx_word' id='word_1_170' title='bbox 1452 1305 1647 1354; x_wconf 82' lang='lat' dir='ltr'>equitatis,</span> <span class='ocrx_word' id='word_1_171' title='bbox 1677 1318 1759 1354; x_wconf 89' lang='lat' dir='ltr'>pre-</span> 
     </span>
     <span class='ocr_line' id='line_1_19' title="bbox 60 1363 1762 1411; baseline -0.001 -9"><span class='ocrx_word' id='word_1_172' title='bbox 60 1365 254 1403; x_wconf 88' lang='lat' dir='ltr'>varicator</span> <span class='ocrx_word' id='word_1_173' title='bbox 278 1372 312 1402; x_wconf 89' lang='lat' dir='ltr'>et</span> <span class='ocrx_word' id='word_1_174' title='bbox 337 1364 547 1402; x_wconf 86' lang='lat' dir='ltr'>destructor</span> <span class='ocrx_word' id='word_1_175' title='bbox 573 1363 744 1400; x_wconf 87' lang='lat' dir='ltr'>Ecclesie</span> <span class='ocrx_word' id='word_1_176' title='bbox 769 1371 802 1400; x_wconf 91' lang='lat' dir='ltr'>et</span> <span class='ocrx_word' id='word_1_177' title='bbox 827 1363 1040 1400; x_wconf 80' lang='lat' dir='ltr'>christiane</span> <span class='ocrx_word' id='word_1_178' title='bbox 1065 1378 1110 1400; x_wconf 88' lang='lat' dir='ltr'>ac</span> <span class='ocrx_word' id='word_1_179' title='bbox 1135 1364 1317 1401; x_wconf 79' lang='lat' dir='ltr'>catholice</span> <span class='ocrx_word' id='word_1_180' title='bbox 1344 1364 1524 1411; x_wconf 88' lang='lat' dir='ltr'>unitatis,</span> <span class='ocrx_word' id='word_1_181' title='bbox 1550 1372 1700 1401; x_wconf 84' lang='lat' dir='ltr'>amator</span> <span class='ocrx_word' id='word_1_182' title='bbox 1729 1371 1762 1400; x_wconf 88' lang='lat' dir='ltr'>et</span> 
     </span>
     <span class='ocr_line' id='line_1_20' title="bbox 59 1422 1761 1474; baseline -0.002 -12"><span class='ocrx_word' id='word_1_183' title='bbox 59 1425 192 1474; x_wconf 74' lang='lat' dir='ltr'>fautor</span> <span class='ocrx_word' id='word_1_184' title='bbox 213 1439 258 1461; x_wconf 88' lang='lat' dir='ltr'>ac</span> <span class='ocrx_word' id='word_1_185' title='bbox 282 1423 458 1461; x_wconf 87' lang='lat' dir='ltr'>inventor</span> <span class='ocrx_word' id='word_1_186' title='bbox 480 1423 640 1460; x_wconf 79' lang='lat' dir='ltr'>heretice</span> <span class='ocrx_word' id='word_1_187' title='bbox 663 1422 887 1471; x_wconf 73' lang='lat' dir='ltr'>prsivitati&#39;S,</span> <span class='ocrx_word' id='word_1_188' title='bbox 910 1430 944 1459; x_wconf 86' lang='lat' dir='ltr'>et</span> <span class='ocrx_word' id='word_1_189' title='bbox 977 1423 1134 1459; x_wconf 86' lang='lat' dir='ltr'>demum</span> <span class='ocrx_word' id='word_1_190' title='bbox 1164 1423 1275 1471; x_wconf 73' lang='lat' dir='ltr'>furor</span> <span class='ocrx_word' id='word_1_191' title='bbox 1304 1431 1339 1460; x_wconf 90' lang='lat' dir='ltr'>et</span> <span class='ocrx_word' id='word_1_192' title='bbox 1374 1423 1599 1472; x_wconf 77' lang='lat' dir='ltr'>indignatio</span> <span class='ocrx_word' id='word_1_193' title='bbox 1630 1422 1761 1460; x_wconf 85' lang='lat' dir='ltr'>divine</span> 
     </span>
     <span class='ocr_line' id='line_1_21' title="bbox 59 1481 1763 1531; baseline -0.001 -10"><span class='ocrx_word' id='word_1_194' title='bbox 59 1482 300 1521; x_wconf 81' lang='lat' dir='ltr'>acerbitatis.</span> <span class='ocrx_word' id='word_1_195' title='bbox 328 1483 381 1520; x_wconf 85' lang='lat' dir='ltr'>Et</span> <span class='ocrx_word' id='word_1_196' title='bbox 405 1482 473 1520; x_wconf 85' lang='lat' dir='ltr'>fol.</span> <span class='ocrx_word' id='word_1_197' title='bbox 498 1482 522 1519; x_wconf 79' lang='lat'>8</span> <span class='ocrx_word' id='word_1_198' title='bbox 550 1498 556 1520; x_wconf 91' lang='lat'><strong>:</strong></span> <span class='ocrx_word' id='word_1_199' title='bbox 584 1482 711 1519; x_wconf 87' lang='lat' dir='ltr'>Istum</span> <span class='ocrx_word' id='word_1_200' title='bbox 734 1481 919 1519; x_wconf 82' lang='lat' dir='ltr'>describit</span> <span class='ocrx_word' id='word_1_201' title='bbox 941 1481 1103 1530; x_wconf 83' lang='lat' dir='ltr'>quidam</span> <span class='ocrx_word' id='word_1_202' title='bbox 1126 1481 1311 1519; x_wconf 87' lang='lat' dir='ltr'>dominus</span> <span class='ocrx_word' id='word_1_203' title='bbox 1336 1496 1475 1531; x_wconf 79' lang='lat' dir='ltr'>magne</span> <span class='ocrx_word' id='word_1_204' title='bbox 1498 1482 1708 1531; x_wconf 78' lang='lat' dir='ltr'>dignitatis</span> <span class='ocrx_word' id='word_1_205' title='bbox 1730 1491 1763 1519; x_wconf 83' lang='lat' dir='ltr'>et</span> 
     </span>
     <span class='ocr_line' id='line_1_22' title="bbox 61 1540 1764 1591; baseline -0.001 -12"><span class='ocrx_word' id='word_1_206' title='bbox 61 1542 282 1589; x_wconf 73' lang='lat' dir='ltr'>reverentie,</span> <span class='ocrx_word' id='word_1_207' title='bbox 311 1541 377 1591; x_wconf 84' lang='lat' dir='ltr'>qui</span> <span class='ocrx_word' id='word_1_208' title='bbox 404 1549 460 1579; x_wconf 87' lang='lat' dir='ltr'>est</span> <span class='ocrx_word' id='word_1_209' title='bbox 486 1542 530 1578; x_wconf 87' lang='lat' dir='ltr'>de</span> <span class='ocrx_word' id='word_1_210' title='bbox 558 1540 716 1578; x_wconf 86' lang='lat' dir='ltr'>natione</span> <span class='ocrx_word' id='word_1_211' title='bbox 743 1548 778 1578; x_wconf 93' lang='lat' dir='ltr'>et</span> <span class='ocrx_word' id='word_1_212' title='bbox 804 1541 847 1577; x_wconf 87' lang='lat' dir='ltr'>de</span> <span class='ocrx_word' id='word_1_213' title='bbox 874 1540 954 1577; x_wconf 88' lang='lat' dir='ltr'>loco</span> <span class='ocrx_word' id='word_1_214' title='bbox 980 1540 1155 1590; x_wconf 86' lang='lat' dir='ltr'>ejusdem</span> <span class='ocrx_word' id='word_1_215' title='bbox 1181 1541 1374 1591; x_wconf 85' lang='lat' dir='ltr'>antipape</span> <span class='ocrx_word' id='word_1_216' title='bbox 1402 1541 1610 1588; x_wconf 76' lang='lat' dir='ltr'>oriundus,</span> <span class='ocrx_word' id='word_1_217' title='bbox 1638 1549 1672 1578; x_wconf 88' lang='lat' dir='ltr'>et</span> <span class='ocrx_word' id='word_1_218' title='bbox 1698 1541 1764 1590; x_wconf 83' lang='lat' dir='ltr'>qui</span> 
     </span>
     <span class='ocr_line' id='line_1_23' title="bbox 62 1599 1769 1652; baseline 0 -14"><span class='ocrx_word' id='word_1_219' title='bbox 62 1601 207 1652; x_wconf 86' lang='lat' dir='ltr'>optime</span> <span class='ocrx_word' id='word_1_220' title='bbox 227 1601 334 1638; x_wconf 87' lang='lat' dir='ltr'>novit</span> <span class='ocrx_word' id='word_1_221' title='bbox 354 1601 488 1650; x_wconf 88' lang='lat' dir='ltr'>ipsum</span> <span class='ocrx_word' id='word_1_222' title='bbox 507 1615 552 1637; x_wconf 72' lang='lat' dir='ltr'>em</span> <span class='ocrx_word' id='word_1_223' title='bbox 571 1614 740 1650; x_wconf 86' lang='lat' dir='ltr'>persona</span> <span class='ocrx_word' id='word_1_224' title='bbox 759 1607 793 1636; x_wconf 90' lang='lat' dir='ltr'>et</span> <span class='ocrx_word' id='word_1_225' title='bbox 811 1599 897 1649; x_wconf 89' lang='lat' dir='ltr'>ejus</span> <span class='ocrx_word' id='word_1_226' title='bbox 918 1599 1057 1637; x_wconf 86' lang='lat' dir='ltr'>merita</span> <span class='ocrx_word' id='word_1_227' title='bbox 1075 1608 1109 1637; x_wconf 89' lang='lat' dir='ltr'>et</span> <span class='ocrx_word' id='word_1_228' title='bbox 1129 1600 1329 1647; x_wconf 85' lang='lat' dir='ltr'>demerita,</span> <span class='ocrx_word' id='word_1_229' title='bbox 1351 1600 1484 1638; x_wconf 86' lang='lat' dir='ltr'>dicens</span> <span class='ocrx_word' id='word_1_230' title='bbox 1503 1600 1560 1638; x_wconf 89' lang='lat' dir='ltr'>sic</span> <span class='ocrx_word' id='word_1_231' title='bbox 1581 1617 1587 1638; x_wconf 92' lang='lat'>:</span> <span class='ocrx_word' id='word_1_232' title='bbox 1611 1599 1690 1637; x_wconf 86' lang='lat' dir='ltr'>Hic</span> <span class='ocrx_word' id='word_1_233' title='bbox 1714 1608 1769 1638; x_wconf 83' lang='lat' dir='ltr'>est</span> 
     </span>
     <span class='ocr_line' id='line_1_24' title="bbox 61 1658 1769 1709; baseline -0.001 -11"><span class='ocrx_word' id='word_1_234' title='bbox 61 1660 183 1709; x_wconf 85' lang='lat' dir='ltr'>hujus</span> <span class='ocrx_word' id='word_1_235' title='bbox 209 1659 417 1700; x_wconf 85' lang='lat' dir='ltr'>seditionis</span> <span class='ocrx_word' id='word_1_236' title='bbox 443 1659 586 1708; x_wconf 71' lang='lat' dir='ltr'>artifex</span> <span class='ocrx_word' id='word_1_237' title='bbox 612 1667 646 1696; x_wconf 87' lang='lat' dir='ltr'>et</span> <span class='ocrx_word' id='word_1_238' title='bbox 672 1658 791 1696; x_wconf 88' lang='lat' dir='ltr'>totius</span> <span class='ocrx_word' id='word_1_239' title='bbox 816 1659 1016 1696; x_wconf 85' lang='lat' dir='ltr'>scismatis</span> <span class='ocrx_word' id='word_1_240' title='bbox 1044 1659 1233 1706; x_wconf 83' lang='lat' dir='ltr'>inventor,</span> <span class='ocrx_word' id='word_1_241' title='bbox 1257 1660 1370 1696; x_wconf 82' lang='lat' dir='ltr'>honio</span> <span class='ocrx_word' id='word_1_242' title='bbox 1398 1660 1553 1709; x_wconf 82' lang='lat' dir='ltr'>quidem</span> <span class='ocrx_word' id='word_1_243' title='bbox 1578 1659 1769 1709; x_wconf 82' lang='lat' dir='ltr'>superbia</span> 
     </span>
     <span class='ocr_line' id='line_1_25' title="bbox 63 1718 1768 1770; baseline -0.002 -13"><span class='ocrx_word' id='word_1_244' title='bbox 63 1719 244 1770; x_wconf 81' lang='lat' dir='ltr'>inflatuS,</span> <span class='ocrx_word' id='word_1_245' title='bbox 268 1719 440 1757; x_wconf 85' lang='lat' dir='ltr'>avaritia</span> <span class='ocrx_word' id='word_1_246' title='bbox 464 1733 605 1768; x_wconf 69' lang='lat' dir='ltr'>rapace,</span> <span class='ocrx_word' id='word_1_247' title='bbox 632 1718 843 1755; x_wconf 81' lang='lat' dir='ltr'>iracundia</span> <span class='ocrx_word' id='word_1_248' title='bbox 865 1732 992 1765; x_wconf 77' lang='lat' dir='ltr'>sevuS,</span> <span class='ocrx_word' id='word_1_249' title='bbox 1018 1718 1234 1756; x_wconf 69' lang='lat' dir='ltr'>vinolentia</span> <span class='ocrx_word' id='word_1_250' title='bbox 1258 1719 1505 1766; x_wconf 88' lang='lat' dir='ltr'>temulentus,</span> <span class='ocrx_word' id='word_1_251' title='bbox 1527 1719 1645 1756; x_wconf 84' lang='lat' dir='ltr'>livore</span> <span class='ocrx_word' id='word_1_252' title='bbox 1669 1718 1768 1755; x_wconf 85' lang='lat' dir='ltr'>invi-</span> 
     </span>
     <span class='ocr_line' id='line_1_26' title="bbox 62 1777 1770 1827; baseline -0.001 -11"><span class='ocrx_word' id='word_1_253' title='bbox 62 1779 150 1826; x_wconf 88' lang='lat' dir='ltr'>dus,</span> <span class='ocrx_word' id='word_1_254' title='bbox 172 1778 341 1816; x_wconf 78' lang='lat' dir='ltr'>libidine</span> <span class='ocrx_word' id='word_1_255' title='bbox 363 1778 622 1824; x_wconf 87' lang='lat' dir='ltr'>incestuosus,</span> <span class='ocrx_word' id='word_1_256' title='bbox 644 1785 678 1814; x_wconf 88' lang='lat' dir='ltr'>et</span> <span class='ocrx_word' id='word_1_257' title='bbox 698 1777 924 1814; x_wconf 83' lang='lat' dir='ltr'>crudelitate</span> <span class='ocrx_word' id='word_1_258' title='bbox 945 1777 1156 1824; x_wconf 78' lang='lat' dir='ltr'>violentus3</span> <span class='ocrx_word' id='word_1_259' title='bbox 1180 1778 1294 1827; x_wconf 86' lang='lat' dir='ltr'>cujus</span> <span class='ocrx_word' id='word_1_260' title='bbox 1316 1779 1445 1815; x_wconf 84' lang='lat' dir='ltr'>vultus</span> <span class='ocrx_word' id='word_1_261' title='bbox 1467 1778 1617 1825; x_wconf 69' lang='lat' dir='ltr'>minax,</span> <span class='ocrx_word' id='word_1_262' title='bbox 1640 1786 1770 1814; x_wconf 83' lang='lat' dir='ltr'>torvus</span> 
     </span>
     <span class='ocr_line' id='line_1_27' title="bbox 62 1836 1769 1888; baseline -0.001 -13"><span class='ocrx_word' id='word_1_263' title='bbox 62 1845 257 1888; x_wconf 80' lang='lat' dir='ltr'>aspectuS,</span> <span class='ocrx_word' id='word_1_264' title='bbox 289 1837 417 1888; x_wconf 86' lang='lat' dir='ltr'>pallor</span> <span class='ocrx_word' id='word_1_265' title='bbox 447 1837 491 1874; x_wconf 90' lang='lat' dir='ltr'>in</span> <span class='ocrx_word' id='word_1_266' title='bbox 519 1836 634 1886; x_wconf 71' lang='lat' dir='ltr'>facie,</span> <span class='ocrx_word' id='word_1_267' title='bbox 667 1845 806 1873; x_wconf 88' lang='lat' dir='ltr'>tremor</span> <span class='ocrx_word' id='word_1_268' title='bbox 838 1836 880 1873; x_wconf 89' lang='lat' dir='ltr'>in</span> <span class='ocrx_word' id='word_1_269' title='bbox 911 1836 1045 1883; x_wconf 86' lang='lat' dir='ltr'>labiis,</span> <span class='ocrx_word' id='word_1_270' title='bbox 1077 1837 1220 1874; x_wconf 88' lang='lat' dir='ltr'>stridor</span> <span class='ocrx_word' id='word_1_271' title='bbox 1251 1837 1293 1874; x_wconf 91' lang='lat' dir='ltr'>in</span> <span class='ocrx_word' id='word_1_272' title='bbox 1323 1837 1505 1874; x_wconf 86' lang='lat' dir='ltr'>dentibus</span> <span class='ocrx_word' id='word_1_273' title='bbox 1531 1852 1545 1885; x_wconf 82' lang='lat'>,·</span> <span class='ocrx_word' id='word_1_274' title='bbox 1577 1837 1688 1874; x_wconf 86' lang='lat' dir='ltr'>homo</span> <span class='ocrx_word' id='word_1_275' title='bbox 1727 1836 1769 1873; x_wconf 91' lang='lat' dir='ltr'>in</span> 
     </span>
     <span class='ocr_line' id='line_1_28' title="bbox 64 1894 1768 1947; baseline -0.001 -13"><span class='ocrx_word' id='word_1_276' title='bbox 64 1911 138 1947; x_wconf 82' lang='lat' dir='ltr'>quo</span> <span class='ocrx_word' id='word_1_277' title='bbox 158 1897 269 1934; x_wconf 85' lang='lat' dir='ltr'>nulla</span> <span class='ocrx_word' id='word_1_278' title='bbox 299 1896 451 1945; x_wconf 83' lang='lat' dir='ltr'>religiO,</span> <span class='ocrx_word' id='word_1_279' title='bbox 472 1896 583 1933; x_wconf 88' lang='lat' dir='ltr'>nulla</span> <span class='ocrx_word' id='word_1_280' title='bbox 603 1896 712 1944; x_wconf 75' lang='lat' dir='ltr'>fides,</span> <span class='ocrx_word' id='word_1_281' title='bbox 734 1896 846 1932; x_wconf 86' lang='lat' dir='ltr'>nulla</span> <span class='ocrx_word' id='word_1_282' title='bbox 876 1895 918 1932; x_wconf 88' lang='lat' dir='ltr'>in</span> <span class='ocrx_word' id='word_1_283' title='bbox 937 1896 1122 1945; x_wconf 84' lang='lat' dir='ltr'>operibus</span> <span class='ocrx_word' id='word_1_284' title='bbox 1151 1896 1434 1944; x_wconf 81' lang='lat' dir='ltr'>misericordia,</span> <span class='ocrx_word' id='word_1_285' title='bbox 1458 1896 1569 1933; x_wconf 84' lang='lat' dir='ltr'>nulla</span> <span class='ocrx_word' id='word_1_286' title='bbox 1591 1896 1633 1933; x_wconf 89' lang='lat' dir='ltr'>in</span> <span class='ocrx_word' id='word_1_287' title='bbox 1653 1894 1768 1932; x_wconf 89' lang='lat' dir='ltr'>mori-</span> 
     </span>
     <span class='ocr_line' id='line_1_29' title="bbox 68 1954 1769 2006; baseline -0.001 -13"><span class='ocrx_word' id='word_1_288' title='bbox 68 1956 139 1993; x_wconf 87' lang='lat' dir='ltr'>bus</span> <span class='ocrx_word' id='word_1_289' title='bbox 167 1955 398 2006; x_wconf 81' lang='lat' dir='ltr'>disciplina.</span> <span class='ocrx_word' id='word_1_290' title='bbox 430 1955 482 1992; x_wconf 88' lang='lat' dir='ltr'>Et</span> <span class='ocrx_word' id='word_1_291' title='bbox 510 1955 634 1992; x_wconf 88' lang='lat' dir='ltr'>multa</span> <span class='ocrx_word' id='word_1_292' title='bbox 662 1955 745 1992; x_wconf 84' lang='lat' dir='ltr'>alia</span> <span class='ocrx_word' id='word_1_293' title='bbox 772 1954 954 2003; x_wconf 71' lang='lat' dir='ltr'>facinora</span> <span class='ocrx_word' id='word_1_294' title='bbox 983 1955 1220 1993; x_wconf 65' lang='lat' dir='ltr'>execrabilia</span> <span class='ocrx_word' id='word_1_295' title='bbox 1248 1963 1281 1992; x_wconf 88' lang='lat' dir='ltr'>et</span> <span class='ocrx_word' id='word_1_296' title='bbox 1310 1956 1534 1993; x_wconf 85' lang='lat' dir='ltr'>detestanda</span> <span class='ocrx_word' id='word_1_297' title='bbox 1563 1956 1607 1992; x_wconf 86' lang='lat' dir='ltr'>de</span> <span class='ocrx_word' id='word_1_298' title='bbox 1639 1955 1769 1992; x_wconf 88' lang='lat' dir='ltr'>eodem</span> 
     </span>
     <span class='ocr_line' id='line_1_30' title="bbox 65 2013 1769 2065; baseline -0.001 -13"><span class='ocrx_word' id='word_1_299' title='bbox 65 2014 264 2065; x_wconf 85' lang='lat' dir='ltr'>antipapa</span> <span class='ocrx_word' id='word_1_300' title='bbox 289 2014 397 2062; x_wconf 89' lang='lat' dir='ltr'>dicit,</span> <span class='ocrx_word' id='word_1_301' title='bbox 424 2028 494 2064; x_wconf 84' lang='lat' dir='ltr'>que</span> <span class='ocrx_word' id='word_1_302' title='bbox 521 2028 599 2051; x_wconf 87' lang='lat' dir='ltr'>non</span> <span class='ocrx_word' id='word_1_303' title='bbox 624 2022 717 2051; x_wconf 88' lang='lat' dir='ltr'>sunt</span> <span class='ocrx_word' id='word_1_304' title='bbox 742 2013 930 2051; x_wconf 86' lang='lat' dir='ltr'>humanis</span> <span class='ocrx_word' id='word_1_305' title='bbox 955 2014 1124 2051; x_wconf 89' lang='lat' dir='ltr'>auribus</span> <span class='ocrx_word' id='word_1_306' title='bbox 1142 2015 1407 2052; x_wconf 86' lang='lat' dir='ltr'>conculcanda</span> <span class='ocrx_word' id='word_1_307' title='bbox 1425 2029 1546 2052; x_wconf 85' lang='lat' dir='ltr'>causa</span> <span class='ocrx_word' id='word_1_308' title='bbox 1571 2013 1769 2051; x_wconf 88' lang='lat' dir='ltr'>brevitatis</span> 
     </span>
     <span class='ocr_line' id='line_1_31' title="bbox 63 2072 1767 2122; baseline -0.001 -11"><span class='ocrx_word' id='word_1_309' title='bbox 63 2081 99 2111; x_wconf 87' lang='lat' dir='ltr'>et</span> <span class='ocrx_word' id='word_1_310' title='bbox 117 2073 410 2112; x_wconf 81' lang='lat' dir='ltr'>horribilitatis,</span> <span class='ocrx_word' id='word_1_311' title='bbox 435 2072 619 2122; x_wconf 84' lang='lat' dir='ltr'>Denique</span> <span class='ocrx_word' id='word_1_312' title='bbox 643 2072 856 2110; x_wconf 89' lang='lat' dir='ltr'>Ladislaus</span> <span class='ocrx_word' id='word_1_313' title='bbox 878 2087 949 2110; x_wconf 85' lang='lat' dir='ltr'>rex</span> <span class='ocrx_word' id='word_1_314' title='bbox 969 2072 1126 2110; x_wconf 83' lang='lat' dir='ltr'>Siciliae</span> <span class='ocrx_word' id='word_1_315' title='bbox 1147 2073 1326 2111; x_wconf 88' lang='lat' dir='ltr'>scribens</span> <span class='ocrx_word' id='word_1_316' title='bbox 1347 2073 1398 2110; x_wconf 88' lang='lat' dir='ltr'>ad</span> <span class='ocrx_word' id='word_1_317' title='bbox 1421 2072 1660 2122; x_wconf 79' lang='lat' dir='ltr'>Gregorium</span> <span class='ocrx_word' id='word_1_318' title='bbox 1683 2072 1767 2109; x_wconf 87' lang='lat' dir='ltr'>XII</span> 
     </span>
     <span class='ocr_line' id='line_1_32' title="bbox 64 2131 1768 2183; baseline -0.001 -13"><span class='ocrx_word' id='word_1_319' title='bbox 64 2133 176 2183; x_wconf 90' lang='lat' dir='ltr'>apud</span> <span class='ocrx_word' id='word_1_320' title='bbox 212 2131 511 2171; x_wconf 86' lang='lat' dir='ltr'>Theodericum</span> <span class='ocrx_word' id='word_1_321' title='bbox 538 2146 560 2169; x_wconf 91' lang='lat' dir='ltr'>a</span> <span class='ocrx_word' id='word_1_322' title='bbox 590 2131 722 2179; x_wconf 86' lang='lat' dir='ltr'>Niem,</span> <span class='ocrx_word' id='word_1_323' title='bbox 749 2140 935 2169; x_wconf 84' lang='lat' dir='ltr'>tractatu</span> <span class='ocrx_word' id='word_1_324' title='bbox 967 2132 1020 2169; x_wconf 91' lang='lat' dir='ltr'>IV</span> <span class='ocrx_word' id='word_1_325' title='bbox 1049 2131 1233 2169; x_wconf 88' lang='lat' dir='ltr'>Nemoris</span> <span class='ocrx_word' id='word_1_326' title='bbox 1270 2132 1446 2180; x_wconf 87' lang='lat' dir='ltr'>unionis,</span> <span class='ocrx_word' id='word_1_327' title='bbox 1475 2146 1563 2182; x_wconf 89' lang='lat' dir='ltr'>cap.</span> <span class='ocrx_word' id='word_1_328' title='bbox 1593 2147 1632 2169; x_wconf 78' lang='lat' dir='ltr'>vl</span> <span class='ocrx_word' id='word_1_329' title='bbox 1659 2139 1700 2169; x_wconf 87' lang='lat' dir='ltr'>et</span> <span class='ocrx_word' id='word_1_330' title='bbox 1726 2131 1768 2168; x_wconf 92' lang='lat' dir='ltr'>in</span> 
     </span>
     <span class='ocr_line' id='line_1_33' title="bbox 64 2190 1766 2244; baseline -0.002 -14"><span class='ocrx_word' id='word_1_331' title='bbox 64 2191 205 2230; x_wconf 88' lang='lat' dir='ltr'>codice</span> <span class='ocrx_word' id='word_1_332' title='bbox 226 2192 458 2230; x_wconf 86' lang='lat' dir='ltr'>Harlaeano</span> <span class='ocrx_word' id='word_1_333' title='bbox 476 2199 597 2229; x_wconf 85' lang='lat' dir='ltr'>notat</span> <span class='ocrx_word' id='word_1_334' title='bbox 612 2190 770 2229; x_wconf 86' lang='lat' dir='ltr'>Urbani</span> <span class='ocrx_word' id='word_1_335' title='bbox 788 2191 843 2228; x_wconf 92' lang='lat' dir='ltr'>VI</span> <span class='ocrx_word' id='word_1_336' title='bbox 857 2190 1126 2228; x_wconf 85' lang='lat' dir='ltr'>inhumanam</span> <span class='ocrx_word' id='word_1_337' title='bbox 1145 2191 1410 2244; x_wconf 77' lang='lat' dir='ltr'>severitatem</span> <span class='ocrx_word' id='word_1_338' title='bbox 1428 2206 1487 2229; x_wconf 86' lang='lat' dir='ltr'>res</span> <span class='ocrx_word' id='word_1_339' title='bbox 1502 2206 1640 2228; x_wconf 90' lang='lat' dir='ltr'>omnes</span> <span class='ocrx_word' id='word_1_340' title='bbox 1660 2190 1766 2228; x_wconf 88' lang='lat' dir='ltr'>orbis</span> 
     </span>
     <span class='ocr_line' id='line_1_34' title="bbox 66 2249 1766 2299; baseline -0.002 -10"><span class='ocrx_word' id='word_1_341' title='bbox 66 2250 370 2289; x_wconf 88' lang='lat' dir='ltr'>commiscuisse</span> <span class='ocrx_word' id='word_1_342' title='bbox 396 2258 438 2288; x_wconf 85' lang='lat' dir='ltr'>et</span> <span class='ocrx_word' id='word_1_343' title='bbox 462 2249 688 2288; x_wconf 84' lang='lat' dir='ltr'>attrivisse.</span> <span class='ocrx_word' id='word_1_344' title='bbox 714 2250 822 2297; x_wconf 89' lang='lat' dir='ltr'>Quos</span> <span class='ocrx_word' id='word_1_345' title='bbox 843 2250 1075 2299; x_wconf 88' lang='lat' dir='ltr'>triumphos</span> <span class='ocrx_word' id='word_1_346' title='bbox 1098 2265 1180 2287; x_wconf 89' lang='lat' dir='ltr'>non</span> <span class='ocrx_word' id='word_1_347' title='bbox 1200 2250 1412 2288; x_wconf 84' lang='lat' dir='ltr'>cecinisset</span> <span class='ocrx_word' id='word_1_348' title='bbox 1437 2250 1633 2288; x_wconf 87' lang='lat' dir='ltr'>Odoricus</span> <span class='ocrx_word' id='word_1_349' title='bbox 1659 2250 1766 2298; x_wconf 77' lang='lat' dir='ltr'>Ray-</span> 
     </span>
     <span class='ocr_line' id='line_1_35' title="bbox 67 2308 1555 2359; baseline -0.001 -12"><span class='ocrx_word' id='word_1_350' title='bbox 67 2309 229 2356; x_wconf 86' lang='lat' dir='ltr'>naldus,</span> <span class='ocrx_word' id='word_1_351' title='bbox 255 2309 287 2348; x_wconf 90' lang='lat' dir='ltr'>si</span> <span class='ocrx_word' id='word_1_352' title='bbox 312 2309 457 2348; x_wconf 90' lang='lat' dir='ltr'>eadem</span> <span class='ocrx_word' id='word_1_353' title='bbox 481 2317 555 2346; x_wconf 89' lang='lat' dir='ltr'>aut</span> <span class='ocrx_word' id='word_1_354' title='bbox 580 2309 640 2346; x_wconf 92' lang='lat' dir='ltr'>his</span> <span class='ocrx_word' id='word_1_355' title='bbox 666 2308 813 2346; x_wconf 90' lang='lat' dir='ltr'>similia</span> <span class='ocrx_word' id='word_1_356' title='bbox 839 2309 1011 2347; x_wconf 88' lang='lat' dir='ltr'>vidisset</span> <span class='ocrx_word' id='word_1_357' title='bbox 1035 2308 1187 2359; x_wconf 88' lang='lat' dir='ltr'>scripta</span> <span class='ocrx_word' id='word_1_358' title='bbox 1214 2309 1262 2346; x_wconf 90' lang='lat' dir='ltr'>de</span> <span class='ocrx_word' id='word_1_359' title='bbox 1289 2308 1495 2346; x_wconf 88' lang='lat' dir='ltr'>Clemente</span> <span class='ocrx_word' id='word_1_360' title='bbox 1516 2308 1555 2346; x_wconf 81' lang='lat'>2?</span> 
     </span>
    </p>

    <p class='ocr_par' dir='ltr' id='par_1_3' title="bbox 68 2366 1768 2829">
     <span class='ocr_line' id='line_1_36' title="bbox 122 2366 1766 2418; baseline -0.002 -11"><span class='ocrx_word' id='word_1_361' title='bbox 122 2369 165 2407; x_wconf 89' lang='lat' dir='ltr'>P.</span> <span class='ocrx_word' id='word_1_362' title='bbox 199 2368 289 2416; x_wconf 81' lang='grc'>480,</span> <span class='ocrx_word' id='word_1_363' title='bbox 321 2368 388 2418; x_wconf 80' lang='lat' dir='ltr'>lig.</span> <span class='ocrx_word' id='word_1_364' title='bbox 424 2368 484 2406; x_wconf 80' lang='lat'>18.</span> <span class='ocrx_word' id='word_1_365' title='bbox 520 2368 584 2405; x_wconf 80' lang='lat' dir='ltr'>An</span> <span class='ocrx_word' id='word_1_366' title='bbox 621 2368 1115 2406; x_wconf 65' lang='lat' dir='ltr'>MONTEMPESSULANUM.</span> <span class='ocrx_word' id='word_1_367' title='bbox 1153 2368 1269 2405; x_wconf 90' lang='lat' dir='ltr'>Hanc</span> <span class='ocrx_word' id='word_1_368' title='bbox 1303 2367 1596 2407; x_wconf 88' lang='lat' dir='ltr'>tumultuantis</span> <span class='ocrx_word' id='word_1_369' title='bbox 1625 2366 1766 2417; x_wconf 89' lang='lat' dir='ltr'>populi</span> 
     </span>
     <span class='ocr_line' id='line_1_37' title="bbox 68 2425 1767 2473; baseline -0.002 -7"><span class='ocrx_word' id='word_1_370' title='bbox 68 2427 223 2466; x_wconf 85' lang='lat' dir='ltr'>rabiem</span> <span class='ocrx_word' id='word_1_371' title='bbox 259 2427 441 2466; x_wconf 84' lang='lat' dir='ltr'>evenisse</span> <span class='ocrx_word' id='word_1_372' title='bbox 477 2441 585 2464; x_wconf 91' lang='lat' dir='ltr'>anno</span> <span class='ocrx_word' id='word_1_373' title='bbox 622 2426 836 2466; x_wconf 81' lang='lat' dir='ltr'>millesimo</span> <span class='ocrx_word' id='word_1_374' title='bbox 873 2427 1172 2473; x_wconf 81' lang='lat' dir='ltr'>CCCLXXIX,</span> <span class='ocrx_word' id='word_1_375' title='bbox 1210 2426 1272 2464; x_wconf 90' lang='lat' dir='ltr'>die</span> <span class='ocrx_word' id='word_1_376' title='bbox 1310 2441 1369 2463; x_wconf 83' lang='lat' dir='ltr'>xx</span> <span class='ocrx_word' id='word_1_377' title='bbox 1407 2426 1600 2473; x_wconf 87' lang='lat' dir='ltr'>octobris,</span> <span class='ocrx_word' id='word_1_378' title='bbox 1636 2425 1767 2464; x_wconf 85' lang='lat' dir='ltr'>tradit</span> 
     </span>
     <span class='ocr_line' id='line_1_38' title="bbox 68 2484 1767 2535; baseline -0.002 -10"><span class='ocrx_word' id='word_1_379' title='bbox 68 2486 322 2525; x_wconf 87' lang='lat' dir='ltr'>Bertrandus</span> <span class='ocrx_word' id='word_1_380' title='bbox 354 2484 609 2535; x_wconf 84' lang='lat' dir='ltr'>Boyssetus3</span> <span class='ocrx_word' id='word_1_381' title='bbox 641 2485 739 2524; x_wconf 87' lang='lat' dir='ltr'>civis</span> <span class='ocrx_word' id='word_1_382' title='bbox 774 2485 1022 2524; x_wconf 88' lang='lat' dir='ltr'>Arelatensis</span> <span class='ocrx_word' id='word_1_383' title='bbox 1055 2494 1096 2523; x_wconf 88' lang='lat' dir='ltr'>et</span> <span class='ocrx_word' id='word_1_384' title='bbox 1129 2485 1280 2523; x_wconf 86' lang='lat' dir='ltr'>occisos</span> <span class='ocrx_word' id='word_1_385' title='bbox 1313 2494 1403 2522; x_wconf 90' lang='lat' dir='ltr'>tum</span> <span class='ocrx_word' id='word_1_386' title='bbox 1436 2485 1572 2532; x_wconf 86' lang='lat' dir='ltr'>fuisse,</span> <span class='ocrx_word' id='word_1_387' title='bbox 1605 2493 1767 2534; x_wconf 89' lang='lat' dir='ltr'>praeter</span> 
     </span>
     <span class='ocr_line' id='line_1_39' title="bbox 69 2544 1766 2594; baseline -0.002 -10"><span class='ocrx_word' id='word_1_388' title='bbox 69 2553 238 2584; x_wconf 89' lang='lat' dir='ltr'>centum</span> <span class='ocrx_word' id='word_1_389' title='bbox 266 2553 307 2583; x_wconf 89' lang='lat' dir='ltr'>et</span> <span class='ocrx_word' id='word_1_390' title='bbox 336 2553 494 2594; x_wconf 90' lang='lat' dir='ltr'>septem</span> <span class='ocrx_word' id='word_1_391' title='bbox 524 2559 699 2594; x_wconf 89' lang='lat' dir='ltr'>quorum</span> <span class='ocrx_word' id='word_1_392' title='bbox 728 2544 894 2582; x_wconf 91' lang='lat' dir='ltr'>nomina</span> <span class='ocrx_word' id='word_1_393' title='bbox 923 2559 1005 2582; x_wconf 90' lang='lat' dir='ltr'>non</span> <span class='ocrx_word' id='word_1_394' title='bbox 1033 2545 1252 2590; x_wconf 85' lang='lat' dir='ltr'>habentur,</span> <span class='ocrx_word' id='word_1_395' title='bbox 1282 2544 1579 2583; x_wconf 90' lang='lat' dir='ltr'>seneschallum</span> <span class='ocrx_word' id='word_1_396' title='bbox 1611 2544 1766 2581; x_wconf 84' lang='lat' dir='ltr'>Ruthe-</span> 
     </span>
     <span class='ocr_line' id='line_1_40' title="bbox 71 2602 1766 2652; baseline -0.001 -11"><span class='ocrx_word' id='word_1_397' title='bbox 71 2618 251 2651; x_wconf 90' lang='lat' dir='ltr'>nensem,</span> <span class='ocrx_word' id='word_1_398' title='bbox 268 2603 557 2642; x_wconf 89' lang='lat' dir='ltr'>cancellarium</span> <span class='ocrx_word' id='word_1_399' title='bbox 573 2603 773 2641; x_wconf 86' lang='lat' dir='ltr'>Ludovici</span> <span class='ocrx_word' id='word_1_400' title='bbox 795 2603 1156 2652; x_wconf 81' lang='lat' dir='ltr'>Andegavensium</span> <span class='ocrx_word' id='word_1_401' title='bbox 1173 2602 1301 2650; x_wconf 89' lang='lat' dir='ltr'>ducis,</span> <span class='ocrx_word' id='word_1_402' title='bbox 1321 2603 1636 2652; x_wconf 81' lang='lat' dir='ltr'>gubernatorem</span> <span class='ocrx_word' id='word_1_403' title='bbox 1654 2603 1766 2641; x_wconf 91' lang='lat' dir='ltr'>Mon-</span> 
     </span>
     <span class='ocr_line' id='line_1_41' title="bbox 70 2661 1766 2713; baseline -0.001 -12"><span class='ocrx_word' id='word_1_404' title='bbox 70 2662 347 2713; x_wconf 86' lang='lat' dir='ltr'>tispessulani,</span> <span class='ocrx_word' id='word_1_405' title='bbox 371 2661 615 2711; x_wconf 84' lang='lat' dir='ltr'>magistrum</span> <span class='ocrx_word' id='word_1_406' title='bbox 632 2663 836 2700; x_wconf 85' lang='lat' dir='ltr'>Joannem</span> <span class='ocrx_word' id='word_1_407' title='bbox 856 2661 1199 2711; x_wconf 82' lang='lat' dir='ltr'>Perdeguierium,</span> <span class='ocrx_word' id='word_1_408' title='bbox 1226 2661 1445 2711; x_wconf 89' lang='lat' dir='ltr'>quemdam</span> <span class='ocrx_word' id='word_1_409' title='bbox 1470 2670 1666 2699; x_wconf 88' lang='lat' dir='ltr'>vocatum</span> <span class='ocrx_word' id='word_1_410' title='bbox 1690 2662 1766 2699; x_wconf 85' lang='lat' dir='ltr'>Ba-</span> 
     </span>
     <span class='ocr_line' id='line_1_42' title="bbox 70 2720 1766 2770; baseline -0.001 -11"><span class='ocrx_word' id='word_1_411' title='bbox 70 2722 226 2769; x_wconf 89' lang='lat' dir='ltr'>buiam,</span> <span class='ocrx_word' id='word_1_412' title='bbox 256 2721 425 2759; x_wconf 81' lang='lat' dir='ltr'>Petrum</span> <span class='ocrx_word' id='word_1_413' title='bbox 452 2721 500 2759; x_wconf 92' lang='lat' dir='ltr'>de</span> <span class='ocrx_word' id='word_1_414' title='bbox 527 2720 730 2758; x_wconf 88' lang='lat' dir='ltr'>Balneolis</span> <span class='ocrx_word' id='word_1_415' title='bbox 758 2720 1062 2760; x_wconf 88' lang='lat' dir='ltr'>thesaurarium</span> <span class='ocrx_word' id='word_1_416' title='bbox 1090 2720 1343 2770; x_wconf 85' lang='lat' dir='ltr'>Veneyssini,</span> <span class='ocrx_word' id='word_1_417' title='bbox 1374 2720 1460 2770; x_wconf 92' lang='lat' dir='ltr'>(qui</span> <span class='ocrx_word' id='word_1_418' title='bbox 1487 2720 1766 2759; x_wconf 84' lang='lat' dir='ltr'>thesaurarius</span> 
     </span>
     <span class='ocr_line' id='line_1_43' title="bbox 74 2778 1768 2829; baseline -0.001 -11"><span class='ocrx_word' id='word_1_419' title='bbox 74 2779 268 2819; x_wconf 88' lang='lat' dir='ltr'>Nemausi</span> <span class='ocrx_word' id='word_1_420' title='bbox 285 2788 458 2818; x_wconf 88' lang='lat' dir='ltr'>vocatur</span> <span class='ocrx_word' id='word_1_421' title='bbox 475 2779 516 2817; x_wconf 91' lang='lat' dir='ltr'>in</span> <span class='ocrx_word' id='word_1_422' title='bbox 533 2779 659 2817; x_wconf 89' lang='lat' dir='ltr'>literis</span> <span class='ocrx_word' id='word_1_423' title='bbox 679 2779 878 2817; x_wconf 87' lang='lat' dir='ltr'>Ludovici</span> <span class='ocrx_word' id='word_1_424' title='bbox 896 2778 1202 2828; x_wconf 81' lang='lat' dir='ltr'>Andegavensis</span> <span class='ocrx_word' id='word_1_425' title='bbox 1221 2779 1326 2817; x_wconf 89' lang='lat' dir='ltr'>infra</span> <span class='ocrx_word' id='word_1_426' title='bbox 1344 2779 1539 2828; x_wconf 88' lang='lat' dir='ltr'>laudatis)</span> <span class='ocrx_word' id='word_1_427' title='bbox 1559 2788 1600 2817; x_wconf 90' lang='lat' dir='ltr'>et</span> <span class='ocrx_word' id='word_1_428' title='bbox 1621 2779 1768 2829; x_wconf 82' lang='lat' dir='ltr'>magis-</span> 
     </span>
    </p>
   </div>
   <div class='ocr_carea' id='block_1_3' title="bbox 76 2927 1769 3183">
    <p class='ocr_par' dir='ltr' id='par_1_4' title="bbox 119 2927 685 2967">
     <span class='ocr_line' id='line_1_44' title="bbox 119 2927 685 2967; baseline 0 -7"><span class='ocrx_word' id='word_1_429' title='bbox 119 2928 152 2960; x_wconf 82' lang='lat'>1.</span> <span class='ocrx_word' id='word_1_430' title='bbox 183 2927 223 2960; x_wconf 89' lang='lat' dir='ltr'>B.</span> <span class='ocrx_word' id='word_1_431' title='bbox 260 2927 317 2967; x_wconf 90' lang='lat' dir='ltr'>N.‚</span> <span class='ocrx_word' id='word_1_432' title='bbox 351 2939 418 2960; x_wconf 78' lang='lat' dir='ltr'>ms,</span> <span class='ocrx_word' id='word_1_433' title='bbox 452 2927 548 2959; x_wconf 80' lang='lat' dir='ltr'>latin</span> <span class='ocrx_word' id='word_1_434' title='bbox 580 2927 685 2960; x_wconf 75' lang='lat'>1467.</span> 
     </span>
    </p>

    <p class='ocr_par' dir='ltr' id='par_1_5' title="bbox 77 2979 1766 3077">
     <span class='ocr_line' id='line_1_45' title="bbox 123 2979 1766 3024; baseline 0.001 -11"><span class='ocrx_word' id='word_1_435' title='bbox 123 2981 153 3014; x_wconf 86' lang='lat'>2.</span> <span class='ocrx_word' id='word_1_436' title='bbox 187 2980 230 3013; x_wconf 92' lang='lat' dir='ltr'>N.</span> <span class='ocrx_word' id='word_1_437' title='bbox 257 2979 385 3013; x_wconf 87' lang='lat' dir='ltr'>Valois</span> <span class='ocrx_word' id='word_1_438' title='bbox 415 2980 454 3023; x_wconf 87' lang='lat' dir='ltr'>(t.</span> <span class='ocrx_word' id='word_1_439' title='bbox 479 2992 503 3019; x_wconf 94' lang='lat'>1,</span> <span class='ocrx_word' id='word_1_440' title='bbox 530 2992 564 3024; x_wconf 92' lang='lat' dir='ltr'>p.</span> <span class='ocrx_word' id='word_1_441' title='bbox 591 2980 648 3023; x_wconf 76' lang='lat'>34)</span> <span class='ocrx_word' id='word_1_442' title='bbox 678 2991 698 3012; x_wconf 88' lang='lat' dir='ltr'>a</span> <span class='ocrx_word' id='word_1_443' title='bbox 723 2980 794 3013; x_wconf 80' lang='lat' dir='ltr'>fait</span> <span class='ocrx_word' id='word_1_444' title='bbox 819 2981 996 3014; x_wconf 87' lang='lat' dir='ltr'>observer</span> <span class='ocrx_word' id='word_1_445' title='bbox 1020 2992 1091 3024; x_wconf 88' lang='lat' dir='ltr'>que</span> <span class='ocrx_word' id='word_1_446' title='bbox 1118 2981 1255 3013; x_wconf 84' lang='lat' dir='ltr'>Baluze</span> <span class='ocrx_word' id='word_1_447' title='bbox 1281 2980 1427 3013; x_wconf 86' lang='lat' dir='ltr'>n’avait</span> <span class='ocrx_word' id='word_1_448' title='bbox 1451 2980 1557 3014; x_wconf 73' lang='lat' dir='ltr'>reuni</span> <span class='ocrx_word' id='word_1_449' title='bbox 1582 2993 1596 3011; x_wconf 91' lang='lat'>«</span> <span class='ocrx_word' id='word_1_450' title='bbox 1619 2993 1692 3024; x_wconf 88' lang='lat' dir='ltr'>que</span> <span class='ocrx_word' id='word_1_451' title='bbox 1716 2982 1766 3014; x_wconf 89' lang='lat' dir='ltr'>les</span> 
     </span>
     <span class='ocr_line' id='line_1_46' title="bbox 77 3033 1551 3077; baseline -0.001 -9"><span class='ocrx_word' id='word_1_452' title='bbox 77 3033 334 3076; x_wconf 72' lang='lat' dir='ltr'>temoignages</span> <span class='ocrx_word' id='word_1_453' title='bbox 365 3033 415 3065; x_wconf 87' lang='lat' dir='ltr'>les</span> <span class='ocrx_word' id='word_1_454' title='bbox 447 3033 530 3076; x_wconf 85' lang='lat' dir='ltr'>plus</span> <span class='ocrx_word' id='word_1_455' title='bbox 562 3033 823 3066; x_wconf 79' lang='lat' dir='ltr'>defavorables</span> <span class='ocrx_word' id='word_1_456' title='bbox 853 3045 867 3063; x_wconf 86' lang='lat'>»</span> <span class='ocrx_word' id='word_1_457' title='bbox 897 3045 960 3066; x_wconf 88' lang='lat' dir='ltr'>sur</span> <span class='ocrx_word' id='word_1_458' title='bbox 989 3034 1024 3066; x_wconf 87' lang='lat' dir='ltr'>la</span> <span class='ocrx_word' id='word_1_459' title='bbox 1055 3045 1238 3077; x_wconf 87' lang='lat' dir='ltr'>personne</span> <span class='ocrx_word' id='word_1_460' title='bbox 1270 3033 1456 3067; x_wconf 81' lang='lat' dir='ltr'>d&#39;Urbain</span> <span class='ocrx_word' id='word_1_461' title='bbox 1486 3034 1551 3066; x_wconf 89' lang='lat' dir='ltr'>VI.</span> 
     </span>
    </p>

    <p class='ocr_par' dir='ltr' id='par_1_6' title="bbox 76 3085 1769 3183">
     <span class='ocr_line' id='line_1_47' title="bbox 124 3085 1769 3130; baseline 0.001 -10"><span class='ocrx_word' id='word_1_462' title='bbox 124 3088 156 3121; x_wconf 89' lang='lat'>3.</span> <span class='ocrx_word' id='word_1_463' title='bbox 186 3086 334 3125; x_wconf 83' lang='lat' dir='ltr'>Archiv,</span> <span class='ocrx_word' id='word_1_464' title='bbox 357 3092 383 3119; x_wconf 87' lang='lat' dir='ltr'>t.</span> <span class='ocrx_word' id='word_1_465' title='bbox 408 3097 470 3126; x_wconf 85' lang='lat' dir='ltr'>vu,</span> <span class='ocrx_word' id='word_1_466' title='bbox 493 3098 528 3129; x_wconf 93' lang='lat' dir='ltr'>p.</span> <span class='ocrx_word' id='word_1_467' title='bbox 551 3086 632 3119; x_wconf 82' lang='lat'>334.</span> <span class='ocrx_word' id='word_1_468' title='bbox 654 3105 703 3109; x_wconf 82' lang='lat'>—</span> <span class='ocrx_word' id='word_1_469' title='bbox 722 3085 813 3118; x_wconf 87' lang='lat' dir='ltr'>Voir</span> <span class='ocrx_word' id='word_1_470' title='bbox 832 3098 896 3119; x_wconf 89' lang='lat' dir='ltr'>sur</span> <span class='ocrx_word' id='word_1_471' title='bbox 915 3087 965 3119; x_wconf 87' lang='lat' dir='ltr'>les</span> <span class='ocrx_word' id='word_1_472' title='bbox 988 3087 1155 3120; x_wconf 89' lang='lat' dir='ltr'>troubles</span> <span class='ocrx_word' id='word_1_473' title='bbox 1178 3087 1221 3119; x_wconf 89' lang='lat' dir='ltr'>de</span> <span class='ocrx_word' id='word_1_474' title='bbox 1244 3086 1493 3130; x_wconf 89' lang='lat' dir='ltr'>Montpellier,</span> <span class='ocrx_word' id='word_1_475' title='bbox 1516 3087 1707 3120; x_wconf 88' lang='lat' dir='ltr'>l&#39;Histoire</span> <span class='ocrx_word' id='word_1_476' title='bbox 1728 3088 1769 3121; x_wconf 86' lang='lat' dir='ltr'>de</span> 
     </span>
     <span class='ocr_line' id='line_1_48' title="bbox 76 3139 1389 3183; baseline 0 -11"><span class='ocrx_word' id='word_1_477' title='bbox 76 3139 295 3182; x_wconf 86' lang='lat' dir='ltr'>Languedoc</span> <span class='ocrx_word' id='word_1_478' title='bbox 313 3139 353 3182; x_wconf 83' lang='lat' dir='ltr'>(t.</span> <span class='ocrx_word' id='word_1_479' title='bbox 368 3151 422 3178; x_wconf 83' lang='lat' dir='ltr'>1x,</span> <span class='ocrx_word' id='word_1_480' title='bbox 439 3151 473 3182; x_wconf 91' lang='lat' dir='ltr'>p.</span> <span class='ocrx_word' id='word_1_481' title='bbox 491 3139 662 3178; x_wconf 87' lang='lat'>872-877,</span> <span class='ocrx_word' id='word_1_482' title='bbox 680 3139 766 3178; x_wconf 82' lang='lat'>885;</span> <span class='ocrx_word' id='word_1_483' title='bbox 784 3145 810 3172; x_wconf 87' lang='lat' dir='ltr'>t.</span> <span class='ocrx_word' id='word_1_484' title='bbox 828 3151 865 3179; x_wconf 86' lang='lat' dir='ltr'>x,</span> <span class='ocrx_word' id='word_1_485' title='bbox 882 3139 1051 3179; x_wconf 88' lang='lat' dir='ltr'>Preuves,</span> <span class='ocrx_word' id='word_1_486' title='bbox 1069 3140 1135 3173; x_wconf 91' lang='lat' dir='ltr'>col.</span> <span class='ocrx_word' id='word_1_487' title='bbox 1154 3140 1389 3183; x_wconf 83' lang='lat'>1627-1628).</span> 
     </span>
    </p>
   </div>
  </div>
 </body>
</html>
