2083 3458
105 274 219 334 [914]
626 292 842 318 PAPARUM
877 293 1260 318 AVENJONENsmM
1715 276 1800 318 429

104 374 272 413 tuorum
291 374 528 413 clericorum
547 390 616 413 seu
637 376 941 425 capellanorum
961 391 1177 414 numerum
1196 376 1279 414 sive
1301 376 1527 425 collegium,
1549 390 1648 424 quos
1666 374 1799 413 voluit

105 433 302 484 appellari
332 434 562 483 capellanos
593 449 662 472 seu
693 435 855 473 clericos
887 435 1176 482 Clementinos,
1208 435 1425 473 Clementis
1457 434 1647 472 videlicet
1666 447 1797 484 papae

106 492 230 537 sexti;
264 506 439 542 quorum
471 492 687 531 duodecim
719 502 853 532 essent
884 494 924 531 in
956 494 1183 532 sacerdotio
1216 493 1446 540 constituti,
1479 493 1559 530 duo
1590 493 1632 530 in
1663 492 1798 530 diaco-

106 559 242 598 natus,
263 565 310 589 ac
329 550 473 600 reliqui
493 551 574 589 duo
594 551 635 589 in
655 552 976 590 subdiaconatus
999 553 1220 591 ordinibus.
1246 553 1299 590 Et
1318 567 1390 602 pro
1410 552 1671 590 institutione
1692 551 1797 600 ejus-

106 609 200 648 dem
219 610 374 660 collegii
394 610 508 648 dedit
527 624 683 647 annuos
703 611 887 648 redditus
909 612 1226 661 quingentarum
1246 620 1286 649 et
1307 611 1580 661 quadraginta
1600 611 1797 648 librarum

105 668 401 707 turonensium.

163 728 204 766 P.
232 727 321 775 287,
345 728 410 777 lig.
439 727 499 766 25.
536 729 774 766 GU1LLELMI
809 743 1127 768 ARCHIEPISCOPI
1166 729 1548 778 Caesaraugustam,
1592 727 1796 777 cognomi-

109 786 195 824 nati
218 786 266 824 dc
287 786 497 835 Agrifolio,
519 787 568 825 de
590 801 669 837 quo
690 787 874 837 pluribus
895 796 1035 825 actum
1056 797 1117 827 est
1137 802 1272 838 supra,
1294 804 1332 838 p.
1355 788 1442 825 902.

164 846 206 884 P.
228 845 317 892 288,
336 845 402 895 lig.
423 845 485 884 32.
507 847 891 884 CLEMENTtsstMUS.
919 847 1006 884 Une
1026 848 1256 897 supplique,
1278 847 1460 885 adressec
1482 849 1501 883 a
1524 847 1708 884 Clement
1726 845 1798 891 VI,

110 912 172 942 est
202 904 304 942 ainsi
336 904 491 942 libellee
521 905 862 942 :Clementissimo
895 921 940 943 ac
975 906 1197 943 beatissimo
1236 906 1277 943 in
1321 906 1474 943 Christo
1505 904 1799 954 (Cistercienser

111 963 299 1010 Chronilf,
316 971 345 1000 t.
366 963 621 1013 xx11(19lO)‚
643 979 680 1014 p.
704 964 783 1013 39).

166 1023 208 1060 P.
226 1022 315 1070 289,
337 1023 403 1071 lig.
427 1023 462 1061 3.
481 1023 686 1061 MEsrmo.
705 1023 852 1061 Error1
875 1032 937 1061 est
959 1024 1221 1073 typographi,
1238 1039 1309 1073 pro
1334 1038 1413 1073 quo
1436 1023 1716 1073 reponendum
1738 1029 1801 1059 est

112 1081 282 1119 Mostrio
308 1083 371 1120 vel
398 1082 607 1120 Monstrio.
639 1082 744 1120 Hinc
770 1082 895 1132 aliqui
922 1083 1029 1120 hunc
1057 1084 1306 1121 Clementem
1333 1078 1450 1120 aiunt
1477 1090 1611 1119 ortum
1643 1096 1726 1119 esse
1753 1095 1803 1118 ex

113 1140 267 1178 familia
288 1141 498 1179 Monstria.
521 1142 583 1178 Ex
603 1156 682 1190 quo
702 1141 885 1183 fortassis
906 1142 1186 1191 conjecturam
1206 1156 1346 1191 capere
1367 1142 1503 1179 liceret
1524 1149 1696 1178 matrem
1716 1140 1803 1188 ejus

113 1208 306 1238 vocatam
334 1200 454 1238 fuisse
483 1200 743 1238 Guillelmam
771 1200 1025 1238 Monstriam.
1056 1201 1134 1239 Sed
1160 1201 1259 1238 haec
1286 1215 1395 1238 mera
1424 1200 1624 1237 divinatio
1652 1207 1724 1237 est.

169 1259 211 1296 Ρ.
238 1258 326 1306 289,
350 1259 416 1308 lig.
443 1259 502 1297 11.
530 1259 823 1298 SERMONICOR.
850 1259 1048 1297 Odoricus
1074 1260 1328 1308 Raynaldus,
1353 1274 1417 1298 an.
1438 1259 1550 1298 1342.
1580 1258 1649 1307 ἓό,
1674 1256 1804 1295 edidit

115 1318 512 1365 Sermo'cinationum,
553 1326 594 1356 et
634 1332 730 1355 mox
770 1318 1101 1356 Commemabilis
1141 1333 1213 1369 pro
1254 1318 1544 1356 conversabilis.

170 1377 212 1414 P.
241 1376 330 1424 290,
355 1377 422 1427 lig.
450 1377 484 1415 3.
515 1378 578 1414 DE
605 1378 772 1416 CIARTIS
799 1379 844 1415 de
869 1377 1067 1425 Chartres,
1093 1378 1134 1415 id
1160 1386 1234 1425 est,
1262 1379 1566 1416 Carnotensem.

171 1436 213 1474 P.
246 1435 334 1483 290,
364 1437 430 1485 lig.
461 1436 497 1474 8.
530 1436 895 1475 AUTISSIODOREN.
931 1437 1046 1475 Istud
1077 1452 1158 1474 non
1187 1445 1249 1474 θεῖ
1278 1451 1433 1475 verum.
1468 1436 1631 1474 Etenim
1665 1436 1807 1473 Petrus

115 1495 334 1533 Bertrandi
359 1509 571 1545 nunquam
598 1495 677 1533 fuit
701 1496 914 1546 episcopus
942 1496 1319 1534 Autissiodorensis.
1346 1495 1643 1546 Reponendum
1669 1494 1809 1542 itaque

117 1554 328 1592 Eduensis.

174 1614 215 1651 P.
238 1613 326 1660 290,
348 1613 413 1662 lig.
436 1613 497 1652 23.
523 1614 884 1652 DEPERDITARUM.
908 1614 981 1651 Les
1000 1615 1094 1662 ,alles
1114 1615 1305 1664 perciades
1326 1614 1435 1664 apud
1458 1613 1696 1651 Michaelem
1718 1612 1810 1649 Car-

120 1673 341 1719 bonellum,
362 1672 430 1710 lib.
458 1673 525 1720 IV,
548 1687 635 1723 cap.
657 1688 683 1720 1,
706 1673 931 1711 Chronicor.
955 1673 1198 1723 Hispaniae,
1221 1674 1316 1723 quia
1339 1688 1404 1711 eas
1426 1672 1575 1723 pagani
1598 1671 1811 1716 tenebant,

119 1740 161 1770 et
178 1731 409 1769 Ludovicus
423 1732 561 1769 aiebat
577 1747 617 1769 se
634 1733 737 1770 velle
752 1733 840 1770 illas
858 1733 1024 1770 reddere
1041 1732 1222 1781 religioni
1240 1732 1401 1770 Christi.
1421 1731 1617 1770 Odoricus
1634 1729 1814 1779 Raynal—

120 1791 209 1838 dus,
236 1804 300 1828 an.
330 1790 444 1838 1344,
477 1791 493 1839 ἓ
520 1791 582 1838 47,
609 1791 737 1829 edidit
765 1792 1085 1830 Fortunatamm.

175 1850 218 1887 P.
254 1849 343 1896 290,
377 1849 443 1899 lig.
479 1850 540 1888 23.
579 1850 900 1888 POSSESSIONEM
939 1865 1071 1895 NUNQ.
1119 1865 1289 1889 HABUIT.
1331 1851 1659 1899 W'alsinghamus
1707 1848 1750 1897 [t.
1787 1861 1816 1894 1,

122 1924 160 1959 p.
183 1908 282 1958 265]
305 1908 357 1946 ad
377 1922 532 1946 annum
549 1909 809 1947 millesimum
826 1910 1057 1948 CCCXLIV
1075 1910 1245 1959 loquens
1263 1910 1310 1948 de
1328 1910 1434 1947 dono
1450 1908 1687 1947 earumdem
1706 1908 1814 1945 insu·

122 1968 255 2006 larum
273 1967 383 2017 quod
401 1968 584 2006 Clemens
603 1969 659 2005 VI
678 1969 792 2006 dedit
808 1969 901 2007 huic
922 1969 1130 2007 Ludovico
1150 1985 1157 2006 z
1181 1969 1342 2006 Donum
1361 1969 1492 2018 titique
1516 1968 1632 2006 Zancle
1648 1967 1816 2015 dignum,

123 2026 276 2076 fuisset,
307 2026 345 2063 si
378 2027 663 2076 possessionem
697 2028 908 2077 pacificam
942 2028 1177 2066 contulisset.

180 2086 221 2123 P.
254 2085 342 2132 291,
373 2085 437 2135 lig.
472 2086 531 2124 13.
566 2086 818 2124 NOROToNo.
852 2086 960 2124 C’est
989 2087 1023 2124 le
1055 2096 1187 2125 comte
1219 2087 1267 2125 de
1300 2087 1622 2136 Northamptou,
1654 2085 1814 2122 devenu

125 2145 355 2183 lieutenant
379 2135 618 2182 d’Edouard
646 2146 722 2193 ΙΙΙ,
747 2146 780 2183 le
806 2146 854 2183 20
876 2146 1010 2195 juillet
1036 2146 1135 2184 1342
1161 2146 1351 2195 (Denisse,
1376 2146 1434 2183 La
1455 2144 1698 2189 Desolation,
1719 2151 1747 2180 t.
1773 2157 1814 2189 11,

126 2219 164 2255 p.
196 2203 243 2241 21
273 2211 314 2241 θῖ
343 2203 421 2252 24).

182 2263 223 2300 Ρ.
254 2262 342 2310 291,
371 2262 436 2312 lig.
468 2263 527 2301 18.
558 2263 723 2300 VILLAM
753 2264 859 2301 CAMi
888 2279 958 2301 scu
987 2263 1155 2301 Cadomi
1174 2263 1203 2311 2,
1232 2264 1353 2313 vulgo
1383 2264 1502 2301 Ca‘e'n.

182 2322 224 2360 P.
249 2321 337 2369 291,
360 2321 425 2371 lig.
450 2321 511 2360 20.
537 2322 741 2360 SANCTUM
767 2323 915 2361 CLOUM
939 2323 1023 2360 sive
1047 2323 1329 2369 clodoaldum,
1352 2323 1474 2371 vulgo
1493 2322 1768 2359 Saint-Cloml.

183 2381 224 2419 P.
258 2380 346 2427 291,
377 2381 442 2430 lig.
475 2381 535 2419 32.
570 2382 788 2419 LANSANO.
818 2382 862 2419 In
891 2381 1074 2419 Historia
1100 2381 1385 2427 Cortusiorum,
1416 2381 1484 2419 lib.
1522 2382 1594 2420 IX.
1627 2395 1713 2430 cap.
1748 2396 1816 2418 V111

140 2439 368 2490 [Murat0ri‚
393 2447 422 2477 t.
448 2454 519 2487 ΧΠ,
544 2441 617 2478 col.
643 2440 743 2490 921]
768 2440 963 2488 Lansone,
988 2441 1110 2490 vulgo
1134 2441 1322 2486 Alencon.

185 2499 226 2537 P.
247 2498 336 2545 292,
354 2498 419 2547 lig.
441 2498 501 2537 14.
523 2499 617 2537 Hoc
636 2514 743 2537 FUIT.
768 2500 797 2536 Il
816 2499 937 2549 S'agit
955 2500 1058 2538 dela
1077 2499 1244 2537 bataille
1263 2499 1310 2536 de
1332 2498 1500 2536 Nevill’s
1520 2499 1635 2536 Cross
1657 2499 1719 2547 (E.
1742 2500 1817 2536 La-

134 2557 250 2604 visse,
274 2557 451 2594 Histoire
475 2558 518 2595 de
542 2558 707 2605 France,
734 2558 860 2605 Paris,
887 2558 1000 2606 1902,
1026 2566 1054 2596 t.
1079 2558 1152 2606 ivl,
1177 2573 1215 2607 p.
1243 2557 1320 2596 65).

187 2616 229 2653 Ρ.
254 2615 342 2664 292,
364 2616 430 2665 lig.
456 2616 515 2654 17.
541 2617 751 2655 PRELIUM.
776 2617 884 2655 C’est
904 2618 942 2654 la
965 2617 1132 2655 bataille
1155 2616 1202 2654 de
1224 2617 1262 2653 la
1283 2616 1609 2654 Roche-Derrien
1628 2616 1820 2664 (Denifle,

135 2675 192 2712 La
206 2674 448 2722 Desolation,
466 2683 496 2713 t.
515 2690 555 2722 11,
574 2690 612 2726 p.
632 2675 710 2725 51).

189 2734 231 2772 P.
255 2733 344 2781 292,
365 2733 431 2783 lig.
456 2733 516 2772 22.
541 2735 685 2772 COMEs
709 2749 764 2772 DE
788 2736 894 2772 ARBI
916 2734 1000 2772 sive
1023 2734 1071 2772 de
1096 2734 1248 2783 Derby,
1275 2733 1472 2771 Henricus
1496 2733 1544 2771 de
1568 2734 1821 2772 Lancastria.

136 2792 238 2830 Vide
274 2792 547 2830 Froissartum
591 2793 792 2843 [Kervyn,
827 2801 856 2831 t.
895 2808 982 2837 xxi,
1017 2808 1055 2842 p.
1091 2792 1235 2841 86-88]
1271 2800 1312 2829 et
1344 2791 1563 2829 Chronicon
1602 2792 1823 2830 Raimundi

135 2851 333 2889 Bernardi
354 2851 401 2889 de
423 2852 550 2899 Mota,
571 2852 749 2902 episcopi
770 2852 1005 2889 Vasatensis
1038 2851 1090 2901 [p.
1114 2850 1227 2900 290].

192 2910 234 2948 P.
263 2910 351 2957 292,
378 2909 444 2959 lig.
472 2909 533 2948 22.
563 2911 901 2948 LOCUMTENENS.
934 2910 1084 2960 Depuis
1110 2910 1145 2947 le
1174 2909 1221 2946 10
1247 2909 1326 2945 mai
1357 2909 1455 2946 1345
1483 2909 1666 2957 <Hymen
1694 2918 1722 2948 t.
1750 2910 1827 2958 111¹,

138 2983 176 3019 p.
203 2969 266 3017 37,
292 2969 352 3008 ed.
380 2967 428 3006 de
454 2968 647 3016 Londres,
674 2969 804 3018 1825).

188 3100 220 3134 1.
242 3099 309 3132 Les
328 3099 486 3132 lectures
506 3101 704 3142 proposees
724 3111 792 3142 par
809 3099 945 3131 Baluze
965 3105 1051 3131 sont
1069 3098 1345 3141 inacceptables
1366 3098 1459 3141 (voir
1476 3110 1600 3142 supra,
1622 3112 1656 3143 p.
1673 3101 1772 3142 336).

190 3154 221 3186 2.
248 3152 319 3186 Sur
341 3153 376 3185 la
401 3151 495 3195 prise
522 3152 565 3184 de
591 3151 700 3192 Caen,
727 3152 808 3184 voir
833 3151 989 3188 Denisse.
1015 3151 1069 3183 La
1090 3151 1310 3191 Dei-solation,
1338 3157 1363 3185 t.
1388 3163 1425 3191 11,
1452 3163 1486 3194 p.
1513 3152 1569 3185 37.
