2083 3458
95 292 245 348 [1393]
612 308 830 334 PAPARUM
865 309 1248 334 AVENIONENSIUM
1697 292 1776 333 905

81 392 366 430 adhaerebant
389 391 577 442 partibus
605 391 746 430 Karoli
769 392 818 430 de
843 392 1033 440 Duracio,
1057 393 1127 442 qui
1150 408 1189 431 se
1214 407 1349 443 regem
1373 392 1530 432 Siciliae
1555 392 1712 431 ferebat
1735 399 1777 430 et

81 451 274 489 heredem
303 451 503 489 Joannae.

138 510 250 548 Inter
283 511 382 548 haec
420 502 547 548 Maria
582 509 720 560 regina
758 510 956 549 Ludovici
990 519 1123 549 mater
1157 519 1197 549 et
1231 510 1364 548 tutrix
1395 511 1605 549 nitebatur
1639 523 1776 547 amore

81 569 219 620 potius
249 583 373 618 quam
401 568 442 606 vi
469 583 515 607 ea
542 569 630 607 loca
659 583 871 619 occupare.
904 569 1098 608 Habebat
1128 570 1399 619 Raymundus
1439 570 1572 608 varias
1602 569 1776 607 ditiones

82 628 300 677 variasque
330 627 604 679 possessiones
635 627 678 666 in
708 628 851 666 eadem
881 629 1056 678 regione.
1090 629 1191 667 Cum
1222 643 1314 678 ergo
1346 629 1377 667 is
1408 637 1500 666 tum
1530 637 1635 667 esset
1666 626 1777 678 apud

82 687 279 737 reginam,
307 701 435 737 eaque
464 686 527 725 die
555 701 642 725 xvn
669 687 855 737 ejusdem
882 688 1030 726 mensis
1058 688 1155 725 maii
1182 688 1234 725 ab
1261 687 1328 725 illo
1354 696 1514 738 peteret
1540 686 1778 736 homagium

84 747 196 796 quod
218 746 358 785 comiti
381 746 621 784 Provinciae
645 746 873 785 debebatur
894 747 1052 785 ratione
1074 747 1312 785 earumdem
1335 747 1539 785 ditionum
1560 755 1601 785 et
1622 760 1778 796 posses-

84 805 260 852 sionum,
287 805 351 843 ille
378 804 591 855 respondit
617 805 824 843 neminem
839 805 973 844 adhuc
1000 806 1099 843 illud
1121 805 1373 856 praestitisse
1397 815 1437 845 et
1459 806 1563 845 nolle
1584 820 1625 844 se
1647 804 1777 843 facere

83 865 319 915 exemplum
360 864 562 914 [Journal‚
599 879 638 915 p.
679 863 786 914 109].
825 865 973 903 Postea
1010 874 1150 903 tamen
1185 864 1395 915 praestitit
1438 864 1675 915 homagium
1715 862 1777 901 die

84 938 203 961 xxvn
238 923 356 973 junii,
392 923 676 974 praesentibus
713 923 862 962 comite
898 924 1134 971 camerario,
1174 924 1421 973 Raymundo
1455 923 1653 962 Bernardi
1690 922 1777 960 Fla-

84 983 244 1030 mench,
278 982 426 1021 comite
458 982 694 1030 Bellifortis,
728 991 768 1021 et
801 983 901 1021 aliis.
938 983 995 1021 Ne
1029 991 1169 1021 autem
1202 983 1320 1022 citius
1353 991 1582 1033 praestaret
1615 980 1778 1020 obstitit

84 1042 249 1080 morbus
278 1056 358 1091 quo
384 1055 478 1079 eum
505 1042 721 1080 detentum
748 1042 869 1080 fuisse
897 1051 1061 1080 constat
1088 1042 1190 1081 circa
1220 1042 1327 1080 diem
1353 1048 1410 1080 xv
1435 1042 1551 1092 junii.
1582 1041 1654 1079 Die
1685 1039 1778 1078 dein

84 1101 295 1151 trigesima
324 1101 509 1150 ejusdem
538 1101 686 1139 mensis
716 1101 854 1151 regina
884 1101 997 1139 dedit
1022 1101 1057 1139 ei
1080 1101 1216 1139 literas
1247 1101 1570 1140 confirmationis
1595 1099 1778 1138 omnium

85 1159 358 1198 donationum
380 1159 415 1197 ei
438 1160 643 1198 factarum
665 1174 687 1197 a
718 1160 878 1209 regibus
914 1160 1070 1199 Siciliae
1098 1161 1300 1210 [Journal,
1329 1176 1367 1210 p.
1396 1161 1483 1209 123,
1509 1160 1584 1198 128
1605 1168 1647 1198 et
1669 1157 1777 1207 130].

137 1219 296 1257 Bellum
326 1233 488 1268 quoque
517 1218 824 1257 administrasse
856 1219 1152 1268 Raymundum
1181 1233 1273 1258 cum
1304 1219 1608 1258 Arelatensibus
1636 1218 1779 1257 eodem

85 1292 193 1316 anno
219 1277 434 1316 millesimo
460 1278 772 1325 CCCLXXXV,
798 1286 839 1316 et
863 1279 997 1329 plures
1024 1293 1165 1317 eorum
1189 1279 1409 1317 abduxisse
1435 1278 1621 1330 captivos
1646 1284 1778 1328 patet.

88 1338 205 1376 Unde
232 1352 325 1376 cum
350 1337 438 1375 illos
465 1337 559 1375 belli
582 1337 783 1384 taederet,
808 1351 1034 1388 pacemque
1060 1338 1225 1385 vellent,
1252 1346 1504 1376 conventum
1528 1346 1589 1375 est
1614 1345 1661 1374 ut
1686 1350 1779 1374 con-

85 1396 305 1435 troversias
348 1410 440 1434 suas
481 1404 682 1447 ponerent
722 1396 764 1434 in
804 1396 974 1434 arbitrio
1015 1396 1337 1435 consiliariorum
1377 1397 1562 1447 reginae„
1597 1393 1781 1444 Delegati

87 1456 300 1505 utriusque
331 1455 460 1506 partis
492 1456 603 1506 apud
634 1469 724 1494 eam
755 1470 980 1494 convenere
1004 1456 1066 1494 die
1089 1471 1189 1494 xvm
1221 1456 1459 1503 decembris,
1491 1455 1602 1493 nullo
1632 1455 1782 1493 effectu

87 1524 242 1562 secuto,
264 1514 340 1553 nisi
361 1515 471 1564 quod
492 1514 636 1553 arbitri
656 1523 894 1553 statuerunt
914 1523 960 1553 ut
980 1515 1145 1554 interim
1165 1516 1263 1553 dum
1285 1515 1499 1554 concordia
1519 1514 1782 1553 tractabatur

87 1574 422 1625 supersederetur
452 1574 562 1611 omni
590 1574 832 1613 hostilitate.
867 1574 938 1612 Die
969 1574 1062 1612 dein
1092 1589 1180 1612 xxn
1210 1574 1423 1625 episcopus
1453 1572 1711 1613 Carnotensis
1742 1578 1782 1609 et

90 1633 285 1683 Georgius
316 1633 365 1671 de
396 1633 553 1680 Marlio,
584 1633 778 1683 magister
807 1633 975 1684 hospitii
1005 1633 1159 1671 domini
1188 1648 1333 1684 papae,
1364 1648 1508 1684 pacem
1537 1633 1642 1671 inter
1675 1632 1782 1679 Ray—

89 1693 291 1731 mundum
330 1701 371 1731 et
411 1693 667 1731 Arelatenses
708 1700 945 1732 statuerunt
983 1693 1043 1736 his
1084 1693 1401 1741 conditionibus,
1442 1701 1487 1730 ut
1527 1692 1782 1730 Arelatenses

93 1751 342 1801 Raymundo
368 1752 574 1790 solverent
593 1760 800 1790 trecentos
830 1752 1017 1800 florenos,
1039 1752 1102 1790 ille
1123 1768 1218 1791 vero
1235 1752 1289 1790 eis
1311 1752 1499 1790 redderet
1521 1752 1626 1790 cives
1643 1763 1784 1789 eorum

91 1819 232 1862 captos
262 1811 304 1848 in
334 1811 453 1857 bello,
485 1810 554 1861 qui
582 1819 674 1848 tum
704 1811 996 1849 detinebantur
1026 1811 1067 1849 in
1096 1812 1183 1849 loco
1214 1811 1353 1849 Sancti
1386 1810 1571 1861 Remigii.
1608 1808 1784 1847 Mediam

91 1878 253 1921 partem
280 1869 477 1920 pecuniae
505 1870 649 1908 statim
677 1870 779 1908 solvi
807 1870 1082 1909 constitutum
1110 1879 1183 1909 est.
1214 1870 1347 1908 Aliam
1376 1870 1570 1920 Georgius
1597 1867 1786 1919 promisit

93 1930 274 1968 solutum
299 1929 346 1966 iri
370 1928 479 1967 intra
505 1929 611 1967 diem
637 1929 841 1967 decimum
866 1929 1073 1979 sequentis
1099 1929 1247 1968 mensis
1271 1930 1461 1979 januarii.
1492 1928 1659 1967 Interim
1684 1927 1785 1977 epis·

94 2003 218 2039 copus
246 1988 505 2027 Carnotensis
532 1989 584 2026 ad
610 1988 799 2027 eumdem
828 1989 1124 2038 Raymundum
1149 1989 1310 2038 scripsit
1337 1989 1399 2027 die
1426 2003 1543 2026 xxvn
1562 1985 1786 2025 decembris

94 2047 157 2085 uti
175 2047 321 2085 liberos
343 2047 454 2086 abire
473 2048 636 2097 juberet
654 2056 736 2085 tres
755 2047 861 2085 cives
880 2048 1136 2086 Arelatenses
1154 2048 1223 2097 qui
1239 2048 1349 2098 capti
1365 2048 1658 2086 detinebantur
1677 2044 1787 2095 apud

96 2107 395 2145 Alamanonem
422 2114 463 2144 et
491 2107 711 2145 Aureliam.
741 2107 803 2144 Ad
831 2121 934 2156 quac
963 2107 1025 2145 die
1054 2122 1159 2144 xxm
1187 2107 1394 2157 rescripsit
1422 2106 1693 2155 Raymundus
1721 2119 1786 2142 eos

96 2181 135 2204 se
159 2165 284 2204 inscio
307 2174 347 2203 et
369 2165 501 2203 invito
525 2165 710 2213 detine1i‚
734 2180 864 2215 neque
887 2181 926 2204 sc
949 2166 990 2203 id
1011 2166 1198 2215 probare,
1220 2166 1445 2215 eademque
1469 2166 1531 2204 die
1553 2163 1713 2214 scriptis
1736 2163 1788 2200 ad

95 2225 278 2274 reginam
295 2224 420 2262 literis
437 2225 690 2263 reverentiae
706 2224 834 2275 plenis
851 2240 891 2262 se
908 2239 1062 2275 suaque
1076 2225 1111 2263 ei
1127 2225 1289 2274 filioque
1313 2225 1399 2274 ejus
1418 2224 1569 2263 obtulit
1587 2223 1788 2274 [ww-nal,

96 2299 135 2335 p.
157 2284 246 2331 210,
267 2284 355 2330 213,
376 2283 484 2333 215]

152 2344 270 2380 Anno
308 2342 686 2389 MCCCLXXXVI‚
725 2342 788 2381 die
826 2358 881 2380 xv
917 2342 1108 2392 januarii,
1145 2342 1344 2392 sigillatae
1380 2351 1477 2380 sunt
1512 2343 1564 2380 ab
1601 2341 1790 2391 episcopo

99 2401 340 2440 Carnotcnsi
366 2401 506 2439 literae
534 2401 681 2451 quibus
708 2401 845 2451 regina
875 2401 1122 2450 Raymundo
1149 2416 1195 2439 ac
1220 2401 1329 2451 patri
1355 2401 1558 2450 matrique
1585 2401 1671 2450 ejus
1699 2414 1791 2438 con-

102 2462 240 2499 firmat
261 2475 399 2498 omnes
421 2460 595 2499 ditiones
617 2474 718 2510 quas
739 2460 949 2498 habebant
969 2460 1010 2497 in
1031 2460 1260 2507 Provincia,
1281 2474 1327 2498 ac
1347 2468 1558 2510 praeterea
1578 2459 1793 2509 pollicetur

100 2535 139 2558 se
163 2534 213 2557 ex
236 2534 367 2568 aequo
390 2527 431 2557 et
451 2519 540 2568 jure
562 2519 843 2568 judicaturam
864 2519 979 2557 litem
1003 2533 1106 2568 quae
1129 2527 1218 2557 erat
1239 2519 1346 2557 inter
1367 2520 1556 2557 eumdem
1584 2519 1792 2564 Raymun-

100 2579 200 2617 dum
226 2586 267 2617 et
294 2578 546 2616 avunculum
574 2578 674 2627 ejus,
704 2578 987 2616 vicecomitem
1016 2578 1227 2625 Valernae‚
1256 2586 1512 2627 matremque
1534 2578 1634 2627 ejus.
1677 2577 1793 2614 Prae-

100 2646 212 2676 terea
241 2637 441 2686 sigillatae
471 2645 568 2675 sunt
597 2637 698 2675 aliae
728 2637 868 2675 literae
899 2636 1045 2686 quibus
1075 2636 1213 2686 regina
1243 2637 1459 2674 mandavit
1489 2635 1795 2675 Arelatensibus

102 2696 164 2734 uti
194 2696 326 2734 eidem
361 2696 609 2745 Raymundo
639 2695 845 2745 justitiam
876 2695 1058 2734 exhiberi
1089 2695 1243 2734 faciant
1274 2695 1322 2734 de
1362 2695 1409 2733 iis
1441 2695 1511 2745 qui
1536 2695 1796 2733 abstulerunt

105 2769 299 2805 gemmas,
323 2754 504 2802 monilia,
527 2768 641 2801 vasa,
665 2763 705 2792 et
728 2755 806 2792 alia
829 2754 1032 2803 ejusmodi
1053 2755 1231 2804 pretiosa
1253 2754 1502 2804 pertinentia
1522 2755 1574 2792 ad
1590 2754 1796 2792 Joannam

105 2814 153 2852 de
179 2813 392 2852 Belloforti
417 2828 596 2851 sororem
626 2813 878 2862 Raymundi,
906 2827 1008 2862 quae
1034 2827 1207 2863 pervasa
1233 2813 1400 2851 fuerunt
1433 2828 1480 2852 eo
1504 2821 1688 2863 tempore
1717 2826 1797 2862 quo

105 2881 288 2911 castrum
312 2873 359 2910 de
383 2872 536 2910 Baucio
560 2880 729 2922 captum
752 2872 899 2910 fuerat.
928 2872 1110 2921 Denique
1134 2871 1220 2910 aliis
1243 2871 1368 2910 literis
1391 2880 1483 2910 tum
1507 2886 1669 2922 quoque
1692 2871 1798 2922 sigil-

105 2931 199 2969 latis
227 2931 365 2981 regina
391 2930 581 2980 promisit
610 2931 859 2980 Raymundo
886 2945 925 2968 se
953 2930 989 2968 ei
1015 2931 1208 2968 daturam
1234 2939 1329 2968 ante
1358 2931 1465 2969 diem
1492 2945 1595 2968 xx1v
1626 2930 1731 2980 junii
1758 2930 1800 2968 in

111 2990 406 3040 vicecomitatu
455 2989 735 3028 Lemovicensi
764 2989 843 3027 tria
874 2998 1021 3036 castra,
1053 2990 1179 3039 slyen,
1211 2989 1367 3027 Chastel
1392 2990 1530 3027 nouvel
1550 2997 1583 3027 et
1605 2989 1802 3027 Chasteau

109 3049 264 3095 Cher-vi,
287 3049 352 3086 vel
373 3048 404 3086 si
426 3062 471 3086 ea
494 3048 601 3086 intra
622 3057 786 3098 tempus
808 3048 909 3086 illud
930 3062 1011 3085 non
1033 3048 1162 3095 daret,
1186 3048 1378 3086 daturam
1399 3048 1506 3086 mille
1528 3048 1650 3086 libras
1675 3047 1801 3086 annui

110 3107 265 3146 reditus
288 3107 330 3145 in
353 3107 618 3145 comitatibus
643 3107 882 3145 Provinciae
906 3115 947 3144 et
972 3106 1264 3156 Forcalquerii3
1289 3115 1330 3145 et
1343 3107 1396 3145 ad
1409 3120 1456 3146 ea
1475 3106 1737 3157 adimplenda
1760 3121 1801 3145 se

111 3167 301 3216 bonaque
321 3180 394 3204 sua
413 3180 663 3215 suorumque
678 3165 898 3204 liberorum
914 3165 1080 3215 obligat.
1098 3166 1203 3203 Tum
1218 3165 1280 3203 die
1302 3180 1376 3203 X1x
1392 3165 1503 3203 missi
1517 3166 1570 3204 ad
1584 3180 1677 3204 eum
1692 3166 1803 3216 apud
