2083 3458
266 198 347 240 734
894 212 1045 236 NOTAE
1080 211 1140 236 AD
1175 211 1302 236 VITAs
1819 196 1962 251 [1215]

254 312 318 335 eos
340 298 382 334 in
405 297 593 335 manibus
615 296 773 343 nostris,
789 296 884 346 quia
898 296 1046 345 facient
1061 295 1249 346 quicquid
1267 296 1521 344 voluerimus,
1539 297 1643 334 alias
1662 297 1884 335 incidemus
1902 313 1972 348 ρει·

256 358 408 406 frustra
423 370 556 393 omnes
572 356 796 393 cardinales
813 356 1129 393 ultramontanos
1140 363 1174 393 et
1184 369 1247 392 eos
1263 355 1331 405 qui
1344 364 1531 394 venerunt
1545 371 1634 394 cum
1651 356 1765 406 ipsis.
1787 357 1969 396 Joannes

254 416 471 466 episcopus
511 415 738 453 Castrensis
778 415 820 452 in
851 414 1109 465 depositione
1140 414 1239 453 sua1
1272 414 1377 452 dixit
1414 415 1622 455 Romanos
1660 418 1969 455 tumultuantes

257 475 362 513 circa
390 475 584 513 conclave
612 474 762 512 dixisse
790 490 798 512 :
826 475 1055 512 Romanum
1081 475 1261 512 volumus
1288 475 1345 512 vel
1369 475 1421 512 ad
1446 475 1581 512 minus
1613 475 1827 514 Ytalicum.
1856 476 1906 514 Et
1934 477 1970 514 si

255 535 324 572 hoc
348 549 426 571 non
448 534 618 583 faciunt,
642 548 712 584 per
735 534 968 571 clavelatum
988 534 1118 571 Deum
1140 533 1367 571 scinslemus
1389 548 1452 571 eos
1474 549 1544 584 per
1573 535 1736 584 frustra.
1763 535 1968 574 Antonius

254 594 304 632 de
325 594 497 644 Agusta,
518 593 739 632 canonicus
762 593 966 631 Ecclesiae
984 593 1289 640 Lateranensis,
1308 593 1377 643 qui
1393 593 1452 631 ait
1471 609 1511 632 se
1528 594 1652 632 fuisse
1668 603 1760 634 tum
1779 609 1969 645 praesen—

253 661 341 692 tem
367 653 476 691 inter
504 653 710 700 custodes,
738 652 870 690 tradit
898 652 939 690 in
967 652 1225 703 depositione
1254 667 1326 691 sua
1358 653 1566 691 Romanos
1591 653 1754 703 publice
1784 653 1933 693 dixisse
1955 654 1970 677 2

253 713 356 763 quod
387 713 567 750 volebant
598 712 827 750 Romanum
859 713 916 749 wel
938 713 990 750 ad
1022 712 1157 750 minus
1195 712 1410 759 Ytalicum,
1431 721 1465 750 et
1496 714 1598 763 quod
1628 713 1755 763 aliqui
1788 713 1971 752 dicebant

253 773 356 822 quod
375 772 479 810 alias
500 786 634 809 omnes
654 771 918 809 Franchiloni
939 780 1065 809 essent
1083 772 1179 809 scisi
1199 786 1269 822 per
1287 772 1450 821 frustra.
1473 771 1574 811 Vide
1595 772 1723 810 etiam
1745 773 1968 812 Odoricum

258 831 538 881 Raynaldum,
568 845 634 869 an.
668 831 784 878 1378,
821 831 837 880 ξ
867 831 929 869 64.

309 892 351 929 Ρ.
373 891 462 938 437,
482 891 549 940 lig.
572 890 633 929 15.
656 891 852 929 SECRETE
873 905 1133 928 PROTESTATI
1147 899 1188 929 et
1206 890 1314 929 inter
1335 891 1405 929 hos
1420 891 1638 929 cardinalis
1660 891 1967 940 Glandatensis,

252 958 300 988 ut
329 950 488 988 dictum
517 958 578 988 est
607 964 731 1001 supra
760 965 800 1000 p.
832 950 947 989 1076.
981 951 1141 989 Harum
1169 965 1291 1001 porro
1330 950 1685 1000 protestationum
1713 951 1968 990 mentionem

252 1009 354 1047 facit
372 1010 499 1048 etiam
518 1018 686 1048 sanctus
706 1009 949 1048 Vincentius
970 1009 1178 1048 Ferrarius
1197 1009 1239 1047 in
1255 1018 1444 1048 tractatu
1460 1009 1475 1031 3
1490 1011 1549 1048 De
1568 1011 1750 1048 moderno
1769 1011 1968 1049 Ecclesiae

250 1069 474 1116 schismate,
496 1084 582 1119 par.
611 1070 778 1119 lI,·cap.
799 1084 826 1107 1.
1032 1067 1035 1068 ⁷

307 1129 350 1167 P.
373 1129 464 1175 437,
485 1129 551 1178 lig.
574 1129 636 1167 20.
658 1130 900 1166 BARENSEM
922 1137 1023 1167 tunc
1043 1129 1275 1176 absentem,
1295 1137 1343 1166 ut
1363 1128 1481 1167 aiunt
1504 1129 1749 1180 Radulphus
1772 1130 1820 1167 de
1846 1129 1966 1178 Rivo,

250 1202 342 1238 cap.
361 1203 418 1226 ΧΠ
448 1189 501 1238 [p.
521 1188 570 1226 29
584 1188 595 1238 ]
611 1189 670 1226 De
688 1188 807 1238 gestis
828 1188 1106 1238 episcoporum
1121 1188 1403 1235 Loaliensium3
1422 1188 1691 1237 Froissartus,
1707 1197 1739 1227 t.
1761 1204 1821 1237 IX,
1838 1204 1878 1240 p.
1897 1189 1965 1237 533

251 1248 414 1295 Baleus,
441 1256 598 1286 centur.
626 1248 662 1295 5,
689 1262 728 1298 p.
755 1248 851 1295 4393
877 1256 918 1285 et
945 1249 1093 1286 Caesar
1120 1248 1421 1287 Nostradamus
1437 1248 1480 1285 in
1504 1248 1690 1286 Historia
1713 1249 1966 1297 Provinciae,

251 1322 290 1357 p.
313 1307 402 1345 435.
426 1307 578 1347 Verum
600 1307 656 1344 illi
676 1315 816 1345 errant
836 1307 1063 1357 insigniter.

306 1367 350 1404 P.
382 1367 472 1414 437,
502 1367 569 1416 lig.
601 1367 664 1405 20.
695 1368 952 1405 BARENSEM.
988 1367 1134 1417 Itaque
1164 1375 1259 1417 post
1289 1366 1670 1407 illiussselectionem
1700 1367 1859 1406 dictum
1888 1376 1965 1416 est,

251 1426 370 1463 mieer
397 1427 441 1464 de
468 1427 551 1464 Bar
577 1434 632 1464 est
658 1442 782 1476 papa,
810 1435 858 1464 ut
883 1434 1067 1464 testatur
1093 1426 1135 1463 in
1162 1440 1235 1465 sua
1264 1423 1522 1476 depositione
1542 1426 1558 1449 4
1585 1427 1714 1465 frater
1741 1428 1887 1465 Petrus
1915 1427 1965 1465 de

252 1485 575 1524 Gualdalfaiara.
597 1486 660 1523 Ex
678 1500 758 1536 quo
777 1486 978 1533 nonnulli,
998 1486 1146 1536 quibus
1165 1500 1317 1525 nomen
1330 1485 1502 1524 Joannis
1521 1486 1569 1524 de
1586 1487 1708 1534 Baro,
1721 1486 1964 1525 subdiaconi

249 1559 397 1595 papae,
423 1545 561 1583 notius
587 1554 676 1583 erat
702 1560 828 1595 quam
853 1559 1004 1584 nomen
1028 1545 1326 1595 archiepiscopi
1350 1545 1554 1593 Barensis,
1580 1546 1832 1596 collegerunt
1856 1547 1965 1584 hunc

251 1604 457 1643 joannem
489 1606 667 1643 electum
699 1605 823 1643 fuisse
839 1619 1007 1655 papam,
1039 1614 1086 1643 ut
1106 1604 1192 1655 ipse
1221 1613 1405 1643 testatur
1436 1605 1477 1642 in
1509 1605 1767 1656 depositione
1799 1620 1871 1644 sua
1903 1605 1964 1644 his

250 1663 385 1701 verbis
405 1664 420 1686 5
446 1681 453 1703 :
484 1665 582 1702 Item
606 1664 755 1702 dictum
777 1665 908 1714 fuerat
932 1664 998 1702 isti
1024 1665 1125 1714 quod
1149 1665 1234 1714 ipse
1259 1664 1490 1702 nominatus
1511 1665 1643 1714 fuerat
1667 1665 1710 1703 in
1733 1680 1898 1715 papam,
1923 1679 1965 1702 eo

247 1723 434 1761 existente
461 1724 503 1761 in
528 1732 653 1761 castro
680 1724 818 1762 Sancti
844 1724 1006 1773 Angeli,
1033 1724 1128 1774 quia
1152 1738 1305 1774 semper
1330 1724 1536 1762 mittebant
1559 1725 1611 1762 ad
1633 1724 1840 1762 sciendum
1865 1739 1966 1762 nova

247 1782 294 1819 de
322 1782 402 1820 hiis
432 1798 502 1833 que
533 1784 786 1832 gerebantur3
817 1792 850 1821 et
880 1784 982 1821 illast
1009 1784 1237 1832 contigerat,
1269 1783 1363 1833 quia
1392 1784 1567 1821 Romani
1596 1784 1836 1822 audiverunt
1864 1784 1966 1834 quod

246 1841 390 1890 suisset
418 1843 558 1880 electus
588 1843 912 1893 archiepiscopus
942 1844 986 1880 de
1016 1844 1136 1890 Baro,
1167 1851 1201 1880 et
1231 1843 1312 1893 ipsi
1342 1843 1548 1881 credebant
1578 1844 1679 1893 quod
1709 1844 1779 1881 iste
1807 1843 1964 1893 fuisset,

248 1901 344 1950 quia
369 1901 514 1939 dicitur
542 1903 746 1940 Johamzes
772 1903 816 1940 cle
841 1903 966 1949 Baro,
993 1911 1027 1940 et
1050 1903 1248 1940 addebant
1281 1903 1383 1953 quod
1417 1903 1602 1940 nolebant
1625 1903 1891 1941 Franciscum
1921 1903 1964 1940 in

247 1975 411 2010 papam.
438 1962 676 2000 Fernandus
702 1962 826 2009 Petri,
850 1962 1029 2000 decanus
1053 1961 1348 2009 Tirasonensis,
1370 1962 1649 2011 interrogatus
1672 1977 1794 2013 super
1818 1962 1963 2000 XLIII

248 2020 422 2057 articulo
443 2035 559 2059 casus
580 2021 701 2071 primi
721 2021 839 2059 electi
860 2023 874 2043 (ὅ
892 2021 994 2059 dixit
1012 2022 1114 2071 quod
1131 2021 1287 2059 audivit
1305 2022 1355 2059 ab
1373 2021 1579 2072 aliquibus
1597 2022 1678 2059 sibi
1697 2021 1800 2059 notis
1819 2022 1964 2059 Roma-

249 2078 313 2115 nis
340 2080 494 2117 duobus
521 2082 579 2118 vel
604 2081 806 2131 pluribus,
836 2089 878 2118 ut
903 2081 984 2118 sibi
1012 2081 1176 2128 videtur,
1205 2082 1250 2118 (Ze
1277 2095 1444 2131 quorum
1471 2081 1706 2119 nominibus
1733 2095 1814 2118 non
1842 2095 1963 2119 recor-

246 2139 376 2186 datur,
407 2140 474 2189 qui
502 2140 582 2177 sibi
612 2140 810 2187 dixerunt,
840 2155 929 2178 cum
959 2140 1043 2190 ipse
1071 2140 1365 2190 reprehenderet
1392 2155 1454 2177 eos
1483 2141 1527 2178 cle
1555 2149 1725 2190 ruptura
1753 2140 1964 2188 conclavis,

248 2198 349 2246 quod
370 2212 441 2236 002:
461 2199 634 2237 exiverat
656 2199 756 2237 inter
775 2214 839 2236 eos
862 2199 1024 2237 dicendo
1049 2216 1056 2238 ;
1080 2200 1201 2247 Bam,
1224 2200 1344 2247 Baro,
1364 2208 1399 2237 et
1415 2201 1517 2249 quod
1538 2200 1632 2237 dicti
1654 2200 1828 2237 Romani
1845 2200 1962 2237 intel-

247 2257 424 2295 lexerunt
440 2260 541 2308 quod
558 2267 639 2296 erat
655 2260 797 2297 electus
814 2259 1001 2296 dominus
1022 2259 1226 2296 Johannes
1244 2260 1288 2296 de
1305 2259 1425 2306 Baro,
1445 2259 1511 2309 qui
1529 2268 1611 2297 erat
1628 2260 1962 2307 ultramontanas,

246 2323 280 2352 et
310 2325 468 2366 propter
498 2318 567 2355 hoc
597 2319 881 2368 perpendentes
913 2318 1015 2368 quod
1040 2333 1118 2355 non
1149 2326 1231 2356 erat
1261 2319 1402 2356 electus
1428 2319 1635 2356 Romanus
1667 2319 1724 2356 vel
1765 2318 1960 2365 Ytalicus,

246 2384 363 2423 prout
389 2376 470 2426 ipsi
497 2378 693 2427 petebant,
720 2386 1011 2415 commoverant
1036 2392 1075 2414 se
1102 2386 1193 2415 tunc
1220 2378 1271 2415 ad
1296 2378 1564 2428 rumpendum
1590 2378 1780 2416 conclave.
1813 2378 1959 2427 Itaque

247 2448 340 2471 cum
379 2435 569 2474 officiales
611 2436 732 2475 Urbis
771 2437 824 2474 ad
865 2437 1082 2476 Urbanum
1119 2436 1344 2485 venissent,
1381 2437 1679 2487 tarditatisque
1718 2451 1814 2475 suae
1853 2437 1959 2474 hanc

245 2494 556 2533 excusationem
591 2496 802 2534 adferrent
839 2496 950 2545 quod
986 2510 1069 2533 non
1105 2496 1329 2534 credebant
1364 2496 1607 2535 electionem
1643 2495 1766 2534 fuisse
1802 2496 1958 2534 factam

246 2552 295 2590 de
324 2568 498 2602 persona
527 2555 630 2604 ejus,
662 2556 870 2602 Urbanus,
899 2563 946 2593 ut
974 2555 1016 2592 in
1045 2555 1302 2605 depositione
1331 2570 1403 2593 sua
1432 2563 1614 2593 testatur
1641 2555 1878 2593 Bonifacius
1908 2555 1957 2593 de

248 2611 478 2660 Amanatis,
497 2614 566 2663 qui
583 2629 623 2652 se
636 2622 897 2664 praesentem
914 2614 1038 2653 fuisse
1052 2614 1126 2662 ait,
1139 2614 1353 2665 respondit
1373 2615 1386 2637 ⁷
1406 2615 1512 2664 :Ego
1523 2615 1645 2652 liabeo
1658 2629 1722 2652 vos
1739 2622 1953 2662 excusatOS,

296 2770 311 2800 ‚a

320 2796 326 2802 .
358 2770 424 2803 Ms.
454 2772 538 2811 cite,
567 2772 629 2805 fol.
659 2773 700 2805 91
732 2777 781 2805 v0.

297 2824 326 2855 2.
359 2823 425 2857 Ms.
449 2825 533 2864 cite,
556 2825 619 2858 fol.
644 2826 687 2858 68
709 2830 752 2858 r0.

295 2877 325 2907 3.
359 2877 397 2909 B.
425 2877 480 2917 N.‚
505 2890 571 2911 ms.
595 2878 690 2910 latin
712 2878 818 2918 1470,
841 2878 905 2911 fol.
930 2879 999 2911 262
1020 2883 1064 2911 r0.

296 2929 326 2960 4.
358 2930 397 2962 Β.
427 2930 483 2968 Ν.,
509 2931 604 2963 latin
629 2931 759 2971 11745,
785 2932 846 2964 fol.
875 2932 944 2964 100
967 2936 1011 2965 r0.

295 2982 326 3013 5.
359 2982 424 3015 Ms.
449 2983 531 3023 cite,
556 2984 617 3017 fol.
642 2985 686 3017 52
707 2989 750 3017 ΓΟ.

296 3035 326 3066 6.
359 3035 423 3067 Ms.
453 3036 537 3075 cite,
565 3038 626 3069 sol.
657 3038 725 3070 173
753 3042 803 3070 v0.

297 3086 314 3117 κ]

321 3113 326 3118 .
360 3088 425 3120 Ms.
455 3089 538 3128 vites,
568 3090 629 3122 fol.
660 3091 729 3123 186
757 3095 807 3123 v0.
