2083 3458
125 228 265 285 [1198]
647 221 863 270 ΡΑῬΑΒΒΜ
898 246 1282 271 AVENIONENSIUM
1733 233 1813 274 717

110 330 287 368 societate
306 339 438 368 contra
458 330 605 368 dictum
623 331 847 381 prefectum.
870 331 919 368 Et
939 346 1026 368 cum
1045 340 1140 369 esset
1160 332 1286 369 dictas
1305 332 1537 382 capitaneus
1559 333 1601 370 in
1620 333 1818 383 presentia

112 390 204 427 dicti
238 390 750 437 Barensis,e.1:l20rtabatur
783 405 871 427 eum
905 391 1006 440 quod
1037 390 1177 438 faceret
1214 392 1352 428 bonam
1386 399 1419 428 et
1451 392 1587 441 fortem
1622 407 1815 441 guerram,

111 449 272 486 dicendo
294 449 373 486 szbi
398 457 474 486 csta
497 450 554 487 vel
575 449 728 487 similia
752 449 866 487 verba
891 449 933 486 in
956 450 1105 513 effectu,
1131 451 1231 499 quod
1252 450 1356 498 face]
1359 459 1391 487 et
1416 459 1456 488 ut
1481 452 1612 488 valens
1636 451 1760 499 miles,
1785 460 1818 489 et

112 523 189 545 non
211 508 405 546 dubitaret
426 508 582 558 quodsi
606 508 870 546 necessarium
891 516 998 554 esset,
1025 508 1108 558 ipse
1140 518 1293 557 Jiwatet
1314 524 1402 547 eiam
1436 525 1523 547 cum
1546 525 1711 560 pr·0pna
1732 525 1816 575 per-

110 581 220 614 sona,
246 576 279 605 et
302 567 534 605 ertralzendo
557 567 637 605 sibi
662 568 805 617 dagam
829 567 979 605 dicebat
1004 568 1104 617 quod
1127 568 1253 605 adhuc
1276 583 1394 618 super
1421 584 1544 606 unum
1568 584 1708 619 equum
1734 583 1818 619 lpse

111 634 206 664 esset
233 627 344 664 homo
371 627 423 664 ad
451 626 771 676 impugnandum
798 641 890 664 suos
920 627 1116 664 inimicos.
1147 627 1196 664 Et
1224 628 1342 665 credit
1370 629 1470 677 quod
1498 628 1573 666 ista
1602 628 1819 666 inimicitia

106 690 207 723 'esset
234 685 385 723 notoria
412 694 497 735 post
524 694 677 735 tempus
705 686 748 723 de
776 700 848 735 quo
874 700 999 735 supra
1027 685 1138 723 (lixit.
1170 686 1232 723 Ex
1260 687 1335 724 hoc
1363 695 1503 731 autem
1530 687 1676 725 ultimo
1704 687 1818 725 testi-

112 744 250 783 monio
281 753 398 795 patet
432 745 660 791 Urbanum,
693 753 739 782 ut
771 753 859 783 erat
891 744 1208 783 vehementioris
1241 745 1380 792 animi,
1414 746 1531 784 valde
1565 755 1818 784 commotum

114 803 235 842 fuisse
255 804 450 842 adversus
469 804 738 854 praefectum.
761 804 892 852 Quare
912 804 1059 841 mirum
1080 804 1209 842 videri
1229 819 1309 842 non
1330 805 1450 843 debet
1470 805 1514 851 si,
1536 819 1628 843 cum
1648 805 1818 843 fulmina

111 862 266 912 jaceret
290 863 485 901 adversus
511 863 694 901 inimicos
721 878 827 910 suos,
853 863 979 901 etiam
1003 863 1198 901 adversus
1226 864 1487 903 Franciscum
1511 865 1559 902 de
1586 864 1698 911 Vico,
1725 864 1820 902 olim

112 922 364 972 praefectum
393 922 525 969 Urbis,
549 931 596 960 ut
617 922 811 960 adversus
848 922 1067 972 capitalem
1089 922 1299 960 inimicum
1338 923 1564 961 incanduit.
1589 923 1689 961 Vide
1715 924 1820 961 Odo-

112 981 242 1020 ricum
261 982 537 1030 Raynaldum,
555 996 619 1019 an.
641 982 754 1028 1378,
772 984 788 1031 ξ
813 981 899 1028 107,
920 982 1006 1028 108,
1027 982 1113 1019 111.
1131 982 1187 1019 De
1206 982 1385 1020 amicitia
1401 982 1487 1031 ejus
1506 996 1599 1021 cum
1616 982 1821 1021 cardinale

114 1040 393 1087 Ambianensi‚
424 1040 516 1078 vide
546 1056 585 1091 p.
620 1040 719 1078 1169
748 1049 788 1079 et
826 1040 937 1079 1201.
974 1041 1130 1079 Obiisse
1161 1055 1254 1079 eum
1283 1055 1390 1079 anno
1421 1042 1821 1090 MCCCLXXXVIL

116 1099 219 1138 circa
251 1114 431 1139 mensem
465 1100 641 1149 junium,
669 1109 787 1150 patet
820 1115 870 1138 ex
899 1100 1042 1137 Diario
1077 1100 1247 1138 Joannis
1284 1101 1417 1147 Fabri,
1457 1101 1636 1151 episcopi
1674 1102 1821 1139 Carno-

113 1159 252 1197 tensis.

169 1224 212 1262 P.
233 1224 322 1271 428,
338 1224 403 1274 lig.
425 1224 460 1262 8.
478 1224 771 1262 VENSESLAUM
795 1239 952 1263 REGEM.
975 1225 1094 1263 Hunc
1114 1239 1299 1274 puerum,
1317 1225 1385 1274 qui
1405 1225 1445 1262 in
1464 1225 1551 1275 ipso
1567 1225 1708 1263 statim
1731 1234 1822 1263 ortu

117 1283 230 1333 signa
256 1283 425 1322 dederat
450 1283 644 1331 infausta,
674 1283 848 1321 Karolus
874 1283 1110 1334 imperator,
1137 1292 1255 1333 pater
1279 1284 1380 1333 ejuS,
1407 1284 1572 1322 volebat
1597 1284 1822 1334 relinquere

117 1357 388 1381 successorem
414 1343 585 1393 imperii.
616 1343 791 1381 Incurrit
815 1351 952 1381 autem
980 1351 1195 1393 propterea
1226 1343 1266 1380 in
1291 1358 1457 1393 magnas
1484 1343 1745 1381 difficultates
1772 1343 1822 1381 ob

117 1410 302 1441 teneram
363 1402 449 1451 ejus
507 1411 701 1441 aetatem.
757 1403 862 1451 Ergo
910 1411 956 1439 ut
1004 1402 1044 1439 id
1088 1411 1418 1452 consequeretur,
1478 1403 1654 1452 primum
1715 1417 1823 1439 anno

118 1461 452 1508 MCCCLXXVI,
478 1461 606 1511 pridie
632 1475 759 1499 nonas
797 1461 858 1511 [G]
886 1461 1037 1508 martii,
1064 1461 1226 1511 scripsit
1251 1462 1301 1498 ad
1329 1462 1565 1511 Gregorium
1592 1476 1744 1511 papam
1768 1476 1822 1508 se,

119 1520 188 1570 qui
208 1520 294 1569 jam
316 1535 439 1559 senex
460 1529 548 1558 erat
569 1529 610 1558 et
632 1520 832 1567 infirmus,
849 1521 1027 1570 indigere
1046 1521 1197 1558 auxilio
1217 1521 1343 1558 fidelis
1367 1529 1408 1559 et
1430 1521 1585 1559 strenui
1607 1520 1823 1570 adjutoris,

119 1579 366 1618 consuluisse
391 1595 431 1618 se
456 1580 647 1618 electores
673 1580 831 1630 imperii
855 1595 976 1630 super
999 1594 1044 1618 ea
1069 1595 1123 1626 re,
1150 1594 1287 1618 omnes
1315 1588 1455 1630 optare
1480 1589 1526 1617 ut
1551 1580 1823 1626 Wenceslaus,

119 1654 190 1676 rex
214 1638 447 1686 Bohemiae,
478 1639 581 1677 filius
609 1639 710 1688 ejus,
737 1639 831 1677 licet
857 1648 994 1677 aetate
1020 1639 1196 1688 juvenis,
1224 1639 1310 1689 ipso
1338 1638 1517 1686 vivente,
1544 1639 1758 1689 eligeretur
1783 1638 1824 1675 in

119 1712 253 1747 regem
277 1698 557 1736 Romanorum
578 1698 619 1735 in
640 1698 930 1748 imperatorem
951 1707 1093 1749 postea
1115 1699 1433 1748 promovendus,
1455 1707 1590 1748 petere
1612 1713 1651 1736 se
1673 1712 1694 1735 a
1717 1711 1822 1748 papa

120 1757 181 1795 uti
214 1757 405 1807 dignetur
436 1766 643 1807 praestare
678 1758 979 1808 beneplacitum
1015 1767 1055 1796 et
1087 1772 1298 1795 assensum
1331 1772 1449 1795 suum
1483 1766 1529 1795 ut
1561 1757 1704 1795 electio
1736 1757 1822 1807 ipsa

120 1817 257 1855 valeat
278 1816 483 1855 celebrari.
508 1817 666 1854 Extant
687 1817 762 1855 hae
783 1817 923 1855 literae
946 1817 1056 1867 apud
1078 1817 1297 1855 Odoricum
1324 1817 1599 1866 Raynaldum,
1621 1831 1686 1854 an.
1711 1815 1825 1862 1376,

126 1876 142 1924 ἓ
165 1875 225 1914 13.
250 1876 428 1915 Rursum
448 1876 535 1914 aliis
557 1876 681 1914 literis
704 1876 810 1914 datis
833 1876 960 1926 pridie
982 1891 1109 1914 nonas
1142 1876 1204 1926 [4]
1227 1876 1364 1926 aprilis
1386 1876 1569 1925 ejusdem
1590 1876 1699 1921 anni,
1722 1888 1825 1924 quae

120 1943 266 1973 extant
301 1935 342 1972 in
378 1935 514 1973 codice
554 1934 628 1973 753
662 1935 934 1973 bibliothecae
971 1936 1227 1974 Colbertinae
1248 1935 1275 1981 ¹,
1312 1935 1352 1972 id
1400 1935 1532 1985 ipsum
1582 1934 1824 1985 postulavit.

121 1994 336 2044 Gregorius
360 2009 455 2032 vero
479 1994 678 2033 concessit
699 1994 825 2033 literis
849 1995 956 2033 datis
981 2010 1004 2031 x
1029 2009 1155 2032 nonas
1183 1995 1234 2045 [3]
1287 1994 1396 2041 maii,
1433 2008 1536 2044 quae
1572 1994 1705 2032 editae
1729 2001 1825 2031 sunt

122 2054 173 2090 ab
199 2054 342 2092 eodem
371 2054 460 2103 Ra>
466 2054 601 2100 naldo,
628 2067 693 2091 an.
724 2054 839 2101 1376,
868 2055 884 2102 ξ
913 2054 972 2092 13.

179 2118 251 2156 Die
279 2118 402 2167 igitur
427 2118 582 2156 decima
609 2118 727 2168 junii,
755 2134 827 2169 pro
856 2133 935 2168 qua
960 2121 986 2156 (
992 2119 1230 2169 uspinianus
1254 2118 1537 2157 duodecimam
1568 2118 1669 2155 falso
1694 2116 1823 2167 ponit,

125 2177 383 2216 Wenceslaus
419 2178 569 2216 electus
605 2186 666 2216 est
699 2193 770 2217 rex
807 2179 1100 2217 Romanorum.
1140 2178 1358 2215 Decretum
1393 2177 1599 2215 electionis
1634 2185 1750 2215 extat
1784 2175 1825 2212 in

125 2237 268 2276 eodem
301 2237 437 2275 codice
472 2237 705 2275 Colbertino
724 2236 750 2275 ².
1824 2242 1826 2245 '

177 2302 333 2340 Eadem
363 2302 426 2340 die
460 2303 633 2340 Karolus
664 2303 787 2340 variis
817 2302 943 2341 literis
974 2303 1078 2340 hanc
1109 2301 1348 2340 electionem
1378 2301 1638 2350 significavit.
1673 2301 1824 2340 Earum

123 2375 227 2399 unae
249 2370 395 2399 extant
416 2362 527 2412 apud
547 2362 759 2409 Bzovium‚
782 2376 847 2400 an.
872 2362 985 2408 1376,
1014 2362 1030 2409 ἓ
1052 2362 1087 2407 4,
1110 2369 1151 2399 et
1171 2361 1281 2411 apud
1305 2360 1521 2398 Odoricum
1549 2360 1825 2409 Raynaldum,

123 2434 188 2458 an.
209 2421 313 2467 eod„
339 2421 355 2468 §J
376 2420 436 2458 14.
457 2421 570 2458 Aliae
589 2421 847 2459 habenturin
859 2421 1001 2459 eodem
1021 2420 1156 2458 codice
1171 2419 1403 2457 Colbertino
1417 2419 1443 2456 3.
1461 2419 1616 2457 Eodem
1630 2419 1823 2468 obsequio

123 2493 215 2529 erga
242 2479 478 2529 Gregorium
505 2479 648 2524 eadem
675 2480 738 2518 die
757 2480 926 2518 functus·
948 2488 1009 2517 est
1032 2479 1289 2517 Wenceslaus
1316 2478 1413 2528 ipse,
1436 2486 1476 2515 et
1498 2478 1824 2527 procuratorium

124 2538 300 2576 confecit
330 2538 382 2575 ad
414 2539 701 2588 postulendam
735 2539 786 2576 ab
818 2539 962 2577 eodem
994 2538 1185 2587 Gregorio
1230 2536 1585 2575 confirmationem
1616 2537 1823 2575 electionis

123 2611 232 2636 suae.
260 2597 337 2634 Die
365 2597 613 2644 sacramenti,
644 2606 691 2635 ut
719 2597 796 2648 ipsi
825 2598 1064 2647 loquuntur,
1096 2611 1198 2646 quae
1230 2596 1373 2634 incidit
1403 2596 1478 2633 hoc
1509 2609 1616 2632 anno
1646 2595 1687 2632 in
1718 2596 1824 2634 diem

124 2656 410 2694 duodecimam
446 2656 563 2705 junii,
599 2656 830 2694 Ludovicus
866 2656 1192 2705 archiepiscopus
1229 2654 1506 2704 Moguntinus.
1538 2655 1650 2691 Cano
1688 2655 1824 2692 Trevi-

124 2715 263 2762 rensis,
291 2715 516 2753 Fridericus
544 2715 806 2762 Coloniensis,
836 2716 1042 2765 Rupertus
1069 2714 1201 2752 senior
1227 2728 1358 2752 comes
1387 2713 1597 2751 Palatinus
1627 2713 1758 2751 Rheni
1784 2722 1824 2751 ct

126 2775 211 2811 dux
236 2774 450 2821 Bavariae,
480 2782 521 2812 et
549 2774 807 2812 Wenceslaus
838 2774 921 2811 dux
951 2773 1149 2811 Saxonis-le
1180 2773 1226 2810 de
1257 2772 1398 2810 eadem
1426 2787 1466 2809 re
1496 2771 1744 2821 scripserunt
1773 2773 1824 2809 ad

126 2833 315 2872 eumdem
351 2833 601 2882 Gregorium.
634 2833 688 2870 At
724 2833 1004 2882 Sigismundus
1041 2832 1220 2871 marchio
1254 2830 1628 2880 Brandeburgensis
1664 2831 1825 2881 scripsit

178 3015 209 3047 1.
241 3015 389 3048 Baluzc.
418 3021 443 3046 t.
469 3026 517 3046 IV.
548 3026 581 3056 p.
611 3014 689 3046 ¹151.

180 3068 210 3100 2.
247 3067 293 3099 Ut
318 3079 359 3106 .9.,
391 3079 423 3109 p.
455 3067 533 3099 152.

179 3122 199 3153 3
247 3121 293 3153 Ut
318 3134 357 3153 s..
389 3132 421 3163 p.
452 3121 530 3152 153.
