2083 3458
111 157 234 213 [626]
635 173 851 198 PAPARUM
887 173 1270 199 AVENIONENSIUM
1717 162 1794 202 107

96 256 138 294 in
172 255 348 294 marchia
384 255 676 302 Lemovicensi‚
710 256 767 293 VI
798 256 851 294 M.
885 256 927 293 P.
962 270 984 293 a
1027 257 1216 294 Garacto.
1252 257 1398 295 Filium
1439 257 1559 296 fuisse
1597 259 1793 308 Stephani

98 314 299 364 colligitur
318 329 368 352 ex
387 314 488 352 actis
509 314 756 352 authenticis
777 315 937 353 illorum
958 323 1191 365 temporum
1212 316 1372 366 scriptis
1394 316 1456 355 die
1478 317 1680 355 dominica
1700 327 1792 367 post

98 382 265 411 octavas
295 373 622 411 annuntiationis
651 374 697 411 B.
730 374 881 413 Mariae
911 388 1019 414 anno
1052 374 1215 412 Domini
1246 375 1487 413 MCCXCIV
1520 376 1558 426 [4
1588 376 1730 426 avril],
1754 377 1795 414 in

98 433 244 482 quibus
268 432 500 470 continetur
522 432 696 481 qualiter
719 433 864 470 nobilis
885 433 944 470 vir
971 433 1204 471 Guillelmus
1225 434 1269 471 de
1289 434 1524 481 Albuconio,
1547 436 1731 473 dominas
1753 437 1796 473 ‹le

97 491 260 538 Bornia,
293 491 416 538 miles,
448 491 620 529 vendidit
649 492 806 529 domino
837 492 951 530 Petro
981 493 1024 529 de
1055 492 1231 542 Capella,
1263 492 1569 531 Carcassonensi.
1600 495 1794 544 episcopt),

100 550 182 600 filio
208 551 402 600 quondam
429 550 579 587 domini
607 550 798 600 Stephani
825 552 868 588 cle
895 551 1073 601 Capella,
1105 552 1257 599 militis,
1285 552 1407 602 pretio
1435 553 1737 602 quingentarum
1765 562 1797 591 et

96 609 301 658 sexaginta
331 609 450 646 triam
481 609 674 647 librarum
704 610 836 647 domos
864 624 959 647 suas
990 611 1033 647 (le
1064 611 1227 648 Petraeo
1257 611 1355 648 sitas
1387 611 1429 649 in
1459 612 1562 650 dicta
1594 613 1699 650 willa.
1734 613 1796 650 Ex

100 668 245 718 quibus
265 668 397 706 verbis
418 668 533 707 facile
553 676 614 706 est
633 668 867 707 existimare
888 669 971 706 falli
991 669 1097 707 viros
1118 670 1359 708 clarissimos
1380 671 1605 721 Josephum
1627 671 1796 709 Mariani

99 726 331 765 Suaresium
358 727 400 766 in
426 727 528 765 libro
557 728 733 765 secundo
754 728 983 776 Praenestes
1002 728 1200 778 antiquae,
1224 743 1310 779 cap.
1338 745 1422 776 X1v,
1452 738 1492 768 et
1520 730 1796 780 Augustinuin

100 786 319 824 Oldoinum
340 786 382 824 in
409 786 500 824 ῙίῘίιι
520 786 642 836 hujus
666 786 775 825 Petri
809 787 853 837 [t.
882 803 920 833 11,
945 788 1016 825 col.
1042 788 1141 838 372]
1165 788 1386 827 scribentes
1408 804 1500 827 eum
1523 789 1644 827 fuisse
1670 790 1796 827 filium

100 845 309 892 Guidonis,
329 845 397 895 qui
415 845 545 883 vitain
563 846 614 883 ad
636 860 718 885 cxx
737 846 934 896 produxit
952 861 1092 884 annos.
1113 847 1216 885 Sane
1235 848 1425 886 Claudius
1442 848 1611 886 Roberti
1628 849 1670 888 in
1688 857 1797 887 cata-

99 905 189 954 logo
202 904 597 955 archiepiscoporum
607 904 922 943 Bituricensium
936 914 976 943 et
990 906 1133 943 Petrus
1151 906 1357 945 Frizonius
1374 907 1414 944 in
1434 907 1564 945 Gallia
1576 917 1798 958 purpurata

100 963 348 1002 mentionem
382 964 539 1002 faciunt
571 963 692 1013 hujus
728 964 937 1012 Guidonis,
973 965 1041 1002 sed
1073 965 1141 1015 qui
1165 965 1286 1003 fuerit
1318 974 1435 1016 pater
1470 967 1632 1016 Rogerii
1667 967 1798 1005 Fortis

98 1022 390 1073 archiepiscopi
407 1023 684 1069 Bituricensis,
703 1038 785 1061 non
802 1038 897 1062 vero
917 1024 1026 1062 Petri
1045 1024 1092 1062 de
1110 1025 1272 1074 Capella
1292 1025 1519 1064 cardinalis.

153 1082 311 1120 Nomen
334 1082 474 1120 matris
498 1082 618 1131 hujus
636 1082 744 1120 Petri
763 1097 844 1121 non
866 1083 1008 1132 reperi,
1032 1083 1106 1121 nisi
1130 1083 1182 1121 sit
1197 1098 1241 1121 ea
1257 1084 1425 1122 Beatrix
1444 1100 1546 1134 quae
1569 1085 1610 1123 in
1632 1085 1797 1135 regestis

98 1141 344 1191 parlamenti
376 1141 611 1179 parisiensis
642 1141 738 1179 anni
770 1142 993 1179 MCCCXII
1018 1142 1166 1180 dicitur
1196 1157 1298 1180 uxor
1323 1144 1519 1194 Stephani
1542 1145 1589 1182 de
1621 1145 1797 1195 Capella,

99 1208 230 1238 mater
251 1215 346 1238 vero
369 1200 572 1238 Guillelmi
595 1201 642 1238 de
665 1201 840 1250 Capella.

153 1259 246 1296 Fuit
271 1260 413 1297 Petrus
429 1259 559 1309 primo
576 1260 831 1309 praepositus
850 1260 1108 1307 Ahentensis,
1133 1261 1254 1310 vulgo
1278 1262 1539 1310 Eymoatiers,
1564 1262 1604 1300 in
1627 1262 1798 1301 dioecesi

102 1318 390 1356 Lemovicensi.
412 1320 500 1366 Quo
518 1319 605 1356 loco
623 1320 927 1357 eniandandum
947 1320 1062 1358 nobis
1081 1328 1141 1357 est
1160 1319 1245 1369 ejus
1264 1319 1536 1370 epitaphium,
1553 1322 1622 1359 ubi
1641 1322 1797 1360 editum

98 1386 160 1415 est
183 1392 338 1427 praeses
361 1378 610 1427 Aginnensis
631 1393 706 1428 pro
729 1379 977 1416 Alientensis.
1002 1379 1094 1416 Fuit
1113 1379 1237 1417 etiam
1259 1379 1359 1428 juris
1384 1380 1510 1418 civilis
1532 1381 1735 1430 professor
1757 1380 1797 1418 in

98 1437 306 1475 academia
335 1437 615 1475 Aurelianensi
643 1451 749 1475 anno
778 1437 1017 1484 MOELXX,
1046 1438 1115 1475 ubi
1146 1438 1376 1476 auditorem
1404 1439 1592 1477 habuisse
1621 1440 1798 1478 creditur

98 1495 371 1534 Bertrandum
393 1497 440 1534 de
462 1496 605 1543 Gutto,
626 1505 767 1546 postea
788 1511 1003 1535 romanum
1034 1497 1286 1547 pontificem.
1322 1498 1367 1536 ln
1392 1506 1504 1536 tomo
1531 1507 1677 1549 quarto
1702 1499 1797 1537 maii

96 1555 366 1602 Bollandiani,
393 1570 431 1605 p.
459 1556 547 1602 544,
576 1555 768 1604 magister
790 1556 968 1594 Joannes
995 1556 1119 1596 Villae
1151 1557 1254 1595 senis
1276 1557 1551 1607 interrogatus
1570 1573 1689 1608 super
1712 1558 1797 1596 vita

97 1621 139 1651 et
163 1614 472 1653 conversatione
496 1614 627 1652 sancti
654 1615 804 1661 Ivonis,
829 1616 876 1653 de
901 1615 1016 1665 cujus
1041 1616 1349 1655 canonizatione
1370 1624 1468 1655 tunc
1487 1618 1699 1665 agebatur,
1721 1626 1797 1655 tes-

98 1681 212 1710 tatur
231 1674 420 1711 eumdem
457 1674 623 1712 Ivonem
648 1674 853 1712 audivisse
880 1675 1116 1712 Aurelianis
1141 1675 1287 1713 librum
1315 1676 1609 1715 institutionum
1633 1694 1657 1715 a
1680 1677 1800 1715 bonae

98 1733 305 1771 memoriae
325 1733 439 1770 Petro
459 1733 504 1770 (le
534 1732 710 1783 Capella,
731 1741 998 1772 sacrosanctae
1025 1748 1210 1773 romanae
1238 1735 1435 1773 Ecclesiae
1462 1736 1670 1774 cardinali.
1694 1736 1798 1774 Hinc

99 1791 232 1829 evasit
274 1791 492 1829 canonicus
519 1792 722 1831 Ecclesiae
758 1792 1004 1832 parisiensis.
1038 1794 1124 1841 Qua
1164 1801 1425 1844 tempestate,
1464 1809 1570 1832 anno
1607 1795 1799 1836 nimirum

106 1850 495 1898 MCCLXXXVIII,
521 1865 656 1889 mense
683 1851 884 1900 januario,
914 1852 1047 1889 tenuit
1072 1853 1377 1902 parlamentum
1406 1854 1574 1894 Tolosae
1598 1868 1678 1892 una
1707 1869 1798 1891 cum

100 1909 341 1957 Bertrando,
383 1910 535 1948 abbate
574 1910 876 1959 Moyssiacensi,
914 1920 954 1949 et
993 1912 1213 1949 Laurentio
1242 1912 1385 1959 Vicini,
1424 1913 1625 1963 capicerio
1652 1914 1798 1951 Carno-

99 1968 217 2015 tensi,
243 1977 291 2006 ut
317 1977 480 2007 constat
515 1984 564 2007 ex
598 1969 784 2020 pluribus
821 1970 1027 2008 veteribus
1063 1970 1346 2009 instrumentis
1383 1986 1487 2021 quae
1513 1980 1729 2010 servantur
1758 1972 1799 2011 in

96 2027 272 2065 archivis
317 2028 715 2079 archiepiscoporum
765 2029 1040 2067 Narbonensis
1077 2038 1117 2067 et
1164 2030 1370 2077 Tolosani,
1418 2039 1459 2069 et
1504 2046 1553 2070 cx
1597 2046 1643 2069 eo
1690 2032 1797 2081 quod

98 2086 335 2125 Guillelmus
371 2088 544 2126 Cruceus
580 2087 708 2126 edidit
743 2088 785 2126 in
820 2088 927 2126 Serie
961 2089 1238 2139 episcoporum
1265 2089 1592 2138 Caclarcensiam,
1629 2105 1668 2128 n.
1708 2091 1795 2128 2140.

97 2145 201 2183 Tum
223 2146 386 2184 biennio
408 2155 503 2196 post
525 2148 828 2197 parlamentum
853 2148 990 2186 tenuit
1014 2148 1177 2186 Parisiis
1195 2163 1276 2187 una
1301 2163 1393 2187 cum
1410 2149 1604 2199 magistro
1631 2149 1797 2199 aegidio

98 2204 261 2251 Cameli,
279 2213 327 2242 ut
344 2205 463 2243 docet
480 2206 675 2256 antiquus
693 2207 810 2244 stilus
828 2207 1076 2257 parlamenti
1095 2207 1236 2254 Paris„
1254 2221 1339 2258 par.
1360 2208 1454 2255 VII,
1474 2222 1562 2258 cap.
1579 2209 1612 2247 7.

151 2266 269 2303 Anno
299 2264 524 2304 MCCXCII
563 2264 626 2315 [15
661 2265 742 2303 mai
783 2266 907 2315 1291]
942 2266 1076 2304 factus
1113 2275 1175 2304 est
1208 2266 1420 2317 episcopus
1456 2267 1798 2305 Carcassonensis.

102 2322 190 2370 Qua
215 2331 462 2373 tempestate
494 2324 760 2373 Berengarius
793 2325 966 2372 Fredoli,
998 2325 1211 2375 episcopus
1243 2326 1555 2376 Magalonensis,
1586 2327 1798 2371 attendens,

99 2380 234 2431 inquit
264 2382 468 2420 Arnaldus
499 2383 547 2421 de
566 2383 740 2421 Verdala
776 2384 828 2434 [p.
850 2383 963 2434 148],
995 2385 1096 2434 qaod
1117 2399 1182 2422 rex
1211 2385 1504 2435 Illajoricaram
1529 2385 1650 2423 nimis
1667 2385 1800 2435 oppri-

99 2441 224 2478 mebat
259 2441 575 2490 jurisdictionem
614 2438 864 2492 temporalem
895 2457 1013 2493 qaam
1045 2443 1211 2481 habebat
1243 2443 1286 2481 in
1317 2444 1682 2494 Montepesszclatzo,
1717 2444 1800 2481 ideo

95 2499 410 2548 jurisdictionem
433 2500 562 2550 ipsam
584 2502 820 2550 permutavit
838 2516 926 2539 cum
942 2502 1099 2540 (lomina
1116 2502 1324 2553 Philippo,
1341 2518 1426 2552 rege
1449 2503 1714 2552 Francorum,
1730 2517 1800 2552 pro

97 2557 211 2607 cujas
236 2559 591 2609 recompensatione
614 2560 754 2598 habuit
787 2561 1001 2610 bayliviam
1032 2561 1174 2608 Salvii,
1196 2570 1230 2599 et
1251 2562 1478 2611 Darofortis
1507 2570 1540 2599 et
1564 2570 1735 2601 castrum
1756 2562 1800 2599 cle

97 2617 286 2656 Possano.
309 2617 407 2655 Fuit
436 2618 635 2656 estimator
663 2627 697 2657 et
717 2619 942 2669 assignator
974 2620 1025 2657 ad
1050 2620 1118 2658 hoc
1139 2621 1348 2670 deputatas
1380 2621 1566 2658 dominns
1596 2621 1736 2658 Petras
1758 2621 1802 2658 de

98 2674 274 2725 Capella,
298 2684 389 2714 tanc
410 2676 676 2716 Carcassonae
698 2679 920 2728 episcopas.
940 2678 1041 2717 Vide
1061 2679 1297 2727 Gariellum,
1315 2687 1435 2730 parte
1459 2680 1487 2726 I,
1505 2693 1545 2730 p.
1566 2679 1654 2718 416.

152 2734 307 2773 Deinde
333 2749 356 2773 a
384 2735 573 2786 Philippo
604 2737 671 2784 IV,
698 2752 788 2787 rege
817 2738 1081 2785 Francorum,
1120 2738 1332 2788 delegatus
1364 2747 1425 2776 est
1450 2752 1559 2778 anno
1585 2738 1802 2777 MCCXCV

97 2801 138 2830 et
155 2793 418 2843 sequentibus
435 2808 516 2835 una
534 2809 626 2833 cum
643 2796 838 2845 magistro
856 2797 977 2834 Petro
994 2797 1042 2835 de
1058 2796 1225 2845 Bituris,
1243 2805 1477 2837 succentore
1495 2797 1787 2844 Aurelianensi,

546 2881 554 2896 1

100 2941 126 2967 t.
142 2947 279 2975 xxxw,
300 2936 335 2968 la
355 2936 455 2969 table
477 2937 539 2970 dos
561 2938 734 2970 matiercs
748 2949 754 2980 ;
767 2938 813 2971 cf.
830 2939 928 2972 aussi
942 2951 1013 2972 unc
1035 2945 1121 2971 note
1136 2938 1407 2982 biographique
1422 2939 1562 2972 insere«)
1578 2940 1669 2972 dans
1686 2940 1717 2972 le
1736 2951 1792 2972 ms

101 2988 236 3021 Baluze
255 2989 336 3028 211,
356 2989 418 3022 sol.
439 2990 555 3030 111r0,
576 2991 672 3024 dela
691 2991 731 3024 Β.
755 2992 797 3024 N.
817 3011 865 3015 -
883 2992 931 3025 Le
950 3004 1060 3025 sceau
1080 2993 1128 3024 du
1151 2992 1318 3024 cardinal
1337 3003 1357 3024 a
1375 2994 1432 3025 ete
1453 2992 1570 3025 decrit
1589 3005 1656 3036 par
1676 2993 1803 3027 Donet

104 3041 243 3084 d'Arcq
274 3041 481 3085 (Colleclion
498 3044 539 3076 (le
554 3055 695 3083 secatur,
715 3050 740 3076 1.
759 3057 795 3084 11,
815 3057 849 3078 n.
869 3043 990 3088 6175).
