2083 3458
104 230 255 284 [1185]
623 248 840 274 PAPARUM
875 249 1258 275 AVENIONENSIUM
1713 236 1793 278 703

91 329 185 366 dam
219 335 359 365 autem
393 327 666 366 cardinalibus
699 344 718 367 e
752 344 791 367 re
824 330 988 379 publica
1021 330 1153 369 visum
1188 339 1294 370 esset
1325 340 1372 370 ut
1405 332 1619 370 cardinalis
1655 333 1792 371 Sancti

92 387 202 426 Petri
245 395 462 436 propterea
509 387 829 426 constitueretur
873 403 980 439 papa
1025 389 1299 437 simulatione,
1345 399 1386 429 et
1430 399 1524 441 post
1568 391 1791 441 ingressum

90 447 386 492 Romanorum,
418 445 487 495 qui
516 460 609 485 eum
638 456 864 497 posuerunt
893 448 935 485 in
964 449 1173 495 cathedra,
1205 449 1373 498 quidam
1403 450 1618 488 cardinalis
1649 450 1791 489 ceteris

87 505 367 556 proposuisset
388 505 489 554 quod
510 505 552 542 in
573 505 639 542 illo
661 506 841 555 ingressu
863 506 1078 556 impetuoso
1098 508 1366 546 Romanorum
1387 509 1606 546 cardinales
1624 510 1795 558 facerent

87 564 167 602 sibi
201 564 454 601 reverentiam
488 572 529 601 ut
562 579 646 601 vero
679 580 795 614 pape,
830 566 1008 604 affirmat
1042 567 1185 605 Petrus
1222 568 1438 615 Fernandi,
1473 577 1617 606 cantor
1650 569 1791 607 Palen-

89 623 214 670 tinus,
251 623 499 661 cardinalem
535 623 583 661 de
621 624 735 661 Luna
771 624 1024 663 detestatum
1061 641 1144 664 esse
1180 627 1288 665 hune
1324 627 1556 677 opinionem
1590 636 1791 677 tanquam

85 682 258 733 impiam
288 690 329 720 et
357 682 629 732 prophanam,
660 683 877 721 cardinalis
907 685 950 721 de
978 684 1096 722 Luna
1125 685 1274 723 dixerat
1297 686 1411 723 verba
1437 686 1637 736 sequentia
1665 703 1672 724 :
1699 686 1793 724 Non

87 742 266 792 conflabo
288 741 468 788 vitulum,
491 756 558 778 nec
577 741 732 790 flectam
754 757 881 791 genua
902 758 1031 780 coram
1052 744 1166 782 Baal.
1194 744 1309 782 Unus
1329 753 1383 782 est
1403 753 1436 782 et
1456 745 1562 783 debet
1581 760 1661 782 esse
1682 760 1794 783 verus

87 816 209 851 papa,
235 809 269 838 et
294 815 372 837 non
397 801 485 838 duo.
515 801 568 838 Et
592 801 735 839 statim
761 802 878 839 addit
905 818 912 840 ε
940 803 990 839 Et
1015 804 1115 852 quod
1139 803 1207 840 hoc
1231 804 1381 841 dixerat
1416 804 1542 842 dictus
1574 804 1792 842 cardinalis

87 860 182 897 aliis
223 860 497 897 cardinalibus
538 860 786 909 presentibus
821 861 864 898 in
909 861 1012 899 dicta
1043 863 1205 911 capella.
1250 863 1384 901 Tanta
1430 871 1570 901 autem
1608 864 1790 913 adeoque

85 919 212 957 densa
254 927 346 956 tum
389 918 468 956 fuit
506 919 648 969 populi
689 928 730 957 et
771 920 997 958 furentium
1037 921 1389 959 montanariorum
1430 922 1654 961 multitudo
1697 930 1792 972 post

85 977 324 1017 simulatam
354 978 596 1016 electionem
626 978 843 1017 cardinalis
870 979 1009 1017 Sancti
1035 980 1144 1018 Petri
1170 989 1216 1018 ut
1243 980 1329 1018 vita
1349 981 1565 1019 cardinalis
1591 981 1639 1019 de
1660 982 1791 1027 Luna,

85 1037 156 1087 qui
186 1052 206 1076 e
238 1037 423 1075 conclavi
460 1037 759 1087 egrediebatur,
791 1038 834 1075 in
863 1052 1059 1087 magnum
1079 1039 1295 1078 discrimen
1319 1040 1499 1078 adducta
1527 1040 1592 1078 sit.
1626 1040 1791 1078 Testem

85 1096 207 1146 hujus
237 1096 293 1134 rei
323 1096 484 1146 profero
513 1096 717 1135 =Ioannem
745 1097 892 1144 Sancii,
917 1097 1215 1147 portionarium
1233 1098 1436 1137 Ecclesiae
1461 1099 1696 1146 Toletanae‚
1721 1099 1791 1148 qui

85 1155 360 1205 interrogatus
395 1170 517 1205 super
548 1155 722 1194 articulo
755 1156 804 1193 49
839 1170 954 1194 casus
985 1156 1152 1195 secundi
1175 1157 1292 1195 electi
1315 1157 1373 1195 ita
1400 1158 1653 1207 respondisse
1679 1173 1790 1208 repe-

85 1214 247 1252 riturl:
285 1215 381 1252 Item
423 1214 578 1252 audivit
620 1223 712 1252 tunc
744 1231 769 1252 a
802 1215 988 1265 pluribus
1023 1216 1216 1253 Romanis
1250 1216 1307 1253 ibi
1340 1216 1596 1254 existentibus
1621 1233 1628 1254 z
1653 1217 1793 1254 Bonus

86 1274 240 1311 amicus
273 1274 352 1323 suit
385 1274 570 1311 dominus
604 1274 846 1311 Laurentius
881 1274 1083 1323 Sangrino
1118 1275 1314 1313 cardinali
1345 1276 1390 1313 de
1419 1276 1555 1322 Luna3
1585 1291 1677 1313 nam
1708 1276 1791 1313 nisi

86 1341 243 1383 propter
270 1333 417 1383 ipsum,
444 1341 587 1371 attenta
615 1348 760 1382 magna
786 1348 971 1383 pressura
999 1348 1069 1383 que
1095 1334 1239 1372 ibidem
1263 1342 1343 1372 erat
1375 1343 1409 1372 et
1438 1349 1512 1372 sua
1545 1335 1664 1372 debili
1692 1349 1790 1372 com-

88 1392 269 1442 plexione
303 1400 336 1430 et
361 1392 540 1439 delicata,
575 1393 656 1430 illic
684 1393 825 1441 suisset
852 1392 1081 1441 suffocatus,
1113 1401 1146 1430 et
1181 1393 1314 1443 ipsum
1343 1394 1508 1431 extraoeit
1537 1394 1610 1431 sub
1636 1394 1791 1431 brachio

85 1451 211 1489 dictus
235 1452 420 1489 dominus
443 1452 698 1490 Laurentius.
725 1452 775 1489 Et
798 1452 964 1501 quesivit
989 1452 1058 1489 iste
1082 1452 1188 1489 testis
1221 1453 1407 1502 quomodo
1442 1461 1551 1490 tanta
1582 1461 1662 1490 erat
1685 1467 1790 1502 pres-

81 1524 177 1548 sura
202 1519 236 1548 et
263 1511 317 1548 ita
345 1511 567 1548 inordinate
593 1512 820 1561 procedebat
847 1511 916 1548 illa
944 1525 1048 1559 gens.
1077 1511 1127 1549 Et
1152 1512 1435 1561 responderunt
1458 1512 1538 1549 sibi
1563 1511 1620 1549 sic
1648 1527 1655 1549 ι
1683 1512 1791 1549 Nam

82 1569 149 1607 isti
172 1570 272 1607 ebrii
297 1570 539 1608 montanarii
564 1585 642 1607 non
666 1570 929 1620 respiciebant
952 1570 1047 1620 quid
1067 1570 1277 1619 faciebant.
1305 1571 1504 1620 Fugiebat
1527 1585 1620 1619 ergo
1645 1571 1790 1609 Petrus

81 1629 130 1667 de
162 1630 277 1667 Luna
308 1644 401 1667 cum
431 1630 573 1667 ceteris
605 1629 894 1676 cardinalibus,
926 1638 972 1667 ut
1001 1625 1041 1667 se
1072 1630 1334 1668 subtraheret
1363 1629 1614 1669 immanitati
1643 1630 1790 1667 horum

82 1688 365 1727 barbarorum.
397 1689 459 1726 Ex
487 1704 568 1738 quo
597 1689 801 1737 colligitur
827 1688 991 1727 cessisse
1019 1703 1112 1727 eum
1139 1689 1310 1727 tandem
1335 1688 1516 1738 opinioni
1544 1689 1790 1738 collegarum

82 1762 262 1787 suorum.
290 1748 425 1785 Primo
448 1748 556 1787 enim
579 1748 664 1798 ipse
689 1757 729 1786 et
753 1748 951 1786 Geraldus
976 1748 1024 1785 de
1049 1748 1176 1786 Podio
1200 1748 1415 1785 cardinalis
1441 1747 1604 1796 Majoris
1628 1761 1789 1786 monas—

81 1806 174 1844 terii
196 1807 418 1845 contestati
440 1816 558 1845 erant
580 1808 684 1845 nolle
706 1822 746 1844 se
770 1807 961 1845 decedere
985 1807 1034 1845 de
1057 1807 1254 1854 conclavi,
1276 1807 1511 1845 indecoram
1533 1806 1682 1856 quippe
1703 1814 1789 1844 tur-

82 1880 257 1915 pemque
286 1881 370 1904 esse
400 1867 539 1916 fugam
567 1866 691 1904 illam.
727 1866 842 1904 Istud
870 1881 943 1916 ego
970 1866 1047 1915 legi
1075 1866 1116 1903 in
1145 1866 1404 1916 responsione
1433 1865 1569 1904 fratris
1600 1865 1789 1903 Menendi

82 1925 262 1975 episcopi
283 1925 554 1964 Cordubensis
574 1926 628 1964 ad
647 1925 868 1964 articulum
890 1925 938 1963 70
959 1939 1073 1963 casus
1095 1925 1262 1963 secundi
1281 1925 1412 1971 electi,
1437 1924 1507 1962 ubi
1529 1933 1712 1962 tractans
1739 1924 1788 1962 de

81 1984 307 2034 agitatione
331 1993 372 2023 et
396 1993 512 2022 motu
536 1984 804 2023 cardinalium
829 1984 936 2022 inter
959 1984 1089 2022 minas
1114 1984 1254 2034 populi
1280 1984 1469 2030 Romani,
1494 1983 1552 2021 ait
1575 1983 1788 2033 plerosque

81 2042 337 2082 existimasse
375 2044 470 2094 fuga
508 2044 806 2082 consulendum
843 2043 918 2081 sibi
956 2058 1054 2090 esse,
1093 2043 1162 2081 sed
1200 2043 1402 2092 quosdam
1439 2042 1673 2080 audaciores
1711 2042 1788 2080 hoc

82 2102 294 2140 consilium
321 2103 500 2141 multum
523 2103 790 2153 improbasse.
818 2103 872 2140 Et
897 2117 993 2141 mox
1017 2102 1185 2140 additur
1207 2102 1250 2140 in
1282 2102 1425 2140 eadem
1458 2101 1717 2151 responsione
1735 2100 1750 2122 ²
1776 2117 1783 2138 :

83 2161 315 2210 Specialiter
343 2162 497 2200 audivit
526 2162 728 2199 nominari
759 2162 860 2199 inter
887 2162 1055 2199 audaces
1084 2161 1304 2199 cardinales
1333 2162 1377 2198 de
1405 2161 1522 2198 Luna
1550 2168 1583 2197 et
1612 2159 1787 2208 Affajoris

82 2221 324 2268 monasterii,
363 2221 429 2271 qui
468 2222 634 2259 multum
673 2221 931 2270 increpabant
965 2220 1105 2269 fugam
1143 2220 1300 2257 illorum
1336 2219 1403 2269 qui
1440 2219 1617 2256 volebant
1650 2218 1787 2267 fugere

81 2281 281 2328 arguendo
301 2280 359 2317 sic
382 2296 388 2318 :
418 2281 487 2317 Vel
505 2295 575 2317 nos
597 2280 779 2317 debemus
799 2279 897 2317 mori
919 2280 975 2316 vel
993 2279 1143 2316 vivere?
1161 2279 1206 2317 Si
1226 2279 1337 2325 mori,
1358 2278 1497 2315 melius
1514 2277 1724 2315 moriemur
1743 2277 1786 2313 in

83 2339 233 2388 capella
259 2352 376 2389 quam
404 2339 446 2376 in
472 2339 598 2376 vinea.
629 2339 673 2377 Si
700 2339 836 2385 vivere,
864 2338 1014 2376 videtur
1039 2338 1158 2375 miclzi
1181 2338 1281 2387 quod
1301 2352 1382 2374 una
1401 2337 1548 2386 species
1574 2336 1708 2373 mortis
1733 2343 1788 2373 est

82 2398 184 2447 quod
204 2398 412 2447 fugiamus
435 2406 592 2448 propter
616 2398 888 2435 verecundiam
912 2406 946 2435 et
969 2397 1209 2446 vituperium
1233 2397 1333 2446 quod
1354 2395 1528 2445 sequitur
1551 2409 1596 2432 ex
1617 2395 1728 2443 suga,
1753 2402 1787 2431 et

83 2456 252 2494 maxime
273 2457 399 2504 nobis,
420 2457 486 2507 qui
504 2471 644 2494 sumus
662 2457 895 2494 cardinales.
917 2456 1137 2494 Veniamus
1158 2470 1265 2493 nunc
1284 2455 1336 2492 ad
1355 2454 1593 2492 electionem
1613 2452 1783 2491 Urbani.

139 2516 185 2553 In
207 2515 461 2565 depositione
485 2516 665 2554 Thomae
689 2516 848 2562 Petrae,
865 2515 1049 2553 canonici
1066 2513 1334 2560 Patracensis,
1350 2513 1514 2551 invenio
1550 2513 1714 2550 Petrum
1734 2512 1782 2549 de

83 2574 198 2611 Luna
225 2574 454 2623 jactantem
480 2590 520 2613 se
546 2575 658 2624 quod
685 2574 829 2612 fuisset
854 2588 959 2611 unus
986 2589 1005 2612 e
1032 2572 1335 2623 promotoribus
1362 2571 1568 2610 electionis
1595 2570 1695 2620 ejus,
1723 2570 1784 2607 uti

81 2641 224 2683 postea
241 2633 486 2673 videbimus.
505 2633 688 2672 Primum
703 2642 843 2671 autem
860 2647 953 2671 eum
968 2632 1091 2671 fuisse
1109 2632 1177 2681 qui
1195 2632 1362 2669 Urbano
1378 2631 1494 2669 daret
1510 2644 1652 2668 vocem
1667 2642 1785 2667 suam

80 2692 139 2729 ait
165 2693 292 2730 frater
317 2692 509 2730 Alfonsus
537 2692 585 2730 de
612 2692 772 2739 Melide,
797 2692 910 2730 tertii
936 2691 1086 2729 ordinis
1113 2690 1245 2729 sancti
1272 2689 1488 2736 Francisci,
1514 2703 1565 2727 ex
1588 2688 1783 2726 relatione

80 2750 239 2789 Alfonsi
265 2751 458 2789 eremitae
486 2751 582 2790 olim
609 2751 787 2801 episcopi
815 2750 1067 2796 Giennensis‚
1096 2749 1165 2799 qui
1192 2763 1213 2786 a
1242 2748 1444 2787 cardinale
1471 2748 1529 2785 ita
1556 2754 1782 2797 acceperat.

84 2810 199 2848 Istud
232 2810 368 2860 ipsum
399 2810 600 2860 reperitur
631 2810 743 2860 apud
776 2809 997 2847 Odoricum
1031 2808 1309 2857 Raynaldum,
1340 2821 1407 2845 an.
1443 2806 1557 2853 1379,
1597 2806 1613 2854 ἓ
1647 2805 1708 2852 15,
1741 2805 1783 2843 in

81 2869 377 2907 commentario
419 2882 540 2918 quem
581 2868 689 2906 idem
731 2868 899 2907 eremita
942 2867 1182 2917 conscripsit
1222 2875 1269 2904 ut
1309 2866 1502 2916 probaret
1543 2864 1782 2903 electionem

81 2927 238 2965 Urbani
260 2927 382 2965 fuisse
405 2927 657 2965 canonicam.
684 2927 850 2965 Dedisse
872 2935 1012 2965 autem
1033 2926 1148 2965 illum
1168 2933 1310 2964 vocem
1331 2939 1448 2963 suam
1471 2924 1638 2962 Urbano
1659 2923 1782 2961 libere

130 3056 163 3090 1.
193 3057 234 3089 B.
258 3056 302 3089 N.
324 3068 406 3096 ms.‚
427 3056 521 3089 latin
543 3056 672 3096 11745,
694 3055 756 3089 sol.
779 3056 847 3089 228
867 3060 910 3089 ΓΟ.

131 3109 162 3143 2.
187 3109 254 3142 Ms.
280 3109 364 3150 cite,
389 3109 451 3143 fol.
477 3109 546 3142 210
570 3113 619 3142 v⁰.
