2083 3458
97 180 221 236 [614]
632 195 849 220 PAPARUM
885 192 1271 220 AVENIONENSIUM
1737 179 1789 220 91

78 279 169 329 jecit
203 279 290 328 fieri
323 278 530 328 publicum
566 278 885 325 instrumentum,
921 276 1168 315 denuncians
1203 277 1303 315 dicto
1351 275 1580 326 imperatori
1606 277 1719 326 quod,
1754 277 1790 314 si

80 339 150 377 iret
169 338 221 376 ad
241 338 354 375 illum
375 345 559 384 castrum,
582 338 684 387 quod
704 337 813 386 infra
833 337 1010 374 triduum
1025 344 1245 374 moreretur.
1270 335 1444 385 Quidam
1463 343 1594 373 autem
1616 336 1791 373 medicus

76 396 233 447 juvenis
253 396 354 434 dixit
372 396 530 434 domino
550 396 778 446 imperatori
797 396 898 446 quod
913 395 971 433 sic
987 395 1067 433 sibi
1085 395 1309 434 subveniret
1325 408 1394 444 per
1413 409 1535 432 unam
1551 394 1789 443 sarmaciam

78 456 178 506 quod
194 470 324 493 secure
342 463 470 506 posset
490 455 556 493 ire.
584 455 696 493 Unde
715 455 900 492 dominus
920 455 1144 504 imperator,
1163 462 1292 504 spreto
1309 468 1408 491 sano
1427 453 1641 499 conscillio,
1661 453 1791 502 ellegit

77 514 323 553 conscillium
344 514 600 564 mortiferum,
621 522 656 552 et
676 514 719 551 in
739 522 845 551 tanto
864 521 953 552 extu
970 513 1062 563 fecit
1079 527 1120 550 se
1137 512 1289 563 portari
1308 513 1360 550 ad
1379 512 1526 552 dictum
1545 520 1734 558 castrum3
1755 520 1793 550 et

77 574 120 612 in
137 573 245 611 tertio
263 573 325 610 die
342 581 518 611 mortuus
534 581 600 611 est.
621 573 806 610 Medicus
832 581 962 610 autem
981 572 1045 610 ille
1065 572 1224 622 juvenis
1241 571 1308 622 qui
1328 571 1428 609 illud
1444 571 1608 609 mallum
1626 571 1789 608 conscil-

75 633 175 670 lium
195 633 361 680 dederat,
383 632 517 670 exiens
538 633 583 670 de
604 646 757 670 camera
778 631 945 679 domini,
966 631 1058 681 fecit
1078 645 1204 669 vocem
1227 630 1270 668 in
1288 630 1451 680 familia
1472 631 1573 680 quod
1593 630 1789 679 consessor

75 691 227 730 domini
256 691 517 742 imperatoris,
546 691 708 741 quidam
733 691 853 740 frater
879 690 1111 741 predicator,
1139 689 1266 728 dictus
1291 690 1412 739 frater
1438 689 1715 727 Bernardinus
1742 690 1790 726 de

75 751 213 788 Monte
234 750 456 797 Pulcanno,
478 751 523 788 de
541 750 694 790 civitate
785 781 793 797 ,
816 749 875 787 vir
895 750 1004 787 valde
1022 749 1245 798 religiosus,
1266 756 1520 786 venenaverat
1542 762 1631 786 eum
1656 749 1786 786 dando

73 810 154 848 sibi
189 824 330 860 corpus
366 809 534 856 Christi3
572 809 674 859 quod
707 809 876 847 audiens
911 809 1038 846 dictus
1072 808 1192 858 frater
1226 807 1518 854 Bernardinus‚
1555 822 1623 857 pre
1659 807 1790 844 nimio·

75 870 227 916 dollore,
251 868 387 906 volluit
406 868 510 906 exire
530 869 582 906 ad
601 869 796 918 populum
816 875 851 905 et
870 882 1053 905 excusare
1073 882 1113 905 se
1133 868 1178 905 de
1199 875 1308 905 tanta
1326 866 1499 916 salsitate
1519 874 1554 904 et
1573 874 1652 904 tam
1675 866 1786 915 gravi

74 928 286 966 scandall0.
314 927 491 965 Barones
516 935 646 965 autem
672 927 739 978 qui
765 927 1002 965 assistebant
1028 926 1186 964 domino
1214 925 1456 976 imperatori,
1482 925 1645 963 scientes
1673 926 1785 962 inno·

77 987 244 1026 centiam
268 987 367 1036 ejus,
394 987 605 1024 noluerunt
627 994 785 1037 propter
806 986 979 1035 furorem
1002 986 1158 1036 populi,
1185 986 1252 1035 qui
1276 999 1378 1032 eum,
1399 985 1491 1023 licet
1527 985 1788 1031 innocentem,

75 1046 335 1085 trucidassent
361 1045 491 1095 (sic)...
545 1046 630 1095 Ego
655 1053 786 1083 autem
811 1045 855 1083 de
881 1053 998 1082 morte
1022 1045 1109 1094 ejus
1134 1044 1272 1082 audivi
1297 1059 1322 1082 a
1347 1044 1446 1082 dicto
1473 1043 1660 1093 magistro
1685 1043 1784 1081 Bar-

76 1106 259 1144 tholomeo
284 1105 351 1155 qui
376 1119 447 1155 pro
472 1104 608 1142 ordine
633 1104 776 1142 redidit
799 1103 1067 1142 testimonium
1095 1103 1138 1156 in
1162 1104 1275 1141 curia
1300 1103 1452 1141 domini
1477 1117 1581 1154 pape
1605 1102 1789 1153 predicti,

76 1179 163 1202 cum
179 1164 293 1202 multi
309 1164 476 1213 marigni
494 1164 720 1201 inducerent
734 1178 823 1201 eum
838 1164 890 1201 ad
904 1163 1114 1201 dicendum
1129 1171 1262 1200 contra
1278 1163 1467 1209 ordinem,
1485 1162 1586 1212 quod
1600 1162 1785 1200 dominus

77 1224 287 1274 imperator
307 1231 482 1260 mortuus
502 1231 557 1260 est
576 1223 620 1260 de
640 1223 892 1269 carbuncul0,
912 1222 1015 1260 sicut
1033 1222 1113 1259 sibi
1132 1221 1306 1272 predixit
1323 1236 1393 1272 per
1411 1221 1618 1272 publicum
1640 1221 1784 1258 instru-

76 1282 365 1322 mentum.Item
382 1282 425 1320 in
439 1282 613 1332 capitulo
629 1282 801 1331 generali
817 1282 1001 1320 celebrato
1015 1281 1195 1318 Bononie
1210 1295 1316 1318 anno
1327 1280 1494 1318 Domini
1510 1279 1787 1331 MCCC[XV1

74 1342 213 1392 fratres
233 1342 277 1379 de
296 1341 491 1379 Almania
508 1341 682 1391 fecerunt
701 1341 816 1379 citari
835 1341 1054 1391 predictum
1072 1340 1233 1390 fratrem
1251 1339 1549 1377 Bernardinum
1569 1354 1593 1376 a
1638 1339 1788 1388 magis--

74 1409 130 1439 tro
155 1400 409 1450 Berengario,
436 1409 529 1438 tunc
554 1400 742 1450 magistro
767 1400 933 1447 ordinis,
960 1408 994 1438 et
1019 1399 1308 1437 districtissime
1332 1399 1657 1437 examinaverunt
1681 1412 1782 1445 eum,

76 1460 143 1511 qui
172 1460 407 1509 sufficienter
437 1460 675 1510 respondens
705 1459 758 1497 ad
786 1459 949 1508 singula
980 1459 1030 1497 ab
1061 1459 1247 1496 omnibus
1279 1458 1466 1496 innocens
1497 1465 1700 1507 reputatus
1730 1464 1789 1494 est

80 1520 140 1568 (L.
167 1519 327 1566 Delisle,
352 1518 490 1556 Notice
510 1533 580 1556 sur
601 1519 640 1556 la
662 1518 871 1569 chronique
893 1519 990 1556 d'un
1012 1517 1259 1556 dominicam
1280 1518 1324 1555 de
1339 1518 1497 1564 Parme,
1520 1518 1620 1555 dans
1642 1517 1732 1555 Not.
1751 1523 1785 1553 et

75 1579 164 1626 Ex„
183 1586 213 1616 t.
234 1593 356 1616 xxxv
379 1578 527 1628 (1896),
545 1593 584 1628 p.
601 1577 691 1625 364,
709 1577 815 1626 365).
833 1600 886 1603 —
904 1577 980 1616 Sur
997 1578 1035 1615 la
1053 1585 1162 1615 mort
1181 1578 1229 1616 de
1250 1577 1376 1615 Henri
1393 1576 1473 1613 VII
1488 1576 1577 1614 voir
1590 1576 1781 1622 Bohmer‚

76 1638 240 1687 Regesta
263 1637 444 1688 Imperii,
468 1637 582 1685 1246,
602 1637 716 1684 1313,
739 1637 882 1687 p.311,
897 1637 1045 1684 312;la
1068 1636 1290 1686 chronique
1313 1636 1362 1674 de
1385 1636 1491 1674 Jean
1512 1636 1560 1673 de
1577 1634 1780 1684 Viktring‚

76 1697 137 1735 ed.
167 1697 213 1735 E.
243 1696 477 1743 Schneider,
507 1696 715 1743 Hanovre,
744 1696 983 1743 1909-1910,
1012 1705 1030 1734 t
1072 1712 1112 1744 11,
1135 1710 1174 1746 p.
1192 1695 1333 1743 25‚26,
1362 1694 1501 1741 54-563
1530 1694 1626 1733 celle
1663 1695 1711 1732 de
1744 1695 1786 1732 J.

76 1756 125 1795 de
151 1756 405 1802 Cermenate,
427 1756 489 1794 ed.
512 1756 555 1794 L.
587 1755 633 1793 A.
658 1755 808 1802 Ferrai,
832 1755 975 1802 Rome,
998 1755 1112 1803 1889,
1133 1770 1172 1805 p.
1205 1754 1299 1801 1333
1320 1754 1395 1791 Les
1426 1768 1538 1791 voeuoe
1557 1754 1602 1790 de
1631 1753 1782 1803 l’Eper-

75 1815 167 1862 vier,
193 1815 254 1853 ed.
278 1815 477 1852 VVolfram
499 1822 540 1853 et
560 1815 816 1861 Bonnardot,
840 1814 960 1861 Metz,
985 1814 1099 1861 1895,
1121 1829 1160 1864 p.
1185 1813 1318 1861 45-49,
1342 1813 1403 1860 60,
1427 1813 1488 1850 61.

132 1877 171 1913 1).
197 1875 260 1922 51,
277 1875 468 1913 variante
482 1876 519 1914 5.
534 1874 758 1912 VENENUM
775 1888 816 1912 lN
836 1875 1140 1912 EUCHARISTIA.
1155 1873 1349 1911 Albertus
1365 1871 1602 1918 Krantzius,
1618 1871 1686 1909 lib.
1708 1871 1782 1918 IX,

76 1935 274 1973 Saxoniae
289 1947 377 1983 cap.
395 1948 449 1970 vn
465 1933 518 1983 [p.
536 1932 611 1971 637
625 1932 651 1982 ]:
667 1933 786 1981 signa
799 1933 936 1970 veneni
953 1933 995 1970 in
1011 1933 1193 1970 cadavere
1207 1932 1447 1982 apparuisse
1462 1930 1575 1968 multi
1590 1930 1780 1968 scribunt.

74 1992 307 2039 Ptolemeus,
325 2006 410 2029 vero
429 1992 621 2030 Lucensis
640 1992 809 2041 affirmat
828 2006 972 2029 veneno
991 2006 1080 2029 eum
1096 1991 1262 2042 periisse
1276 2006 1301 2028 a
1314 1991 1611 2028 Predicatorum
1631 1990 1789 2027 ordinis

73 2052 192 2101 fratre
210 2051 252 2089 in
268 2051 508 2089 eucharistia
524 2051 623 2089 dato.
644 2051 721 2089 Sed
738 2051 849 2089 istud
867 2065 1010 2089 verum
1027 2065 1108 2089 non
1127 2059 1200 2089 est.
1224 2051 1369 2100 Itaque
1387 2057 1550 2100 oportet
1567 2049 1782 2087 Albertum

73 2110 261 2150 incidisse
283 2110 324 2148 in
345 2110 571 2160 quemdam·
594 2110 774 2148 codicem
794 2110 896 2148 falso
910 2110 1155 2160 inscriptum
1174 2109 1339 2148 nomine
1361 2107 1599 2155 Ptolemaei,
1616 2108 1650 2146 ei
1670 2107 1783 2145 Vati-

75 2184 175 2208 cano
214 2169 325 2208 haud
364 2169 486 2208 dubie
524 2169 697 2207 similem
735 2169 851 2219 cujus
890 2170 1170 2219 fragmentum
1206 2168 1382 2207 refertur
1419 2168 1530 2218 apud
1567 2166 1786 2213 Bzovium,

74 2243 139 2267 an.
163 2228 277 2276 1313,
305 2229 322 2277 ἓ
344 2228 404 2266 17.
428 2228 621 2267 Albertus
642 2242 739 2266 vero
760 2228 1067 2278 Argentinensis
1101 2228 1153 2278 [p.
1178 2227 1277 2278 186]
1299 2242 1350 2266 ex
1369 2226 1601 2264 rumoribus
1620 2226 1783 2263 illorum

74 2295 308 2338 temporum
330 2287 471 2326 scribit
490 2288 598 2325 hunc
615 2287 945 2327 praedicatorem
960 2301 1165 2326 venenum
1186 2287 1261 2325 sub
1278 2301 1413 2336 ungue
1435 2285 1552 2335 digiti
1571 2292 1784 2323 tenentem

75 2346 335 2394 absconsum,
363 2346 463 2384 illud
491 2354 586 2396 post
614 2346 945 2385 communionem
973 2346 1092 2397 potui
1117 2346 1297 2385 Caesaris
1317 2344 1584 2383 immiscuisse
1609 2352 1649 2381 et
1678 2343 1786 2381 illico»

76 2405 317 2444 discessisse.

129 2465 172 2503 P.
203 2464 266 2512 51,
295 2464 361 2515 lig.
391 2464 428 2503 8.
460 2464 589 2502 FECIT
621 2478 995 2505 CONSTITUTIONEM
1027 2466 1075 2504 de
1105 2478 1186 2514 qua
1217 2463 1375 2502 dictum
1414 2470 1476 2502 est
1515 2463 1638 2513 paulo
1672 2468 1785 2509 ante,

73 2538 114 2574 p.
135 2523 224 2562 612.
246 2523 348 2562 Vide
368 2523 494 2562 etiam
513 2522 635 2571 infra,
656 2524 735 2575 [t.1]
756 2537 795 2574 p.
816 2525 879 2563 88.

129 2583 172 2621 P.
206 2582 269 2630 51,
299 2582 366 2632 lig.
400 2582 461 2621 13.
495 2585 590 2621 NON
621 2596 855 2621 INCIDEBAT
883 2597 926 2620 1N
962 2596 1249 2622 sENTEN’nAM.
1282 2582 1338 2619 Et
1377 2589 1517 2619 tamen
1546 2578 1785 2618 Albertinus

75 2640 283 2679 Mussatus
316 2641 545 2692 [Muratori,
566 2649 596 2680 t.
620 2655 662 2689 x,
685 2641 758 2680 col.
781 2641 882 2692 568]
905 2641 1090 2691 ejusdem
1113 2641 1278 2680 Henriei
1297 2639 1524 2679 infortunia
1546 2647 1587 2677 et
1608 2645 1782 2676 mortem

74 2699 260 2751 imputat
279 2698 451 2751 'spretae
483 2700 535 2738 ab
566 2714 612 2739 eo
637 2699 925 2739 constitutioni
951 2700 1204 2751 apostolicae
1224 2716 1233 2739 :
1256 2699 1441 2738 Cavenda
1469 2697 1604 2744 nimis,
1633 2696 1785 2748 inquit,

74 2767 344 2798 sacrosanctae
356 2759 496 2797 matris
509 2758 708 2798 Ecclesiae
719 2761 870 2810 offensa
886 2759 1147 2807 Christicolis,
1160 2774 1249 2797 cum
1262 2766 1298 2797 et
1309 2758 1431 2808 hujus
1451 2757 1782 2807 praedecessorem

74 2817 222 2867 fuderit
241 2818 457 2869 apostolica
473 2817 667 2856 sententia
685 2818 721 2855 F
724 2817 949 2866 ridericum,
967 2818 1009 2856 in
1030 2832 1141 2868 quem
1164 2832 1252 2856 cum
1272 2817 1395 2868 prolet
1412 2823 1475 2854 ota
1490 2814 1606 2853 veluti
1630 2815 1782 2864 fulmen

75 2877 250 2927 jaculata
281 2876 539 2927 irreparabile
567 2877 660 2915 tulit
688 2876 866 2915 eaeitium.
887 2877 939 2915 Et
958 2877 1021 2915 hic
1043 2891 1190 2928 quoque
1218 2875 1420 2914 Henricus
1449 2875 1641 2912 secundae
1670 2873 1787 2924 pacis

77 2935 216 2974 vexillo
231 2935 274 2973 in
291 2935 454 2974 Italiam
474 2935 673 2986 auspiciis
689 2936 828 2974 ductus
842 2935 1053 2984 Ecclesiae,
1070 2950 1167 2986 quae
1189 2935 1311 2974 voluit
1331 2933 1516 2980 obtinuit,
1538 2933 1661 2970 simul
1682 2932 1783 2970 arri·

78 2994 187 3032 dente
211 2994 384 3044 fortuna.
418 2994 564 3032 Verum
591 2994 753 3032 mutatis
780 2994 888 3043 velis,
916 2995 1037 3033 versis
1064 2995 1116 3034 ad
1141 2993 1368 3045 oppositum
1395 2991 1687 3042 gubernaculis,
1714 2991 1786 3029 ad·

79 3067 184 3090 verso
205 3053 339 3103 sydere
360 3053 489 3092 soluta
510 3053 649 3092 classis
670 3053 915 3104 profundum
946 3053 1123 3104 oppetiit.
1157 3052 1363 3103 Siquidem
1383 3050 1563 3102 rescripti
1592 3050 1678 3101 jam
1699 3050 1784 3088 sola
