2083 3458
122 202 244 257 [829]
647 217 863 243 ΡΑΡΑΒυΜ
900 215 1284 242 AVENIONENSIUM
1724 198 1807 238 335

109 310 149 340 ut
169 316 215 349 s.,
237 315 276 351 p.
298 300 386 348 80);
409 300 497 337 voir
517 299 796 339 l'instrument
818 307 1058 338 constatant
1078 300 1116 337 la
1139 300 1368 338 delivrance
1392 300 1460 338 des
1483 300 1560 337 cles
1583 298 1632 336 de
1654 298 1691 336 la
1714 296 1810 334 ville

108 374 160 398 au
181 362 311 398 meme
333 359 482 408 (Vidal,
504 373 542 396 n.
564 358 667 396 8359
695 368 735 397 et
757 359 805 397 N.
830 358 1039 405 Rodolico,
1059 359 1140 396 Dal
1157 372 1319 396 comune
1347 358 1426 395 alla
1447 357 1649 407 Signoria,
1670 355 1809 405 saggio

107 419 172 456 sul
195 432 358 467 governo
381 417 422 455 di
449 417 604 455 Taddeo
627 418 768 467 Pepoli
793 417 836 455 in
859 418 1051 466 Bologna,
1075 417 1268 466 Bologne,
1296 416 1409 464 1898,
1434 431 1473 466 p.
1500 415 1701 463 109-142).

162 477 205 515 P.
235 476 323 523 237,
351 476 417 526 lig.
446 476 508 514 33.
538 476 907 515 ΑΜΒΑεειΑτοΒΕε.
939 476 1004 514 Un
1032 476 1236 514 allemand
1265 475 1433 514 ecrivait
1460 476 1495 513 16
1524 475 1545 512 7
1572 474 1662 525 juin
1689 476 1710 511 a
1739 473 1808 511 des

108 535 431 585 eccle'siastiques
458 535 507 573 de
533 534 644 573 Trier
671 551 678 573 :
708 535 853 573 Sciatis
879 535 979 585 quocl
1004 534 1112 583 infra
1136 543 1215 572 octo
1241 535 1322 572 dies
1347 542 1435 572 ante
1460 534 1595 571 datum
1620 531 1811 583 presentis

109 595 230 633 littere
247 601 433 632 venerunt
449 601 614 643 quatuor
630 607 736 643 reges
754 595 798 631 de
818 594 1003 632 Tartaria
1024 594 1077 631 ad
1100 593 1253 631 curiam
1271 594 1509 640 Romanam,·
1527 591 1652 642 aliqui
1676 591 1811 628 dicunt

110 654 210 703 quod
231 653 350 691 velint
370 667 410 690 se
435 652 628 702 baptizari
651 661 684 690 et
705 653 786 690 sint
801 653 1085 690 ambassatores
1104 652 1352 702 imperatoris
1379 652 1634 689 Tartarorum
1655 659 1689 688 et
1711 650 1812 700 quod

111 712 174 750 ille
195 712 284 749 velit
303 711 420 749 etiam
445 711 655 761 baptizari;
675 720 785 749 erant
805 712 970 761 triginta
990 719 1069 749 octo
1090 725 1252 761 persone
1274 711 1316 748 in
1336 710 1590 759 ambassagia
1617 710 1810 759 ipsorum;

109 785 242 809 omnes
269 778 362 808 sunt
390 770 533 808 mortui
560 770 729 820 exceptis
758 785 892 808 novem
921 771 988 820 qui
1017 777 1203 807 venerunt
1230 770 1281 807 ad
1309 769 1460 807 curiam
1488 777 1521 806 et
1550 769 1684 806 dicunt
1713 767 1812 818 quod

108 830 270 879 fuerunt
291 829 334 867 in
354 829 418 867 via
447 843 516 879 per
536 829 632 867 duos
652 843 779 867 annos
800 829 993 868 continue.
1017 828 1114 866 Alia
1136 843 1214 866 non
1240 836 1333 866 sunt
1353 829 1404 866 ad
1429 827 1690 878 presensnisi
1713 826 1813 876 quod

110 903 219 939 papa
247 888 344 938 jacit
371 887 610 936 fortissimas
641 896 764 925 turres
795 888 988 938 (Stengel‚
1014 888 1128 925 Nova
1154 887 1431 935 Alemanniae,
1456 901 1494 925 n.
1521 886 1609 933 531,
1636 901 1675 936 p.
1703 885 1808 933 352).

112 948 186 986 Les
214 947 335 986 livres
367 947 415 986 de
447 954 630 997 comptes
649 946 909 997 pontificaux
928 947 1131 997 signalent
1158 947 1197 984 la
1225 948 1416 996 presence
1447 945 1495 983 de
1524 945 1615 982 huit
1651 944 1809 982 ambas-

111 1006 277 1045 sadeurs
317 1005 371 1044 du
409 1005 432 1043 6
469 1019 521 1043 au
560 1005 608 1044 13
644 1005 734 1055 juin
775 1005 971 1055 (Schafer,
1010 1005 1202 1043 Benedilct
1233 1005 1340 1052 XII,
1374 1019 1413 1055 p.
1450 1004 1511 1052 77,
1548 1004 1609 1050 79,
1643 1003 1723 1051 80).
1758 1003 1810 1041 Le

113 1079 218 1116 pape
243 1065 394 1112 donna,
419 1065 454 1104 le
481 1064 528 1102 21
554 1065 790 1112 novembre,
819 1065 920 1103 1500
946 1064 1083 1103 ssorins
1121 1066 1144 1102 a
1175 1072 1320 1114 quatre
1346 1064 1467 1102 freres
1503 1063 1678 1101 Mineurs
1714 1061 1812 1111 qu’il

111 1123 308 1173 envoyait
333 1138 383 1162 en
408 1123 500 1162 Asie
528 1124 586 1172 (ut
609 1138 655 1172 s.‚
680 1138 720 1174 p.
749 1123 827 1172 76).

165 1183 208 1222 P.
244 1182 332 1231 238,
366 1182 432 1232 lig.
468 1182 529 1220 21.
564 1182 752 1221 ARMENJ.
788 1183 861 1221 Les
896 1197 1050 1221 erreurs
1083 1182 1285 1233 imputees
1319 1196 1401 1219 aux
1434 1180 1671 1219 Armeniens
1706 1193 1812 1218 com-

111 1250 314 1292 prennent
337 1241 410 1280 117
432 1241 592 1280 articles
609 1241 710 1280 dans
726 1242 761 1280 le
773 1242 940 1291 registre
953 1241 1201 1291 d’Avignon,
1222 1256 1248 1289 1,
1264 1241 1332 1279 fol.
1347 1240 1422 1278 100
1442 1239 1574 1278 r0-126
1594 1247 1628 1277 r0
1650 1247 1690 1278 et
1711 1239 1812 1276 dans

113 1301 257 1348 Mansi,
284 1308 315 1339 t.
345 1315 448 1349 XXV,
477 1300 550 1338 col.
581 1300 817 1339 1185-1270.
848 1301 923 1339 Sur
949 1301 1005 1339 les
1034 1300 1287 1347 Armeniens‚
1315 1299 1403 1337 voir
1432 1299 1468 1338 J.
1499 1299 1588 1348 Gay
1617 1298 1686 1347 (Le
1712 1310 1814 1348 pape

112 1359 286 1398 Clement
307 1359 368 1397 VI
382 1367 417 1398 et
432 1360 485 1397 les
502 1359 663 1409 affaires
680 1359 869 1407 d’Orient‚
889 1359 1015 1407 Paris,
1035 1359 1149 1407 1904,
1167 1374 1206 1410 p.
1227 1358 1428 1407 139-150).

167 1419 210 1457 P.
241 1418 329 1465 239,
358 1418 423 1468 lig.
455 1417 489 1456 7.
520 1419 742 1456 OBnNmT.
774 1419 827 1457 Le
857 1419 913 1456 1er
939 1419 1170 1468 septembre
1201 1418 1301 1457 1339
1331 1417 1480 1467 (Vidal,
1509 1431 1547 1454 n.
1579 1416 1697 1462 75333
1728 1415 1815 1453 voir

114 1477 222 1516 aussi
250 1492 289 1516 n.
318 1477 433 1525 6349,
461 1477 576 1525 6417,
607 1477 737 1526 7191).

168 1537 210 1575 P.
244 1536 332 1584 239,
363 1536 430 1587 lig.
463 1536 524 1574 14.
559 1537 833 1575 LAUREATUS.
868 1537 921 1575 Le
951 1537 976 1574 8
1006 1536 1109 1575 avril
1141 1536 1240 1575 1341
1275 1536 1343 1586 (H.
1379 1536 1602 1582 Hauvette‚
1636 1534 1814 1581 Boccace,

116 1595 241 1643 Paris,
268 1595 381 1642 1914,
405 1610 445 1646 p.
472 1595 576 1643 195).

168 1655 210 1693 Ρ.
246 1654 335 1701 239,
367 1654 435 1704 lig.
470 1654 532 1693 25.
567 1654 788 1693 C1v1TAT1s.
823 1655 920 1692 Voir
955 1655 999 1693 E.
1035 1655 1080 1692 T.
1117 1655 1298 1702 Perrens,
1332 1653 1509 1692 Histoire
1542 1653 1585 1690 de
1620 1652 1816 1698 Florence,

116 1713 242 1760 Paris,
266 1713 379 1761 1879,
402 1721 431 1752 t.
453 1728 509 1761 lv,
531 1728 570 1764 p.
594 1713 779 1752 227-248.

169 1772 212 1810 P.
234 1772 323 1820 239,
344 1772 409 1822 lig.
432 1772 493 1811 28.
516 1772 824 1811 ATHENIARUM.
846 1773 943 1810 Voir
963 1773 1145 1821 Perrens,
1168 1781 1209 1810 ut
1226 1787 1272 1820 s.‚
1293 1787 1332 1823 p.
1355 1772 1539 1810 254-267.

171 1832 213 1870 P.
244 1831 333 1879 241,
361 1831 427 1881 lig.
459 1831 493 1870 1.
525 1831 588 1868 DE
619 1831 908 1870 MALOMONTE.
947 1832 996 1869 In
1022 1832 1135 1869 veteri
1163 1831 1402 1869 chartulario
1430 1830 1658 1868 monasterii
1704 1830 1816 1867 User—

118 1890 244 1928 censis
267 1890 309 1927 in
336 1890 635 1937 Lemovicibus‚
662 1905 701 1940 p.
730 1891 792 1938 17,
818 1890 897 1928 ista
922 1891 1114 1941 leguntur
1141 1906 1148 1928 :
1189 1891 1270 1928 Hie
1304 1890 1505 1940 incipiunt
1538 1889 1752 1939 emptiones
1785 1895 1818 1925 et

118 1957 344 1999 conquestae
363 1964 408 1987 ac
427 1949 713 1987 meliorationes
731 1949 856 1999 sactae
874 1963 943 1999 per
965 1949 1134 1987 Ebolum
1156 1950 1200 1987 de
1227 1949 1369 1999 Seyrac
1400 1948 1669 1999 praepositum
1705 1947 1816 1985 User-

119 2022 280 2048 censem.
299 2009 352 2045 Et
368 2008 473 2046 infra
492 2024 499 2046 :
522 2008 618 2046 Item
634 2009 725 2046 emit
741 2024 765 2046 a
788 2008 950 2046 Geraldo
967 2009 1155 2058 Rotgerii,
1172 2008 1370 2046 domisello
1387 2009 1431 2045 de
1446 2008 1700 2053 Malomonte‚
1718 2006 1817 2044 idem

68 2103 70 2106 ,
119 2067 341 2117 prepositus
364 2068 574 2117 quamdam
597 2067 752 2106 vineam
774 2082 892 2117 quam
913 2068 1078 2105 habebat
1100 2068 1210 2117 apud
1233 2067 1421 2105 Sanctum
1455 2066 1664 2104 Silvanum
1696 2064 1817 2115 pretio

120 2126 383 2176 quadraginta
426 2126 620 2164 librarum
663 2135 697 2164 et
741 2127 1031 2177 quinquaginta
1073 2127 1288 2164 solidorum
1328 2125 1614 2163 Lemovicensis
1659 2130 1815 2162 monete.

119 2185 279 2223 Habent
302 2199 421 2235 super
445 2185 514 2222 hoc
539 2185 686 2223 litteras
711 2185 828 2223 Eboli
853 2185 1180 2236 archipresbyteri
1211 2185 1425 2223 Vosiensis.

173 2244 339 2283 Certum
368 2252 431 2282 est
461 2244 713 2283 Clementem
743 2245 800 2282 VI
831 2244 954 2283 fuisse
984 2253 1234 2295 prognatum
1263 2258 1314 2282 ex
1342 2242 1531 2294 progenie
1561 2241 1741 2288 militari,
1771 2248 1819 2278 ut

121 2302 180 2340 ait
199 2302 392 2341 Albertus
413 2303 718 2353 Argentinensis
743 2304 796 2354 [p.
821 2303 934 2353 187],
955 2303 996 2341 id
1017 2312 1091 2350 est,
1113 2318 1163 2342 ex
1183 2302 1361 2353 equestri
1382 2302 1597 2340 nobilitate
1628 2299 1817 2349 Rogerio-

121 2376 212 2401 rum
235 2362 635 2402 Malomontensium.
661 2363 816 2401 Eorum
836 2371 977 2401 tamen
1000 2362 1254 2412 indiligentia
1278 2361 1425 2411 quibus
1449 2374 1494 2399 ea
1516 2374 1577 2398 res
1601 2359 1710 2397 cordi
1733 2371 1817 2396 esse

52 2476 57 2483 .
121 2421 321 2459 debuerat
347 2421 540 2460 effectum
567 2429 629 2459 est
648 2429 696 2459 ut
724 2421 884 2460 difficile
911 2422 1137 2460 admodum
1164 2421 1217 2459 sit
1242 2429 1380 2458 texere
1401 2418 1677 2469 genealogiam
1696 2416 1817 2466 hujus

123 2479 265 2529 gentis.
295 2479 401 2518 Nam
427 2480 537 2529 quod
563 2480 716 2519 attinet
741 2480 793 2518 ad
819 2480 1097 2530 genealogiam
1122 2479 1412 2518 Belfortiorum
1439 2491 1562 2527 quam
1590 2476 1785 2514 Justellus
1803 2474 1817 2498 ¹

123 2538 252 2576 edidit
274 2546 322 2576 ut
345 2538 575 2588 antiquam,
593 2553 640 2577 ea
665 2554 765 2589 opus
785 2547 847 2578 est
870 2539 1044 2578 hominis
1065 2538 1245 2588 imperiti
1262 2545 1304 2576 et
1324 2538 1376 2575 ab
1397 2544 1534 2575 aetate
1551 2536 1619 2573 illa
1641 2535 1818 2573 multum

122 2597 282 2636 remoti.
310 2597 428 2645 Quod
451 2612 502 2636 ex
524 2612 571 2636 eo
595 2597 711 2636 facile
735 2598 936 2648 probatur
960 2598 1069 2647 quod
1094 2597 1229 2635 omnia
1252 2596 1482 2647 permiscet,
1508 2595 1638 2633 multa
1663 2592 1820 2632 omittit

125 2670 228 2705 quae
252 2663 361 2694 certa
384 2664 493 2704 sunt,
517 2657 710 2707 pleraque
733 2657 850 2695 addit
871 2657 1096 2695 admodum
1118 2656 1286 2693 incerta.
1312 2654 1393 2692 Nos
1417 2653 1656 2692 conabimur
1677 2665 1819 2691 verum

124 2714 255 2764 gentis
277 2714 384 2753 illius
407 2723 581 2754 stemma
604 2716 843 2763 describere,
867 2715 922 2753 sic
945 2723 1085 2754 tamen
1108 2722 1156 2751 ut
1186 2714 1309 2751 libere
1341 2713 1545 2751 fateamur
1576 2711 1715 2750 multis
1747 2724 1819 2748 nos

125 2773 260 2811 adhuc
291 2773 504 2824 praesidiis
537 2774 758 2813 destitutos
791 2789 890 2821 esse,
923 2774 1106 2823 adeoque
1140 2773 1289 2812 mirum
1321 2786 1403 2810 non
1435 2785 1519 2809 esse
1552 2770 1584 2808 si
1612 2769 1820 2808 interdum

126 2831 403 2871 coecutiamus
427 2832 469 2870 in
492 2847 612 2883 opere
626 2833 851 2872 admodum
875 2832 1041 2870 difficili.
1066 2832 1142 2870 Sed
1164 2839 1259 2869 ante
1282 2830 1418 2869 omnia
1441 2828 1740 2867 ostendendum
1760 2835 1821 2865 est

127 2890 406 2941 genealogiam
433 2905 456 2929 a
486 2891 660 2930 Justello
688 2893 893 2942 prolatam
923 2905 1006 2929 esse
1036 2890 1194 2937 falsam,
1223 2889 1426 2935 mutilam,
1454 2887 1750 2938 imperfectam,
1780 2893 1821 2924 et

129 2949 400 3000 compositam
427 2950 480 2987 ab
509 2965 554 2988 eo
584 2950 654 3000 qui
683 2950 864 3000 aliquam
893 2964 987 2987 sane
1018 2949 1146 2998 gentis
1175 2947 1280 2985 illius
1308 2947 1501 2985 notitiam
1528 2946 1723 2993 habebat,
1751 2944 1821 2983 sed

176 3074 209 3108 1.
237 3073 400 3108 Histoire
425 3074 679 3118 genealogique
705 3075 746 3108 de
770 3074 806 3107 la
831 3075 973 3107 maison
999 3073 1239 3115 d'Auvergne,
1267 3083 1302 3116 p.
1331 3072 1387 3105 58.
