2083 3458
308 248 390 290 438
953 262 1105 288 NOTAE
1139 262 1200 287 AD
1234 262 1362 288 VITAS
1883 247 2006 303 [923]

363 348 476 387 Obiit
497 347 609 398 apud
629 347 883 385 Borbonium
905 362 975 386 seu
997 347 1134 397 potius
1155 347 1399 395 Bulbonem,
1421 348 1558 387 locum
1580 348 1808 387 dioeceseos
1832 347 2008 387 Avenio-

308 408 457 455 nensis,
478 407 756 457 pertinentem
776 406 828 444 ad
850 406 1081 445 Guidonem
1101 406 1274 454 Alberti,
1296 406 1466 446 fratrem
1486 421 1618 446 suum.

365 468 484 516 Hugo
502 465 700 513 Alberti1‚
716 465 929 516 episcopus
945 465 1162 513 Albiensis,
1183 465 1280 504 fec'it
1300 480 1455 504 novum
1474 466 1702 505 adventum
1719 481 1839 505 suum
1853 467 1896 505 in
1913 466 2008 505 civi-

308 535 440 565 tatem
467 525 702 563 Albiensem
728 539 836 562 anno
864 525 1120 563 MCCCLVII
1148 524 1211 563 die
1238 525 1427 564 mercurii
1453 540 1542 563 XXII
1570 526 1818 574 novembris,
1850 534 1891 564 et
1916 540 2007 576 pro-

308 586 420 624 misit
444 600 483 623 se
508 584 824 623 consuetudines
850 583 984 622 dictae
1009 584 1190 622 civitatis
1215 598 1390 632 servare,
1415 585 1447 622 si
1471 593 1512 623 et
1534 594 1658 635 prout
1681 585 1748 623 alii
1772 585 2008 636 praedeces-

308 660 416 684 sores
442 644 504 682 sui
529 658 595 682 eas
621 652 758 682 tenere
784 651 826 681 et
850 657 1011 681 servare
1037 643 1323 693 promiserant.
1354 644 1574 693 Delegatus
1600 645 1652 683 ab
1684 645 1925 683 Innocentio
1950 644 2008 682 VI

309 705 434 743 literis
453 704 560 741 datis
575 718 646 740 X1v
662 703 742 741 kal.
757 702 916 752 januar.
936 716 1044 740 anno
1063 702 1124 740 IX
1147 702 1212 752 [19
1228 702 1441 741 decembre
1459 702 1574 753 1361]
1593 718 1685 742 cum
1699 703 2009 745 Carcassonensi

307 772 350 803 et
378 762 644 814 Appamiensi
671 762 870 812 episcopis
899 777 971 812 pro
1003 762 1313 800 conservatione
1341 763 1649 812 privilegiorum
1679 764 1835 813 collegii
1870 763 2009 802 Sancti

310 823 508 861 Martialis
532 822 715 869 Tolosae,
739 821 846 859 vices
870 835 963 859 suas
987 821 1192 859 commisit
1215 821 1358 859 abbati
1376 822 1515 860 Sancti
1532 823 1757 870 Saturnini,
1773 823 2009 873 praeposito

309 882 513 921 Ecclesiae
536 882 775 928 Tolosanae,
799 889 840 919 et
861 881 949 919 aliis
967 881 1370 933 quibusdam31iteris
1394 881 1500 919 datis
1519 882 1728 920 Ax'enione
1751 896 1859 920 anno
1884 882 2008 929 mille—

308 943 411 981 simo
437 940 655 980 CCCLXII
682 940 745 978 die
770 940 1001 990 penultima
1026 940 1175 978 mensis
1212 940 1302 990 [30]
1330 940 1574 985 decembris3
1601 955 1646 979 esc
1673 941 1829 979 archivo
1857 940 2010 990 collegii

308 1001 446 1040 Sancti
468 1000 677 1038 Martialis
701 1000 874 1037 Tolosae.

363 1061 596 1110 Stephanus
622 1058 794 1106 Alberti,
819 1073 944 1109 nepos
969 1072 1100 1109 papae
1127 1059 1358 1097 Innocentii
1383 1059 1454 1107 VI,
1472 1060 1605 1098 factus
1630 1069 1692 1098 est
1715 1060 1844 1098 abbas
1869 1059 2012 1098 Sancti

312 1120 433 1158 Illidii
469 1118 816 1157 Claromontensis
852 1132 960 1155 anno
998 1118 1227 1165 MCCCXL,
1264 1127 1306 1156 et
1342 1118 1482 1157 Sancti
1527 1119 1702 1157 Victoris
1749 1119 2010 1157 Massiliensis

309 1194 417 1218 anno
445 1178 738 1225 MCCCLXVI,
766 1185 807 1215 et
833 1191 941 1215 anno
970 1177 1278 1216 MCCCLXXII
1305 1178 1468 1228 excepit
1495 1193 1640 1229 corpus
1670 1179 1827 1217 Urbani
1855 1179 1888 1216 V
1914 1179 2011 1217 illuc

308 1240 494 1278 delatum
516 1246 558 1276 et
581 1238 768 1275 oblatum
791 1236 842 1274 ab
866 1236 1036 1286 Anglico
1060 1237 1292 1276 Grimoardi
1315 1238 1505 1288 episcopo
1529 1238 1767 1286 Albanensi,
1790 1246 1838 1276 ut
1861 1238 2011 1276 docent

309 1299 410 1337 Acta
435 1298 546 1336 edita
574 1311 596 1334 a
624 1297 784 1334 Joanne
813 1296 1026 1347 Guesnaeo
1052 1296 1094 1333 in
1120 1296 1318 1334 Cassiano
1347 1297 1556 1345 illustrato,
1592 1312 1631 1347 p.
1660 1297 1748 1336 634.
1779 1297 1893 1335 Obiit
1924 1297 2010 1336 Ste-

307 1359 470 1409 phanus
495 1371 603 1394 anno
629 1355 999 1394 MCCCLXXVIII
1025 1363 1066 1394 et
1090 1356 1274 1406 sepultus
1301 1364 1363 1394 est
1385 1357 1428 1394 in
1449 1357 1699 1396 monasterio
1721 1357 1861 1395 Sancti
1890 1357 2011 1395 Illidii

305 1418 349 1456 in
379 1416 554 1455 introitu
588 1415 757 1465 capituli
788 1414 909 1464 juxta
942 1416 1175 1465 sepulcrum
1207 1415 1371 1454 abbatis
1406 1416 1559 1454 Poncii.
1594 1416 1769 1454 Videtur
1801 1424 1942 1455 autem
1975 1416 2010 1455 ei

308 1476 502 1527 regimine
528 1474 768 1513 monasterii
799 1474 938 1513 Sancti
969 1473 1087 1512 Illidii
1113 1475 1351 1513 successisse
1379 1475 1619 1514 Guillelmus
1647 1476 1695 1514 de
1724 1476 1859 1523 Ulmo,
1888 1490 2010 1526 quem

307 1544 452 1587 postea
475 1534 691 1584 Gregorius
717 1533 778 1570 XI
801 1548 908 1571 anno
932 1533 1254 1572 MCCCLXXVI
1278 1535 1374 1572 olim
1392 1534 1588 1573 abbatem
1607 1535 1847 1573 monasterii
1870 1535 2010 1573 Sancti

312 1595 447 1642 Illidii,
471 1602 519 1631 ut
542 1594 628 1644 ipse
652 1593 849 1642 loquitur,
877 1593 1051 1642 gratiose
1078 1594 1293 1631 transtulit
1318 1594 1370 1631 ad
1395 1594 1692 1633 monasterium
1719 1595 1843 1633 Casae
1871 1594 1945 1633 Dei
1968 1595 2010 1632 in

308 1654 514 1693 Arvernis.

363 1715 405 1752 P.
429 1712 518 1760 309,
534 1712 600 1762 lig.
626 1711 660 1750 5.
677 1712 853 1749 Docron
877 1726 1037 1750 LEGUM.
1054 1713 1234 1750 ,loannes
1254 1712 1302 1750 de
1319 1713 1572 1751 Cardalhaco
1593 1713 1634 1751 in
1661 1727 1846 1751 sermone
1869 1713 1980 1751 facto
1995 1713 2010 1736 ²

306 1774 349 1811 in
383 1772 564 1821 exequiis
601 1771 819 1809 Clementis
854 1785 987 1821 papae
1022 1771 1079 1808 VI
1115 1779 1156 1809 et
1201 1772 1449 1811 solennitate
1491 1772 1852 1811 inthronizationis
1889 1773 2008 1811 Inno-

308 1833 431 1871 centii
460 1832 516 1869 VI
547 1847 554 1869 z
584 1830 763 1868 Secundo
791 1830 875 1867 dico
903 1831 1004 1880 qaod
1032 1831 1116 1880 ipse
1142 1839 1197 1868 est
1222 1832 1436 1881 plusquam
1464 1831 1653 1869 Salomon
1679 1840 1837 1882 propter
1865 1831 2010 1870 nobili-

307 1901 423 1930 tatem
441 1890 601 1928 scientie
620 1889 811 1926 clarioris.
837 1890 928 1944 Ipse
946 1890 1053 1927 enim
1071 1899 1126 1927 est
1143 1890 1345 1940 sapientia
1363 1899 1396 1928 et
1414 1891 1582 1929 scientia
1601 1891 1762 1938 nobilis,
1783 1906 1854 1941 qae
1872 1906 2009 1928 secan-

308 1952 402 1989 dam
428 1951 548 1999 legem
575 1948 728 1986 civilem
754 1948 930 1986 homines
958 1949 1229 1987 nobilissimos
1254 1950 1362 1998 facit.
1396 1950 1486 2000 Ipse
1512 1950 1618 1988 enim
1644 1959 1699 1988 est
1724 1951 1854 1988 doctor
1879 1951 2010 2000 legam

308 2008 656 2048 excellentissimus
685 2016 718 2045 et
746 2008 1094 2057 prudentissimas
1130 2009 1219 2059 Ipse
1253 2010 1516 2048 Innocentius
1545 2010 1587 2047 in
1612 2009 1723 2047 bulla
1752 2009 2008 2048 fundationis

308 2070 464 2119 collegii
496 2067 635 2106 Sancti
667 2067 866 2105 Martialis
898 2076 1078 2106 testatur
1108 2083 1148 2106 se
1180 2068 1400 2107 doctoralis
1430 2069 1473 2106 in
1501 2069 1590 2118 jure
1622 2069 1731 2107 civili
1761 2069 2010 2107 eminentiae

308 2130 430 2167 titulo
449 2127 691 2177 insignitum
712 2126 833 2164 fuisse
852 2127 894 2164 in
915 2127 1083 2165 civitate
1104 2128 1306 2165 Tolosana
1325 2127 1352 2167 3.
1380 2129 1425 2165 In
1451 2128 1577 2165 Veteri
1597 2137 1741 2177 regesto
1760 2128 2010 2178 parlamenti

308 2188 512 2234 Tolosani,
540 2186 581 2224 in
609 2186 687 2223 alio
717 2185 861 2223 domus
891 2187 1118 2225 communis
1147 2187 1331 2236 ejusdem
1359 2188 1484 2235 urbis,
1514 2196 1554 2225 et
1580 2188 1623 2225 in
1649 2187 1820 2225 Archivo
1855 2187 2010 2237 collegii

264 2284 267 2288 .
308 2248 448 2286 Sancti
469 2245 667 2296 Martialis
688 2253 862 2283 vocatur
881 2246 1017 2295 legum
1036 2246 1251 2296 professor.
1273 2247 1512 2284 Guillelmus
1528 2247 1746 2294 Bardinus,
1766 2247 1808 2284 in
1826 2246 2011 2284 Historia

308 2307 645 2356 par-lamentorum
673 2304 835 2352 linguae
862 2305 1091 2342 οιτείῑοιηαθ4
1117 2306 1287 2355 loquens
1317 2306 1364 2344 de
1394 2306 1575 2355 quadam
1604 2306 1802 2345 seditione
1834 2306 2009 2344 scholas-

307 2366 485 2404 ticorum
530 2363 713 2402 excitata
760 2364 929 2403 Tolosae
974 2378 1082 2402 anno
1120 2365 1443 2412 MCCCXXXV,
1478 2374 1648 2415 propter
1692 2379 1817 2415 quam
1861 2365 2008 2403 nobilis

308 2425 546 2474 Aymericus
574 2423 842 2471 Berengarius
870 2423 921 2461 ad
950 2432 1127 2462 mortem
1154 2424 1376 2463 damnatus
1405 2432 1465 2462 est
1486 2438 1507 2461 a
1529 2424 1762 2462 consulibus
1783 2423 2008 2471 Tolosanis,

308 2499 408 2533 quos
430 2485 552 2533 vulgo
572 2480 818 2531 capitulares
839 2491 1005 2530 vocant,
1027 2483 1078 2521 ob
1098 2497 1223 2532 quam
1242 2497 1408 2521 causam
1428 2483 1639 2533 privilegia
1659 2484 1896 2523 eorumdem
1916 2497 2008 2521 con-

308 2545 443 2581 sulum
463 2543 572 2580 suere
593 2550 754 2579 cassata
774 2557 845 2592 per
864 2550 1068 2580 arrestum
1087 2542 1255 2592 regium,
1280 2551 1320 2580 et
1343 2557 1440 2580 mox
1461 2543 1669 2591 restituta,
1694 2557 1786 2581 cum
1810 2543 1867 2581 illi
1890 2542 2008 2592 regiis

356 2716 386 2747 ’1,
417 2714 568 2758 Hugues
594 2715 740 2747 Aubert
764 2715 824 2747 fut
848 2717 998 2747 nomme
1023 2716 1165 2758 e'veque
1192 2714 1315 2747 d'Albi
1341 2715 1371 2747 le
1399 2716 1442 2748 28
1464 2715 1668 2748 novembre
1686 2716 1779 2767 13l54
1800 2722 1837 2748 et
1858 2722 2012 2748 mourut

305 2768 336 2799 le
360 2769 395 2799 11
424 2779 521 2801 mars
543 2769 647 2801 1379.
671 2768 741 2800 Sur
769 2768 819 2800 lui
848 2768 1006 2801 Bel-licre
1032 2767 1108 2811 (art.
1131 2769 1206 2808 cite,
1229 2780 1263 2812 p.
1288 2768 1383 2811 202),
1407 2768 1446 2801 L.
1470 2769 1513 2801 de
1535 2768 1675 2811 Lacger
1698 2769 1813 2811 (Elats
1833 2770 2011 2802 adminis-

307 2821 436 2862 traliss,
451 2833 484 2863 p.
498 2821 579 2864 303)
598 2822 902 2854 etDictionnaire
915 2821 1100 2854 d'histoire
1112 2822 1196 2854 etde
1210 2822 1426 2865 geographie
1439 2822 1730 2864 ecclesiaslc'qaes‚
1743 2828 1768 2855 t.
1781 2834 1804 2861 1,
1821 2822 2009 2856 0011569-

307 2874 425 2915 1570).

357 2930 385 2959 2.
418 2928 455 2958 11.
482 2927 537 2966 Ν,
562 2939 627 2959 ms.
651 2928 745 2960 latin
766 2927 874 2968 3294,
898 2928 958 2960 sol.
984 2928 1051 2960 208
1072 2932 1115 2961 r0.
1136 2946 1185 2951 Q
1207 2919 1365 2960 Etienne
1385 2928 1532 2961 Aubcrt
1552 2927 1687 2961 n'etait
1708 2939 1778 2971 que
1799 2928 1950 2962 licencie
1972 2931 2007 2962 es

310 2979 374 3010 lois
394 2981 424 3011 lv
445 2981 487 3012 '10
507 2981 599 3012 avril
618 2981 711 3014 1328
733 2981 888 3024 (Mollat,
909 2992 943 3014 n.
964 2981 1115 3024 42409);
1134 2981 1166 3013 10
1186 2982 1228 3014 23
1248 2981 1341 3013 avril
1360 2982 1451 3014 '1337
1475 2981 1665 3024 (Daumet,
1685 2993 1719 3014 n.
1741 2981 1821 3025 284)
1842 2982 1866 3014 il
1884 2983 2008 3025 posse-

308 3032 380 3063 ‹lziil
412 3033 440 3065 10
467 3033 651 3067 doctorat.

356 3089 384 3116 53.
406 3085 451 3116 M.
476 3086 661 3125 Fournicr,
683 3086 829 3127 Statats,
848 3094 874 3120 t.
891 3100 914 3126 1,
934 3099 967 3130 p.
988 3088 1067 3120 572.

359 3139 384 3169 ἰ.
415 3139 575 3170 llisloi'rc
600 3140 640 3171 (Ic
664 3139 891 3182 Languedoc,
919 3147 945 3173 t.
974 3152 1010 3180 x,
1038 3140 1205 3180 Prezwes,
1234 3141 1299 3174 col.
1328 3141 1448 3174 38-42.
