2083 3458
267 198 347 239 608
915 213 1066 238 NOTAE
1101 214 1160 238 AD
1196 213 1323 238 vaTAs
1817 198 1970 253 [1451]

267 305 339 335 est.
362 297 464 334 Illud
482 305 589 335 certe
606 305 785 345 constat,
803 306 1015 336 mortuum
1030 298 1146 336 illum
1163 313 1248 337 esse
1263 307 1361 337 ante
1378 313 1535 337 annum
1552 299 1753 338 MCCLVI
1769 308 1811 338 et
1825 299 1992 338 liberos·

266 356 456 394 habuisse
487 357 656 394 Petrum
686 365 727 395 et
756 357 989 396 Guidonem
1019 358 1068 396 de
1098 358 1263 397 Chanac
1293 358 1542 397 domicellos.
1576 359 1736 396 Habuit
1760 367 1973 409 praeterea

268 415 485 465 Seguinam
512 430 684 456 uxorem
711 416 823 455 Petri
849 417 898 455 de
926 417 1086 465 Netzio,
1114 417 1392 456 Alamandam
1417 432 1587 456 uxorem
1615 418 1725 457 Petri
1752 418 1800 457 de
1826 419 1973 457 Tutela

266 474 421 521 militis,
457 483 498 513 et
533 475 657 514 aliam
694 476 822 515 filiam
857 477 1213 515 sanctimonialem
1249 477 1291 515 in
1325 478 1576 516 monasterio
1611 478 1679 516 des
1716 478 1826 516 Alois
1861 478 1973 528 apud

267 533 517 573 Lemovices.
540 535 684 573 Petrus
705 535 753 573 de
774 536 965 574 Chanaco
985 536 1223 575 domicellus
1243 545 1332 575 erat
1351 545 1538 575 mortuus
1557 551 1666 575 anno
1686 537 1973 588 MCCLXXX‚

266 602 312 630 ut
338 593 469 643 liquet
496 609 545 632 ex
572 602 827 633 testamento
854 595 1011 634 Alaidis
1040 596 1294 643 Fulcheriae,
1323 611 1427 646 quae
1454 597 1541 646 ejus
1569 611 1673 635 uxor
1700 597 1792 634 fuit.
1824 597 1974 635 Filium

266 652 413 690 habuit
446 654 615 693 Petrum
646 653 694 692 de
727 655 891 693 Chanac
924 655 1200 703 domicellum,
1234 656 1361 695 filiam
1393 656 1627 695 Almodiam
1659 670 1831 696 uxorem
1863 656 1974 695 Petri

266 712 450 750 Arnaldi.
473 713 618 751 Petrus
640 713 688 751 de
710 714 875 752 Chanac
894 729 1067 753 uxorem
1087 715 1237 753 habuit
1258 715 1525 765 Dalphinam,
1547 730 1672 766 quam
1691 716 1734 753 in
1753 730 1826 754 suo
1845 724 1973 754 testa-

266 780 421 819 mento,
443 772 552 821 quod
574 772 761 810 condidit
780 787 889 811 anno
910 772 1124 822 MCCCVI‚
1145 774 1209 813 die
1230 789 1350 813 xxvll
1370 775 1482 822 maii,
1502 775 1622 825 jubet
1640 775 1863 815 liberorum
1882 789 1973 813 suo-

265 845 356 869 rum
391 831 601 869 dominam
637 840 678 870 et
713 833 1044 882 gubernatricem
1079 849 1163 872 esse
1200 834 1399 884 quamdiu
1433 834 1559 873 vidua
1594 834 1730 873 fuerit.
1770 835 1974 873 Heredem

265 890 450 928 instituit
479 891 608 929 filium
636 906 756 929 suum
785 892 1030 932 Guidonem.
1062 894 1223 932 Habuit
1261 902 1405 932 tamen
1438 902 1651 945 praeterea
1687 909 1738 932 ex
1767 893 1973 944 Dalphina

268 949 471 997 Dulciam,
502 950 713 991 Aliardam
741 952 977 1000 monialem,
1007 953 1239 991 Gilbertum
1267 954 1531 1001 monachum,
1558 954 1851 1001 Bertrandum‚
1881 953 1974 991 Ful-

267 1023 410 1049 conem
447 1018 487 1047 et
507 1010 778 1051 Bernardum.
802 1012 887 1050 Hos
907 1020 991 1050 tres
1011 1013 1179 1052 ultimos
1205 1013 1328 1063 jussit
1347 1013 1599 1053 monachari.
1623 1014 1677 1051 Et
1696 1012 1975 1052 Bertrandum

266 1068 389 1107 fuisse
409 1070 659 1108 monachum
681 1070 823 1109 Sancti
843 1071 1043 1110 Martialis
1064 1073 1367 1111 Lemovicensis
1388 1073 1482 1111 hinc
1502 1073 1619 1111 facile
1640 1072 1845 1122 colligitur
1865 1072 1974 1120 quod

265 1128 307 1165 in
333 1136 587 1167 testamento
617 1130 816 1168 Guidonis
845 1131 983 1169 fratris
1020 1131 1108 1181 ejus
1144 1132 1333 1171 videmus
1361 1132 1477 1172 illum
1513 1132 1636 1171 fuisse
1675 1131 1973 1182 praepositum,

267 1187 408 1226 Sancti
431 1188 706 1227 Vincentiani.
729 1190 963 1228 Bernardus
988 1205 1151 1241 quoque
1175 1192 1401 1231 monachus
1425 1192 1505 1230 fuit
1526 1191 1568 1229 in
1583 1191 1834 1232 monasterio
1850 1192 1973 1230 Tute—

266 1247 379 1285 lensi.
404 1247 563 1298 Quippe
585 1249 628 1286 in
649 1249 794 1289 eodem
815 1257 1070 1290 testamento
1091 1259 1268 1289 vocatur
1288 1251 1548 1302 praepositus
1572 1251 1620 1290 de
1644 1251 1794 1290 Marco.
1831 1251 1973 1289 Fulco-

266 1320 359 1344 nem
381 1315 484 1357 puto
507 1322 589 1345 non
612 1308 735 1346 fuisse
758 1310 1022 1349 monachum.
1049 1310 1215 1351 Etenim
1238 1311 1317 1348 fuit
1339 1311 1554 1362 episcopus
1578 1310 1830 1349 Parisiensis.
1857 1310 1911 1348 Et
1932 1310 1974 1348 in

266 1366 377 1403 bulla
407 1367 628 1406 Clementis
659 1368 716 1405 Vl
746 1382 826 1418 qua
856 1383 950 1410 eum
980 1370 1077 1408 fecit
1106 1370 1345 1420 episcopum
1373 1379 1548 1409 vocatur
1578 1370 1757 1409 decanus
1786 1370 1973 1408 Bellova-

267 1425 396 1463 censis
416 1425 442 1463 ¹.
475 1426 594 1474 Quod
623 1427 781 1466 indicat
809 1428 926 1469 illum
956 1444 1039 1467 non
1068 1429 1191 1467 fuisse
1222 1430 1380 1471 factum
1418 1430 1656 1481 episcopum
1676 1445 1727 1479 ex
1756 1429 1971 1469 monacho.

321 1485 454 1523 Guido
488 1486 594 1523 filius
627 1495 668 1524 et
699 1488 813 1526 heres
848 1488 959 1526 Petri
991 1489 1202 1527 contraxit
1233 1490 1547 1529 matrimonium
1591 1504 1699 1527 anno
1735 1488 1973 1536 MCCCVII,

266 1544 330 1582 die
355 1559 442 1582 Xvn
465 1545 658 1594 januarii.
676 1561 767 1584 cum
797 1547 986 1595 Isabella,
1007 1562 1111 1598 quae
1134 1549 1279 1586 Belota
1305 1563 1468 1599 quoque
1494 1549 1603 1587 dicta
1629 1557 1691 1587 est
1714 1548 1826 1586 haud
1850 1543 1973 1586 dubie

266 1612 435 1654 propter
468 1604 623 1644 formae
658 1606 980 1655 pulcritudinem
1014 1616 1056 1645 et
1089 1609 1351 1658 elegantiam,
1387 1617 1476 1647 orta
1511 1623 1561 1647 ex
1595 1616 1714 1658 gente
1750 1608 1972 1647 clarissima

267 1662 315 1701 de
342 1663 482 1701 Monte
507 1664 703 1715 Berulphi
728 1666 840 1716 apud
868 1667 1212 1716 Engolismenses,
1240 1682 1344 1718 quae
1370 1668 1521 1707 marito
1555 1668 1722 1706 videtur
1747 1668 1871 1706 fuisse
1910 1681 1974 1704 su-

266 1730 435 1772 perstes.
465 1724 566 1761 Erat
590 1724 658 1761 illa
686 1724 769 1762 filia
797 1726 969 1764 Roberti
994 1726 1043 1765 de
1070 1726 1210 1765 Monte
1234 1727 1431 1778 Berulphi
1455 1736 1497 1766 et
1525 1728 1722 1766 Isabellae
1748 1726 1974 1765 Ventedor-

266 1782 416 1820 nensis.
439 1782 664 1821 Chronicon
686 1784 827 1822 Sancti
849 1785 1049 1823 Martialis
1073 1786 1376 1825 Lemovicensis
1399 1786 1451 1824 ad
1473 1801 1629 1825 annum
1652 1786 1943 1826 MCCLXXVI
1967 1802 1974 1824 :

267 1841 415 1878 Eodem
434 1857 540 1879 (ιηηο
561 1842 710 1881 tollitur
730 1844 773 1881 de
794 1844 862 1882 hoc
883 1846 1029 1883 mundo
1049 1846 1144 1895 pius
1164 1854 1198 1883 et
1216 1855 1368 1884 amator
1386 1861 1613 1896 pauperum
1636 1847 1727 1884 baro
1753 1846 1974 1892 Rotbertus,

267 1900 452 1938 dominus
478 1902 523 1939 ‹le
550 1902 688 1939 Monte
714 1903 927 1953 Berulphi3
956 1913 990 1942 et
1015 1905 1223 1943 Rotbertus
1250 1920 1371 1956 nepos
1399 1905 1545 1956 ipsius,
1575 1906 1724 1943 vivente
1749 1905 1878 1944 adhuc
1903 1919 1973 1942 avo

268 1959 368 2008 ipso,
385 1961 516 1998 eodem
531 1976 637 1998 αηηο
654 1962 767 2000 duxit
784 1963 1000 2001 [sabellam
1013 1964 1142 2013 filiam
1157 1964 1394 2003 vicecomitis
1416 1965 1723 2004 Ventadorensis
1741 1965 1784 2003 in
1802 1978 1972 2003 amorem.

267 2019 484 2069 Copiosam
515 2035 564 2058 ex
599 2021 771 2059 Isabella
803 2023 985 2063 sobolem
1016 2024 1229 2062 sustulisse
1258 2025 1427 2063 Petrum
1461 2024 1643 2063 ostendit
1672 2032 1974 2064 testamentum

267 2078 319 2115 ab
338 2078 406 2116 illo
426 2080 640 2120 conditum
663 2081 824 2119 Parisiis
844 2096 954 2120 anno
973 2083 1314 2132 MCCCXLVIII,
1334 2084 1398 2123 die
1418 2099 1476 2122 xli
1495 2084 1675 2135 augusti,
1694 2084 1738 2121 in
1756 2098 1838 2134 quo
1855 2083 1976 2133 jubet

266 2145 315 2174 ut
336 2138 478 2176 eadem
503 2139 674 2177 lsabella
698 2141 751 2178 sit
773 2141 908 2179 tutrix
926 2139 1146 2181 liberorum
1174 2151 1215 2181 ct
1237 2143 1438 2182 bonorum
1463 2158 1644 2183 suorum.
1672 2143 1725 2181 Hi
1747 2157 1842 2193 ergo
1858 2142 1975 2185 liberi

266 2197 550 2246 nominantur,
579 2199 713 2237 Guido
737 2200 889 2249 junior,
918 2201 966 2240 de
995 2216 1076 2251 quo
1110 2211 1256 2252 postea
1284 2203 1458 2250 dicetur,
1488 2203 1627 2242 Helias
1654 2203 1740 2241 sive
1770 2201 1974 2248 Heliotus,

268 2256 507 2297 Guillelmus
544 2266 586 2296 et
620 2258 874 2298 Bertrandus
912 2261 1153 2309 cardinales,
1191 2263 1295 2306 alter
1330 2263 1599 2310 Bertrandus,
1637 2262 1686 2300 de
1714 2276 1795 2312 quo
1830 2269 1975 2312 postea

268 2315 439 2364 dicetur,
486 2317 692 2356 Robcrtus
736 2318 915 2358 decanus
958 2321 1260 2360 Bellovacensis
1304 2330 1345 2360 et
1388 2322 1608 2361 canonicus
1653 2321 1891 2359 Parisiensis
1935 2328 1976 2358 et

269 2375 498 2423 Meldensis,
538 2377 662 2415 Fulco
699 2380 924 2418 monachus
964 2380 1103 2419 Sancti
1141 2381 1341 2419 Martialis
1378 2381 1696 2428 Lemovicensis,
1732 2388 1891 2431 postea,
1928 2387 1977 2417 ut

267 2434 458 2482 arbitror,
478 2435 693 2487 episcopus
714 2438 1033 2487 Aurelianensis,
1055 2442 1252 2490 (Iomptor
1271 2449 1402 2491 nupta
1419 2440 1632 2479 Ludovico
1649 2440 1830 2478 Faidello
1846 2438 1975 2478 domi-

269 2492 369 2531 cellov
399 2494 566 2534 domino
598 2496 647 2534 de
680 2497 853 2536 Millaria
885 2498 927 2535 in
958 2499 1132 2538 dioecesi
1165 2500 1429 2547 pictaviensi,
1464 2499 1662 2549 Dionysia
1693 2507 1735 2538 et
1768 2498 1974 2549 Dalphina

268 2553 464 2591 moniales
481 2556 721 2593 monasterii
738 2556 879 2595 Sancti
896 2558 1122 2609 Pardulphi
1139 2559 1188 2597 de
1207 2559 1375 2609 Riparia
1391 2559 1434 2597 in
1449 2559 1623 2597 dioecesi
1636 2557 1975 2608 petragoricensi,

268 2619 309 2648 et
335 2612 545 2662 Superana
572 2615 760 2653 monialis
787 2618 1028 2656 monasterii
1054 2618 1102 2656 de
1132 2618 1287 2668 Regula
1313 2618 1356 2655 in
1379 2619 1480 2656 urbe
1507 2618 1804 2665 Lemovicensi‚
1830 2625 1975 2668 postea

268 2670 479 2710 abbatissa
506 2673 543 2710 S.
572 2674 786 2713 Trinitatis
814 2676 1098 2715 pictaviensis.

320 2730 573 2769 Bertrandus
600 2733 705 2771 filius
729 2734 943 2782 Guidonis,
968 2737 1037 2786 qui
1061 2736 1245 2774 diversus
1269 2744 1331 2774 est
1353 2751 1375 2774 a
1397 2737 1628 2775 Bertrando
1652 2736 1872 2783 cardinale,
1895 2736 1976 2774 fuit

269 2788 446 2827 decanus
476 2791 777 2831 Bellovacensis
809 2802 850 2832 et
881 2795 1101 2834 canonicus
1133 2795 1371 2833 parisiensis
1402 2804 1497 2846 post
1530 2796 1759 2835 Robertum
1789 2795 1974 2843 fratrem,

269 2855 315 2884 ut
375 2849 564 2888 arbitror.
636 2852 795 2903 Quippe
853 2868 947 2891 eum
1015 2854 1138 2892 fuisse
1201 2854 1403 2894 decanum
1467 2855 1802 2893 Bellovacensem
1865 2868 1975 2892 anno

271 2906 619 2947 MCCCLXXXII
641 2912 797 2961 reperio
818 2911 860 2950 in
881 2913 1011 2951 veteri
1032 2914 1196 2963 Regesto
1216 2914 1373 2952 archivi
1393 2914 1492 2963 regii
1514 2914 1766 2961 Parisiensis,
1788 2921 1830 2952 et
1854 2927 1974 2953 cano-

270 2966 406 3005 nicum
430 2968 698 3008 Parisiensem
720 2971 763 3009 in
786 2970 1018 3022 Necrologio
1039 2972 1145 3010 illius
1172 2973 1388 3012 Ecclesiae.
1413 2973 1565 3011 Verum
1591 2981 1735 3024 postea
1757 2987 1808 3011 ex
1831 2972 1975 3011 clerico

318 3088 347 3120 1.
382 3089 509 3131 Eubcl,
539 3092 769 3135 Hierarchia,
799 3101 824 3128 t.
852 3108 877 3135 x,
907 3108 940 3139 p.
970 3097 1051 3130 391.
