2083 3458
97 234 250 289 [13l9]
618 250 833 274 PAPARUM
870 247 1254 274 AVENIONENSIUM
1702 226 1783 267 835

85 332 244 370 factum
266 331 378 369 istud
402 332 525 369 refert
556 346 664 369 anno
689 331 902 374 millesimo
935 330 1269 369 CCCLXXXVI.
1304 327 1557 367 Contelorius
1600 326 1654 376 [p.
1690 324 1780 374 185]

85 391 304 441 superiore.
320 391 474 429 Auctor
488 391 603 428 istius
624 391 736 428 Vitae
750 390 984 428 Clementis1
1002 398 1169 428 revocat
1183 389 1234 426 ad
1250 402 1405 425 annum
1420 384 1785 425 MCCCLXXXIV

85 459 179 500 post
203 450 506 500 promotionem
532 464 635 499 quae
662 450 771 487 facta
798 458 858 487 est
883 464 990 486 anno
1018 447 1390 487 MCCCLXXXIII
1417 453 1605 484 exeunte.
1634 445 1783 482 Verum

83 523 178 548 cum
204 517 365 547 constet
390 509 505 548 illum
529 509 581 546 ad
607 523 697 547 eam
723 508 970 558 dignitatem
997 516 1192 546 vocatum
1217 522 1301 545 esse
1327 505 1573 543 adveniente
1599 513 1783 553 tempore

83 568 281 618 paschali,
300 576 340 606 et
360 583 409 605 ex
430 568 558 606 veteri
577 568 679 606 libro
694 567 883 607 'camerae
904 576 1194 617 computorum
1213 565 1340 604 Paris.
1362 565 1490 602 citato
1509 564 1616 601 inter
1635 563 1783 600 Proba-

84 627 208 665 tiones
234 627 420 664 historiae
458 627 727 664 cardinalium
760 627 974 672 Gallorum,
1003 642 1041 676 p.
1070 626 1159 672 529,
1188 625 1462 673 intelligamus
1490 637 1625 672 regem
1656 622 1781 659 Karo-

83 687 169 725 lum
192 687 246 723 VI
269 686 304 724 ei
325 686 387 724 die
411 701 514 723 xxw
535 686 672 736 aprilis
694 686 791 724 anni
812 686 1014 725 millesimi
1033 684 1353 723 CCCLXXXVI
1377 682 1533 721 dedisse
1555 682 1635 719 duo
1658 681 1782 718 millia

83 745 280 783 librarum
298 745 339 782 in
357 753 545 795 sumptus
565 745 720 783 itineris
739 744 1047 791 Avenionensis,
1060 753 1100 782 et
1118 759 1168 782 ex
1186 744 1287 781 libro
1305 742 1604 791 Obligationum
1622 748 1783 778 constet

83 804 199 842 illum
224 804 456 855 pervenisse
485 805 737 843 Avenionem
763 813 802 842 et
828 805 1000 842 intrasse
1027 804 1181 843 curiam
1207 802 1269 840 die
1297 809 1443 851 quarta
1475 800 1579 850 junii
1600 799 1783 848 ejusdem

85 864 196 911 anni,
222 864 386 904 videtur
409 864 562 910 ambigi
588 879 667 901 non
694 879 809 914 posse
836 863 933 913 quin
959 864 1091 901 factus
1117 862 1170 900 sit
1194 860 1410 900 cardinalis
1435 874 1543 897 anno
1568 858 1782 898 millesimo

85 923 422 969 CCCLXXXVI,
448 937 583 962 mense
608 923 738 973 aprili.
768 924 911 972 Itaque
936 923 1013 960 ista
1038 922 1125 960 loco
1150 936 1231 958 non
1254 935 1327 958 suo
1350 919 1483 970 posita
1508 927 1605 957 sunt
1628 926 1668 956 et
1691 917 1782 966 reji-

85 982 227 1021 cienda
242 991 339 1020 sunt
353 982 392 1019 in
406 991 594 1032 tempora
610 982 848 1031 posteriora.
869 981 1030 1020 Interiit
1046 980 1254 1018 Avenione
1269 993 1377 1017 anno
1393 977 1781 1016 MCCCLXXXVII

84 1041 148 1080 die
177 1041 320 1092 quinta
342 1041 356 1063 '³
380 1041 483 1090 julii,
512 1050 557 1079 ut
584 1041 703 1079 docet
730 1055 867 1091 supra,
895 1057 933 1091 p.
963 1040 1052 1087 496,
1081 1040 1144 1078 hic
1172 1048 1310 1077 noster
1336 1046 1493 1075 auctor.
1523 1038 1634 1085 Quae
1662 1051 1781 1086 porro

85 1101 281 1139 miracula
316 1109 491 1140 mortem
525 1101 610 1149 ejus
647 1109 865 1139 consecuta
901 1108 996 1137 sunt
1032 1099 1124 1137 vide
1161 1098 1435 1136 Froissartum
1479 1096 1557 1145 [ed.
1596 1096 1781 1144 Kervyn,

85 1168 114 1198 t.
144 1175 229 1206 xm,
256 1175 295 1210 p.
323 1159 388 1209 40}
430 1169 470 1198 et
497 1160 755 1199 Bonifacium
781 1159 1030 1198 cardinalem
1057 1159 1104 1196 de
1134 1157 1347 1195 Amanatis
1364 1156 1392 1203 3,
1420 1155 1490 1205 qui
1515 1155 1590 1193 sub
1617 1154 1780 1193 nomine

84 1219 285 1257 Bonifacii
298 1219 346 1257 de
361 1219 564 1257 Vitaliniis
578 1219 712 1257 editus
726 1228 801 1265 est,
814 1219 854 1256 in
868 1219 1080 1263 Clement.,
1097 1217 1221 1263 Cedit,
1232 1218 1290 1253 De
1305 1215 1472 1253 Judaeis
1486 1223 1519 1252 et
1535 1214 1780 1260 Sarracenis,

87 1278 154 1316 ubi
173 1278 229 1316 ita
249 1278 390 1316 scribit
411 1295 417 1315 ;
440 1277 543 1315 Nota
562 1279 662 1327 quod
679 1279 797 1316 colere
815 1278 986 1327 aliquem
1003 1286 1196 1323 sanctum,
1217 1275 1282 1325 qui
1302 1290 1381 1312 non
1398 1282 1452 1312 est
1478 1288 1546 1324 per
1564 1273 1781 1311 Ecclesiam

82 1338 341 1387 approbatus,
365 1338 610 1387 prohibitum
632 1346 698 1384 est,
722 1337 877 1375 etiamsi
903 1337 1096 1374 miracula
1117 1335 1252 1385 faciat.
1278 1335 1444 1372 Cultura
1467 1341 1597 1370 autem
1619 1332 1781 1382 publica

83 1411 181 1446 quae
204 1398 246 1447 fit
267 1397 440 1446 corporis
466 1397 682 1434 beatissimi
705 1397 902 1446 quondam
923 1395 1075 1433 domini
1097 1394 1315 1432 cardinalis
1332 1395 1375 1431 de
1398 1392 1656 1440 Lucemburg,
1681 1392 1782 1440 quod

84 1457 199 1505 vulgo
214 1457 358 1494 (licitur
372 1470 513 1506 corpus
527 1465 721 1503 sanctum,
738 1470 816 1493 non
830 1464 884 1493 est
898 1455 1111 1505 prohibita,
1128 1454 1222 1503 quia
1237 1454 1419 1492 toleratur
1433 1452 1483 1489 ab
1500 1451 1574 1488 ista
1589 1451 1779 1497 Ecclesia,

87 1515 164 1553 imo
185 1531 253 1565 per
274 1515 411 1553 Sedem
426 1515 696 1565 apostolicam.
718 1514 799 1552 Nec
820 1523 941 1564 potest
962 1514 1040 1552 (lici
1063 1514 1163 1563 quod
1181 1513 1233 1550 sit
1255 1513 1311 1549 ibi
1331 1512 1444 1561 fraus
1465 1519 1534 1548 aut
1555 1510 1636 1547 ulla
1657 1510 1780 1547 latens

84 1575 269 1625 exceptiO,
297 1590 385 1613 cum
413 1575 484 1613 diu
509 1583 563 1612 est
591 1576 692 1624 quod
716 1574 836 1623 fuerit
863 1574 1092 1611 continuata
1119 1572 1204 1622 ejus
1232 1571 1378 1609 devotio
1405 1579 1439 1608 et
1466 1569 1780 1619 peregrinatione

84 1635 203 1672 etiam
222 1635 439 1684 longinqua
459 1642 638 1672 venerata
659 1634 872 1683 multiplici
893 1647 1084 1671 concursu
1104 1632 1244 1681 populi
1267 1632 1532 1679 undecumque
1552 1628 1670 1666 etiam
1690 1642 1776 1677 par-

84 1693 186 1731 tium
207 1694 560 1739 schismaticorum,
584 1702 617 1731 et
635 1701 809 1731 coruscat
832 1693 1024 1741 gloriosus
1047 1691 1146 1728 inter
1162 1690 1338 1728 homines
1361 1698 1394 1727 et
1419 1687 1780 1726 innumerabilibus

84 1753 214 1802 signis
238 1761 270 1790 et
286 1753 497 1802 prodigiis,
516 1767 614 1802 quae
631 1753 761 1790 crebro
778 1760 811 1789 et
828 1753 871 1789 (le
889 1752 949 1789 (lie
968 1752 1011 1788 in
1028 1751 1131 1788 diem
1146 1751 1253 1787 Deus
1273 1749 1405 1799 ipsius
1423 1747 1600 1785 nominis
1619 1746 1779 1795 gloriosi

87 1812 329 1850 invocatione
351 1813 476 1861 facere
501 1812 702 1861 dignatur,
730 1812 783 1849 ita
810 1819 850 1848 ut
873 1811 1067 1860 stupenda
1092 1810 1310 1855 recitentur,
1336 1822 1433 1858 quae
1457 1806 1657 1843 verissime
1681 1820 1779 1842 com-

86 1871 304 1921 probantur
320 1872 504 1909 evenisse.
525 1872 627 1909 Sunt
643 1871 750 1908 enim
765 1885 832 1908 sex
848 1871 946 1908 anni
965 1870 1108 1919 quibus
1125 1869 1303 1918 sepultus
1319 1867 1411 1916 suit,
1429 1875 1462 1903 et
1487 1880 1532 1903 esc
1561 1874 1652 1902 tunc
1683 1864 1779 1902 citra

84 1931 268 1968 continue
294 1931 380 1980 ejus
407 1931 553 1968 devotio
580 1930 804 1981 pullulavit.

144 1991 225 2028 Ista
242 2005 335 2040 ergo
353 1990 640 2028 scribebantur
655 2004 763 2027 anno
784 1989 1055 2027 MCCCXCII.
1075 1987 1129 2024 De
1148 1986 1272 2036 gloria
1291 1985 1580 2024 miraculorum
1597 1983 1780 2031 ejusdem

89 2049 197 2087 Petri
225 2049 279 2087 sic
308 2049 514 2087 scribebat
541 2064 587 2087 eo
615 2058 799 2098 tempore
833 2048 1035 2085 Robertus
1066 2045 1262 2091 Gervasii,
1291 2044 1502 2094 episcopus
1533 2041 1781 2087 Senecensis,

84 2108 125 2145 in
152 2117 336 2146 tractatu
361 2109 420 2145 De
445 2109 653 2146 schismate
668 2108 696 2155 4,
727 2108 794 2146 fol.
823 2107 871 2144 52
900 2114 934 2144 r0
957 2124 963 2144 :
988 2107 1084 2143 Item
1110 2105 1367 2154 confirmatur
1393 2103 1561 2140 secundo
1588 2101 1658 2147 sic,
1688 2100 1802 2152 quia3

86 2167 223 2205 divina
242 2168 488 2217 providentia
508 2168 663 2205 nullum
681 2181 847 2204 errorem
864 2166 1060 2215 approbat
1079 2179 1146 2202 nec
1164 2164 1371 2212 confirmat
1389 2176 1457 2211 per
1476 2160 1782 2198 coruscationem

86 2227 381 2273 miraculorum,
402 2235 443 2264 ut
460 2228 503 2264 de
520 2241 559 2264 se
576 2234 698 2276 patet:
719 2226 812 2276 quia
830 2234 922 2262 tunc
939 2232 1096 2274 poneret
1114 2224 1274 2273 culpam
1291 2220 1522 2258 errantium.
1543 2219 1619 2257 Sed
1645 2218 1781 2255 divina

85 2286 333 2335 providentia
357 2286 551 2336 approbat
574 2294 608 2323 et
632 2286 838 2334 confirmat
861 2284 1085 2321 adherentes
1109 2291 1143 2319 et
1167 2282 1384 2319 obedientes
1409 2279 1568 2317 domino
1590 2277 1781 2315 Clementi

85 2345 251 2394 septimo
282 2359 350 2394 per
382 2345 664 2382 miraculorum
695 2343 1016 2389 coruscationem,
1048 2349 1164 2391 prout
1194 2348 1297 2390 patet
1329 2340 1373 2377 de
1404 2338 1562 2376 domino
1594 2337 1708 2374 Petro
1740 2337 1783 2373 de

86 2404 321 2441 Lucemborc
341 2404 537 2441 cardinali
557 2405 659 2453 facto
680 2418 748 2453 per
769 2403 975 2443 (lominum
996 2401 1231 2438 Clementem
1250 2399 1477 2448 septimum,
1498 2396 1613 2445 cujus
1635 2394 1783 2433 meritis

86 2471 120 2501 et
141 2463 324 2513 precibus
346 2463 483 2500 divina
506 2463 753 2512 providentia
775 2462 882 2499 walde
905 2461 1027 2498 multa
1051 2459 1243 2497 miracula
1267 2457 1477 2506 manifesta
1499 2463 1683 2505 operatur
1704 2453 1784 2491 hiis

87 2523 153 2572 qui
174 2523 334 2559 credunt
356 2521 397 2559 in
418 2536 519 2560 eum.
546 2522 675 2571 Igitur
695 2521 875 2559 adherere
895 2528 929 2557 et
949 2519 1102 2556 obedire
1124 2517 1283 2555 domino
1305 2515 1496 2554 Clementi
1517 2514 1683 2563 septimo
1705 2527 1784 2550 non

85 2589 140 2618 est
166 2595 282 2619 error.

141 2641 260 2677 Anno
290 2640 691 2686 MCCCLXXXVII,
720 2638 782 2676 die
813 2653 915 2675 xxlv
946 2635 1124 2686 augusti,
1155 2634 1282 2672 Maria
1311 2633 1449 2683 regina
1478 2631 1651 2678 Siciliae,
1681 2644 1784 2680 quae

137 2800 168 2833 1.
203 2799 324 2831 Picrre
348 2798 391 2830 de
416 2797 686 2839 Luxembourg
708 2796 840 2829 devint
863 2794 1030 2828 cardinal
1053 2794 1084 2826 le
1108 2794 1152 2825 15
1175 2792 1269 2824 avril
1293 2791 1387 2824 1384
1406 2789 1567 2833 (Denisse
1590 2795 1627 2822 et
1651 2789 1786 2822 Chate-

87 2853 175 2892 lain,
198 2851 487 2889 Chartularium,
510 2856 535 2883 t.
556 2862 607 2889 111,
630 2862 663 2893 p.
685 2850 783 2892 389).

137 2906 168 2938 2.
199 2905 304 2937 Lisez
331 2904 363 2936 le
393 2905 424 2936 2.

137 2960 169 2992 3.
201 2958 269 2991 Les
288 2958 405 3000 gloses
423 2968 486 2989 sur
502 2956 552 2988 les
570 2955 813 2988 Clementines
829 2966 873 2986 ne
890 2959 978 2986 sont
995 2964 1061 2996 pas
1078 2952 1235 2984 l’oeuvre
1254 2951 1297 2983 de
1316 2949 1494 2982 Boniface
1518 2948 1615 2992 degli
1631 2948 1787 2980 Amma-

88 3011 169 3044 nati
192 3011 247 3054 (A.
269 3010 435 3048 Schulte,
454 3010 525 3042 Die
549 3009 754 3041 Geschichte
769 3008 829 3040 der
847 3007 997 3050 Quellen
1017 3006 1093 3038 und
1106 3005 1290 3037 Literatur
1308 3003 1367 3036 des
1385 3002 1633 3035 canonischen·
1644 3001 1784 3040 Rechts,

89 3064 296 3107 Stuttgart‚
316 3064 420 3101 1875,
439 3069 464 3095 t.
480 3075 503 3101 1,
522 3074 555 3105 p.
575 3062 671 3104 255).

153 3118 185 3150 4.
217 3118 256 3150 B.
284 3116 340 3155 N.‚
367 3127 434 3148 ms.
459 3115 556 3147 latin
579 3114 683 3147 1467.
