2083 3458
144 246 264 301 [856]
677 263 893 288 PAPARUM
930 262 1314 288 AVENIONENSIUM
1755 243 1841 286 365

145 347 358 397 episcopus
386 345 631 390 Tarentinus
660 359 681 382 a
722 346 927 383 Clemente
955 346 1012 382 VI
1041 359 1148 383 anno
1176 345 1512 391 MCCCXLVIII,
1542 344 1686 382 deinde.
1715 344 1842 382 Saler-

146 405 311 443 nitanus
361 419 468 442 anno
525 404 711 453 sequenti
765 404 811 453 [7
859 404 1019 453 janvier
1068 404 1207 454 1347]‚
1254 412 1344 441 tum
1383 403 1684 442 Ebredunensis
1735 417 1843 441 anno

147 464 436 510 MCCCLXIV,
471 478 510 500 vi
542 462 633 500 idus
672 462 733 512 [S]
769 463 959 512 januarii,
994 463 1169 512 denique
1211 463 1423 513 episcopus
1458 462 1704 500 Vivariensis
1736 476 1842 500 anno

147 523 400 561 MCCCLXV
433 521 549 560 nonis
587 521 649 571 [5]
678 522 934 571 septembris,
959 530 1006 559 ut
1031 522 1151 560 docet
1175 522 1455 560 Ferdinandus
1483 521 1676 571 Ughellus
1703 521 1747 571 [t.
1776 535 1844 568 v11,

146 583 219 620 col.
247 581 322 620 432
348 590 389 619 et
413 589 442 619 t.
468 595 527 627 ix,
555 581 628 618 col.
653 580 766 630 139],
785 588 825 618 et
842 580 989 630 legitur
1008 581 1134 619 etiam
1158 580 1199 618 in
1218 581 1393 629 Regestis
1411 579 1642 630 pontificiis.
1673 579 1845 618 Videtur

146 649 286 680 autem
316 640 461 678 obiisse
490 654 598 677 anno
628 639 970 686 MCCCLXXIH,
1010 654 1089 689 quo
1129 648 1292 678 constat
1325 654 1375 677 ex
1402 639 1505 676 libro
1543 639 1845 688 Obligationum

146 699 303 738 archivi
327 698 517 737 Vaticani
544 699 725 744 Petrum,
752 698 989 748 episcopum
1015 698 1308 744 Vivariensem‚
1334 698 1564 748 promisisse
1590 706 1631 735 et
1655 712 1844 747 recogno-

147 759 251 797 visse
273 773 347 809 pro
369 758 598 796 Bertrando
621 757 928 807 praedecessore
952 772 1038 803 suo,
1063 757 1126 795 die
1151 772 1225 794 xxx
1250 757 1426 795 octobris
1444 757 1470 795 1.

161 840 162 844 =
200 818 339 856 Altera
360 832 462 854 uxor
484 816 640 854 Nicolai
662 816 817 853 Judicis
840 815 917 853 fuit
938 816 1102 854 Δ41161101·
1122 817 1169 854 (16
1192 816 1323 863 Levis,
1347 816 1427 853 filia
1450 815 1620 853 Joannis
1641 816 1689 853 de
1715 815 1845 862 Levis,

147 876 400 915 mareschalli
425 875 735 925 Mirapiscensis‚
760 889 885 924 quam
907 875 1055 912 vixisse
1080 876 1212 912 adhuc
1233 889 1340 912 anno
1360 875 1571 913 millesimo
1586 874 1846 912 CCCLXXII

147 936 295 985 legitur
324 935 365 973 in
396 934 573 984 Regestis
603 934 850 984 parlamenti
882 934 1130 971 Parisiensis.
1166 934 1306 972 Nullos
1337 942 1477 971 autem
1507 933 1653 971 liberos
1684 933 1849 983 reliquit

150 995 340 1033 Nicolaus
364 1009 414 1032 ex
436 994 515 1031 ista
539 993 665 1032 etiam
690 993 874 1042 conjuge.
902 993 1060 1042 Quippe
1094 1007 1185 1030 cum
1209 1007 1316 1030 anno
1342 993 1660 1030 MCCCLXXIV
1688 991 1740 1041 [a.
1771 992 1846 1042 st.]

148 1054 212 1092 die
240 1068 343 1091 xxvi
371 1053 509 1092 martii
535 1052 729 1091 conderet
754 1060 1067 1098 testamentum,
1093 1052 1215 1101 jussit
1241 1060 1288 1089 ut
1316 1052 1494 1089 Joannes
1523 1052 1570 1089 de
1600 1051 1849 1097 Podiovalle,

149 1127 350 1163 pronepos
376 1127 470 1150 suus
495 1126 546 1150 ex
569 1126 717 1158 sorore,
750 1111 791 1148 in
824 1125 972 1149 nomen
996 1111 1190 1148 transiret
1215 1111 1263 1148 de
1288 1110 1464 1158 Judicia‚
1489 1110 1605 1160 eique
1632 1118 1848 1160 propterea

82 1177 91 1179 ”
151 1171 306 1221 legavit
330 1171 464 1209 bona2
489 1185 573 1209 sua.
600 1169 722 1208 Patet
747 1170 856 1207 istud
880 1169 1006 1207 etiam
1027 1184 1077 1208 ex
1099 1170 1302 1207 Veteribus
1320 1170 1417 1207 actis
1439 1170 1558 1207 editis
1589 1169 1640 1207 ab
1662 1169 1849 1219 Augusto

150 1231 366 1269 Gallandio
389 1230 428 1267 in
451 1238 636 1268 tractatu
656 1229 715 1266 De
738 1229 1071 1275 Franco-allodio,
1094 1243 1132 1278 p.
1160 1228 1247 1275 170,
1271 1228 1340 1266 ubi
1362 1228 1531 1278 legimus
1555 1228 1670 1267 litem
1693 1228 1740 1265 de
1764 1242 1850 1265 suc-

151 1289 328 1328 cessione
357 1289 512 1327 Nicolai
539 1288 661 1326 fuisse
687 1288 794 1326 inter
819 1288 989 1326 fratrem
1015 1288 1102 1337 ejus
1131 1288 1298 1325 Petrum
1325 1288 1372 1325 de
1393 1287 1570 1334 Judicia,
1589 1287 1850 1333 cardinalem,

149 1357 190 1388 et
213 1349 430 1399 Hugonem
451 1348 499 1386 de
524 1347 749 1394 Duroforti,
771 1347 1111 1396 contendisseque
1133 1346 1381 1385 cardinalem
1403 1361 1484 1384 non
1503 1346 1662 1384 licuisse
1684 1346 1852 1384 Nicolao

149 1408 339 1446 heredem
364 1407 579 1445 instituere
605 1421 679 1445 nec
705 1421 775 1457 per
801 1420 1052 1455 consequens
1079 1406 1342 1452 substituere,
1369 1406 1515 1448 saltem
1541 1405 1582 1442 in
1608 1404 1776 1442 baronia
1804 1405 1852 1442 de

153 1467 258 1505 Rivo
283 1466 527 1504 Minervesii.
554 1466 608 1503 Et
630 1474 771 1503 tamen
794 1465 834 1503 in
858 1465 1007 1515 pagina
1033 1464 1107 1502 169
1136 1464 1291 1502 mentio
1323 1473 1384 1502 est
1409 1465 1579 1502 Joannis
1603 1464 1651 1502 de
1676 1463 1852 1510 Judicia,

151 1526 305 1564 domini
325 1526 374 1564 de
394 1526 547 1563 Alzona
568 1525 609 1562 in
628 1524 892 1563 seneschallia
913 1523 1238 1570 Carcassonensi‚
1258 1537 1366 1561 anno
1387 1523 1604 1570 MCCCIX,
1625 1522 1688 1561 die
1707 1522 1852 1560 ultima

150 1585 253 1635 julii,
275 1584 344 1634 qui
364 1592 426 1623 est
445 1584 476 1622 is
497 1584 582 1634 ipse
604 1585 783 1622 Joannes
805 1583 853 1621 de
876 1583 1125 1629 Podiovalle,
1148 1583 1216 1632 qui
1237 1597 1385 1620 nomen
1406 1596 1501 1620 suae
1523 1582 1653 1631 gentis
1674 1596 1853 1620 commu-

150 1645 272 1682 tavit.
306 1644 369 1681 Ex
399 1644 542 1682 eadem
573 1651 692 1693 gente
723 1643 845 1680 fuisse
876 1642 1042 1680 videtur
1073 1641 1311 1680 Guillelmus
1344 1641 1515 1687 Judicis,
1548 1655 1669 1690 quem
1698 1640 1854 1690 reperio

152 1703 274 1741 fuisse
320 1702 594 1741 infirmarium
647 1701 850 1740 Ecclesiae
891 1701 1119 1739 Tutelensis
1170 1715 1278 1738 anno
1329 1700 1607 1738 MCCCXCIX
1658 1708 1699 1737 et
1747 1713 1855 1737 anno

153 1762 444 1800 MCCCCVIII.

206 1821 301 1858 Fuit
322 1820 446 1870 igitur
470 1820 708 1867 Guillelmus
733 1820 780 1858 de
806 1819 967 1857 Judicia
992 1818 1222 1866 cardinalis,
1247 1819 1295 1856 de
1319 1833 1399 1867 quo
1422 1833 1530 1856 nunc
1553 1818 1724 1867 agimus,
1751 1817 1854 1854 filius

154 1880 298 1918 Jacobi
323 1888 364 1918 et
389 1880 628 1918 Guillelmae
655 1878 851 1928 Rogeriae
877 1878 1022 1916 sororis
1048 1878 1266 1916 Clementis
1292 1877 1349 1914 VI
1374 1892 1396 1915 a
1423 1892 1502 1926 quo
1528 1876 1660 1914 factus
1686 1884 1747 1914 est
1772 1876 1855 1913 dia—

154 1954 278 1977 conus
295 1939 511 1977 cardinalis
527 1938 639 1976 tituli
655 1938 829 1976 Sanctae
846 1937 997 1975 Mariae
1012 1937 1051 1974 in
1069 1936 1285 1975 Cosmedin
1301 1951 1408 1974 anno
1425 1936 1700 1982 MCCCXLII,
1717 1935 1779 1973 die
1796 1949 1855 1972 xx

154 1998 409 2048 septembris.
441 1998 571 2035 Extat
595 1997 702 2037 inter
727 2011 931 2035 sermones
959 1996 1177 2034 Clementis
1205 1996 1262 2032 VI
1289 1995 1456 2032 Collatio
1473 1995 1488 2016 3
1514 2010 1584 2045 per
1618 2009 1710 2033 eum
1746 1994 1855 2031 facta

153 2057 369 2095 Guillelmo
398 2056 553 2094 Judicis
582 2055 778 2095 cardinali
805 2055 976 2094 diacono
1003 2055 1043 2092 in
1066 2055 1250 2093 adventu
1273 2054 1450 2101 Domini,
1478 2054 1519 2091 in
1547 2068 1626 2103 qua
1645 2054 1722 2091 ista
1750 2053 1857 2090 inter

156 2123 289 2154 cetera
312 2116 504 2165 leguntur
529 2131 536 2153 :
562 2115 624 2153 Ex
647 2115 802 2152 vinculo
826 2115 980 2164 quidem
1005 2122 1142 2151 nature.
1165 2114 1257 2151 estis
1281 2127 1414 2163 nepos,
1438 2128 1479 2150 os
1502 2127 1547 2150 ex
1569 2112 1724 2149 ossibus
1748 2111 1857 2157 meis,

155 2183 190 2212 et
208 2189 296 2212 caro
317 2175 360 2212 de
380 2189 495 2212 carne
515 2188 611 2212 mea.
633 2174 869 2211 Avunculus
888 2181 1018 2211 autem
1036 2173 1123 2222 jure
1144 2181 1281 2210 nature
1301 2172 1349 2209 ha
1358 2172 1413 2209 bet
1433 2172 1625 2221 quoddam
1647 2170 1858 2220 imperium

160 2234 202 2272 ίη
219 2242 366 2284 nepote,
384 2233 553 2271 maxime
569 2247 680 2283 quem
695 2233 774 2270 sibi
791 2233 941 2270 videtur
958 2233 1000 2269 in
1015 2232 1254 2282 peculiarem
1271 2231 1401 2280 filium
1416 2231 1632 2280 adoptasse.
1787 2252 1788 2255 ¹

210 2293 329 2331 Anno
367 2292 634 2339 MCCCXLV,
673 2292 855 2330 Clemens
893 2291 950 2328 VI
988 2291 1022 2330 ei
1058 2290 1242 2341 providit
1279 2290 1327 2328 de
1366 2289 1613 2339 quibusdam
1650 2287 1857 2326 beneficiis

157 2360 198 2390 et
221 2352 318 2390 locis
344 2351 625 2390 ecclesiasticis
650 2351 692 2388 in
716 2365 840 2400 regno
868 2350 1102 2400 Hungariae
1128 2348 1458 2388 consistentibus,
1490 2349 1601 2385 Haec
1626 2355 1791 2384 tantum
1816 2345 1857 2382 in

158 2411 329 2460 epistola
365 2424 490 2460 quam
523 2425 569 2448 eo
603 2424 710 2448 anno
743 2409 853 2448 idem
887 2409 1069 2447 Clemens
1104 2407 1296 2458 scripsit4
1340 2407 1391 2444 ad
1427 2406 1682 2444 Ludovicum
1723 2418 1857 2454 regem

161 2469 407 2519 Hungariae.
427 2469 504 2508 Sed
519 2484 568 2507 ex
583 2469 754 2519 epistola
770 2467 785 2490 5
804 2467 1032 2506 Innocentii
1048 2468 1104 2504 VI
1120 2467 1172 2504 ad
1187 2467 1374 2505 eumdem
1391 2480 1526 2515 regem
1549 2465 1647 2502 data
1670 2463 1859 2512 intelligi-

207 2647 239 2679 1.
257 2646 306 2678 Le
322 2657 535 2679 successeur
551 2646 593 2678 de
610 2645 795 2677 Bertrand
811 2644 870 2676 fut
885 2644 1034 2676 nomme
1050 2643 1081 2675 16
1098 2643 1141 2675 ’13
1159 2642 1309 2674 octobre
1327 2641 1419 2674 1374
1450 2640 1594 2683 (Eubel,
1624 2639 1854 2677 Hierarchia,

161 2706 186 2733 t.
206 2711 230 2739 1,
252 2711 286 2742 p.
309 2698 389 2742 533)
406 2710 412 2733 ς
432 2698 456 2731 11
477 2698 538 2731 11’3
558 2699 653 2731 (10116
674 2709 739 2741 pas
760 2709 810 2740 pu
829 2696 1008 2730 souscrire
1029 2707 1096 2728 son
1116 2694 1322 2737 obligation
1342 2706 1387 2726 en
1407 2694 1510 2726 1373.
1529 2692 1587 2725 On
1606 2699 1697 2735 peut
1716 2691 1857 2724 reculer

161 2753 197 2785 la
213 2758 313 2784 mort
330 2752 373 2784 de
391 2751 576 2784 Bertrand
592 2763 638 2783 en
654 2751 798 2784 l’annee
817 2750 920 2783 1374.

210 2806 241 2838 2.
258 2805 299 2838 B.
319 2804 375 2844 N„
393 2816 460 2837 ms.
478 2804 613 2836 Baluze
630 2803 711 2843 393,
728 2815 763 2836 n.
782 2804 861 2836 631.
878 2821 926 2825 —
941 2802 1067 2834 L'acte
1093 2806 1210 2843 porte⁷
1238 2799 1530 2832 contrairement
1553 2809 1627 2831 aux
1655 2797 1854 2830 assertions

162 2859 205 2891 de
219 2858 368 2896 Baluze,
381 2869 452 2900 que
470 2856 616 2890 Nicolas
632 2857 675 2889 de
690 2857 725 2889 la
739 2855 849 2899 Jugie
865 2854 969 2887 avait
984 2855 1082 2886 deux
1097 2853 1198 2891 filles,
1215 2853 1369 2885 Isabelle
1385 2858 1422 2884 et
1434 2843 1625 2890 Eleonore,
1639 2850 1855 2893 auxquelles

161 2911 186 2944 il
204 2910 427 2944 substituait
446 2909 487 2949 ‚si
505 2910 590 2943 elles
609 2909 821 2942 mouraient
839 2919 923 2941 sans
943 2906 1133 2950 posterna,
1157 2905 1309 2948 Huguet
1329 2905 1371 2937 de
1393 2904 1560 2943 Durfort,
1581 2903 1791 2936 Guillaume
1811 2903 1855 2934 de

162 2963 368 3007 Puydeval,
403 2962 552 3006 Rigaud
583 2963 626 2995 de
660 2962 827 3000 Durfort‚
860 2960 991 3003 Anglic
1024 2960 1067 2991 de
1100 2958 1305 3001 Puydeval,
1338 2969 1393 2990 ses
1425 2968 1582 2990 neveux.

210 3018 242 3050 3.
263 3015 525 3058 Bibliotheque
545 3014 915 3053 Sainte-Genevieve‚
936 3024 1002 3045 ms.
1023 3011 1105 3049 240,
1126 3011 1190 3044 fol.
1213 3012 1331 3044 243rx

209 3070 242 3102 4.
269 3069 437 3108 Theiner,
464 3068 706 3101 Monumenta
729 3067 899 3100 historica
922 3065 1150 3107 Hungariae,
1178 3070 1203 3096 t.
1228 3075 1252 3103 1,
1279 3075 1313 3106 p.
1341 3064 1420 3096 686.

211 3123 242 3155 5.
269 3122 316 3154 Ut
333 3133 374 3161 3.,
396 3128 421 3154 t.
441 3133 478 3160 11,
500 3132 533 3164 p.
556 3122 587 3154 5.
