<?xml version="1.0" encoding="UTF-8"?>
<!DOCTYPE html PUBLIC "-//W3C//DTD XHTML 1.0 Transitional//EN"
    "http://www.w3.org/TR/xhtml1/DTD/xhtml1-transitional.dtd">
<html xmlns="http://www.w3.org/1999/xhtml" xml:lang="en" lang="en">
 <head>
  <title>
</title>
<meta http-equiv="Content-Type" content="text/html;charset=utf-8" />
  <meta name='ocr-system' content='tesseract 3.04.00' />
  <meta name='ocr-capabilities' content='ocr_page ocr_carea ocr_par ocr_line ocrx_word'/>
</head>
<body>
  <div class='ocr_page' id='page_1' title='image "./vitaepaparumaven02balu_0883.png"; bbox 0 0 2083 3458; ppageno 0'>
   <div class='ocr_carea' id='block_1_1' title="bbox 72 295 1756 350">
    <p class='ocr_par' dir='ltr' id='par_1_1' title="bbox 72 295 1756 350">
     <span class='ocr_line' id='line_1_1' title="bbox 72 295 1756 350; baseline 0.004 -15"><span class='ocrx_word' id='word_1_1' title='bbox 72 295 225 350; x_wconf 81' lang='lat'><strong>[1359]</strong></span> <span class='ocrx_word' id='word_1_2' title='bbox 592 313 810 339; x_wconf 81' lang='lat' dir='ltr'><strong>PAPARUM</strong></span> <span class='ocrx_word' id='word_1_3' title='bbox 845 314 1229 340; x_wconf 79' lang='lat' dir='ltr'>AVENloNENsmM</span> <span class='ocrx_word' id='word_1_4' title='bbox 1675 299 1756 341; x_wconf 82' lang='grc'>873</span> 
     </span>
    </p>
   </div>
   <div class='ocr_carea' id='block_1_2' title="bbox 22 393 1766 2512">
    <p class='ocr_par' dir='ltr' id='par_1_2' title="bbox 57 393 1755 449">
     <span class='ocr_line' id='line_1_2' title="bbox 57 393 1755 449; baseline 0.004 -18"><span class='ocrx_word' id='word_1_5' title='bbox 57 393 192 432; x_wconf 81' lang='lat' dir='ltr'>domui</span> <span class='ocrx_word' id='word_1_6' title='bbox 218 394 421 433; x_wconf 75' lang='lat' dir='ltr'>Castrensi</span> <span class='ocrx_word' id='word_1_7' title='bbox 447 397 565 434; x_wconf 78' lang='lat' dir='ltr'>semel</span> <span class='ocrx_word' id='word_1_8' title='bbox 589 397 667 435; x_wconf 93' lang='lat' dir='ltr'>XL</span> <span class='ocrx_word' id='word_1_9' title='bbox 690 397 848 447; x_wconf 76' lang='lat' dir='ltr'>francos</span> <span class='ocrx_word' id='word_1_10' title='bbox 888 398 988 437; x_wconf 81' lang='grc'>1383</span> <span class='ocrx_word' id='word_1_11' title='bbox 1015 399 1128 437; x_wconf 78' lang='lat' dir='ltr'>habet</span> <span class='ocrx_word' id='word_1_12' title='bbox 1164 399 1486 437; x_wconf 71' lang='lat' dir='ltr'>anniversarium</span> <span class='ocrx_word' id='word_1_13' title='bbox 1511 408 1755 449; x_wconf 81' lang='lat' dir='ltr'>perpetuum.</span> 
     </span>
    </p>

    <p class='ocr_par' dir='ltr' id='par_1_3' title="bbox 54 453 1756 565">
     <span class='ocr_line' id='line_1_3' title="bbox 111 453 1756 507; baseline 0.003 -16"><span class='ocrx_word' id='word_1_14' title='bbox 111 453 229 491; x_wconf 92' lang='lat' dir='ltr'>Anno</span> <span class='ocrx_word' id='word_1_15' title='bbox 249 454 547 503; x_wconf 88' lang='lat' dir='ltr'>MCCCLXXI,</span> <span class='ocrx_word' id='word_1_16' title='bbox 565 456 690 494; x_wconf 90' lang='lat' dir='ltr'>tertio</span> <span class='ocrx_word' id='word_1_17' title='bbox 710 471 837 495; x_wconf 90' lang='lat' dir='ltr'>nonas</span> <span class='ocrx_word' id='word_1_18' title='bbox 862 457 917 507; x_wconf 85' lang='lat'>[3]</span> <span class='ocrx_word' id='word_1_19' title='bbox 938 457 1130 507; x_wconf 84' lang='lat' dir='ltr'>januarii,</span> <span class='ocrx_word' id='word_1_20' title='bbox 1151 457 1283 496; x_wconf 91' lang='lat' dir='ltr'>Pileus</span> <span class='ocrx_word' id='word_1_21' title='bbox 1314 458 1504 496; x_wconf 79' lang='lat' dir='ltr'><strong>interfuit</strong></span> <span class='ocrx_word' id='word_1_22' title='bbox 1521 458 1756 497; x_wconf 82' lang='lat' dir='ltr'>solennibus</span> 
     </span>
     <span class='ocr_line' id='line_1_4' title="bbox 54 512 1756 565; baseline 0.004 -16"><span class='ocrx_word' id='word_1_23' title='bbox 54 512 237 562; x_wconf 88' lang='lat' dir='ltr'>exequiis</span> <span class='ocrx_word' id='word_1_24' title='bbox 274 513 431 552; x_wconf 83' lang='lat' dir='ltr'>Urbani</span> <span class='ocrx_word' id='word_1_25' title='bbox 466 514 500 551; x_wconf 89' lang='lat' dir='ltr'>V</span> <span class='ocrx_word' id='word_1_26' title='bbox 533 515 644 565; x_wconf 91' lang='lat' dir='ltr'>apud</span> <span class='ocrx_word' id='word_1_27' title='bbox 678 515 928 558; x_wconf 79' lang='lat' dir='ltr'>Bononiam:</span> <span class='ocrx_word' id='word_1_28' title='bbox 967 516 1147 564; x_wconf 84' lang='lat' dir='ltr'>Rubeus,</span> <span class='ocrx_word' id='word_1_29' title='bbox 1181 517 1250 555; x_wconf 90' lang='lat' dir='ltr'>lib.</span> <span class='ocrx_word' id='word_1_30' title='bbox 1286 517 1342 555; x_wconf 94' lang='lat' dir='ltr'>VI</span> <span class='ocrx_word' id='word_1_31' title='bbox 1376 517 1527 555; x_wconf 82' lang='lat' dir='ltr'>Histor.</span> <span class='ocrx_word' id='word_1_32' title='bbox 1562 517 1756 565; x_wconf 66' lang='lat' dir='ltr'>Ravenn„</span> 
     </span>
    </p>

    <p class='ocr_par' dir='ltr' id='par_1_4' title="bbox 57 631 1761 1510">
     <span class='ocr_line' id='line_1_5' title="bbox 111 631 1754 683; baseline 0.002 -15"><span class='ocrx_word' id='word_1_33' title='bbox 111 631 230 669; x_wconf 89' lang='lat' dir='ltr'>Anno</span> <span class='ocrx_word' id='word_1_34' title='bbox 252 631 550 670; x_wconf 85' lang='lat' dir='ltr'><strong>MCCCLXXV</strong></span> <span class='ocrx_word' id='word_1_35' title='bbox 570 632 738 671; x_wconf 88' lang='lat' dir='ltr'>habitus</span> <span class='ocrx_word' id='word_1_36' title='bbox 758 642 821 672; x_wconf 86' lang='lat' dir='ltr'>est</span> <span class='ocrx_word' id='word_1_37' title='bbox 840 633 985 683; x_wconf 90' lang='lat' dir='ltr'>Brugis</span> <span class='ocrx_word' id='word_1_38' title='bbox 1006 633 1048 672; x_wconf 90' lang='lat' dir='ltr'>in</span> <span class='ocrx_word' id='word_1_39' title='bbox 1070 634 1261 673; x_wconf 84' lang='lat' dir='ltr'>Flandria</span> <span class='ocrx_word' id='word_1_40' title='bbox 1283 644 1510 673; x_wconf 89' lang='lat' dir='ltr'>conventus</span> <span class='ocrx_word' id='word_1_41' title='bbox 1531 635 1584 672; x_wconf 86' lang='lat' dir='ltr'>ad</span> <span class='ocrx_word' id='word_1_42' title='bbox 1605 635 1754 674; x_wconf 88' lang='lat' dir='ltr'>consti-</span> 
     </span>
     <span class='ocr_line' id='line_1_6' title="bbox 57 689 1755 745; baseline 0.002 -18"><span class='ocrx_word' id='word_1_43' title='bbox 57 689 258 730; x_wconf 83' lang='lat' dir='ltr'>tuendam</span> <span class='ocrx_word' id='word_1_44' title='bbox 282 705 429 740; x_wconf 90' lang='lat' dir='ltr'>pacem</span> <span class='ocrx_word' id='word_1_45' title='bbox 453 690 561 729; x_wconf 87' lang='lat' dir='ltr'>inter</span> <span class='ocrx_word' id='word_1_46' title='bbox 589 692 765 731; x_wconf 77' lang='lat' dir='ltr'>Francos</span> <span class='ocrx_word' id='word_1_47' title='bbox 792 701 834 731; x_wconf 89' lang='lat' dir='ltr'>et</span> <span class='ocrx_word' id='word_1_48' title='bbox 861 692 1029 743; x_wconf 90' lang='lat' dir='ltr'>Anglos,</span> <span class='ocrx_word' id='word_1_49' title='bbox 1056 693 1118 731; x_wconf 90' lang='lat' dir='ltr'>cui</span> <span class='ocrx_word' id='word_1_50' title='bbox 1145 693 1378 732; x_wconf 82' lang='lat' dir='ltr'>interfuisse</span> <span class='ocrx_word' id='word_1_51' title='bbox 1405 694 1571 732; x_wconf 89' lang='lat' dir='ltr'>nuntios</span> <span class='ocrx_word' id='word_1_52' title='bbox 1598 708 1620 732; x_wconf 91' lang='lat' dir='ltr'>a</span> <span class='ocrx_word' id='word_1_53' title='bbox 1646 708 1755 745; x_wconf 89' lang='lat' dir='ltr'>papa</span> 
     </span>
     <span class='ocr_line' id='line_1_7' title="bbox 59 748 1755 804; baseline 0.003 -19"><span class='ocrx_word' id='word_1_54' title='bbox 59 748 201 787; x_wconf 88' lang='lat' dir='ltr'>missos</span> <span class='ocrx_word' id='word_1_55' title='bbox 239 749 397 790; x_wconf 86' lang='lat' dir='ltr'>Pileum</span> <span class='ocrx_word' id='word_1_56' title='bbox 431 750 788 802; x_wconf 81' lang='lat' dir='ltr'>archiepiscopum</span> <span class='ocrx_word' id='word_1_57' title='bbox 826 752 1113 790; x_wconf 83' lang='lat' dir='ltr'>Ravennatem</span> <span class='ocrx_word' id='word_1_58' title='bbox 1143 760 1184 790; x_wconf 89' lang='lat' dir='ltr'>et</span> <span class='ocrx_word' id='word_1_59' title='bbox 1221 752 1482 792; x_wconf 88' lang='lat' dir='ltr'>Guillelmum</span> <span class='ocrx_word' id='word_1_60' title='bbox 1518 752 1755 804; x_wconf 90' lang='lat' dir='ltr'>episcopum</span> 
     </span>
     <span class='ocr_line' id='line_1_8' title="bbox 58 808 1755 865; baseline 0.002 -19"><span class='ocrx_word' id='word_1_61' title='bbox 58 808 475 865; x_wconf 74' lang='lat' dir='ltr'>Carpentoratensem</span> <span class='ocrx_word' id='word_1_62' title='bbox 515 810 638 859; x_wconf 78' lang='lat' dir='ltr'>vulgo</span> <span class='ocrx_word' id='word_1_63' title='bbox 669 810 855 848; x_wconf 87' lang='lat' dir='ltr'>scribunt</span> <span class='ocrx_word' id='word_1_64' title='bbox 896 810 1093 849; x_wconf 78' lang='lat' dir='ltr'>historici.</span> <span class='ocrx_word' id='word_1_65' title='bbox 1132 812 1283 851; x_wconf 89' lang='lat' dir='ltr'>Verum</span> <span class='ocrx_word' id='word_1_66' title='bbox 1324 811 1434 862; x_wconf 88' lang='lat' dir='ltr'>apud</span> <span class='ocrx_word' id='word_1_67' title='bbox 1466 811 1755 859; x_wconf 88' lang='lat' dir='ltr'>Froissartum,</span> 
     </span>
     <span class='ocr_line' id='line_1_9' title="bbox 59 867 1755 921; baseline 0.003 -17"><span class='ocrx_word' id='word_1_68' title='bbox 59 874 89 905; x_wconf 90' lang='lat' dir='ltr'>t.</span> <span class='ocrx_word' id='word_1_69' title='bbox 122 882 203 914; x_wconf 85' lang='lat' dir='ltr'>VIII,</span> <span class='ocrx_word' id='word_1_70' title='bbox 234 882 273 917; x_wconf 89' lang='lat' dir='ltr'>p.</span> <span class='ocrx_word' id='word_1_71' title='bbox 299 867 483 915; x_wconf 82' lang='grc'>166-169,</span> <span class='ocrx_word' id='word_1_72' title='bbox 507 869 594 916; x_wconf 83' lang='grc'>172,</span> <span class='ocrx_word' id='word_1_73' title='bbox 619 869 707 916; x_wconf 86' lang='grc'>176,</span> <span class='ocrx_word' id='word_1_74' title='bbox 731 870 818 916; x_wconf 81' lang='grc'>181,</span> <span class='ocrx_word' id='word_1_75' title='bbox 842 869 930 917; x_wconf 83' lang='grc'>194,</span> <span class='ocrx_word' id='word_1_76' title='bbox 952 869 1041 917; x_wconf 84' lang='grc'>210,</span> <span class='ocrx_word' id='word_1_77' title='bbox 1063 870 1276 921; x_wconf 89' lang='lat' dir='ltr'>episcopus</span> <span class='ocrx_word' id='word_1_78' title='bbox 1299 871 1466 920; x_wconf 89' lang='lat' dir='ltr'>quidem</span> <span class='ocrx_word' id='word_1_79' title='bbox 1487 871 1755 921; x_wconf 89' lang='lat' dir='ltr'>Carpentora-</span> 
     </span>
     <span class='ocr_line' id='line_1_10' title="bbox 58 925 1756 980; baseline 0.002 -17"><span class='ocrx_word' id='word_1_80' title='bbox 58 926 183 964; x_wconf 90' lang='lat' dir='ltr'>tensis</span> <span class='ocrx_word' id='word_1_81' title='bbox 211 925 361 964; x_wconf 89' lang='lat' dir='ltr'>dicitur</span> <span class='ocrx_word' id='word_1_82' title='bbox 385 936 604 977; x_wconf 89' lang='lat' dir='ltr'>propterea</span> <span class='ocrx_word' id='word_1_83' title='bbox 632 928 777 967; x_wconf 86' lang='lat' dir='ltr'>missus</span> <span class='ocrx_word' id='word_1_84' title='bbox 806 942 827 965; x_wconf 92' lang='lat' dir='ltr'>a</span> <span class='ocrx_word' id='word_1_85' title='bbox 854 943 983 979; x_wconf 83' lang='lat' dir='ltr'>papa3</span> <span class='ocrx_word' id='word_1_86' title='bbox 1010 929 1079 967; x_wconf 88' lang='lat' dir='ltr'>sed</span> <span class='ocrx_word' id='word_1_87' title='bbox 1105 944 1179 979; x_wconf 93' lang='lat' dir='ltr'>pro</span> <span class='ocrx_word' id='word_1_88' title='bbox 1205 929 1510 980; x_wconf 81' lang='lat' dir='ltr'>archiepiscopo</span> <span class='ocrx_word' id='word_1_89' title='bbox 1540 930 1756 968; x_wconf 89' lang='lat' dir='ltr'>Ravenna-</span> 
     </span>
     <span class='ocr_line' id='line_1_11' title="bbox 57 982 1758 1038; baseline 0.002 -16"><span class='ocrx_word' id='word_1_90' title='bbox 57 985 164 1024; x_wconf 89' lang='lat' dir='ltr'>tensi</span> <span class='ocrx_word' id='word_1_91' title='bbox 190 985 359 1035; x_wconf 90' lang='lat' dir='ltr'>ponitur</span> <span class='ocrx_word' id='word_1_92' title='bbox 389 986 748 1036; x_wconf 85' lang='lat' dir='ltr'>Rothomagensis.</span> <span class='ocrx_word' id='word_1_93' title='bbox 780 988 842 1025; x_wconf 82' lang='lat' dir='ltr'>Ex</span> <span class='ocrx_word' id='word_1_94' title='bbox 870 1002 950 1037; x_wconf 91' lang='lat' dir='ltr'>quo</span> <span class='ocrx_word' id='word_1_95' title='bbox 978 982 1172 1038; x_wconf 75' lang='lat' dir='ltr'>consequi</span> <span class='ocrx_word' id='word_1_96' title='bbox 1199 988 1408 1027; x_wconf 81' lang='lat' dir='ltr'>videretur</span> <span class='ocrx_word' id='word_1_97' title='bbox 1433 1003 1565 1027; x_wconf 89' lang='lat' dir='ltr'>errare</span> <span class='ocrx_word' id='word_1_98' title='bbox 1592 1004 1658 1028; x_wconf 90' lang='lat' dir='ltr'>eos</span> <span class='ocrx_word' id='word_1_99' title='bbox 1688 988 1758 1038; x_wconf 88' lang='lat' dir='ltr'>qui</span> 
     </span>
     <span class='ocr_line' id='line_1_12' title="bbox 59 1045 1758 1097; baseline 0.002 -15"><span class='ocrx_word' id='word_1_100' title='bbox 59 1045 164 1082; x_wconf 91' lang='lat' dir='ltr'>hanc</span> <span class='ocrx_word' id='word_1_101' title='bbox 184 1045 432 1094; x_wconf 81' lang='lat' dir='ltr'>legationem</span> <span class='ocrx_word' id='word_1_102' title='bbox 451 1045 644 1083; x_wconf 88' lang='lat' dir='ltr'>tribuunt</span> <span class='ocrx_word' id='word_1_103' title='bbox 664 1046 970 1097; x_wconf 84' lang='lat' dir='ltr'>archiepiscopo</span> <span class='ocrx_word' id='word_1_104' title='bbox 994 1047 1241 1086; x_wconf 84' lang='lat' dir='ltr'>Ravennati.</span> <span class='ocrx_word' id='word_1_105' title='bbox 1266 1048 1376 1096; x_wconf 89' lang='lat' dir='ltr'>Quae</span> <span class='ocrx_word' id='word_1_106' title='bbox 1393 1047 1632 1086; x_wconf 76' lang='lat' dir='ltr'>‘observatio</span> <span class='ocrx_word' id='word_1_107' title='bbox 1652 1056 1758 1086; x_wconf 88' lang='lat' dir='ltr'>esset</span> 
     </span>
     <span class='ocr_line' id='line_1_13' title="bbox 59 1103 1760 1156; baseline 0.002 -15"><span class='ocrx_word' id='word_1_108' title='bbox 59 1103 284 1151; x_wconf 88' lang='lat' dir='ltr'>verissima,</span> <span class='ocrx_word' id='word_1_109' title='bbox 307 1103 340 1142; x_wconf 89' lang='lat' dir='ltr'>si</span> <span class='ocrx_word' id='word_1_110' title='bbox 363 1112 572 1142; x_wconf 87' lang='lat' dir='ltr'>constaret</span> <span class='ocrx_word' id='word_1_111' title='bbox 598 1105 871 1143; x_wconf 84' lang='lat' dir='ltr'>Froissartum</span> <span class='ocrx_word' id='word_1_112' title='bbox 894 1105 1099 1156; x_wconf 83' lang='lat' dir='ltr'>scripsisse</span> <span class='ocrx_word' id='word_1_113' title='bbox 1123 1106 1185 1143; x_wconf 88' lang='lat' dir='ltr'>uti</span> <span class='ocrx_word' id='word_1_114' title='bbox 1206 1107 1444 1156; x_wconf 85' lang='lat' dir='ltr'>praeferunt</span> <span class='ocrx_word' id='word_1_115' title='bbox 1467 1106 1665 1145; x_wconf 88' lang='lat' dir='ltr'>editiones</span> <span class='ocrx_word' id='word_1_116' title='bbox 1688 1121 1760 1156; x_wconf 90' lang='lat' dir='ltr'>per</span> 
     </span>
     <span class='ocr_line' id='line_1_14' title="bbox 58 1164 1758 1216; baseline 0.002 -16"><span class='ocrx_word' id='word_1_117' title='bbox 58 1164 340 1213; x_wconf 83' lang='lat' dir='ltr'>typographos</span> <span class='ocrx_word' id='word_1_118' title='bbox 356 1164 562 1213; x_wconf 82' lang='lat' dir='ltr'>vulgatae.</span> <span class='ocrx_word' id='word_1_119' title='bbox 579 1165 729 1202; x_wconf 86' lang='lat' dir='ltr'>Contra</span> <span class='ocrx_word' id='word_1_120' title='bbox 745 1164 836 1202; x_wconf 86' lang='lat' dir='ltr'>libri</span> <span class='ocrx_word' id='word_1_121' title='bbox 851 1173 1008 1203; x_wconf 85' lang='lat' dir='ltr'>veteres</span> <span class='ocrx_word' id='word_1_122' title='bbox 1024 1179 1118 1203; x_wconf 91' lang='lat' dir='ltr'>mss.</span> <span class='ocrx_word' id='word_1_123' title='bbox 1133 1165 1289 1203; x_wconf 89' lang='lat' dir='ltr'>habent</span> <span class='ocrx_word' id='word_1_124' title='bbox 1303 1165 1414 1216; x_wconf 91' lang='lat' dir='ltr'>apud</span> <span class='ocrx_word' id='word_1_125' title='bbox 1430 1165 1703 1204; x_wconf 89' lang='lat' dir='ltr'>Froissartum</span> <span class='ocrx_word' id='word_1_126' title='bbox 1718 1165 1758 1203; x_wconf 92' lang='lat' dir='ltr'>in</span> 
     </span>
     <span class='ocr_line' id='line_1_15' title="bbox 60 1221 1759 1274; baseline 0.003 -15"><span class='ocrx_word' id='word_1_127' title='bbox 60 1221 121 1260; x_wconf 91' lang='lat' dir='ltr'>his</span> <span class='ocrx_word' id='word_1_128' title='bbox 158 1221 253 1260; x_wconf 88' lang='lat' dir='ltr'>locis</span> <span class='ocrx_word' id='word_1_129' title='bbox 290 1222 644 1273; x_wconf 87' lang='lat' dir='ltr'>archiepiscopum</span> <span class='ocrx_word' id='word_1_130' title='bbox 684 1224 971 1262; x_wconf 80' lang='lat' dir='ltr'>Ravennatem</span> <span class='ocrx_word' id='word_1_131' title='bbox 1008 1224 1118 1262; x_wconf 89' lang='lat' dir='ltr'>nulla</span> <span class='ocrx_word' id='word_1_132' title='bbox 1156 1224 1362 1264; x_wconf 86' lang='lat' dir='ltr'>mentione</span> <span class='ocrx_word' id='word_1_133' title='bbox 1402 1224 1759 1274; x_wconf 88' lang='lat' dir='ltr'>Rothomagensis.</span> 
     </span>
     <span class='ocr_line' id='line_1_16' title="bbox 63 1281 1759 1334; baseline 0.002 -16"><span class='ocrx_word' id='word_1_134' title='bbox 63 1281 277 1319; x_wconf 88' lang='lat' dir='ltr'>Praeterea</span> <span class='ocrx_word' id='word_1_135' title='bbox 297 1282 561 1320; x_wconf 83' lang='lat' dir='ltr'>continuator</span> <span class='ocrx_word' id='word_1_136' title='bbox 581 1282 758 1320; x_wconf 87' lang='lat' dir='ltr'>Gallicus</span> <span class='ocrx_word' id='word_1_137' title='bbox 779 1282 927 1332; x_wconf 88' lang='lat' dir='ltr'>Nangii</span> <span class='ocrx_word' id='word_1_138' title='bbox 944 1283 957 1305; x_wconf 80' lang='lat'>1</span> <span class='ocrx_word' id='word_1_139' title='bbox 977 1283 1025 1321; x_wconf 89' lang='lat' dir='ltr'>de</span> <span class='ocrx_word' id='word_1_140' title='bbox 1044 1283 1120 1321; x_wconf 91' lang='lat' dir='ltr'>hac</span> <span class='ocrx_word' id='word_1_141' title='bbox 1138 1282 1224 1332; x_wconf 87' lang='lat' dir='ltr'>ipsa</span> <span class='ocrx_word' id='word_1_142' title='bbox 1243 1298 1283 1321; x_wconf 91' lang='lat' dir='ltr'>re</span> <span class='ocrx_word' id='word_1_143' title='bbox 1306 1297 1427 1332; x_wconf 87' lang='lat' dir='ltr'>agens</span> <span class='ocrx_word' id='word_1_144' title='bbox 1446 1283 1589 1323; x_wconf 88' lang='lat' dir='ltr'>missos</span> <span class='ocrx_word' id='word_1_145' title='bbox 1611 1298 1633 1321; x_wconf 87' lang='lat' dir='ltr'>a</span> <span class='ocrx_word' id='word_1_146' title='bbox 1652 1298 1759 1334; x_wconf 90' lang='lat' dir='ltr'>papa</span> 
     </span>
     <span class='ocr_line' id='line_1_17' title="bbox 61 1339 1760 1392; baseline 0.002 -15"><span class='ocrx_word' id='word_1_147' title='bbox 61 1339 121 1378; x_wconf 84' lang='lat' dir='ltr'>ait</span> <span class='ocrx_word' id='word_1_148' title='bbox 140 1340 494 1391; x_wconf 89' lang='lat' dir='ltr'>archiepiscopum</span> <span class='ocrx_word' id='word_1_149' title='bbox 517 1341 806 1379; x_wconf 81' lang='lat' dir='ltr'>Ravennatem</span> <span class='ocrx_word' id='word_1_150' title='bbox 826 1349 867 1380; x_wconf 90' lang='lat' dir='ltr'>et</span> <span class='ocrx_word' id='word_1_151' title='bbox 887 1341 1125 1392; x_wconf 90' lang='lat' dir='ltr'>episcopum</span> <span class='ocrx_word' id='word_1_152' title='bbox 1147 1342 1573 1392; x_wconf 87' lang='lat' dir='ltr'>Carpentoratensem.</span> <span class='ocrx_word' id='word_1_153' title='bbox 1597 1343 1660 1380; x_wconf 82' lang='lat' dir='ltr'>Ex</span> <span class='ocrx_word' id='word_1_154' title='bbox 1680 1357 1760 1392; x_wconf 86' lang='lat' dir='ltr'>quo</span> 
     </span>
     <span class='ocr_line' id='line_1_18' title="bbox 62 1398 1761 1451; baseline 0.002 -15"><span class='ocrx_word' id='word_1_155' title='bbox 62 1398 192 1449; x_wconf 90' lang='lat' dir='ltr'>liquet</span> <span class='ocrx_word' id='word_1_156' title='bbox 208 1399 466 1449; x_wconf 86' lang='lat' dir='ltr'>corrigendos</span> <span class='ocrx_word' id='word_1_157' title='bbox 483 1415 568 1438; x_wconf 89' lang='lat' dir='ltr'>esse</span> <span class='ocrx_word' id='word_1_158' title='bbox 586 1401 766 1438; x_wconf 74' lang='lat' dir='ltr'>Annales</span> <span class='ocrx_word' id='word_1_159' title='bbox 782 1401 1026 1450; x_wconf 76' lang='lat' dir='ltr'>Aquitaniae</span> <span class='ocrx_word' id='word_1_160' title='bbox 1044 1401 1214 1439; x_wconf 86' lang='lat' dir='ltr'>Joannis</span> <span class='ocrx_word' id='word_1_161' title='bbox 1230 1401 1445 1449; x_wconf 89' lang='lat' dir='ltr'>Boucheti,</span> <span class='ocrx_word' id='word_1_162' title='bbox 1462 1401 1532 1439; x_wconf 93' lang='lat' dir='ltr'>ubi</span> <span class='ocrx_word' id='word_1_163' title='bbox 1548 1416 1594 1440; x_wconf 90' lang='lat' dir='ltr'>ea</span> <span class='ocrx_word' id='word_1_164' title='bbox 1610 1402 1761 1451; x_wconf 87' lang='lat' dir='ltr'>legatio</span> 
     </span>
     <span class='ocr_line' id='line_1_19' title="bbox 62 1458 1760 1510; baseline 0.002 -14"><span class='ocrx_word' id='word_1_165' title='bbox 62 1458 213 1496; x_wconf 87' lang='lat' dir='ltr'>dicitur</span> <span class='ocrx_word' id='word_1_166' title='bbox 231 1458 423 1509; x_wconf 87' lang='lat' dir='ltr'>imposita</span> <span class='ocrx_word' id='word_1_167' title='bbox 445 1459 750 1510; x_wconf 86' lang='lat' dir='ltr'>archiepiscopo</span> <span class='ocrx_word' id='word_1_168' title='bbox 773 1460 1096 1509; x_wconf 84' lang='lat' dir='ltr'>Rothomagensi</span> <span class='ocrx_word' id='word_1_169' title='bbox 1116 1468 1157 1498; x_wconf 89' lang='lat' dir='ltr'>et</span> <span class='ocrx_word' id='word_1_170' title='bbox 1176 1460 1367 1510; x_wconf 90' lang='lat' dir='ltr'>episcopo</span> <span class='ocrx_word' id='word_1_171' title='bbox 1386 1461 1760 1510; x_wconf 83' lang='lat' dir='ltr'>Carpentoratensi.</span> 
     </span>
    </p>

    <p class='ocr_par' dir='ltr' id='par_1_5' title="bbox 63 1517 1766 1923">
     <span class='ocr_line' id='line_1_20' title="bbox 117 1517 1761 1568; baseline 0.002 -14"><span class='ocrx_word' id='word_1_172' title='bbox 117 1517 311 1556; x_wconf 86' lang='lat' dir='ltr'>Mansisse</span> <span class='ocrx_word' id='word_1_173' title='bbox 346 1533 440 1557; x_wconf 89' lang='lat' dir='ltr'>eum</span> <span class='ocrx_word' id='word_1_174' title='bbox 474 1518 515 1555; x_wconf 89' lang='lat' dir='ltr'>in</span> <span class='ocrx_word' id='word_1_175' title='bbox 547 1519 685 1568; x_wconf 85' lang='lat' dir='ltr'>Belgio</span> <span class='ocrx_word' id='word_1_176' title='bbox 720 1533 848 1568; x_wconf 85' lang='lat' dir='ltr'>usque</span> <span class='ocrx_word' id='word_1_177' title='bbox 883 1519 934 1556; x_wconf 83' lang='lat' dir='ltr'>ad</span> <span class='ocrx_word' id='word_1_178' title='bbox 977 1533 1131 1556; x_wconf 87' lang='lat' dir='ltr'>annum</span> <span class='ocrx_word' id='word_1_179' title='bbox 1167 1519 1427 1559; x_wconf 87' lang='lat' dir='ltr'>millesimum</span> <span class='ocrx_word' id='word_1_180' title='bbox 1462 1519 1761 1558; x_wconf 85' lang='lat' dir='ltr'>CCCLXXVII</span> 
     </span>
     <span class='ocr_line' id='line_1_21' title="bbox 64 1576 1761 1627; baseline 0.001 -13"><span class='ocrx_word' id='word_1_181' title='bbox 64 1577 290 1615; x_wconf 83' lang='lat' dir='ltr'>ostendunt</span> <span class='ocrx_word' id='word_1_182' title='bbox 317 1576 456 1615; x_wconf 84' lang='lat' dir='ltr'>literae</span> <span class='ocrx_word' id='word_1_183' title='bbox 488 1577 669 1627; x_wconf 80' lang='lat' dir='ltr'>Gregorii</span> <span class='ocrx_word' id='word_1_184' title='bbox 699 1577 759 1615; x_wconf 90' lang='lat' dir='ltr'>XI</span> <span class='ocrx_word' id='word_1_185' title='bbox 789 1577 840 1615; x_wconf 89' lang='lat' dir='ltr'>ad</span> <span class='ocrx_word' id='word_1_186' title='bbox 869 1592 962 1617; x_wconf 87' lang='lat' dir='ltr'>eum</span> <span class='ocrx_word' id='word_1_187' title='bbox 991 1578 1112 1615; x_wconf 89' lang='lat' dir='ltr'>datae</span> <span class='ocrx_word' id='word_1_188' title='bbox 1140 1579 1216 1616; x_wconf 90' lang='lat' dir='ltr'>hoc</span> <span class='ocrx_word' id='word_1_189' title='bbox 1253 1593 1360 1616; x_wconf 91' lang='lat' dir='ltr'>anno</span> <span class='ocrx_word' id='word_1_190' title='bbox 1389 1578 1451 1616; x_wconf 89' lang='lat' dir='ltr'>die</span> <span class='ocrx_word' id='word_1_191' title='bbox 1481 1579 1761 1623; x_wconf 33' lang='lat' dir='ltr'>XXIV-mensis</span> 
     </span>
     <span class='ocr_line' id='line_1_22' title="bbox 64 1636 1762 1688; baseline 0.002 -15"><span class='ocrx_word' id='word_1_192' title='bbox 64 1636 227 1685; x_wconf 84' lang='lat' dir='ltr'>augusti</span> <span class='ocrx_word' id='word_1_193' title='bbox 255 1644 296 1674; x_wconf 91' lang='lat' dir='ltr'>et</span> <span class='ocrx_word' id='word_1_194' title='bbox 324 1636 386 1674; x_wconf 87' lang='lat' dir='ltr'>die</span> <span class='ocrx_word' id='word_1_195' title='bbox 417 1651 505 1674; x_wconf 84' lang='lat' dir='ltr'>xx11</span> <span class='ocrx_word' id='word_1_196' title='bbox 535 1637 683 1675; x_wconf 86' lang='lat' dir='ltr'>mensis</span> <span class='ocrx_word' id='word_1_197' title='bbox 713 1637 904 1675; x_wconf 89' lang='lat' dir='ltr'>octobris.</span> <span class='ocrx_word' id='word_1_198' title='bbox 937 1638 989 1674; x_wconf 80' lang='lat' dir='ltr'>Et</span> <span class='ocrx_word' id='word_1_199' title='bbox 1024 1645 1166 1675; x_wconf 86' lang='lat' dir='ltr'>tamen</span> <span class='ocrx_word' id='word_1_200' title='bbox 1194 1638 1373 1676; x_wconf 85' lang='lat' dir='ltr'>Joannes</span> <span class='ocrx_word' id='word_1_201' title='bbox 1400 1637 1591 1688; x_wconf 86' lang='lat' dir='ltr'>Baptista</span> <span class='ocrx_word' id='word_1_202' title='bbox 1620 1638 1762 1687; x_wconf 87' lang='lat' dir='ltr'>Pigna,</span> 
     </span>
     <span class='ocr_line' id='line_1_23' title="bbox 63 1694 1762 1746; baseline 0.002 -14"><span class='ocrx_word' id='word_1_203' title='bbox 63 1694 131 1733; x_wconf 92' lang='lat' dir='ltr'>lib.</span> <span class='ocrx_word' id='word_1_204' title='bbox 165 1695 199 1732; x_wconf 93' lang='lat' dir='ltr'>V</span> <span class='ocrx_word' id='word_1_205' title='bbox 229 1695 506 1734; x_wconf 75' lang='lat' dir='ltr'>Historiarum</span> <span class='ocrx_word' id='word_1_206' title='bbox 533 1697 576 1733; x_wconf 79' lang='lat' dir='ltr'>(le</span> <span class='ocrx_word' id='word_1_207' title='bbox 607 1696 862 1746; x_wconf 74' lang='lat' dir='ltr'>principibus</span> <span class='ocrx_word' id='word_1_208' title='bbox 894 1696 1100 1743; x_wconf 74' lang='lat' dir='ltr'>Atestinis,</span> <span class='ocrx_word' id='word_1_209' title='bbox 1144 1696 1285 1734; x_wconf 86' lang='lat' dir='ltr'>scribit</span> <span class='ocrx_word' id='word_1_210' title='bbox 1327 1696 1484 1734; x_wconf 89' lang='lat' dir='ltr'>Pileum</span> <span class='ocrx_word' id='word_1_211' title='bbox 1524 1697 1762 1735; x_wconf 88' lang='lat' dir='ltr'>Pratensem</span> 
     </span>
     <span class='ocr_line' id='line_1_24' title="bbox 66 1754 1762 1806; baseline 0.002 -15"><span class='ocrx_word' id='word_1_212' title='bbox 66 1754 268 1792; x_wconf 85' lang='lat' dir='ltr'>Ecclesiae</span> <span class='ocrx_word' id='word_1_213' title='bbox 294 1755 548 1793; x_wconf 86' lang='lat' dir='ltr'>Ravennatis</span> <span class='ocrx_word' id='word_1_214' title='bbox 579 1755 822 1806; x_wconf 86' lang='lat' dir='ltr'>pontificem</span> <span class='ocrx_word' id='word_1_215' title='bbox 852 1769 959 1792; x_wconf 89' lang='lat' dir='ltr'>anno</span> <span class='ocrx_word' id='word_1_216' title='bbox 982 1755 1317 1803; x_wconf 81' lang='lat' dir='ltr'>MCCCLXXVI,</span> <span class='ocrx_word' id='word_1_217' title='bbox 1342 1770 1379 1793; x_wconf 87' lang='lat' dir='ltr'>v1</span> <span class='ocrx_word' id='word_1_218' title='bbox 1410 1755 1500 1793; x_wconf 88' lang='lat' dir='ltr'>idus</span> <span class='ocrx_word' id='word_1_219' title='bbox 1528 1755 1583 1805; x_wconf 81' lang='lat' dir='ltr'>[S]</span> <span class='ocrx_word' id='word_1_220' title='bbox 1611 1755 1762 1805; x_wconf 85' lang='lat' dir='ltr'>aprilis,</span> 
     </span>
     <span class='ocr_line' id='line_1_25' title="bbox 65 1813 1766 1864; baseline 0.002 -14"><span class='ocrx_word' id='word_1_221' title='bbox 65 1813 224 1862; x_wconf 75' lang='lat' dir='ltr'>Lagam</span> <span class='ocrx_word' id='word_1_222' title='bbox 244 1828 470 1864; x_wconf 71' lang='lat' dir='ltr'>omnemque</span> <span class='ocrx_word' id='word_1_223' title='bbox 489 1829 631 1863; x_wconf 73' lang='lat' dir='ltr'>agrum</span> <span class='ocrx_word' id='word_1_224' title='bbox 651 1829 740 1852; x_wconf 75' lang='lat' dir='ltr'>cum</span> <span class='ocrx_word' id='word_1_225' title='bbox 761 1828 862 1851; x_wconf 87' lang='lat' dir='ltr'>mero</span> <span class='ocrx_word' id='word_1_226' title='bbox 882 1823 915 1852; x_wconf 85' lang='lat' dir='ltr'>et</span> <span class='ocrx_word' id='word_1_227' title='bbox 937 1814 1055 1852; x_wconf 69' lang='lat' dir='ltr'>mixto</span> <span class='ocrx_word' id='word_1_228' title='bbox 1072 1814 1236 1864; x_wconf 85' lang='lat' dir='ltr'>imperio</span> <span class='ocrx_word' id='word_1_229' title='bbox 1257 1822 1290 1852; x_wconf 81' lang='lat' dir='ltr'>et</span> <span class='ocrx_word' id='word_1_230' title='bbox 1310 1829 1459 1864; x_wconf 74' lang='lat' dir='ltr'>pagam</span> <span class='ocrx_word' id='word_1_231' title='bbox 1473 1815 1648 1852; x_wconf 70' lang='lat' dir='ltr'>Potitum</span> <span class='ocrx_word' id='word_1_232' title='bbox 1669 1824 1766 1853; x_wconf 86' lang='lat' dir='ltr'>certo</span> 
     </span>
     <span class='ocr_line' id='line_1_26' title="bbox 67 1872 1248 1923; baseline 0.001 -14"><span class='ocrx_word' id='word_1_233' title='bbox 67 1872 251 1922; x_wconf 78' lang='lat' dir='ltr'>imposito</span> <span class='ocrx_word' id='word_1_234' title='bbox 267 1873 466 1923; x_wconf 79' lang='lat' dir='ltr'>stipendio</span> <span class='ocrx_word' id='word_1_235' title='bbox 488 1873 666 1922; x_wconf 77' lang='lat' dir='ltr'>beneficii</span> <span class='ocrx_word' id='word_1_236' title='bbox 685 1874 764 1911; x_wconf 82' lang='lat' dir='ltr'>loco</span> <span class='ocrx_word' id='word_1_237' title='bbox 782 1873 1025 1911; x_wconf 86' lang='lat' dir='ltr'>concessisse</span> <span class='ocrx_word' id='word_1_238' title='bbox 1047 1873 1248 1911; x_wconf 80' lang='lat' dir='ltr'>Atestino.</span> 
     </span>
    </p>

    <p class='ocr_par' dir='ltr' id='par_1_6' title="bbox 22 1931 1765 2512">
     <span class='ocr_line' id='line_1_27' title="bbox 121 1931 1764 1983; baseline 0.001 -13"><span class='ocrx_word' id='word_1_239' title='bbox 121 1931 208 1979; x_wconf 85' lang='lat' dir='ltr'>Qua</span> <span class='ocrx_word' id='word_1_240' title='bbox 246 1940 510 1982; x_wconf 84' lang='lat' dir='ltr'>tempestate,</span> <span class='ocrx_word' id='word_1_241' title='bbox 550 1947 643 1970; x_wconf 80' lang='lat' dir='ltr'>cuni</span> <span class='ocrx_word' id='word_1_242' title='bbox 682 1947 790 1970; x_wconf 90' lang='lat' dir='ltr'>anno</span> <span class='ocrx_word' id='word_1_243' title='bbox 822 1932 1164 1970; x_wconf 80' lang='lat' dir='ltr'>MCCCL&#39;XXVII</span> <span class='ocrx_word' id='word_1_244' title='bbox 1203 1932 1421 1970; x_wconf 87' lang='lat' dir='ltr'>defunctus</span> <span class='ocrx_word' id='word_1_245' title='bbox 1462 1940 1522 1970; x_wconf 91' lang='lat' dir='ltr'>est</span> <span class='ocrx_word' id='word_1_246' title='bbox 1551 1932 1764 1983; x_wconf 89' lang='lat' dir='ltr'>episcopus</span> 
     </span>
     <span class='ocr_line' id='line_1_28' title="bbox 69 1990 1764 2041; baseline 0.001 -13"><span class='ocrx_word' id='word_1_247' title='bbox 69 1990 348 2039; x_wconf 89' lang='lat' dir='ltr'>Tornacensis,</span> <span class='ocrx_word' id='word_1_248' title='bbox 368 1991 583 2041; x_wconf 81' lang='lat' dir='ltr'>Gregorius</span> <span class='ocrx_word' id='word_1_249' title='bbox 602 1993 709 2029; x_wconf 89' lang='lat' dir='ltr'>hunc</span> <span class='ocrx_word' id='word_1_250' title='bbox 727 1991 1013 2041; x_wconf 86' lang='lat' dir='ltr'>episcopatum</span> <span class='ocrx_word' id='word_1_251' title='bbox 1031 1991 1144 2029; x_wconf 88' lang='lat' dir='ltr'>dedit</span> <span class='ocrx_word' id='word_1_252' title='bbox 1161 1991 1254 2030; x_wconf 90' lang='lat' dir='ltr'>huic</span> <span class='ocrx_word' id='word_1_253' title='bbox 1274 1991 1395 2029; x_wconf 86' lang='lat' dir='ltr'>Pileo.</span> <span class='ocrx_word' id='word_1_254' title='bbox 1418 1991 1551 2041; x_wconf 90' lang='lat' dir='ltr'>Hujus</span> <span class='ocrx_word' id='word_1_255' title='bbox 1577 1991 1633 2029; x_wconf 90' lang='lat' dir='ltr'>rei</span> <span class='ocrx_word' id='word_1_256' title='bbox 1649 1991 1764 2030; x_wconf 87' lang='lat' dir='ltr'>testi-</span> 
     </span>
     <span class='ocr_line' id='line_1_29' title="bbox 22 2049 1763 2100; baseline -0.001 -10"><span class='ocrx_word' id='word_1_257' title='bbox 22 2087 24 2090; x_wconf 88' lang='lat'>.</span> <span class='ocrx_word' id='word_1_258' title='bbox 67 2049 251 2088; x_wconf 90' lang='lat' dir='ltr'>monium</span> <span class='ocrx_word' id='word_1_259' title='bbox 271 2050 527 2090; x_wconf 89' lang='lat' dir='ltr'>luculentum</span> <span class='ocrx_word' id='word_1_260' title='bbox 546 2049 745 2088; x_wconf 85' lang='lat' dir='ltr'>habemus</span> <span class='ocrx_word' id='word_1_261' title='bbox 765 2050 806 2087; x_wconf 89' lang='lat' dir='ltr'>in</span> <span class='ocrx_word' id='word_1_262' title='bbox 826 2050 998 2100; x_wconf 88' lang='lat' dir='ltr'>epistola</span> <span class='ocrx_word' id='word_1_263' title='bbox 1020 2065 1144 2100; x_wconf 86' lang='lat' dir='ltr'>quam</span> <span class='ocrx_word' id='word_1_264' title='bbox 1163 2050 1272 2088; x_wconf 90' lang='lat' dir='ltr'>idem</span> <span class='ocrx_word' id='word_1_265' title='bbox 1293 2050 1507 2100; x_wconf 86' lang='lat' dir='ltr'>Gregorius</span> <span class='ocrx_word' id='word_1_266' title='bbox 1528 2050 1692 2100; x_wconf 80' lang='lat' dir='ltr'>scripsit</span> <span class='ocrx_word' id='word_1_267' title='bbox 1711 2051 1763 2088; x_wconf 93' lang='lat' dir='ltr'>ad</span> 
     </span>
     <span class='ocr_line' id='line_1_30' title="bbox 69 2109 1765 2159; baseline 0 -12"><span class='ocrx_word' id='word_1_268' title='bbox 69 2109 345 2157; x_wconf 89' lang='lat' dir='ltr'>Guillelmum,</span> <span class='ocrx_word' id='word_1_269' title='bbox 369 2109 654 2148; x_wconf 84' lang='lat' dir='ltr'>vicecomitem</span> <span class='ocrx_word' id='word_1_270' title='bbox 676 2110 994 2156; x_wconf 87' lang='lat' dir='ltr'>Turennensem,</span> <span class='ocrx_word' id='word_1_271' title='bbox 1018 2109 1081 2147; x_wconf 83' lang='lat' dir='ltr'>die</span> <span class='ocrx_word' id='word_1_272' title='bbox 1116 2117 1262 2159; x_wconf 87' lang='lat' dir='ltr'>quarta</span> <span class='ocrx_word' id='word_1_273' title='bbox 1298 2109 1446 2147; x_wconf 88' lang='lat' dir='ltr'>mensis</span> <span class='ocrx_word' id='word_1_274' title='bbox 1468 2109 1645 2158; x_wconf 87' lang='lat' dir='ltr'>januarii</span> <span class='ocrx_word' id='word_1_275' title='bbox 1667 2109 1765 2147; x_wconf 89' lang='lat' dir='ltr'>anni</span> 
     </span>
     <span class='ocr_line' id='line_1_31' title="bbox 68 2168 1764 2218; baseline 0.001 -13"><span class='ocrx_word' id='word_1_276' title='bbox 68 2168 292 2217; x_wconf 87' lang='lat' dir='ltr'>sequentis,</span> <span class='ocrx_word' id='word_1_277' title='bbox 308 2168 349 2205; x_wconf 87' lang='lat' dir='ltr'>in</span> <span class='ocrx_word' id='word_1_278' title='bbox 366 2183 446 2218; x_wconf 86' lang='lat' dir='ltr'>qua</span> <span class='ocrx_word' id='word_1_279' title='bbox 463 2169 562 2207; x_wconf 90' lang='lat' dir='ltr'>haec</span> <span class='ocrx_word' id='word_1_280' title='bbox 578 2169 771 2218; x_wconf 88' lang='lat' dir='ltr'>leguntur</span> <span class='ocrx_word' id='word_1_281' title='bbox 788 2184 795 2206; x_wconf 89' lang='lat'>:</span> <span class='ocrx_word' id='word_1_282' title='bbox 812 2168 911 2205; x_wconf 84' lang='lat' dir='ltr'>Heri</span> <span class='ocrx_word' id='word_1_283' title='bbox 927 2182 1010 2205; x_wconf 82' lang='lat' dir='ltr'>sero</span> <span class='ocrx_word' id='word_1_284' title='bbox 1026 2168 1189 2218; x_wconf 76' lang='lat' dir='ltr'>receptis</span> <span class='ocrx_word' id='word_1_285' title='bbox 1205 2168 1284 2205; x_wconf 77' lang='lat' dir='ltr'>tuis</span> <span class='ocrx_word' id='word_1_286' title='bbox 1300 2168 1486 2218; x_wconf 76' lang='lat' dir='ltr'>apicibus</span> <span class='ocrx_word' id='word_1_287' title='bbox 1501 2169 1546 2205; x_wconf 81' lang='lat' dir='ltr'>de</span> <span class='ocrx_word' id='word_1_288' title='bbox 1564 2168 1764 2206; x_wconf 68' lang='lat' dir='ltr'>vacatione</span> 
     </span>
     <span class='ocr_line' id='line_1_32' title="bbox 71 2226 1764 2277; baseline 0 -13"><span class='ocrx_word' id='word_1_289' title='bbox 71 2227 332 2264; x_wconf 77' lang='lat' dir='ltr'>Tornacensis</span> <span class='ocrx_word' id='word_1_290' title='bbox 372 2227 555 2275; x_wconf 79' lang='lat' dir='ltr'>Ecclesie‚</span> <span class='ocrx_word' id='word_1_291' title='bbox 596 2227 873 2277; x_wconf 75' lang='lat' dir='ltr'>compatientes</span> <span class='ocrx_word' id='word_1_292' title='bbox 913 2226 1127 2264; x_wconf 74' lang='lat' dir='ltr'>venerabili</span> <span class='ocrx_word' id='word_1_293' title='bbox 1162 2226 1278 2276; x_wconf 70' lang='lat' dir='ltr'>fratri</span> <span class='ocrx_word' id='word_1_294' title='bbox 1318 2227 1430 2264; x_wconf 83' lang='lat' dir='ltr'>Pileo</span> <span class='ocrx_word' id='word_1_295' title='bbox 1469 2226 1764 2277; x_wconf 80' lang='lat' dir='ltr'>archiepiscopo</span> 
     </span>
     <span class='ocr_line' id='line_1_33' title="bbox 69 2285 1763 2336; baseline 0 -13"><span class='ocrx_word' id='word_1_296' title='bbox 69 2286 361 2323; x_wconf 72' lang='lat' dir='ltr'>Ravennatensi</span> <span class='ocrx_word' id='word_1_297' title='bbox 393 2300 511 2336; x_wconf 75' lang='lat' dir='ltr'>saper</span> <span class='ocrx_word' id='word_1_298' title='bbox 541 2286 662 2324; x_wconf 80' lang='lat' dir='ltr'>tantis</span> <span class='ocrx_word' id='word_1_299' title='bbox 693 2286 896 2324; x_wconf 73' lang='lat' dir='ltr'>laboribus</span> <span class='ocrx_word' id='word_1_300' title='bbox 926 2294 958 2323; x_wconf 81' lang='lat' dir='ltr'>et</span> <span class='ocrx_word' id='word_1_301' title='bbox 987 2285 1184 2335; x_wconf 65' lang='lat' dir='ltr'>expensis,</span> <span class='ocrx_word' id='word_1_302' title='bbox 1217 2286 1353 2335; x_wconf 75' lang='lat' dir='ltr'>ipsum</span> <span class='ocrx_word' id='word_1_303' title='bbox 1381 2285 1493 2323; x_wconf 86' lang='lat' dir='ltr'>hodie</span> <span class='ocrx_word' id='word_1_304' title='bbox 1523 2286 1574 2323; x_wconf 82' lang='lat' dir='ltr'>ad</span> <span class='ocrx_word' id='word_1_305' title='bbox 1618 2285 1763 2323; x_wconf 80' lang='lat' dir='ltr'>dictam</span> 
     </span>
     <span class='ocr_line' id='line_1_34' title="bbox 73 2344 1763 2395; baseline 0.001 -14"><span class='ocrx_word' id='word_1_306' title='bbox 73 2345 357 2382; x_wconf 78' lang='lat' dir='ltr'>Tornacensem</span> <span class='ocrx_word' id='word_1_307' title='bbox 381 2344 568 2383; x_wconf 67' lang='lat' dir='ltr'>(luximus</span> <span class='ocrx_word' id='word_1_308' title='bbox 592 2345 920 2394; x_wconf 76' lang='lat' dir='ltr'>transferendam.</span> <span class='ocrx_word' id='word_1_309' title='bbox 946 2345 1076 2382; x_wconf 80' lang='lat' dir='ltr'>Extat</span> <span class='ocrx_word' id='word_1_310' title='bbox 1100 2344 1225 2382; x_wconf 86' lang='lat' dir='ltr'>etiam</span> <span class='ocrx_word' id='word_1_311' title='bbox 1250 2344 1297 2382; x_wconf 90' lang='lat' dir='ltr'>de</span> <span class='ocrx_word' id='word_1_312' title='bbox 1322 2358 1368 2382; x_wconf 93' lang='lat' dir='ltr'>eo</span> <span class='ocrx_word' id='word_1_313' title='bbox 1393 2352 1635 2393; x_wconf 86' lang='lat' dir='ltr'>argumento</span> <span class='ocrx_word' id='word_1_314' title='bbox 1660 2344 1763 2395; x_wconf 88' lang='lat' dir='ltr'>epis-</span> 
     </span>
     <span class='ocr_line' id='line_1_35' title="bbox 69 2402 1764 2454; baseline 0 -13"><span class='ocrx_word' id='word_1_315' title='bbox 69 2404 153 2442; x_wconf 87' lang='lat' dir='ltr'>tola</span> <span class='ocrx_word' id='word_1_316' title='bbox 172 2403 315 2443; x_wconf 85' lang='lat' dir='ltr'>eodem</span> <span class='ocrx_word' id='word_1_317' title='bbox 333 2403 396 2441; x_wconf 90' lang='lat' dir='ltr'>die</span> <span class='ocrx_word' id='word_1_318' title='bbox 414 2404 565 2454; x_wconf 86' lang='lat' dir='ltr'>scripta</span> <span class='ocrx_word' id='word_1_319' title='bbox 584 2404 637 2441; x_wconf 86' lang='lat' dir='ltr'>ad</span> <span class='ocrx_word' id='word_1_320' title='bbox 656 2403 812 2443; x_wconf 89' lang='lat' dir='ltr'>Pileum</span> <span class='ocrx_word' id='word_1_321' title='bbox 830 2403 1181 2454; x_wconf 86' lang='lat' dir='ltr'>archiepiscopum</span> <span class='ocrx_word' id='word_1_322' title='bbox 1201 2403 1228 2442; x_wconf 82' lang='lat'>2.</span> <span class='ocrx_word' id='word_1_323' title='bbox 1248 2402 1420 2441; x_wconf 88' lang='lat' dir='ltr'>Videtur</span> <span class='ocrx_word' id='word_1_324' title='bbox 1441 2411 1580 2441; x_wconf 85' lang='lat' dir='ltr'>autem</span> <span class='ocrx_word' id='word_1_325' title='bbox 1598 2402 1629 2441; x_wconf 90' lang='lat' dir='ltr'>is</span> <span class='ocrx_word' id='word_1_326' title='bbox 1647 2418 1764 2453; x_wconf 86' lang='lat' dir='ltr'>repu-</span> 
     </span>
     <span class='ocr_line' id='line_1_36' title="bbox 71 2461 1764 2512; baseline 0 -12"><span class='ocrx_word' id='word_1_327' title='bbox 71 2477 213 2512; x_wconf 86' lang='lat' dir='ltr'>gnasse</span> <span class='ocrx_word' id='word_1_328' title='bbox 233 2462 326 2501; x_wconf 90' lang='lat' dir='ltr'>huic</span> <span class='ocrx_word' id='word_1_329' title='bbox 345 2463 619 2501; x_wconf 87' lang='lat' dir='ltr'>translationi.</span> <span class='ocrx_word' id='word_1_330' title='bbox 643 2463 747 2500; x_wconf 90' lang='lat' dir='ltr'>Nam</span> <span class='ocrx_word' id='word_1_331' title='bbox 767 2463 878 2500; x_wconf 89' lang='lat' dir='ltr'>nulla</span> <span class='ocrx_word' id='word_1_332' title='bbox 897 2463 1059 2512; x_wconf 83' lang='lat' dir='ltr'>uspiam</span> <span class='ocrx_word' id='word_1_333' title='bbox 1078 2462 1232 2501; x_wconf 90' lang='lat' dir='ltr'>mentio</span> <span class='ocrx_word' id='word_1_334' title='bbox 1252 2461 1366 2500; x_wconf 87' lang='lat' dir='ltr'>illum</span> <span class='ocrx_word' id='word_1_335' title='bbox 1385 2461 1607 2512; x_wconf 84' lang='lat' dir='ltr'>praefuisse</span> <span class='ocrx_word' id='word_1_336' title='bbox 1627 2462 1764 2500; x_wconf 90' lang='lat' dir='ltr'>Eccle-</span> 
     </span>
    </p>
   </div>
   <div class='ocr_carea' id='block_1_3' title="bbox 70 2520 1762 2631">
    <p class='ocr_par' dir='ltr' id='par_1_7' title="bbox 70 2520 1762 2631">
     <span class='ocr_line' id='line_1_37' title="bbox 71 2520 1762 2571; baseline -0.001 -11"><span class='ocrx_word' id='word_1_337' title='bbox 71 2522 152 2560; x_wconf 88' lang='lat' dir='ltr'>siae</span> <span class='ocrx_word' id='word_1_338' title='bbox 179 2521 443 2568; x_wconf 79' lang='lat' dir='ltr'>Tornacensi3</span> <span class='ocrx_word' id='word_1_339' title='bbox 470 2530 511 2559; x_wconf 89' lang='lat' dir='ltr'>et</span> <span class='ocrx_word' id='word_1_340' title='bbox 537 2536 629 2560; x_wconf 90' lang='lat' dir='ltr'>cum</span> <span class='ocrx_word' id='word_1_341' title='bbox 656 2522 788 2560; x_wconf 86' lang='lat' dir='ltr'>factus</span> <span class='ocrx_word' id='word_1_342' title='bbox 815 2530 876 2559; x_wconf 90' lang='lat' dir='ltr'>est</span> <span class='ocrx_word' id='word_1_343' title='bbox 902 2520 1118 2559; x_wconf 87' lang='lat' dir='ltr'>cardinalis</span> <span class='ocrx_word' id='word_1_344' title='bbox 1145 2521 1196 2558; x_wconf 92' lang='lat' dir='ltr'>ab</span> <span class='ocrx_word' id='word_1_345' title='bbox 1225 2521 1406 2567; x_wconf 89' lang='lat' dir='ltr'>Urbano,</span> <span class='ocrx_word' id='word_1_346' title='bbox 1433 2528 1521 2558; x_wconf 91' lang='lat' dir='ltr'>erat</span> <span class='ocrx_word' id='word_1_347' title='bbox 1545 2520 1762 2571; x_wconf 90' lang='lat' dir='ltr'>archiepis-</span> 
     </span>
     <span class='ocr_line' id='line_1_38' title="bbox 70 2581 458 2631; baseline -0.003 -13"><span class='ocrx_word' id='word_1_348' title='bbox 70 2595 195 2631; x_wconf 88' lang='lat' dir='ltr'>copus</span> <span class='ocrx_word' id='word_1_349' title='bbox 226 2581 458 2618; x_wconf 87' lang='lat' dir='ltr'>Ravennas.</span> 
     </span>
    </p>
   </div>
   <div class='ocr_carea' id='block_1_4' title="bbox 73 2747 1769 3109">
    <p class='ocr_par' dir='ltr' id='par_1_8' title="bbox 73 2747 1768 3057">
     <span class='ocr_line' id='line_1_39' title="bbox 123 2747 1768 2791; baseline 0 -10"><span class='ocrx_word' id='word_1_350' title='bbox 123 2750 154 2781; x_wconf 87' lang='lat'>1.</span> <span class='ocrx_word' id='word_1_351' title='bbox 184 2748 347 2781; x_wconf 80' lang='lat' dir='ltr'>Grandes</span> <span class='ocrx_word' id='word_1_352' title='bbox 368 2748 581 2791; x_wconf 69' lang='lat' dir='ltr'>chroniques</span> <span class='ocrx_word' id='word_1_353' title='bbox 603 2748 643 2781; x_wconf 81' lang='lat' dir='ltr'>de</span> <span class='ocrx_word' id='word_1_354' title='bbox 663 2747 816 2787; x_wconf 85' lang='lat' dir='ltr'>France,</span> <span class='ocrx_word' id='word_1_355' title='bbox 839 2748 896 2781; x_wconf 77' lang='lat' dir='ltr'>ed.</span> <span class='ocrx_word' id='word_1_356' title='bbox 922 2747 1163 2787; x_wconf 86' lang='lat' dir='ltr'>Delachenal,</span> <span class='ocrx_word' id='word_1_357' title='bbox 1186 2753 1213 2781; x_wconf 87' lang='lat' dir='ltr'>t.</span> <span class='ocrx_word' id='word_1_358' title='bbox 1235 2760 1273 2787; x_wconf 91' lang='lat'>11,</span> <span class='ocrx_word' id='word_1_359' title='bbox 1291 2759 1324 2791; x_wconf 89' lang='lat' dir='ltr'>p.</span> <span class='ocrx_word' id='word_1_360' title='bbox 1349 2748 1431 2788; x_wconf 89' lang='grc'>176,</span> <span class='ocrx_word' id='word_1_361' title='bbox 1453 2753 1492 2780; x_wconf 90' lang='lat' dir='ltr'>et</span> <span class='ocrx_word' id='word_1_362' title='bbox 1513 2747 1594 2780; x_wconf 89' lang='grc'>179.</span> <span class='ocrx_word' id='word_1_363' title='bbox 1616 2766 1665 2770; x_wconf 83' lang='grc'>-</span> <span class='ocrx_word' id='word_1_364' title='bbox 1685 2747 1768 2781; x_wconf 81' lang='lat' dir='ltr'>L’e-</span> 
     </span>
     <span class='ocr_line' id='line_1_40' title="bbox 75 2797 1767 2845; baseline -0.001 -10"><span class='ocrx_word' id='word_1_365' title='bbox 75 2803 195 2845; x_wconf 74' lang='lat' dir='ltr'>veque</span> <span class='ocrx_word' id='word_1_366' title='bbox 217 2801 261 2834; x_wconf 92' lang='lat' dir='ltr'>de</span> <span class='ocrx_word' id='word_1_367' title='bbox 283 2797 510 2844; x_wconf 65' lang='lat' dir='ltr'>Carpentrhs</span> <span class='ocrx_word' id='word_1_368' title='bbox 531 2806 588 2834; x_wconf 87' lang='lat' dir='ltr'>est</span> <span class='ocrx_word' id='word_1_369' title='bbox 607 2801 639 2834; x_wconf 93' lang='lat' dir='ltr'>le</span> <span class='ocrx_word' id='word_1_370' title='bbox 660 2802 781 2833; x_wconf 74' lang='lat' dir='ltr'>meme</span> <span class='ocrx_word' id='word_1_371' title='bbox 802 2812 1035 2844; x_wconf 86' lang='lat' dir='ltr'>personnage</span> <span class='ocrx_word' id='word_1_372' title='bbox 1056 2812 1127 2844; x_wconf 88' lang='lat' dir='ltr'>que</span> <span class='ocrx_word' id='word_1_373' title='bbox 1143 2800 1406 2844; x_wconf 76' lang='lat' dir='ltr'>l’archeveque</span> <span class='ocrx_word' id='word_1_374' title='bbox 1428 2800 1471 2833; x_wconf 90' lang='lat' dir='ltr'>de</span> <span class='ocrx_word' id='word_1_375' title='bbox 1494 2800 1639 2840; x_wconf 85' lang='lat' dir='ltr'>Rouen,</span> <span class='ocrx_word' id='word_1_376' title='bbox 1657 2801 1767 2833; x_wconf 86' lang='lat' dir='ltr'>c’est-</span> 
     </span>
     <span class='ocr_line' id='line_1_41' title="bbox 73 2853 1766 2896; baseline 0 -9"><span class='ocrx_word' id='word_1_377' title='bbox 73 2855 193 2887; x_wconf 77' lang='lat' dir='ltr'>a-dire</span> <span class='ocrx_word' id='word_1_378' title='bbox 215 2853 428 2887; x_wconf 87' lang='lat' dir='ltr'>Guillaume</span> <span class='ocrx_word' id='word_1_379' title='bbox 449 2854 493 2886; x_wconf 88' lang='lat' dir='ltr'>de</span> <span class='ocrx_word' id='word_1_380' title='bbox 514 2853 720 2896; x_wconf 86' lang='lat' dir='ltr'>Lestrange</span> <span class='ocrx_word' id='word_1_381' title='bbox 750 2853 814 2896; x_wconf 90' lang='lat' dir='ltr'>qui</span> <span class='ocrx_word' id='word_1_382' title='bbox 840 2853 900 2886; x_wconf 82' lang='lat' dir='ltr'>fut</span> <span class='ocrx_word' id='word_1_383' title='bbox 927 2853 1110 2887; x_wconf 76' lang='lat' dir='ltr'>transfere</span> <span class='ocrx_word' id='word_1_384' title='bbox 1133 2854 1153 2885; x_wconf 74' lang='lat' dir='ltr'>a</span> <span class='ocrx_word' id='word_1_385' title='bbox 1183 2853 1317 2886; x_wconf 90' lang='lat' dir='ltr'>Rouen</span> <span class='ocrx_word' id='word_1_386' title='bbox 1335 2853 1367 2886; x_wconf 88' lang='lat' dir='ltr'>le</span> <span class='ocrx_word' id='word_1_387' title='bbox 1389 2854 1433 2885; x_wconf 85' lang='lat'>22</span> <span class='ocrx_word' id='word_1_388' title='bbox 1454 2853 1651 2886; x_wconf 81' lang='lat' dir='ltr'>decembre</span> <span class='ocrx_word' id='word_1_389' title='bbox 1672 2853 1766 2887; x_wconf 80' lang='lat'><strong>1375</strong></span> 
     </span>
     <span class='ocr_line' id='line_1_42' title="bbox 78 2906 1766 2951; baseline -0.001 -11"><span class='ocrx_word' id='word_1_390' title='bbox 78 2907 224 2951; x_wconf 84' lang='lat' dir='ltr'>(Eubel,</span> <span class='ocrx_word' id='word_1_391' title='bbox 242 2906 474 2946; x_wconf 70' lang='lat' dir='ltr'>Hierarchi&#39;a,</span> <span class='ocrx_word' id='word_1_392' title='bbox 491 2912 518 2939; x_wconf 86' lang='lat' dir='ltr'>t.</span> <span class='ocrx_word' id='word_1_393' title='bbox 537 2918 561 2946; x_wconf 89' lang='lat'>1,</span> <span class='ocrx_word' id='word_1_394' title='bbox 582 2918 617 2950; x_wconf 93' lang='lat' dir='ltr'>p.</span> <span class='ocrx_word' id='word_1_395' title='bbox 639 2906 736 2949; x_wconf 84' lang='lat'>426).</span> <span class='ocrx_word' id='word_1_396' title='bbox 755 2906 826 2939; x_wconf 80' lang='lat' dir='ltr'>Sur</span> <span class='ocrx_word' id='word_1_397' title='bbox 841 2907 877 2939; x_wconf 92' lang='lat' dir='ltr'>la</span> <span class='ocrx_word' id='word_1_398' title='bbox 896 2910 1000 2940; x_wconf 80' lang='lat' dir='ltr'>treve</span> <span class='ocrx_word' id='word_1_399' title='bbox 1020 2906 1064 2939; x_wconf 90' lang='lat' dir='ltr'>de</span> <span class='ocrx_word' id='word_1_400' title='bbox 1084 2906 1237 2949; x_wconf 82' lang='lat' dir='ltr'>Bruges,</span> <span class='ocrx_word' id='word_1_401' title='bbox 1258 2906 1338 2940; x_wconf 92' lang='lat' dir='ltr'>voir</span> <span class='ocrx_word' id='word_1_402' title='bbox 1358 2906 1520 2939; x_wconf 79' lang='lat' dir='ltr'>Grandes</span> <span class='ocrx_word' id='word_1_403' title='bbox 1538 2906 1766 2949; x_wconf 74' lang='lat' dir='ltr'>chroniques,</span> 
     </span>
     <span class='ocr_line' id='line_1_43' title="bbox 79 2958 1766 3005; baseline -0.001 -12"><span class='ocrx_word' id='word_1_404' title='bbox 79 2961 119 3003; x_wconf 80' lang='lat' dir='ltr'>(t.</span> <span class='ocrx_word' id='word_1_405' title='bbox 135 2973 172 3000; x_wconf 94' lang='lat'>11,</span> <span class='ocrx_word' id='word_1_406' title='bbox 191 2972 226 3004; x_wconf 91' lang='lat' dir='ltr'>p.</span> <span class='ocrx_word' id='word_1_407' title='bbox 254 2960 334 3005; x_wconf 89' lang='grc'>272,</span> <span class='ocrx_word' id='word_1_408' title='bbox 353 2959 434 3003; x_wconf 84' lang='grc'>283)</span> <span class='ocrx_word' id='word_1_409' title='bbox 453 2965 491 2992; x_wconf 88' lang='lat' dir='ltr'>et</span> <span class='ocrx_word' id='word_1_410' title='bbox 514 2971 578 2992; x_wconf 89' lang='lat' dir='ltr'>sur</span> <span class='ocrx_word' id='word_1_411' title='bbox 600 2959 651 2992; x_wconf 89' lang='lat' dir='ltr'>les</span> <span class='ocrx_word' id='word_1_412' title='bbox 679 2958 936 3002; x_wconf 78' lang='lat' dir='ltr'>negociations</span> <span class='ocrx_word' id='word_1_413' title='bbox 954 2959 1184 2992; x_wconf 74' lang='lat' dir='ltr'>anterieures</span> <span class='ocrx_word' id='word_1_414' title='bbox 1207 2959 1426 3002; x_wconf 87' lang='lat' dir='ltr'>auxquelles</span> <span class='ocrx_word' id='word_1_415' title='bbox 1457 2958 1559 2991; x_wconf 91' lang='lat' dir='ltr'>Pileo</span> <span class='ocrx_word' id='word_1_416' title='bbox 1583 2959 1643 2991; x_wconf 87' lang='lat' dir='ltr'>fut</span> <span class='ocrx_word' id='word_1_417' title='bbox 1671 2959 1766 2992; x_wconf 71' lang='lat' dir='ltr'>mele</span> 
     </span>
     <span class='ocr_line' id='line_1_44' title="bbox 79 3007 1582 3057; baseline -0.001 -11"><span class='ocrx_word' id='word_1_418' title='bbox 79 3013 133 3057; x_wconf 84' lang='lat' dir='ltr'>(L.</span> <span class='ocrx_word' id='word_1_419' title='bbox 163 3013 288 3053; x_wconf 83' lang='lat' dir='ltr'>Mirot‚</span> <span class='ocrx_word' id='word_1_420' title='bbox 316 3012 372 3045; x_wconf 85' lang='lat' dir='ltr'>La</span> <span class='ocrx_word' id='word_1_421' title='bbox 397 3013 573 3056; x_wconf 78' lang='lat' dir='ltr'>politiqae</span> <span class='ocrx_word' id='word_1_422' title='bbox 598 3011 820 3056; x_wconf 80' lang='lat' dir='ltr'>pontificale,</span> <span class='ocrx_word' id='word_1_423' title='bbox 850 3024 884 3055; x_wconf 92' lang='lat' dir='ltr'>p.</span> <span class='ocrx_word' id='word_1_424' title='bbox 914 3013 958 3045; x_wconf 83' lang='lat'>58</span> <span class='ocrx_word' id='word_1_425' title='bbox 985 3017 1024 3044; x_wconf 87' lang='lat' dir='ltr'>et</span> <span class='ocrx_word' id='word_1_426' title='bbox 1051 3012 1122 3056; x_wconf 83' lang='lat'>64).</span> <span class='ocrx_word' id='word_1_427' title='bbox 1579 3007 1582 3010; x_wconf 53' lang='grc'><strong>”</strong></span> 
     </span>
    </p>

    <p class='ocr_par' dir='ltr' id='par_1_9' title="bbox 129 3064 1769 3109">
     <span class='ocr_line' id='line_1_45' title="bbox 129 3064 1769 3109; baseline -0.001 -10"><span class='ocrx_word' id='word_1_428' title='bbox 129 3068 158 3100; x_wconf 92' lang='grc'>2.</span> <span class='ocrx_word' id='word_1_429' title='bbox 177 3066 328 3105; x_wconf 88' lang='lat' dir='ltr'>Baluze,</span> <span class='ocrx_word' id='word_1_430' title='bbox 348 3071 374 3098; x_wconf 85' lang='lat' dir='ltr'>t.</span> <span class='ocrx_word' id='word_1_431' title='bbox 392 3077 443 3106; x_wconf 87' lang='lat' dir='ltr'>1v‚</span> <span class='ocrx_word' id='word_1_432' title='bbox 463 3077 497 3109; x_wconf 90' lang='lat' dir='ltr'>p.</span> <span class='ocrx_word' id='word_1_433' title='bbox 518 3065 598 3098; x_wconf 89' lang='grc'>166.</span> <span class='ocrx_word' id='word_1_434' title='bbox 617 3084 665 3088; x_wconf 81' lang='lat'>——</span> <span class='ocrx_word' id='word_1_435' title='bbox 683 3064 722 3098; x_wconf 89' lang='lat' dir='ltr'>E.</span> <span class='ocrx_word' id='word_1_436' title='bbox 753 3065 796 3097; x_wconf 93' lang='lat' dir='ltr'>de</span> <span class='ocrx_word' id='word_1_437' title='bbox 818 3064 972 3097; x_wconf 91' lang='lat' dir='ltr'>Moreau</span> <span class='ocrx_word' id='word_1_438' title='bbox 1001 3076 1023 3097; x_wconf 91' lang='lat' dir='ltr'>a</span> <span class='ocrx_word' id='word_1_439' title='bbox 1052 3064 1272 3097; x_wconf 85' lang='lat' dir='ltr'>vainement</span> <span class='ocrx_word' id='word_1_440' title='bbox 1303 3066 1473 3098; x_wconf 79' lang='lat' dir='ltr'>conteste</span> <span class='ocrx_word' id='word_1_441' title='bbox 1498 3064 1534 3097; x_wconf 88' lang='lat' dir='ltr'>la</span> <span class='ocrx_word' id='word_1_442' title='bbox 1559 3064 1647 3097; x_wconf 87' lang='lat' dir='ltr'>date</span> <span class='ocrx_word' id='word_1_443' title='bbox 1665 3065 1709 3097; x_wconf 91' lang='lat' dir='ltr'>de</span> <span class='ocrx_word' id='word_1_444' title='bbox 1734 3066 1769 3097; x_wconf 87' lang='lat' dir='ltr'>la</span> 
     </span>
    </p>
   </div>
   <div class='ocr_carea' id='block_1_5' title="bbox 78 3116 1768 3215">
    <p class='ocr_par' dir='ltr' id='par_1_10' title="bbox 78 3116 1768 3215">
     <span class='ocr_line' id='line_1_46' title="bbox 78 3116 1768 3161; baseline -0.001 -9"><span class='ocrx_word' id='word_1_445' title='bbox 78 3119 189 3152; x_wconf 85' lang='lat' dir='ltr'>lettre</span> <span class='ocrx_word' id='word_1_446' title='bbox 216 3119 260 3151; x_wconf 92' lang='lat' dir='ltr'>de</span> <span class='ocrx_word' id='word_1_447' title='bbox 293 3117 468 3161; x_wconf 76' lang='lat' dir='ltr'>Gregoire</span> <span class='ocrx_word' id='word_1_448' title='bbox 501 3118 558 3151; x_wconf 95' lang='lat' dir='ltr'>XI</span> <span class='ocrx_word' id='word_1_449' title='bbox 605 3117 666 3161; x_wconf 84' lang='lat' dir='ltr'>(K.</span> <span class='ocrx_word' id='word_1_450' title='bbox 702 3117 895 3161; x_wconf 87' lang='lat' dir='ltr'>Hanquet,</span> <span class='ocrx_word' id='word_1_451' title='bbox 935 3117 1156 3150; x_wconf 80' lang='lat' dir='ltr'>Documents</span> <span class='ocrx_word' id='word_1_452' title='bbox 1182 3118 1322 3160; x_wconf 78' lang='lat' dir='ltr'>relatiss</span> <span class='ocrx_word' id='word_1_453' title='bbox 1350 3128 1400 3150; x_wconf 81' lang='grc' dir='ltr'>αιι</span> <span class='ocrx_word' id='word_1_454' title='bbox 1437 3116 1563 3151; x_wconf 85' lang='lat' dir='ltr'>Grand</span> <span class='ocrx_word' id='word_1_455' title='bbox 1594 3117 1768 3158; x_wconf 78' lang='lat' dir='ltr'>Schisme,</span> 
     </span>
     <span class='ocr_line' id='line_1_47' title="bbox 81 3170 504 3215; baseline -0.002 -11"><span class='ocrx_word' id='word_1_456' title='bbox 81 3172 212 3212; x_wconf 84' lang='lat' dir='ltr'>Rome,</span> <span class='ocrx_word' id='word_1_457' title='bbox 232 3171 339 3211; x_wconf 82' lang='lat'><strong>1924,</strong></span> <span class='ocrx_word' id='word_1_458' title='bbox 359 3183 392 3215; x_wconf 93' lang='lat' dir='ltr'>p.</span> <span class='ocrx_word' id='word_1_459' title='bbox 423 3170 504 3214; x_wconf 84' lang='lat' dir='ltr'>xn).</span> 
     </span>
    </p>
   </div>
  </div>
 </body>
</html>
