2083 3458
91 197 215 252 [704]
444 207 446 213 “
622 213 837 238 PAPARUM
873 212 1256 239 AVENIONENSIUM
1693 198 1772 239 199

81 328 235 364 papam
259 314 412 352 Romae
439 322 622 352 creatum
645 323 830 364 tempore
856 314 1024 353 ,Ioannis
1052 314 1180 366 XXIJ
1200 314 1379 354 Ecclesia
1405 330 1573 353 romana
1599 324 1638 354 et
1666 318 1770 355 Urbs

83 386 252 411 romana
280 372 491 423 potuerint
515 388 585 423 per
606 388 758 423 papam
781 373 936 423 privari
966 388 1106 412 eorum
1135 373 1367 424 privilegiis.
1404 373 1516 413 Idem
1545 374 1585 412 in
1617 375 1769 414 verho¹

85 446 193 482 papa
214 431 288 469 sub
316 431 439 469 finem
471 432 528 470 ita
558 431 698 470 scribit
724 449 730 469 :
761 433 876 483 Papa
909 433 1085 470 ,Ioannes
1111 433 1263 480 XXII,
1290 432 1388 470 satis
1408 432 1598 478 animose.v
1622 434 1658 470 si
1686 433 1771 471 licet

85 490 178 538 clici,
203 499 237 528 et
269 490 485 528 voluntarie
520 498 651 528 contra
679 505 769 540 Jura
807 490 966 541 imperii
985 491 1076 541 jecit
1106 505 1228 528 unam
1259 492 1571 530 constitutionem
1599 501 1772 531 ectrawa-

87 557 254 598 gantem,
283 549 325 586 in
357 564 434 599 qua
467 549 601 587 divisit
632 564 795 598 regnum
826 549 1040 588 Alamanie
1061 563 1084 586 a
1114 563 1231 598 regno
1253 550 1435 590 Francie.
1469 558 1503 587 et
1525 551 1720 590 subirara
1742 559 1773 588 (t

86 608 225 646 exemit
246 608 491 658 provinciam
518 608 632 646 Italie
654 609 704 645 ab
732 607 915 658 Imperio,
939 609 1051 659 Quod
1079 624 1132 646 an
1159 610 1285 659 facere
1316 610 1495 659 potuerit,
1526 611 1632 648 Deus
1654 610 1770 648 novit.

87 667 402 705 Constitutionis
433 667 550 705 istius
578 667 701 705 verba
730 668 961 705 referuntur
988 682 1009 706 a
1045 668 1210 706 Nicolao
1243 668 1434 707 Minorita
1466 669 1507 707 in
1541 670 1676 708 codice
1699 669 1776 707 678

86 726 358 764 bibliothecae
386 726 642 764 Colbertinae
660 726 686 772 ²,
714 726 781 764 fol.
812 727 900 773 337,
928 727 1003 764 hoc
1031 727 1152 764 modo
1182 743 1189 764 ε
1219 727 1315 774 Nos,
1335 728 1387 764 ad
1409 742 1518 778 quem
1545 743 1590 766 eir
1611 728 1774 778 speciali

87 785 333 835 prerogativa
350 785 516 835 pertinet
532 785 817 834 preeminentia
843 786 1042 835 potestatis
1068 787 1221 823 evellere
1246 794 1358 836 atque
1376 787 1578 834 destruere,
1598 788 1775 837 plantare

87 852 120 881 et
136 844 330 892 edificare,
359 844 527 881 (lividere
553 852 587 881 et
614 844 738 890 unire,
759 844 801 881 (le
833 845 1111 894 omnipotentis
1142 845 1289 882 summi
1314 845 1440 895 patris
1465 854 1499 883 et
1514 847 1775 896 apostolorum

85 903 172 952 ejus
188 903 296 940 Petri
312 911 345 940 et
368 903 490 940 Pauli
515 917 584 952 spe
612 911 709 940 certa
737 903 890 952 confisi,
915 918 1120 953 eorumque
1138 904 1284 941 muniti
1313 904 1519 954 suffragiO,
1544 905 1588 942 de
1610 905 1778 954 fratrum.

88 969 306 999 nostrorum
340 961 504 999 consilio
537 970 571 999 et
601 976 766 999 assensu
798 970 984 1012 perpetua
1018 962 1292 1000 deliberatione
1323 963 1476 1012 firmato
1503 978 1547 1001 ea:
1573 964 1779 1014 premissis

86 1020 308 1058 rationibus
322 1029 355 1058 et
370 1020 501 1058 causis
516 1035 560 1058 ac
575 1021 669 1058 aliis
685 1035 780 1070 quas
795 1021 1041 1070 presentibus
1062 1021 1183 1058 inseri
1200 1018 1408 1071 prolioeitas
1426 1022 1636 1060 oblivionis
1654 1031 1780 1061 nostre

88 1094 165 1116 non
194 1079 321 1117 suasit
342 1079 588 1129 provinciam
614 1080 742 1117 Ytalie
767 1080 816 1117 ab
840 1080 969 1117 eodem
994 1080 1160 1130 imperio
1184 1089 1217 1118 et
1241 1094 1357 1129 regno
1383 1081 1597 1119 Alamanie
1616 1082 1781 1120 totaliter

86 1138 307 1186 eximentes,
334 1139 464 1188 ipsam
488 1153 512 1176 a
535 1139 773 1188 subjectione
797 1139 1122 1176 communitatum
1151 1147 1184 1176 et
1203 1139 1527 1188 jurisdictionum
1560 1141 1780 1178 eorumdem

87 1197 199 1246 regni
231 1205 264 1234 et
307 1197 466 1247 imperii
507 1212 752 1247 separamus,
796 1198 1024 1245 dividimus,
1059 1213 1104 1235 ac
1135 1212 1204 1247 per
1232 1207 1361 1248 partes
1392 1199 1624 1246 scindimus,
1662 1215 1705 1237 ac
1738 1200 1782 1237 (le

86 1256 286 1306 potestatis
310 1265 436 1294 nostre
448 1257 695 1306 plenitudine
716 1257 942 1303 liberamus,
966 1257 1206 1294 decernentes
1229 1265 1269 1295 ut
1291 1258 1397 1294 nullo
1420 1272 1591 1307 unquam
1615 1267 1782 1308 tempore

86 1330 198 1364 opere
219 1315 512 1364 conjungantur
533 1324 566 1353 et
597 1315 789 1353 mu'antur
818 1324 886 1353 aut
918 1316 960 1352 in
984 1330 1060 1353 uno
1089 1330 1244 1366 corpore
1281 1316 1439 1353 existere
1474 1317 1707 1365 sentiantur,
1738 1332 1782 1354 eJ:

84 1388 127 1411 eo
155 1374 340 1424 precipue
369 1375 469 1424 quod
496 1375 719 1412 earumdem
749 1374 1044 1424 provinciarum
1086 1375 1203 1423 longa
1245 1375 1468 1425 diffusaque
1503 1376 1698 1425 protensio
1725 1376 1782 1413 sic

85 1433 291 1482 confundit
326 1442 359 1471 et
403 1433 565 1483 impedit
594 1442 634 1471 ut
673 1434 793 1470 unius
827 1433 1028 1482 regnantis
1064 1433 1140 1470 viri
1168 1434 1385 1471 sanctionis
1423 1442 1457 1471 et
1487 1435 1783 1483 gubernationis

85 1491 254 1542 officium
285 1507 362 1529 non
399 1492 579 1542 sufficiat,
621 1501 855 1542 quapropter
896 1492 1073 1542 ipsorum
1102 1507 1223 1530 causa
1252 1493 1356 1530 lesus
1384 1493 1615 1542 negli'gz'tur;
1637 1501 1670 1531 et
1690 1494 1783 1531 (lum

86 1551 318 1601 imperantis
337 1551 499 1589 animus
519 1552 571 1588 ad
598 1552 689 1601 plus
709 1551 938 1598 ertenditur,
967 1551 1019 1588 ad
1036 1551 1199 1599 singula
1221 1566 1290 1601 per
1313 1566 1548 1601 consequens
1573 1552 1780 1599 minuitur,

85 1610 129 1647 (le
165 1610 355 1659 regimine
389 1619 422 1647 et
457 1610 736 1659 gubernatione
772 1625 859 1647 cum
905 1610 1150 1659 providentia
1189 1609 1292 1658 regis
1329 1610 1449 1646 eterni
1489 1617 1523 1647 et
1562 1611 1782 1647 eorumdem

83 1669 251 1718 fratrum
286 1677 503 1707 nostrorum
534 1670 698 1707 consilio
726 1677 760 1706 et
789 1669 1064 1706 deliberatione
1091 1669 1257 1706 solemni
1286 1669 1441 1707 cautius
1476 1670 1686 1719 provisuri.
1725 1671 1783 1707 .·lc

85 1728 322 1766 declarantes
356 1743 520 1777 regnum
555 1729 772 1778 predictum
796 1727 1009 1765 Alamanie
1043 1742 1067 1765 a
1101 1741 1218 1776 regno
1254 1728 1422 1765 Francie
1446 1729 1563 1766 claris
1588 1729 1783 1778 distingui

85 1787 264 1824 terminis
287 1795 320 1824 et
356 1788 457 1825 notis
497 1787 647 1836 finibus
684 1787 864 1834 limitari,
902 1787 1098 1824 distinctis
1132 1801 1201 1836 per
1233 1801 1302 1824 nos
1338 1788 1381 1824 de
1419 1787 1593 1837 ipsorum
1615 1788 1783 1836 fratrum

86 1854 304 1883 nostrorum
326 1846 489 1884 consilio
511 1855 671 1896 paterno
693 1860 822 1883 amore
843 1845 1001 1895 provide
1028 1845 1332 1894 distinguendis.
1364 1845 1449 1883 Hoc
1473 1860 1541 1883 nos
1564 1847 1781 1896 exemplum

85 1904 234 1942 Christi
256 1920 301 1942 ac
323 1905 422 1943 ratio
447 1905 619 1952 instruit,
644 1905 710 1955 qui
739 1913 895 1955 propter
917 1912 1072 1954 peccata
1095 1904 1347 1953 regnantium
1373 1919 1493 1953 regna
1526 1905 1672 1943 divisit.
1699 1905 1784 1942 Hoc

85 1964 188 2001 docet
224 1964 417 2013 premissa
451 1964 562 2011 ratio,
597 1964 689 2014 quia
725 1965 873 2001 malum
904 1971 1061 2013 separat
1094 1971 1134 2000 ut
1171 1963 1289 2000 unica
1326 1963 1480 2001 malitia
1511 1964 1670 2012 gravius
1706 1979 1783 2001 non

85 2023 266 2072 offendat.
306 2023 423 2060 Nulli
463 2037 551 2072 ergo
591 2023 751 2060 omnino
792 2022 1010 2069 hominum,
1051 2030 1126 2060 etc.
1170 2022 1334 2069 Verum,
1385 2030 1432 2060 ut
1478 2022 1601 2060 libere
1651 2037 1782 2060 meam

85 2082 332 2119 sententiam
355 2096 555 2132 promam,
582 2083 702 2120 valde
728 2081 909 2132 suspicor
926 2080 941 2103 ³
967 2081 1071 2118 hanc
1099 2095 1201 2130 quae
1228 2081 1355 2119 relata
1377 2089 1439 2119 est
1461 2081 1630 2119 „Ioannis
1655 2081 1781 2119 XXII

86 2140 424 2179 constitutionem
455 2141 600 2179 falsam
631 2156 714 2179 esse
745 2155 790 2178 ac
821 2140 1139 2190 supposititiam.
1179 2139 1241 2178 Sic
1271 2139 1378 2177 enim
1408 2148 1497 2176 tum
1527 2140 1782 2178 consuevisse

85 2200 300 2237 nonnullos
324 2199 472 2238 docent
495 2200 624 2238 eidem
658 2199 807 2237 Joanni
839 2199 961 2236 affixa
994 2199 1165 2249 epistola
1196 2198 1237 2235 in
1266 2198 1459 2236 Chronico
1490 2199 1618 2236 Aulae
1641 2199 1780 2247 regiae,

85 2272 123 2308 p.
154 2258 216 2306 35,
247 2266 288 2296 et
317 2258 421 2296 duae
449 2259 647 2297 Clementi
672 2259 728 2296 VI
759 2258 939 2296 tributae
967 2257 1014 2295 (le
1044 2257 1280 2295 reductione
1299 2257 1480 2306 jubilaei,
1504 2271 1607 2307 quae
1637 2266 1783 2295 extant

85 2317 195 2367 apud
216 2317 405 2355 eumdem
427 2317 672 2356 Albericum.
698 2318 868 2355 Possent
889 2316 1057 2366 proferri
1079 2324 1119 2354 et
1147 2316 1224 2353 alia
1249 2316 1447 2365 exempla.

139 2376 182 2414 P.
210 2375 296 2423 143,
329 2376 395 2426 lig.
421 2376 482 2414 26.
522 2377 616 2414 IPSA
651 2390 836 2414 uvexrss
873 2390 923 2412 ET
955 2389 1112 2413 INVITA.
1152 2375 1213 2412 Ita
1247 2374 1411 2423 quidem
1445 2375 1566 2423 vulgo
1591 2374 1780 2413 traditur.

86 2434 141 2471 At
168 2435 347 2473 =Ioannes
375 2435 569 2485 Georgius
599 2435 834 2473 Herwartus
861 2435 903 2472 in
930 2434 1161 2472 defensione
1190 2433 1387 2470 Ludovici
1411 2433 1561 2471 Bavari
1587 2433 1782 2471 adversus

84 2493 296 2540 Bzovium,
315 2508 353 2543 p.
375 2494 463 2541 485,
483 2494 696 2532 contendit
713 2494 754 2532 id
774 2494 875 2531 falso
891 2493 1097 2542 jactatum
1115 2500 1156 2530 et
1174 2492 1442 2530 subornatam
1460 2505 1550 2529 eam
1573 2492 1781 2530 mulierem

84 2560 131 2589 ut
148 2553 371 2590 auctoritas
391 2553 499 2590 Petri
517 2553 566 2591 de
584 2553 776 2591 Corhario
792 2553 868 2590 hoc
887 2552 1099 2589 mendacio
1116 2551 1377 2588 minueretur.
1403 2550 1481 2588 Cur
1497 2550 1605 2588 enim
1622 2551 1781 2589 tamdiu

84 2610 197 2648 siluit
219 2625 334 2659 uxor,
360 2611 391 2649 si
414 2625 554 2649 revera
587 2612 758 2649 maritus
783 2611 834 2649 ab
859 2624 904 2649 ea
936 2610 1067 2648 invita
1092 2609 1300 2647 discessit?
1335 2609 1549 2657 Quomodo
1574 2609 1717 2647 Petrus
1740 2610 1782 2647 in

84 2669 223 2708 ordine
251 2670 454 2708 Minorum
481 2684 574 2708 cum
598 2671 708 2708 fama
735 2670 968 2708 sanctitatis
995 2669 1113 2716 vixit,
1141 2668 1172 2706 si
1198 2668 1489 2706 reclamantem
1516 2682 1684 2706 uxorem
1710 2683 1781 2719 per

132 2822 163 2853 1.
192 2820 360 2861 Lexicon,
386 2821 410 2854 f.
437 2822 487 2854 hh
512 2822 545 2862 4,
571 2825 628 2855 r0.

133 2875 163 2906 2.
192 2873 233 2906 Β.
256 2873 313 2913 Ν.,
334 2885 400 2907 ms.
421 2875 515 2907 latin
535 2875 639 2915 5154,
660 2875 683 2908 ἰ.
704 2875 772 2908 337
792 2878 843 2908 νο.

130 2928 163 2960 3.
183 2926 319 2959 Baluze
339 2938 360 2959 a
378 2939 423 2960 eu
441 2927 566 2961 raison
581 2929 624 2961 de
643 2934 835 2971 suspecter
851 2926 1129 2960 l’authenticite
1148 2926 1192 2958 de
1211 2926 1246 2958 la
1264 2925 1363 2958 bulle
1383 2925 1440 2958 Ne
1453 2925 1667 2966 Praeter-eat,
1689 2927 1781 2959 dont

84 2991 132 3012 on
154 2990 175 3012 a
197 2979 392 3013 demontre
414 2981 449 3013 la
471 2980 634 3014 faussete
660 2981 713 3023 (P,
740 2979 928 3019 Fournier,
952 2979 1002 3012 Le
1022 2990 1193 3022 royaume
1214 2978 1368 3018 d’Arles,
1393 2978 1617 3019 Paris,1891‚
1637 2991 1671 3022 p.
1697 2980 1782 3013 527-

84 3032 180 3074 539).
204 3032 258 3065 La
279 3032 444 3066 derniere
467 3033 609 3066 edition
631 3034 674 3066 de
697 3045 735 3066 ce
759 3039 862 3066 texte
885 3044 905 3065 a
927 3033 986 3065 ete
1008 3032 1151 3065 donnee
1174 3043 1242 3076 par
1261 3031 1318 3064 W.
1345 3031 1473 3064 Felten
1499 3031 1579 3075 (Die
1599 3031 1705 3065 Bulle
1726 3032 1783 3065 Ne

84 3084 297 3125 Praetereal,
321 3086 369 3118 Ire
387 3086 519 3129 partie,
540 3086 688 3126 Treves,
711 3087 815 3125 1885,
838 3097 870 3129 p.
894 3085 1030 3128 63-74).
