2083 3458
80 292 231 348 [1326]
600 309 817 334 PAPARUM
853 310 1238 335 AVENIONENSIUM
1687 299 1766 339 841

73 390 396 429 MCCCLXXVI
413 391 545 432 vitam
562 406 654 430 cum
671 401 802 430 morte
819 401 1108 432 commutasse.
1128 393 1190 430 An
1206 408 1302 431 vero
1320 394 1442 432 fuerit
1459 395 1585 433 frater
1600 396 1772 445 Begonis

73 449 278 500 explicare
309 464 390 487 non
421 464 602 500 possum.
636 452 742 489 Nam
773 451 961 501 quamvis
993 452 1048 488 illi
1078 467 1159 489 non
1189 453 1340 490 fuerint
1371 454 1554 502 ejusdem
1585 455 1774 504 nominis,

73 523 168 547 cum
190 509 300 558 Bego
318 508 333 531 1
357 510 672 559 cognominatus
698 510 821 548 fuerit
846 511 893 548 de
919 511 1187 558 castronovo,
1227 511 1311 549 fieri
1335 521 1472 562 potest
1508 521 1555 550 ut
1588 515 1776 553 eamdem

50 613 54 616 ἢ
75 576 252 607 matrem
268 567 504 615 habuerint,
523 569 674 620 quippe
692 569 817 607 ambo
832 569 967 619 patria
985 570 1273 608 Cadurcenses.
1295 571 1508 609 Praeterea
1528 573 1707 612 Joannes
1727 573 1775 612 de

75 627 329 665 Cardalhaco
352 641 483 676 neque
507 628 676 666 Tolosae
699 643 782 666 esse
805 637 970 678 poterat
993 643 1123 678 neque
1150 629 1348 676 Divonae,
1372 644 1464 668 cum
1485 631 1572 680 jam
1592 632 1644 670 ab
1666 646 1777 670 anno

77 685 378 725 MCCCLXVII
410 686 577 725 ineunte
612 687 866 725 detineretur
896 688 937 724 in
971 702 1128 726 carcere
1160 688 1372 738 Burgensi,
1405 698 1452 727 ut
1483 698 1601 740 patet
1634 706 1684 729 ex
1715 691 1777 730 his

77 759 181 795 quae
205 744 330 784 refert
357 744 581 784 Rodericus
607 760 629 783 a
655 747 797 784 Cunha
823 746 871 784 de
897 746 1181 784 visitatoribus
1207 747 1258 784 ab
1284 762 1329 785 eo
1353 756 1523 799 propter
1546 750 1779 788 absentiam

77 818 194 842 suam
214 803 453 842 constitutis
473 804 514 842 in
533 805 890 856 archiepiscopatu
909 806 1162 853 Bracarensi,
1179 806 1219 843 in
1238 821 1331 844 eum
1348 821 1549 845 carcerem
1568 809 1781 858 conjectus-

77 877 99 901 a
124 864 246 901 Petro
270 863 423 901 crudeli
445 878 536 913 rege
561 864 776 912 Castellae,
801 879 883 902 non
906 879 1002 902 vero
1026 865 1277 911 Lusitaniae,
1301 874 1348 903 ut
1372 866 1473 904 salso
1496 867 1695 918 scriptum
1718 877 1781 906 est

78 922 129 960 ab
167 923 340 972 Hugone
379 922 631 972 Raymundi,
668 924 762 973 quia
796 932 953 961 noverat
988 938 1151 961 manum
1185 925 1335 961 dedisse
1367 925 1484 974 frati-i
1510 940 1581 963 suo
1606 927 1781 965 Henrico

80 981 123 1019 in
147 981 378 1031 expulsione
402 995 477 1019 sua
502 983 546 1019 de
571 997 702 1031 regim,
729 997 826 1032 quae
849 983 955 1031 facta
978 983 1107 1031 suerat
1131 984 1252 1033 paulo
1277 992 1378 1021 ante.
1407 984 1626 1034 Nunquam
1650 995 1780 1024 autem

78 1054 188 1091 prece
213 1049 282 1078 aut
307 1041 432 1090 pretio
458 1041 563 1090 flecti
590 1042 719 1091 potuit
747 1050 787 1079 ut
815 1042 950 1091 ipsum
976 1042 1145 1079 liberum
1171 1042 1390 1080 dimitteret:
1420 1044 1610 1093 Quinimo
1636 1046 1688 1082 ad
1713 1046 1781 1082 hoc

80 1107 120 1137 ut
145 1099 187 1136 in
212 1100 401 1148 languore
426 1100 566 1137 viveret
589 1109 623 1138 et
649 1101 786 1138 misere
812 1109 1033 1147 moreretur,
1060 1115 1128 1150 per
1151 1101 1332 1150 singulos
1358 1102 1439 1139 dies
1463 1117 1551 1140 eum
1576 1104 1779 1141 crudeliter

80 1159 218 1208 poenis
238 1159 362 1196 ocu-iis
387 1159 570 1208 affectum
591 1160 801 1209 torquebat.
828 1160 937 1197 Haec
959 1168 1125 1210 sumpta
1147 1169 1244 1197 sunt
1265 1175 1314 1197 ex
1336 1161 1438 1198 libro
1462 1162 1645 1211 Hugonis
1671 1164 1778 1212 Ray-

80 1218 225 1257 mundi
240 1218 299 1254 De
319 1218 524 1255 miraculis
542 1219 669 1256 sancti
692 1219 862 1256 Thomae
882 1219 1099 1267 Aquinatis
1118 1219 1158 1256 in
1176 1227 1291 1258 tomo
1310 1220 1442 1269 primo
1462 1221 1600 1258 martii
1617 1222 1779 1259 Bollan-

82 1277 207 1323 diani,
224 1292 264 1327 p.
284 1277 371 1315 737.
393 1277 537 1315 Evasit
555 1278 700 1316 deinde
718 1293 737 1315 e
755 1292 912 1315 carcere
931 1292 1039 1314 anno
1057 1278 1271 1317 millesimo
1289 1279 1542 1325 CCCLXIX,
1562 1281 1779 1319 cumidem

86 1336 285 1374 Henricus
315 1351 451 1375 rerum
481 1337 684 1386 potiretur
714 1337 754 1373 in
787 1337 985 1387 Hispania
1016 1345 1110 1386 post
1140 1337 1357 1375 victoriam
1388 1338 1434 1375 de
1467 1339 1586 1376 Petro
1616 1348 1780 1389 partam

82 1395 212 1445 pridie
235 1395 325 1433 idus
360 1395 441 1444 [14]
474 1396 626 1443 martii,
651 1410 754 1445 quae
781 1396 904 1434 finem
926 1396 1036 1433 vitae
1060 1396 1146 1445 ejus
1171 1396 1327 1434 attulit.
1353 1397 1523 1435 „loannis
1547 1398 1780 1436 libertatem

82 1454 192 1493 idem
211 1455 331 1503 Hugo
349 1454 546 1492 miraculo
564 1455 718 1493 factam
735 1455 876 1493 scribit
893 1455 979 1491 sine
991 1455 1164 1492 humano
1177 1456 1356 1502 consilio,
1374 1456 1413 1493 id
1429 1464 1504 1501 est,
1520 1457 1673 1506 absque
1691 1458 1782 1495 ullis

83 1513 273 1552 humanis
308 1513 483 1561 auxiliis,
519 1523 559 1552 et
592 1529 686 1553 eum
721 1514 791 1563 qui
823 1522 967 1551 sancto
1002 1514 1181 1553 Thomae
1215 1514 1501 1554 liberationem
1535 1516 1595 1553 sui
1630 1516 1785 1556 domini

85 1573 450 1630 commendaverat
474 1573 695 1623 imaginem
720 1587 878 1611 ceream
902 1573 942 1610 in
967 1573 1094 1622 effigie
1128 1573 1436 1624 archiepiscopi,
1469 1574 1573 1612 sicut
1609 1590 1785 1625 spopon-

86 1633 216 1678 derat,
239 1632 291 1669 ad
312 1641 476 1670 sanctas
500 1632 690 1682 reliquias
713 1632 970 1683 appendisse.

140 1691 260 1729 Liber
280 1705 375 1740 ergo
400 1692 594 1738 Joannes,
617 1692 770 1742 partim
793 1691 994 1729 beneficio
1016 1691 1149 1729 sancti
1172 1692 1351 1729 Thomae
1377 1692 1610 1741 Aquinatis,
1633 1693 1787 1743 partim

90 1749 256 1788 Henrici
277 1750 378 1800 regis
402 1751 601 1789 Castellae
625 1751 791 1789 victoris
815 1759 855 1788 et
877 1750 1206 1801 triumphatoris,
1230 1751 1340 1800 apud
1362 1765 1456 1790 eum
1478 1751 1520 1788 in*
1541 1752 1668 1801 gratia
1694 1752 1787 1800 suit,

87 1817 128 1847 et
150 1823 247 1849 mox
268 1809 310 1846 in
336 1810 499 1847 Italiam
521 1810 573 1847 ab
596 1824 642 1847 eo
666 1809 810 1849 missus
835 1810 885 1847 ad
912 1810 1126 1847 Urbanum
1150 1809 1196 1856 V,
1220 1824 1386 1860 papam,
1410 1819 1456 1847 ut
1480 1819 1598 1860 patet
1620 1826 1669 1849 ex
1696 1812 1783 1861 ejus

88 1868 271 1906 oratione
286 1869 338 1906 ad
352 1882 519 1919 papam,
535 1870 650 1919 cujus
665 1883 787 1919 supra
803 1884 842 1919 p.
858 1869 934 1906 996
950 1868 1059 1906 facta
1073 1877 1135 1906 est
1150 1868 1318 1908 mentio.
1339 1869 1383 1905 ln
1398 1884 1442 1907 ea
1458 1869 1515 1906 ait
1529 1869 1635 1908 inter
1649 1879 1783 1908 cetera

90 1928 268 1966 Joannes
298 1927 627 1978 archiepiscopus
647 1928 682 1966 2;
713 1928 918 1977 Quocirca,
941 1928 1163 1965 beatissime
1180 1926 1375 1977 pater,'ad
1392 1929 1586 1976 gaudium
1602 1937 1784 1966 esconso-

87 1986 274 2024 lationem
305 1996 423 2025 vestre
455 1988 665 2037 apostolice
699 1987 924 2035 magestatis
958 1987 1104 2024 missus
1135 2001 1225 2024 sum
1256 2001 1324 2036 ego
1355 1987 1579 2024 submissus
1609 1988 1788 2037 famulus

86 2053 120 2083 et
141 2046 306 2083 humilis
327 2060 461 2083 servus
483 2055 614 2093 vester,
636 2054 677 2083 ut
699 2047 742 2083 (le
765 2046 849 2095 filio
870 2054 991 2083 vestro
1014 2046 1261 2083 devotissimo
1282 2054 1316 2083 et
1334 2046 1493 2083 domino
1516 2060 1596 2083 meo
1613 2047 1786 2084 Henrico

88 2104 254 2142 Castelle
281 2113 316 2142 et
345 2105 534 2154 Legionis
563 2120 649 2154 rege
681 2105 950 2142 illustrissimo
981 2105 1089 2142 vobis
1112 2105 1269 2142 domino
1294 2119 1375 2142 meo
1404 2113 1438 2142 et
1461 2105 1610 2143 Christi
1639 2106 1786 2143 vicario

89 2163 250 2213 offeram
277 2173 504 2214 promptum
526 2164 742 2202 obedientie
763 2164 987 2201 sedulitatis
1008 2164 1262 2212 famulatum,
1285 2172 1362 2201 etc.

143 2223 250 2260 Puto
282 2223 397 2261 illum
430 2224 607 2264 Romam
638 2232 806 2263 euntem
838 2223 1050 2260 divertisse
1082 2222 1124 2259 in
1156 2222 1425 2272 Aquitaniam
1456 2231 1502 2260 ut
1533 2222 1595 2260 sui
1626 2223 1787 2273 copiam

91 2281 243 2320 faceret
272 2282 583 2332 consanguineis
612 2291 654 2320 et
683 2282 823 2320 amicis
853 2281 948 2327 suis,
980 2296 1080 2330 quos
1110 2281 1284 2320 dubium
1311 2295 1393 2319 non
1421 2290 1509 2319 erat
1539 2281 1718 2331 graviter
1746 2290 1787 2320 et

90 2340 231 2390 iniquo
256 2341 394 2381 animo
419 2341 560 2379 tulisse
586 2355 787 2379 carcerem
813 2341 913 2390 ejus.
943 2341 1048 2377 Nam
1073 2348 1237 2378 constat
1261 2340 1376 2377 illum
1400 2339 1632 2378 interfuisse
1655 2340 1787 2378 funeri

89 2400 309 2438 Bertrandi
329 2400 377 2438 de
398 2401 665 2447 Cardalhaco,
685 2399 865 2450 episcopi
893 2398 1258 2446 Montalbanensis‚
1286 2399 1421 2436 fratris
1444 2399 1519 2446 sui,
1541 2413 1662 2448 quem
1682 2413 1787 2437 mor-

90 2467 211 2496 tuum
230 2473 315 2497 esse
335 2473 444 2496 anno
463 2459 678 2498 millesimo
699 2458 939 2497 CCCLXIX
958 2458 1052 2496 hinc
1072 2457 1204 2507 colligi
1224 2465 1334 2496 certo
1354 2466 1492 2507 potest
1512 2458 1621 2507 quod
1642 2459 1788 2496 Petrus

91 2518 139 2555 de
171 2517 370 2564 Chalesio,
401 2518 471 2567 qui
499 2518 612 2555 illum
643 2518 684 2555 in
711 2525 967 2557 testamento
997 2531 1069 2554 suo
1105 2524 1227 2554 vocat
1264 2517 1617 2566 praedecessorem
1653 2530 1791 2564 suum,

95 2576 298 2615 Ecclesiae
325 2577 657 2615 Montalbanensi
682 2576 849 2615 vacanti
873 2591 944 2626 per
970 2575 1128 2613 obitum
1151 2575 1370 2613 Bertrandi
1396 2575 1626 2625 praefectus
1651 2583 1713 2614 est
1737 2575 1790 2613 ab

94 2635 262 2673 Urbano
288 2636 322 2672 V
345 2635 472 2674 literis
498 2636 605 2673 datis
630 2636 740 2685 apud
766 2634 1190 2681 Montemssasconem,
1215 2649 1239 2670 v
1265 2633 1343 2671 kal.
1370 2633 1546 2672 octobris
1571 2648 1679 2671 anno
1702 2649 1789 2685 sep-

91 2694 209 2741 timo,
226 2702 274 2732 ut
300 2694 342 2731 in
358 2694 446 2744 ejus
472 2695 635 2743 Regesto
651 2694 799 2744 legitur
811 2693 838 2732 3.
858 2694 1047 2731 Praestat
1064 2701 1204 2730 autem
1219 2692 1364 2730 referre
1383 2693 1613 2742 fragmenta
1630 2692 1791 2743 aliquot

144 2853 176 2886 1.
206 2853 335 2897 Begon
359 2854 420 2887 fut
443 2855 595 2886 nomme
620 2855 763 2895 <aveque
782 2853 825 2885 de
844 2852 983 2885 Cahors
1001 2852 1033 2884 le
1050 2852 1094 2884 15
1112 2851 1249 2884 sevrier
1261 2852 1354 2885 1366
1371 2863 1417 2883 en
1429 2851 1727 2894 remplacement
1744 2851 1791 2883 de

95 2905 284 2939 Bertrand
313 2908 356 2940 de
386 2907 607 2946 Cardaillac,
638 2906 793 2944 decede;
823 2905 917 2937 mais
945 2904 1092 2937 celui-ci
1119 2904 1256 2937 n’etait
1272 2915 1338 2948 pas
1366 2904 1398 2938 le
1425 2904 1519 2936 frere
1549 2904 1592 2937 de
1621 2903 1719 2936 Jean
1746 2903 1790 2937 de

98 2958 319 2993 Cardaillac.
347 2961 485 2993 Baluze
511 2971 532 2992 3
557 2959 750 2992 confondu
775 2958 946 3001 l'eveque
973 2958 1017 2990 de
1044 2956 1183 2990 Cahors
1199 2957 1387 2990 Bertrand
1412 2968 1503 2989 avec
1528 2968 1580 2989 un
1605 2963 1713 2989 autre
1740 2957 1790 2988 du

96 3013 217 3045 meme
241 3024 331 3045 nom
353 3013 417 3057 qui
441 3012 574 3045 devint
596 3014 739 3054 eveque
764 3011 808 3043 de
832 3011 1071 3044 Montauban
1093 3016 1131 3042 et
1154 3010 1218 3053 qui
1233 3010 1339 3049 etait,
1364 3009 1427 3049 lui,
1452 3010 1483 3042 le
1506 3009 1601 3042 frere
1625 3010 1669 3042 de
1693 3010 1790 3043 Jean

101 3064 157 3108 (E.
177 3065 283 3105 Albe,
302 3078 359 3110 op.
379 3068 451 3106 cit„
470 3072 496 3098 t.
514 3078 538 3106 1,
558 3077 592 3108 p.
613 3065 783 3103 201-205‚
804 3064 990 3106 219-220).
1620 3064 1623 3067 “

149 3119 179 3151 2.
210 3119 250 3152 B.
273 3119 330 3159 N.,
350 3131 417 3152 ms.
435 3119 533 3152 latin
548 3117 654 3157 3294,
673 3117 736 3150 fol.
756 3117 824 3150 235
842 3121 893 3149 νο.
1524 3137 1527 3139 -

144 3172 177 3205 3.
211 3172 333 3205 Pierre
358 3173 401 3205 de
426 3171 574 3205 Chalais
597 3171 657 3204 fut
688 3171 839 3202 nomme
868 3170 899 3202 le
930 3170 975 3202 18
999 3169 1153 3201 octobre
1176 3169 1270 3202 1368
1287 3168 1433 3211 (ΕιὼεΙ,
1456 3168 1690 3208 Hier-archia,
1714 3175 1741 3201 t.
1764 3180 1793 3208 ι,
