2083 3458
204 229 290 272 360
857 245 1009 270 NOTAE
1043 245 1103 269 AD
1138 228 1266 270 vlT'As
1683 276 1686 279 ¹
1784 225 1899 283 [851]

208 330 386 368 Forlivio
415 344 523 368 anno
553 329 829 368 MCCCXLVI
859 343 996 367 mense
1027 328 1197 367 octobri.
1231 328 1419 366 Habetur
1447 343 1555 366 nunc
1589 328 1631 366 in
1659 327 1910 366 bibliotheca

205 389 315 439 regia
343 403 512 428 numero
539 387 702 427 42071.

261 449 380 487 Anno
408 447 707 487 MCCCXLVH
736 447 920 485 nondum
950 446 1067 484 finita
1096 460 1218 484 causa
1244 446 1578 494 Bononiensium,
1599 446 1668 496 qui
1695 445 1910 495 aliquanto
1967 458 1976 470 ⁴

208 516 304 546 ante
335 508 638 545 insultaverant
668 506 880 556 majestati
913 505 1089 544 Romani
1121 505 1333 543 Pontificis
1365 513 1406 544 et
1435 505 1653 544 Bertrandi
1685 505 1733 543 de
1766 504 1911 554 Pojeto

207 566 345 617 legati,
380 567 563 605 Clemens
597 581 663 604 eos
697 565 887 603 evocavit
920 564 1189 611 Avenionem‚
1223 565 1360 614 eisque
1393 565 1508 603 dedit
1539 564 1771 602 auditorem
1803 564 1912 601 hunc

208 626 461 675 Ademarum
489 625 750 663 cardinalem.
781 624 858 662 Sed
884 624 943 661 illi
979 638 1073 662 eum
1103 638 1360 669 recusavere3
1389 624 1642 671 Ghimrdac„
1669 623 1738 661 lib.
1766 622 1910 670 XXII,

208 694 238 724 t.
263 700 305 733 11,
331 685 438 723 Hist.
465 685 635 731 Bonon„
660 699 698 734 p.
728 683 814 722 175.

261 744 380 782 Anno
399 743 682 782 MCCCXLIX
700 742 907 781 extinctus
927 750 988 780 est
1007 742 1246 791 Aymericus
1266 742 1314 780 de
1333 742 1574 780 Castrolucii
1592 740 1823 788 cardinalis,
1843 739 1913 790 qui

208 803 449 842 testamenti
474 803 535 840 sui
560 798 810 849 executores,
836 809 884 839 ut
907 801 966 839 ait
990 801 1221 851 Auberyus,
1247 801 1479 841 nominavit
1503 800 1727 839 cardinales
1754 799 1914 838 Ostien-

209 877 293 902 sem
315 871 356 901 et
377 863 551 901 Sanctae
573 861 830 908 Anastasiae,
851 860 892 898 id
914 869 989 908 est,
1013 860 1270 911 Stephanum
1291 860 1463 908 Alberti,
1486 860 1555 910 qui
1574 860 1698 910 paulo
1718 867 1814 910 post
1835 858 1914 896 fuit

208 936 330 972 papa,
361 930 403 960 et
433 921 684 960 Ademarum
716 920 899 958 Roberti.
935 919 1119 970 Idipsum
1148 927 1330 958 testatur
1357 919 1443 970 ipse
1483 919 1746 958 Innocentius
1776 918 1835 956 VI
1873 917 1914 955 in

209 981 381 1032 epistola
400 980 414 1002 2
441 994 520 1030 qua
545 980 653 1018 vices
680 993 772 1017 suas
799 987 839 1017 et
864 979 1058 1018 Ademari
1081 979 1168 1028 jam
1194 979 1378 1017 defuncti
1404 979 1565 1029 delegat
1587 978 1797 1017 Bernardo
1824 977 1913 1015 Cre-

209 1040 311 1078 mosi
347 1040 501 1078 decano
536 1038 756 1087 Briocensi,
803 1039 1045 1081 Gaucelmor
1071 1038 1250 1076 Danielis
1296 1038 1491 1077 canonico
1535 1037 1790 1084 Carnotensi,
1827 1036 1913 1074 Ste-

209 1100 346 1150 phano
368 1098 531 1137 Gerruti
552 1098 747 1136 canonico
769 1097 1064 1145 Lemovicensi,
1094 1106 1135 1136 et
1164 1097 1316 1135 „Ioanni
1334 1097 1511 1136 Beraudi
1532 1096 1728 1136 canonico
1750 1096 1912 1134 Nanne-

209 1167 329 1197 tenffl.

264 1217 377 1256 Obiit
405 1216 633 1256 Ademarus
663 1230 771 1254 anno
801 1216 1058 1263 MCCCLIII,
1089 1216 1168 1254 kal.
1204 1216 1266 1266 [1]
1299 1215 1538 1264 decembris,
1567 1223 1615 1253 ut
1653 1215 1773 1253 docet
1803 1213 1917 1252 Felix

211 1276 464 1315 Contelorius
487 1276 541 1326 [p.
563 1275 634 1326 76]
655 1290 706 1314 ex
721 1275 825 1314 libro
843 1275 1155 1325 Obligationam.

264 1337 382 1374 Falso
409 1350 503 1375 eum
530 1334 700 1385 quidam
727 1334 989 1373 confundunt
1015 1349 1108 1374 cum
1135 1334 1340 1374 Ademaro
1369 1334 1541 1373 Roberti
1567 1333 1758 1384 episcopo
1788 1333 1916 1371 Lexo-

210 1395 340 1434 viensi
355 1403 396 1433 et
412 1394 717 1445 archiepiscopo
735 1394 971 1433 Senonensi.
991 1393 1151 1432 Diversi
1163 1393 1272 1433 enim
1282 1393 1407 1442 fuere,
1421 1408 1597 1444 quorum
1610 1407 1715 1430 unus
1727 1400 1914 1443 patruus,

211 1455 314 1493 alter
346 1454 482 1492 fratris
526 1453 632 1491 filius
673 1453 765 1493 fuit.
799 1453 988 1491 Arbitror
1020 1461 1161 1492 autem
1192 1452 1545 1503 archiepiscopum
1582 1452 1705 1490 fuisse
1746 1451 1916 1490 fratrem

209 1513 408 1552 Bernardi
427 1512 598 1552 Roberti
616 1512 832 1561 domicelli,
852 1512 921 1563 qui
938 1527 1063 1563 nepos
1083 1513 1298 1551 cardinalis
1316 1520 1490 1551 vocatur
1507 1526 1615 1550 anno
1633 1509 1917 1561 MCCCXLIX

161 1577 164 1581 '
210 1573 253 1611 in
282 1580 437 1611 arresto
466 1572 715 1624 parlamenti
745 1572 887 1620 Paris,
919 1572 1030 1622 quod
1068 1571 1175 1610 inter
1204 1571 1463 1610 Probationes
1492 1570 1678 1609 historiae
1710 1570 1918 1608 Chastene-

213 1632 375 1679 riorum,
406 1647 445 1682 p.
478 1631 540 1680 69,
571 1631 714 1670 retulit
743 1631 928 1670 Andreas
961 1631 1231 1679 Duchesnius,
1262 1639 1304 1669 et
1332 1645 1503 1670 uxorem
1531 1630 1680 1668 habuit
1711 1630 1918 1668 Joannam

213 1691 261 1729 de
300 1691 529 1729 Pruilliaco.
571 1690 731 1728 Habuit
766 1698 979 1741 praeterea
1017 1690 1345 1741 archiepiscopus
1383 1689 1510 1729 alium
1547 1689 1718 1728 fratrem
1754 1688 1918 1727 nomine

214 1751 383 1789 Petrum
402 1750 603 1789 decanum
619 1750 759 1788 Sancti
774 1750 967 1789 Germani
982 1749 1350 1788 Autissiodorensis
1369 1757 1410 1788 et
1427 1749 1672 1799 magistrum
1687 1748 1919 1786 libellorum

214 1810 445 1860 supplicum
462 1809 504 1847 in
528 1809 650 1859 regia,
671 1809 740 1859 qui
765 1824 805 1848 se
827 1809 885 1847 ait
910 1824 994 1847 esse
1014 1809 1185 1848 fratrem
1202 1817 1243 1847 et
1267 1809 1400 1847 solum
1415 1809 1607 1847 heredem
1625 1806 1919 1858 archiepiscopi

212 1869 255 1906 in
301 1869 481 1918 quodam
522 1869 799 1907 instrumento
838 1868 949 1907 edito
983 1868 1090 1906 inter
1119 1868 1378 1906 Probationes
1412 1868 1597 1905 historiae
1637 1864 1920 1905 Cardinaliam

221 1928 435 1975 Gallorum,
448 1943 486 1978 p.
508 1928 595 1967 611.
617 1928 671 1965 Et
688 1936 831 1966 tamen
847 1928 1031 1966 Andreas
1052 1927 1307 1966 Duchesnius
1333 1927 1440 1965 inter
1457 1926 1716 1965 Probationes
1735 1925 1920 1963 historiae

215 1987 571 2035 Cliastenerioram,
590 2002 629 2037 p.
653 1987 714 2035 71,
740 1987 865 2025 refert
895 1995 1136 2037 excerptum
1162 2002 1211 2025 ex
1238 1987 1419 2037 quodam
1442 1986 1572 2025 veteri
1601 1986 1762 2035 Rege-sto
1787 1985 1918 2035 parla-

215 2046 343 2085 menti
374 2046 624 2094 Parisiensis,
650 2046 691 2084 in
712 2060 793 2096 quo
822 2044 1049 2085 Ademarus
1080 2045 1252 2085 Roberti
1275 2046 1389 2085 miles
1416 2060 1524 2084 anno
1550 2042 1918 2083 MCCCLXXXIV

214 2106 454 2144 nominatur
484 2107 597 2145 heres
636 2113 678 2144 et
714 2120 840 2156 nepos
875 2105 1070 2144 Ademari
1111 2105 1283 2145 Roberti
1321 2104 1617 2156 archiepiscopi
1659 2102 1915 2142 Senonensis.

218 2165 295 2213 Qui
325 2165 491 2214 quidem
520 2165 747 2204 Ademarus
785 2165 951 2203 videtur
978 2173 1195 2215 propterea
1225 2164 1347 2203 fuisse
1387 2164 1492 2202 filius
1520 2163 1718 2202 Bernardi
1749 2161 1919 2200 Roberti

217 2233 258 2262 et
279 2225 464 2262 Joannae
486 2224 533 2262 de
555 2224 784 2263 Pruilliaco.

272 2284 315 2321 P
335 2283 423 2331 243,
440 2284 507 2333 lig.
526 2283 561 2322 3.
583 2283 818 2321 GERALDUS
839 2298 894 2320 DE
916 2283 1131 2321 GUARDIA.
1149 2283 1315 2321 Certum
1334 2297 1385 2321 ex
1401 2283 1478 2320 hoc
1496 2282 1531 2321 ei
1550 2296 1701 2321 nomen
1718 2281 1854 2328 fuisse,
1873 2288 1921 2317 ut

220 2350 383 2380 constat
410 2343 536 2382 etiam
558 2357 608 2381 ex
633 2342 786 2380 missali
814 2342 985 2380 Joannis
1014 2342 1170 2380 Jofrevi
1197 2341 1376 2392 episcopi
1401 2340 1672 2380 Anieiensisss.
1702 2341 1756 2378 Et
1779 2348 1920 2379 tamen

219 2410 377 2440 certum
402 2402 529 2440 etiam
565 2410 627 2440 est
660 2402 778 2440 illum
802 2401 924 2439 fuisse
960 2409 1157 2440 vocaturn
1182 2401 1405 2440 Geraldum
1437 2401 1485 2439 de
1523 2400 1716 2447 Domaro,
1754 2399 1837 2437 sive
1873 2398 1921 2436 de

219 2460 454 2499 Daumario.
485 2461 529 2498 ln
547 2475 675 2511 parvo
695 2460 846 2511 quippe
863 2461 1064 2498 Pastorali
1084 2461 1262 2510 episcopi
1286 2460 1435 2508 Paris„
1461 2460 1529 2498 fol.
1562 2459 1650 2507 282,
1674 2432 1781 2497 iriter
1795 2465 1921 2496 testes

220 2520 436 2569 cujusdam
450 2520 714 2559 instrumenti
730 2519 870 2570 scripti
887 2534 995 2557 anno
1011 2519 1310 2566 MCCCXXVI,
1325 2519 1367 2557 in
1382 2519 1503 2558 domo
1520 2518 1690 2556 Joannis
1711 2516 1921 2563 Haudrici,

223 2578 320 2616 civis
338 2579 587 2626 Parisiensis,
612 2579 850 2617 nominatur
864 2578 996 2629 primo
1021 2579 1109 2617 loco
1131 2579 1257 2617 frater
1273 2578 1470 2616 Geraldus
1497 2578 1544 2616 de
1567 2578 1745 2616 Domaro
1771 2575 1921 2615 ordinis

223 2637 397 2676 fratrum
430 2638 777 2676 Praedicatorum.
813 2638 1027 2676 Praeterea
1059 2638 1099 2675 in
1130 2637 1260 2676 veteri
1302 2637 1438 2676 codice
1469 2651 1542 2675 ms
1560 2637 1736 2674 fratrum
1760 2634 1922 2673 Praedi-

224 2704 409 2733 catorum
426 2697 594 2735 Folosae
621 2698 833 2746 sequentia
856 2697 1007 2747 sciipta
1034 2705 1130 2734 sunt
1156 2696 1411 2746 antiquitus:
1440 2696 1619 2733 Fratrem
1647 2695 1857 2743 Geraldum
1881 2693 1925 2730 cle

221 2754 394 2792 Domaro
422 2742 662 2803 burensem,
693 2770 734 2792 01
738 2756 845 2793 (linis
872 2756 1041 2804 fratrum
1070 2756 1380 2802 Predicatoram,
1403 2755 1637 2803 magistram
1665 2754 1707 2791 111
1734 2752 1925 2802 theologia

225 2814 412 2851 Paris-ius
419 2823 659 2864 ,assumpsit
680 2815 723 2851 111
743 2815 941 2864 presbyter
944 2829 1011 2852 um
1032 2815 1273 2852 cardinalem
1293 2787 1398 2851 titali
1421 2814 1560 2851 Sancte
1579 2813 1726 2851 Sabine
1741 2812 1925 2850 dominas

226 2871 403 2909 Clemens
424 2888 532 2922 papa
558 2873 617 2910 VI
636 2873 798 2911 sabbato
821 2873 863 2910 in
889 2874 1059 2923 jejuniis
1080 2881 1244 2923 quatuor
1264 2881 1481 2922 temporam
1509 2880 1596 2922 post
1621 2872 1763 2921 festam
1783 2871 1926 2908 exalta-

275 3007 305 3039 ·l.
332 3008 369 3040 Β.
398 3008 452 3047 Ν,
477 3020 543 3040 ms.
567 3008 661 3040 latin
683 3008 786 3041 4271.

279 3064 307 3092 2.
335 3060 488 3102 Dcprcz,
515 3061 689 3094 Imzocent
714 3061 779 3101 VI,
804 3073 838 3094 11.
864 3062 943 3095 127.

276 3114 306 3145 3.
328 3113 474 3152 Baluzo,
496 3119 588 3153 1.1v‚
609 3126 641 3156 p.
667 3114 741 3147 119.
