2083 3458
289 240 367 280 194
933 250 1084 276 NOTAE
1118 249 1178 274 AD
1214 247 1341 273 VITAS
1862 231 1991 287 [699]

344 340 385 376 P.
420 338 505 378 135.
544 337 608 386 lig.
650 336 710 374 22.
741 336 1005 372 BRABANTIA.
1049 334 1104 370 La
1143 332 1292 370 femme
1331 331 1379 369 de
1420 331 1606 382 Philippe
1650 331 1712 368 III
1751 339 1920 369 mourut
1957 332 1993 370 le

295 398 337 435 lO
355 397 514 446 janvier
536 396 633 434 1322
657 394 914 444 {Biogrccpliie
935 392 1133 430 nationale
1152 391 1196 428 de
1216 390 1416 440 Belgique,
1437 398 1467 429 t.
1490 405 1575 438 xm,
1594 405 1634 441 p.
1659 390 1762 437 704).

345 457 383 494 Ρ.
416 456 501 498 135,
529 455 594 504 lig.
625 454 685 492 28.
727 454 841 490 ΡΑΡΑ
883 465 1168 490 COMMISERAT.
1210 450 1482 488 Vehementer
1521 450 1673 487 erravit
1711 450 1754 487 in
1792 450 1867 487 hoc
1905 450 1993 487 loco

289 516 466 553 Joannes
490 513 736 552 Parisiensis.
762 513 921 549 Extant
942 511 1050 549 enim
1069 510 1111 547 in
1132 509 1299 547 archivo
1319 509 1430 558 regio
1451 509 1667 547 Parisiensi
1686 509 1698 531 1
1721 517 1814 546 acta
1835 508 1994 558 integra

287 575 403 611 istius
426 572 739 617 controversiae,
762 586 810 609 ex
833 571 979 620 quibus
1002 577 1113 607 certo
1135 568 1338 618 colligitur
1359 568 1408 606 de
1429 582 1475 606 ea
1498 568 1735 618 cognovisse
1757 568 1995 618 episcopum

292 633 555 671 l’arisiensem
583 631 833 669 auctoritate
864 629 1081 675 ordinaria,
1112 642 1194 665 non
1223 642 1320 665 vero
1349 627 1549 677 delegata,
1581 635 1622 665 et
1651 627 1889 677 adjunxisse
1919 627 1994 664 sihi

289 693 504 733 Joannem,
528 691 763 740 episcopum
784 690 1129 734 Bellovacensem,
1153 695 1194 725 et
1216 686 1463 725 Gaufridum
1484 686 1532 725 de
1563 686 1753 735 Plesseyo
1788 686 1996 723 notarium

288 750 571 800 apostolicum,
597 749 765 786 notariis
790 762 909 798 porro
933 747 974 784 in
999 760 1044 785 ea
1070 746 1326 784 discutienda
1359 760 1480 784 usum
1504 745 1660 784 Amisio
1685 745 1795 783 (licto
1819 745 1854 783 le
1881 745 1997 783 Ratis

288 810 335 847 (16
374 808 615 855 Aurelianis,
656 808 810 846 decano
849 805 1077 853 parisiensi,
1116 813 1158 843 et
1195 805 1412 844 Guillelmo
1450 805 1498 843 de
1536 805 1760 852 Morcento,
1800 804 1996 842 canonico

286 867 559 906 Laudunensi.
597 868 709 914 Quae
744 866 880 903 onmia
914 878 1034 903 nemo
1071 879 1154 902 non
1194 865 1310 903 videt
1350 865 1468 914 longe
1503 864 1654 902 distare
1697 878 1720 901 a
1760 864 1996 901 narratione

289 927 468 965 Joannis.
499 927 552 963 Et
576 934 717 964 tamen
735 926 848 963 illam
873 924 1093 962 confirmat
1118 923 1382 962 continuator
1404 923 1554 973 Nangii
1578 923 1711 962 editus
1735 923 1780 973 [t.
1806 921 1997 972 11‚p.39].¹

289 987 351 1023 lix
375 1000 454 1035 quo
486 999 627 1035 capere
669 985 764 1022 licet
803 984 1085 1034 conjecturam
1127 997 1218 1021 eam
1256 983 1411 1021 famam
1440 991 1531 1020 tum
1573 983 1695 1020 fuisse
1738 996 1923 1032 sparsam
1954 982 1996 1019 in

288 1046 444 1094 vulgus.
1049 1083 1051 1085 .

341 1105 382 1142 Ρ.
417 1103 504 1150 136,
534 1103 599 1152 lig.
630 1103 665 1141 8.
701 1103 764 1139 DE
797 1116 934 1139 FONTE
967 1115 1221 1139 LEVAVERAT
1252 1116 1413 1140 REGEM.
1445 1102 1596 1139 Contra
1627 1101 1820 1139 Albertus
1843 1100 1995 1150 Argen-

288 1163 471 1210 tinensis,
493 1177 532 1212 p.
558 1162 646 1209 211,
669 1162 728 1199 ait
750 1170 926 1200 matrem
948 1161 1123 1211 reginae,
1148 1175 1241 1199 611111
1263 1161 1499 1199 accessisset
1513 1161 1565 1199 ad
1587 1174 1737 1210 regem,
1754 1160 1788 1198 ei
1811 1159 1962 1197 dixisse
1986 1174 1994 1197 ε

288 1221 463 1269 Ρεσεανί,
486 1221 654 1269 domine,
675 1221 847 1270 jungens
879 1220 1025 1271 [vobis]
1050 1219 1305 1257 matrimonio
1337 1220 1465 1270 filiam
1486 1234 1625 1268 meam,
1649 1234 1766 1270 quam
1787 1227 1897 1269 pater
1917 1232 1996 1256 ves-

287 1288 341 1318 ter
364 1281 407 1318 de
429 1295 539 1318 sacro
561 1281 666 1329 fonte
689 1280 838 1318 levavit.

341 1340 383 1378 P.
412 1339 497 1387 136,
522 1339 587 1389 lig.
615 1339 674 1377 11.
704 1339 988 1377 DISPENSATIO
1013 1353 1318 1377 PRETERMISSA.
1349 1339 1465 1377 Istud
1490 1338 1656 1389 quidem
1681 1337 1891 1387 objectum
1918 1336 1996 1374 fuit

288 1413 309 1436 a
327 1407 589 1449 procuratore
607 1399 727 1448 regio.
758 1399 813 1436 At
840 1398 1079 1447 Aymericus
1098 1398 1323 1446 Mazerant,
1351 1406 1593 1448 procurator
1618 1397 1794 1447 reginae,
1814 1396 1995 1446 negavit,

289 1466 328 1496 et
361 1458 541 1496 ostendit
571 1458 727 1496 bullam
759 1457 1076 1508 dispensationis
1105 1471 1128 1495 a
1158 1457 1365 1496 Clemente
1398 1458 1432 1494 V
1451 1457 1465 1479 ²
1497 1471 1732 1496 concessam
1762 1470 1866 1506 quae
1898 1468 1994 1493 vera

289 1525 387 1555 erat.
411 1517 488 1555 Sed
509 1517 731 1555 adversarii
752 1517 919 1555 aiebant
938 1517 1051 1554 illam
1072 1531 1155 1555 esse
1177 1517 1480 1567 subreptitiam,
1502 1517 1686 1566 adeoque
1707 1517 1876 1562 nullam,
1900 1514 1994 1564 quia

290 1577 419 1614 multa
440 1576 541 1614 falso
562 1577 748 1626 exposita
769 1576 933 1614 fuerant
954 1576 1165 1614 Clementi.

343 1636 384 1673 Ρ.
422 1635 508 1683 136,
541 1635 607 1685 lig.
644 1636 703 1674 12.
740 1636 1067 1674 SENTENTIAVIT.
1106 1636 1236 1673 Extat
1267 1635 1308 1673 in
1333 1635 1476 1674 eodem
1509 1635 1676 1673 archivo
1709 1635 1816 1684 regio
1836 1633 1850 1656 3
1884 1633 1995 1671 bulla

291 1695 460 1732 Joannis
494 1694 634 1742 XXII,
667 1695 782 1744 cujus
811 1695 932 1732 isthic
963 1694 1131 1743 mentio,
1163 1695 1261 1732 data
1291 1694 1494 1733 Avenioni
1524 1709 1596 1732 xlv
1626 1695 1705 1733 kal.
1735 1693 1855 1743 junii,
1886 1706 1994 1730 anno

289 1761 405 1791 sexto
434 1753 498 1803 [19
516 1754 596 1791 mai
617 1753 755 1804 1322]‚
785 1768 865 1804 qua
892 1754 1143 1792 sententiam
1161 1754 1329 1792 divortii
1356 1754 1464 1792 inter
1480 1754 1589 1804 ipsos
1615 1752 1918 1804 pronuntiavit,
1954 1759 1995 1789 et

289 1813 585 1851 sententialiter
615 1813 840 1851 declaravit
870 1813 1028 1851 dictum
1057 1813 1369 1851 matrimonium
1398 1814 1556 1851 nullum
1586 1827 1669 1851 esse
1699 1827 1771 1850 nec
1802 1812 1925 1850 fuisse
1946 1810 1995 1849 de

287 1872 388 1920 jure,
416 1872 497 1921 regi
525 1881 565 1910 et
591 1872 752 1921 reginae
780 1880 820 1910 et
847 1887 988 1910 eorum
1016 1873 1183 1910 cuilibet
1207 1873 1447 1923 impertiens
1474 1872 1684 1910 licentiam
1711 1872 1763 1909 ad
1790 1879 1888 1909 vota
1916 1870 1994 1908 alia

291 1931 540 1977 transeundi,
561 1931 748 1981 praefato
768 1932 1032 1970 matrimonio
1053 1946 1134 1969 non
1155 1932 1361 1970 obstante.
1386 1932 1560 1970 Karolus
1581 1945 1676 1981 ergo
1694 1931 1795 1969 liber
1815 1930 1935 1968 duxit
1953 1929 1995 1967 in

290 1990 597 2027 matrimonium
624 1990 797 2028 Mariam
825 1991 872 2028 de
901 1991 1191 2040 Luxemburgo
1208 1991 1222 2013 4
1251 1991 1378 2029 filiam
1407 1990 1572 2029 Henrici
1599 1990 1693 2038 VII,
1720 1989 1992 2040 imperatoris.

288 2049 467 2086 Blancha
497 2064 593 2087 vero
621 2050 943 2088 sanctimonialis
972 2050 1117 2088 effecta
1146 2059 1207 2088 est
1234 2050 1345 2100 apud
1374 2050 1703 2097 Malumdunum,
1733 2050 1803 2087 ubi
1832 2057 1995 2087 mortua

289 2116 329 2145 et
356 2108 515 2157 sepulta
543 2117 603 2146 est
620 2108 647 2147 5.
678 2109 778 2147 Vide
808 2110 1012 2147 Joannem
1039 2110 1275 2157 Villanium,
1310 2110 1380 2148 lib.
1422 2109 1495 2157 IX,
1524 2123 1611 2159 cap.
1642 2123 1728 2147 xvn
1767 2108 1995 2159 [Muratori,

290 2175 317 2204 t.
347 2181 431 2214 xm,
460 2168 531 2205 601.
561 2168 676 2217 523],
702 2168 916 2216 Bzovium,
944 2182 1008 2206 an.
1039 2168 1152 2216 1322,
1187 2169 1203 2217 ἓ
1231 2169 1292 2216 17,
1321 2169 1603 2219 Spondanum,
1631 2168 1719 2206 eod.
1749 2182 1829 2215 an.,
1863 2167 1879 2216 ἓ
1906 2168 1928 2206 3
1955 2175 1996 2206 et

290 2225 510 2263 (⁷)d0ricum
539 2226 816 2276 Raynaldum,
846 2228 933 2265 eod.
963 2241 1042 2275 an.,
1080 2227 1095 2276 ἓ
1124 2228 1185 2266 29.

344 2284 498 2322 Eodem
525 2300 620 2323 vero
648 2294 832 2336 tempore
860 2301 940 2336 quo
967 2301 1075 2337 papa
1103 2287 1353 2325 sententiam
1380 2287 1548 2333 divortii
1574 2286 1864 2337 pronuntiavit
1890 2286 1996 2330 inter

290 2357 424 2391 regem
455 2352 496 2381 et
526 2345 708 2398 reginam
738 2353 906 2395 propter
938 2345 1164 2396 simplicem
1196 2346 1600 2397 compaternitatem,
1633 2345 1747 2383 dedit
1779 2345 1996 2383 materiam

292 2402 481 2440 irridendi
512 2403 572 2441 his
604 2404 672 2453 qui
702 2419 837 2442 rerum
867 2405 1143 2442 humanarum
1172 2405 1349 2443 ludibria
1378 2413 1567 2455 pensant.
1603 2405 1714 2443 Haec
1744 2413 1839 2443 sunt
1870 2404 1996 2442 verba

292 2461 460 2499 loannis
494 2462 712 2510 Hocsemii,
744 2471 772 2501 t.
803 2478 844 2511 11,
867 2478 904 2513 p.
928 2463 1003 2501 367
1030 2480 1036 2502 :
1069 2464 1152 2513 Quo
1177 2473 1345 2514 tempore
1367 2465 1500 2514 plures
1529 2464 1706 2501 Parisiis
1735 2476 1863 2513 papae
1892 2463 1998 2512 faeta

292 2521 456 2557 multum
489 2522 685 2559 contraria
718 2522 947 2561 deriserunt.
983 2522 1092 2560 Nam
1125 2523 1287 2573 quidam
1319 2524 1543 2561 ditissimus
1575 2523 1679 2572 regis
1712 2522 1995 2569 thesaurarius,

291 2579 415 2615 dictus
441 2579 623 2627 Billuart,
649 2589 688 2618 ut
710 2595 798 2618 cum
820 2583 990 2631 quadam
1016 2582 1073 2619 bis
1096 2591 1302 2620 commatre
1322 2597 1397 2620 sua
1419 2583 1655 2620 contraheret
1674 2596 1805 2619 secum
1827 2581 1998 2620 obtinuit

344 2742 367 2773 l.
404 2742 546 2782 lssaluze,
576 2749 600 2776 t.
627 2755 677 2783 111,
706 2756 739 2787 p.
768 2745 848 2777 356.

340 2796 367 2825 ζ’,
402 2795 547 2831 lssaluzc.
569 2803 592 2828 t.
612 2808 661 2836 111,
682 2808 715 2840 p.
735 2797 816 2830 364.

340 2851 368 2878 '¹‚.
405 2848 547 2886 Izalam,
569 2855 591 2881 t.
609 2862 658 2888 111,
678 2862 710 2892 p.
729 2851 809 2883 356.
850 2873 853 2875 Α

344 2902 370 2931 ἰ.
396 2901 489 2931 ,loun
517 2901 633 2933 XXII
659 2903 708 2934 lui
732 2904 895 2936 conceda
919 2916 990 2937 une
1016 2905 1186 2948 dispense
1211 2906 1254 2939 dc
1279 2906 1443 2950 mariage
1465 2907 1497 2939 16
1521 2907 1567 2939 30
1590 2905 1681 2938 aofit
1705 2905 1798 2938 1322
1826 2903 1994 2946 (Coulon,

293 2955 339 2985 ³1».
369 2953 480 2990 13071,
503 2955 750 2997 Auparavant
769 2956 791 2987 il
811 2956 861 2988 lui
882 2957 986 2990 avait
1006 2959 1127 2992 donne
1147 2960 1325 3002 quelques
1346 2960 1500 2993 conseils
1519 2971 1582 2992 sur
1599 2970 1671 2991 une
1691 2957 1861 2991 nouvelle
1880 2956 1997 2990 union

298 3016 341 3035 ἰι.
374 3006 485 3042 14:555.
516 3007 600 3039 Voir
622 3020 751 3040 6116016
775 3008 928 3049 Coulon,
953 3022 986 3043 n.
1012 3011 1230 3045 1510-1512.
1255 3012 1304 3045 Le
1328 3012 1491 3056 mariage
1514 3018 1579 3046 eut
1608 3011 1681 3044 lieu
1712 3012 1744 3044 le
1768 3012 1808 3043 21
1834 3017 1997 3054 septem-

296 3058 343 3087 luw
389 3059 485 3089 12¹»ssss

343 3112 371 3141 51.
399 3110 548 3152 l)‘:¹1=1·‹“·s
569 3113 599 3143 la
624 3115 766 3147 (frande
785 3115 1044 3159 Eticyclopedie
1060 3117 1125 3150 6116
1145 3125 1298 3152 mourut
1315 3131 1360 3151 en
1378 3119 1471 3152 '1326
1489 3119 1509 3151 ἒὶ
1526 3117 1782 3151 Maubuisson.
