2083 3458
118 196 269 251 [1042]
646 212 859 237 PAPARL'M
896 212 1279 238 szNJOM-:NSJUM
1720 199 1800 240 ’559

106 296 173 344 qui
199 304 310 333 erant
337 295 446 333 intus
473 295 662 342 conclave,
693 297 760 345 qui
787 310 873 333 cum
903 296 1003 334 dicto
1031 297 1189 334 domino
1217 298 1261 334 de
1288 298 1488 347 -lgrifolio
1515 300 1567 336 ad
1591 300 1801 348 fenestram

105 354 300 392 conclavis
331 362 585 402 accesserant,
617 355 733 391 verba
764 369 835 404 que
866 355 1115 393 continentur
1157 356 1199 393 in
1240 356 1347 393 Casu
1380 358 1498 407 (quod
1543 358 1624 395 nisi
1667 359 1800 396 statim

103 413 190 451 sine
210 413 347 463 aliqua
368 427 476 450 mora
496 412 680 462 eligerent
695 413 921 451 Romanum
938 415 995 452 vel
1018 414 1232 463 Ytalicum,
1253 430 1385 452 omnes
1406 416 1559 453 domini
1580 417 1802 455 cardinales

104 481 215 510 erant
242 472 285 509 in
311 472 516 521 periculo),
545 480 579 509 et
604 472 741 521 pejora
767 473 929 510 dicendo
956 473 1057 522 quod
1082 487 1153 522 pro
1180 483 1323 523 quanto
1351 475 1625 513 desiderabant
1649 476 1801 513 salvare

104 532 224 569 vitam
248 545 376 579 suam,
405 545 484 567 non
509 539 635 568 essent
658 531 750 568 ausi
775 531 914 580 eligere
940 532 997 569 vel
1022 532 1227 569 nominare
1252 533 1422 582 aliquem
1449 535 1798 582 ultramontanum,

103 590 171 627 sed
189 590 303 639 juxta
325 589 553 640 petitionem
574 589 716 639 populi
738 590 923 638 eligerent
945 590 1170 627 Romanum
1193 592 1250 628 vel
1277 591 1476 630 Ytalicum
1499 601 1532 630 et
1552 607 1592 630 se
1615 593 1657 630 in
1679 593 1799 631 conti·

106 649 214 687 nenti
248 648 485 698 expedirent.
514 648 566 686 Et
601 648 702 686 idem
730 648 915 686 dominus
944 650 1162 687 cardinalis
1192 651 1236 687 de
1261 651 1474 700 AgrzfsoliO,
1505 652 1656 690 auditis
1685 652 1800 690 dictis

105 707 244 756 verbis,
270 707 411 746 redivit
434 707 485 745 ad
508 707 742 755 cardinales,
769 708 837 757 qui
860 708 1045 745 sedebant
1071 708 1113 745 in
1137 710 1300 758 capella,
1326 718 1360 747 et
1383 710 1558 748 recitavit
1582 711 1696 749 verba
1719 710 1800 748 sibi

107 766 223 814 dicta,
245 767 394 804 addens
417 782 424 804 ε
453 766 532 803 Vos
553 766 692 804 videtis
713 765 935 815 periculum
958 766 1000 803 in
1022 781 1095 816 quo
1115 782 1266 806 sumus.
1291 768 1398 818 Quid
1419 769 1618 818 fiendum?
1638 770 1689 807 Et
1709 778 1800 807 tunc

106 826 206 866 inter
224 839 294 863 nos
311 825 449 864 habita
465 825 634 875 aliquali
653 825 870 873 collatione,
888 825 1053 863 volentes
1070 834 1293 864 nostrarum
1308 842 1568 876 personarum
1587 829 1800 866 imminens

103 884 298 922 evidenter
321 884 464 922 evitare
489 884 723 934 periculum,
751 884 899 922 dictum
922 884 1002 932 fuit
1026 898 1095 933 per
1121 885 1300 922 dominos
1323 886 1544 924 cardinales
1579 888 1679 937 quod
1711 901 1798 937 pro-

105 943 318 982 mitteretur
338 943 532 981 Romanis
554 944 655 993 quod
671 943 786 992 jumta
801 957 933 980 eorum
955 943 1249 992 requisitionem
1267 953 1300 981 et
1314 946 1538 994 petitionem
1555 946 1797 995 eligeremus,

105 1011 146 1040 ut
168 1002 362 1053 petebant,
387 1002 534 1040 scilicet
557 1003 785 1040 Romanum
809 1003 867 1039 vel
896 1002 1107 1040 Ytalicum.
1132 1003 1183 1040 Et
1206 1011 1298 1040 tunc
1322 1004 1506 1041 dominus
1531 1005 1575 1041 (le
1600 1005 1800 1054 .›lgrijolio

103 1061 205 1100 dizit
219 1076 231 1099 .·
247 1061 420 1099 Domine
438 1061 678 1109 Florentine,
699 1075 764 1099 vos
782 1061 875 1098 estis
892 1061 1003 1110 prior
1022 1069 1159 1099 noster.
1187 1061 1351 1100 Vadatis
1369 1064 1421 1100 ad
1436 1063 1664 1111 jaciendum
1683 1065 1800 1102 istam

102 1120 406 1170 promissionem
437 1119 644 1159 Romanis,
680 1120 758 1170 Qui
791 1119 977 1158 dominus
1009 1119 1265 1158 Florentinus
1297 1122 1498 1170 respondit
1531 1138 1537 1159 :
1573 1122 1681 1161 Certe
1712 1137 1799 1174 pro·

101 1179 332 1217 missionem
360 1179 477 1218 istam
507 1194 585 1216 non
612 1179 773 1228 faciam.
804 1179 955 1226 Primo,
987 1179 1081 1228 quia
1108 1188 1163 1216 est
1191 1180 1396 1229 manifeste
1424 1190 1556 1218 contra
1585 1181 1799 1219 libertatem

101 1247 285 1278 nostram.
315 1238 506 1286 Secundo,
535 1239 630 1288 quia
653 1252 722 1287 ego
750 1238 842 1275 bene
865 1252 1020 1288 possem
1044 1239 1266 1288 promittere
1291 1253 1382 1285 rem,
1411 1254 1480 1289 quc
1504 1240 1540 1277 si
1570 1255 1648 1277 non
1672 1241 1798 1278 obser-

100 1306 254 1335 varetur
284 1297 491 1345 Romanis,
525 1298 735 1335 inciderem
768 1297 810 1334 in
839 1296 1061 1346 periculum
1093 1297 1166 1334 vite
1197 1311 1286 1336 mee.
1321 1297 1405 1348 Quo
1435 1313 1619 1347 responso
1649 1299 1797 1346 audito,

101 1357 241 1394 iterum
265 1356 413 1395 dictum
434 1356 513 1405 fuit
537 1357 639 1406 quod
662 1356 782 1394 iretur
805 1356 858 1393 ad
877 1356 1103 1405 faciendam
1127 1356 1270 1394 dictam
1294 1358 1608 1406 promissionem.
1635 1358 1685 1396 Et
1708 1367 1799 1396 tunc

102 1415 288 1453 dominus
321 1416 366 1453 de
399 1415 600 1465 Agrisolio
634 1416 777 1465 recepit
810 1429 879 1464 per
913 1429 1076 1452 manum
1109 1415 1317 1453 sinistram
1352 1430 1409 1452 me
1443 1416 1731 1465 Florentinum,
1767 1425 1800 1454 et

101 1475 287 1512 dominus
318 1475 493 1513 Jacobus
522 1474 566 1512 de
600 1474 763 1512 Ursinis
791 1474 935 1524 recepit
962 1489 1031 1524 per
1060 1488 1220 1511 manum
1253 1475 1444 1523 dextr-anm
1474 1484 1508 1512 et
1540 1475 1713 1523 fecerunt
1741 1489 1799 1512 me

99 1548 259 1583 surgere
287 1548 312 1571 a
340 1533 521 1581 sedendo,
552 1533 746 1571 trahentes
777 1547 835 1571 me
863 1547 995 1570 secum
1024 1541 1058 1570 et
1083 1534 1263 1571 ducentes
1283 1534 1335 1571 ad
1353 1533 1563 1582 fenestram
1584 1534 1797 1580 conclavis3

100 1593 212 1642 apud
227 1607 344 1642 quam
359 1593 560 1631 stantibus
577 1593 721 1630 eisdem
739 1592 913 1630 dominis
931 1592 974 1629 de
992 1593 1023 1629 A
1034 1592 1192 1641 grisolio
1209 1601 1243 1630 et
1259 1593 1303 1630 de
1326 1593 1500 1640 Ursinis,
1518 1602 1552 1631 et
1567 1594 1714 1642 populo
1732 1593 1798 1643 qui

99 1660 182 1690 erat
204 1651 247 1689 in
269 1652 364 1689 aula
384 1660 536 1689 armato
558 1660 593 1690 et
614 1651 804 1689 clamanti
826 1651 1064 1689 tumultuose
1086 1660 1120 1689 et
1141 1666 1230 1689 cum
1250 1651 1383 1700 furore
1405 1652 1550 1701 petenti
1572 1652 1798 1689 Romanum

102 1711 159 1748 vel
187 1711 400 1758 Ytalicum,
425 1711 528 1748 sicut
550 1725 688 1760 supra,
715 1710 859 1748 dictam
882 1710 1187 1760 promissionem
1209 1711 1383 1759 fecerunt
1406 1726 1477 1760 pro
1497 1720 1606 1760 parte
1630 1711 1794 1760 collegii.

101 1770 186 1818 Ego
214 1784 300 1807 vero
329 1769 586 1808 Florentinus
615 1770 841 1820 aliqualiter
870 1783 929 1806 me
957 1769 1118 1818 retracti,
1147 1769 1282 1806 nolens
1320 1769 1444 1807 dicere
1481 1770 1595 1807 verba
1623 1770 1797 1819 predicta

101 1829 306 1867 Romanis.
350 1828 489 1866 Verbis
523 1837 654 1866 autem
688 1829 804 1867 dictis
838 1837 872 1867 et
905 1828 1170 1878 promissione
1211 1828 1317 1877 sacta
1352 1843 1421 1878 per
1463 1829 1583 1866 dictos
1619 1829 1797 1866 dominos

101 1887 323 1926 cardinales
355 1889 399 1925 de
430 1888 632 1938 Agrifolio
663 1896 697 1926 et
728 1888 772 1925 de
810 1887 985 1934 Ursinis,
1020 1902 1078 1924 me
1110 1887 1340 1925 Florentino
1382 1888 1578 1934 audiente,
1613 1902 1682 1924 nos
1723 1896 1797 1925 tres

99 1947 315 1984 redivimus
340 1948 393 1984 ad
417 1947 518 1984 alios
545 1947 779 1995 cardinales,
807 1955 841 1984 et
868 1946 1094 1983 invenimus
1121 1947 1222 1996 quod
1246 1955 1498 1984 surrexerunt
1523 1962 1548 1984 a
1572 1947 1737 1984 sedendo
1763 1954 1797 1984 et

100 2006 212 2044 ibant
227 2020 296 2056 per
311 2006 516 2056 capellam.
536 2007 588 2044 Et
602 2007 660 2044 sic
678 2006 721 2043 in
736 2014 856 2053 motu,
875 2006 1002 2043 eundo
1020 2020 1152 2042 versus
1169 2006 1302 2052 altare,
1322 2005 1507 2042 dominus
1522 2005 1566 2043 de
1581 2005 1793 2054 Agrijolio,

99 2064 167 2114 qui
191 2073 225 2103 et
250 2065 435 2102 dominus
460 2065 751 2103 Lemovicensis
775 2073 865 2102 ante
891 2065 1114 2113 ingressum
1140 2064 1335 2102 conclavis
1356 2065 1489 2114 plures
1509 2064 1689 2101 dominos
1713 2079 1794 2101 car-

99 2124 252 2161 dinales
283 2124 595 2162 ultramontanos
623 2132 658 2162 et
690 2124 866 2162 Ytalicos
895 2132 1127 2172 rogaverant
1156 2123 1257 2173 quod
1280 2123 1446 2173 placeret
1469 2124 1526 2160 eis
1551 2123 1642 2160 dare
1669 2137 1794 2160 vocem

97 2197 214 2220 suam
237 2182 465 2221 Vivariensi
485 2184 543 2221 vel
554 2183 794 2231 Pictavensi,
813 2183 1047 2220 mentionem
1064 2182 1155 2231 fecit
1174 2182 1218 2219 de
1233 2182 1415 2229 Barensi,
1435 2196 1513 2219 non
1527 2190 1656 2219 tamen
1674 2181 1794 2219 michi

99 2241 342 2288 Florentino,
362 2250 397 2280 et
415 2242 517 2280 discit
534 2243 669 2280 statim
689 2256 701 2280 .·
727 2242 761 2278 V
763 2243 943 2288 adamus,
966 2242 1158 2278 vadamus·
1176 2241 1228 2278 ad
1245 2241 1470 2288 sedendum,
1486 2249 1520 2278 et
1537 2240 1794 2290 expediamus

100 2315 181 2340 nos.
209 2301 261 2338 Et
285 2301 459 2338 dominis
483 2301 759 2339 cardinalibus
784 2300 968 2350 repositis
992 2300 1044 2337 ad
1074 2300 1300 2347 sedendum,
1337 2299 1380 2336 in
1413 2299 1628 2337 continenti
1653 2299 1754 2337 discit
1778 2312 1791 2336 .·

95 2359 266 2397 Domine
291 2359 531 2407 Florentino,
560 2360 771 2397 nominetis
797 2359 967 2409 aliquem
993 2359 1079 2405 cito,
1107 2359 1200 2408 quia
1222 2372 1300 2395 non
1321 2366 1376 2396 est
1395 2372 1495 2408 opus
1516 2358 1788 2396 dilationibus

101 2418 214 2456 Tunc
243 2433 312 2467 ego
343 2419 600 2457 Florentinus
640 2419 845 2456 nominavi
876 2418 1082 2455 dominum
1122 2417 1259 2455 Sancti
1290 2417 1411 2464 Petri,
1444 2416 1592 2454 liabens
1618 2416 1791 2454 conside—

97 2477 290 2515 rationem
319 2478 422 2528 quod
447 2487 529 2516 erat
555 2479 745 2528 antiquus
773 2478 817 2515 de
844 2477 1005 2526 collegio
1033 2485 1067 2514 et
1094 2477 1312 2523 Romanus,
1342 2476 1489 2512 addens
1514 2489 1527 2512 .·
1556 2475 1641 2524 Ego
1673 2475 1792 2512 etiam

98 2536 345 2574 nominarem
373 2551 498 2574 unum
526 2538 864 2580 ultramontanum
891 2537 934 2573 de
961 2536 1133 2583 collegio,
1161 2534 1197 2571 si
1225 2549 1303 2572 non
1329 2542 1426 2572 esset
1450 2534 1662 2583 promissio
1687 2534 1792 2582 sacta

95 2595 180 2642 jam
209 2595 403 2633 Romanis
431 2604 465 2633 et
494 2597 632 2633 modus
660 2605 695 2633 et
722 2595 839 2633 timor
866 2609 1011 2632 eorum.
1044 2594 1131 2644 Qua
1161 2593 1431 2630 nominatione
1458 2593 1575 2641 facta,
1607 2592 1791 2629 dominus

96 2654 386 2692 Lemovicensis
418 2654 640 2692 nominavit
669 2663 703 2693 et
732 2654 847 2703 elegit
879 2653 921 2690 in
952 2667 1102 2703 papam
1134 2652 1338 2689 dominum
1369 2651 1415 2690 B.
1450 2651 1791 2701 archiepiscopum

97 2713 325 2760 Barensem,
355 2721 390 2751 et
414 2713 692 2764 subsequenter
719 2712 940 2751 nominavit
966 2726 1055 2749 eum
1083 2711 1268 2749 dominus
1296 2710 1340 2747 de
1367 2710 1578 2759 Agrifolio.

154 2772 237 2810 Ista
257 2772 423 2822 quidem
441 2779 551 2811 certa
570 2772 777 2820 videntur,
796 2779 943 2822 utpote
961 2770 1112 2819 scripta
1131 2769 1183 2807 ab
1201 2784 1247 2808 eo
1267 2782 1347 2818 quo
1365 2769 1498 2806 nullus
1517 2768 1633 2806 testis
1651 2776 1790 2818 potest

97 2845 182 2869 esse
199 2831 457 2870 luculentior.
480 2831 535 2868 Et
552 2839 694 2869 tamen
711 2831 770 2869 ita
791 2831 839 2869 de
859 2829 1054 2869 electione
1073 2827 1379 2866 Bartholomaei
1397 2827 1590 2866 scribitur
1606 2827 1648 2865 in
1667 2827 1786 2877 depo-

95 2889 243 2929 sitione
265 2889 446 2928 Thomae
469 2889 517 2928 de
539 2889 711 2937 Acervo,
734 2888 912 2939 episcopi
936 2886 1122 2926 Lucerini
1145 2902 1153 2924 z
1177 2886 1303 2924 Adane
1334 2894 1464 2923 autem
1483 2885 1584 2935 facto
1605 2885 1789 2923 dominus

100 2948 289 2986 Bar-ensis
316 2949 456 2986 electus
486 2948 530 2985 in
556 2963 708 2998 papam
736 2947 846 2985 misit
874 2947 1021 2985 dictum
1052 2945 1242 2983 Thomam
1270 2945 1322 2982 ad
1349 2944 1560 2982 videndum
1588 2944 1684 2994 quid
1709 2951 1790 2982 erat

97 3007 142 3045 de
163 3007 337 3045 dominis
359 3007 635 3045 cardinalibus
656 3015 691 3045 et
712 3007 808 3056 quid
830 3005 1019 3044 diceretur
1042 3005 1084 3042 in
1113 3004 1227 3042 Urbe.
1254 3003 1332 3053 Qui
1356 3003 1438 3050 ivit,
1462 3011 1497 3041 et
1519 3003 1669 3041 invenit
1690 3004 1791 3053 quod

97 3066 232 3104 nullus
253 3074 335 3104 erat
355 3080 489 3103 rumor
512 3065 688 3105 ulterius.
714 3064 821 3103 Nam
844 3063 1017 3101 Romani
1039 3063 1231 3101 credentes
1252 3061 1391 3100 habere
1412 3075 1562 3111 papam
1584 3061 1789 3099 dominum
