2083 3458
266 227 346 268 154
918 238 1070 263 NOTAE
1105 237 1165 262 AD
1200 236 1328 261 vers
1851 218 1974 275 [667]

263 326 408 372 tiones,
434 338 607 374 quarum
630 324 697 361 alii
720 323 940 362 meminere
964 336 1056 360 cum
1078 319 1212 367 laude,
1236 332 1320 356 non
1340 332 1541 356 recenseo.
1567 317 1805 368 Onuphrius
1829 318 1980 356 Panvi-

263 386 352 422 nius
383 385 426 422 in
458 383 634 421 secunda
668 383 846 432 epitome
878 382 1007 420 tradit
1039 394 1132 418 eum
1165 378 1311 416 obiisse
1343 377 1554 415 Avenione
1574 391 1682 415 anno
1715 376 1977 416 MCCCXXI.

264 443 517 482 Contelorius
557 442 610 492 [p.
641 442 712 491 20]
744 442 861 479 addit
888 454 1070 479 mensem
1109 437 1390 476 novembrem.
1420 437 1619 474 Oldoinus
1659 437 1703 486 [t.
1731 451 1773 484 11,
1801 451 1840 486 p.
1877 435 1976 487 297]

264 518 359 542 vero
378 502 516 540 scribit
537 515 629 539 eum
646 501 726 539 illic
744 501 951 551 sepultum
969 500 1010 537 in
1029 497 1195 537 ecclesia
1216 498 1390 536 Sanctae
1409 496 1655 534 Catharinae
1675 497 1701 534 ¹.

317 562 453 600 Celsus
479 562 600 598 Faleo
622 560 663 598 in
686 560 790 597 libro
814 560 936 598 tertio
960 557 1165 596 Historiae
1188 556 1357 602 Bonon„
1381 570 1420 606 p.
1446 555 1536 602 319,
1560 555 1619 593 ait
1641 555 1906 593 Guillelmum
1929 555 1978 593 de

264 622 529 670 Mandagoto,
573 634 694 669 quem
735 627 859 657 vocat
901 618 1150 656 cardinalem
1193 616 1368 654 Sanctae
1410 615 1697 662 Potentianae,
1740 613 1978 665 episcopum

264 680 606 725 Avenionensem,
639 687 679 716 et
709 678 1031 717 referendarium
1060 690 1207 727 papae,
1240 674 1446 725 scripsisse
1477 674 1529 712 ad
1560 674 1668 712 cives
1698 673 1976 712 Bononienses

264 740 481 790 epistolam
505 752 644 776 eorum
666 738 787 775 laude
810 737 975 787 plenam
998 744 1046 773 ut
1069 749 1135 774 eos
1159 735 1392 773 stimularet
1414 733 1467 771 ad
1489 733 1814 783 recuperandam
1838 732 1978 771 Ferra—

264 799 379 841 riam,
412 812 515 847 quae
545 805 635 834 tum
665 805 752 835 erat
782 805 898 835 extra
929 795 1208 834 obedientiam
1236 793 1396 831 romani
1426 792 1652 831 Pontificis.
1686 792 1808 830 Errat
1837 799 1977 830 autem

265 858 413 896 Celsus.
435 857 621 907 Epistola
649 856 757 894 enim
773 856 855 903 illa,
876 869 980 905 quae
999 862 1116 893 extat
1144 854 1304 903 integra
1323 852 1434 903 apud
1453 851 1805 899 Ghirardaccium,
1825 851 1977 902 scripta

264 932 346 955 non
373 917 452 954 fuit
478 930 500 954 a
528 916 743 953 Guillelmo
771 915 1023 964 Mandagoto
1060 913 1265 952 cardinale
1293 911 1573 958 Praenestino,
1602 911 1672 949 sed
1711 925 1733 948 a
1761 910 1978 949 Guillelmo

264 976 462 1022 Arrufati,
486 975 728 1025 presbytero
753 974 957 1012 cardinale
981 973 1093 1011 tituli
1118 973 1155 1011 S.
1182 972 1455 1010 Potentianae
1480 979 1520 1009 et
1544 970 1700 1009 domini
1722 984 1855 1020 papae
1878 969 1978 1008 refe-

264 1035 464 1082 rendario,
487 1034 548 1071 uti
571 1034 728 1072 dictum
750 1042 811 1072 est
832 1048 968 1083 supra,
990 1048 1037 1083 p„
1054 1032 1141 1070 642.

318 1094 498 1144 Nepotes
522 1095 535 1116 2
559 1093 708 1131 habuit
736 1093 1000 1131 Guillelmum
1028 1092 1077 1130 de
1117 1091 1368 1141 Mandagoto
1400 1090 1639 1140 episcopum
1662 1089 1901 1127 Uticensem
1937 1096 1978 1126 et

265 1154 561 1200 Lodovensem,
605 1153 834 1190 Robertum
875 1152 1113 1202 episcopum
1154 1149 1463 1196 Massiliensem,
1505 1157 1546 1187 et
1588 1149 1807 1198 Hugonem
1846 1147 1980 1198 primo

263 1212 545 1263 praepositum
582 1212 932 1259 Ebredunensem,
969 1218 1113 1261 postea
1149 1224 1245 1248 vero
1282 1209 1521 1259 episcopum
1556 1208 1852 1246 Massiliensem
1886 1215 1981 1257 post

266 1272 507 1310 Robertum.
530 1272 593 1308 Ex
611 1271 754 1309 eadem
774 1271 900 1309 etiam
918 1271 1029 1308 haud
1050 1270 1172 1308 dubie
1192 1277 1311 1319 gente
1331 1268 1411 1306 fuit
1429 1268 1650 1306 Catherina
1670 1267 1719 1305 de
1739 1267 1980 1316 Mandagot,

264 1331 448 1381 religiosa
468 1331 661 1368 abbatiae
682 1330 730 1368 de
751 1331 1032 1380 Lampamone
1051 1330 1093 1367 in
1113 1328 1287 1367 dioecesi
1308 1327 1579 1374 Ruthenensi,
1599 1341 1664 1365 an.
1687 1325 1979 1373 MCCCXLVI,

263 1399 310 1428 ut
333 1398 451 1440 patet
476 1405 525 1428 ex
548 1390 677 1428 veteri
702 1390 794 1427 stilo
819 1389 1068 1440 parlamenti
1093 1387 1344 1435 Parisiensis,
1369 1402 1408 1437 p.
1435 1386 1523 1434 379,
1549 1386 1656 1424 inter
1680 1394 1835 1424 arresta
1860 1399 1980 1423 vene-

263 1450 381 1488 randi
401 1450 657 1487 Tolosatium
676 1449 939 1499 parlamenti.

317 1510 360 1547 P.
394 1509 454 1555 74,
484 1509 549 1558 lig.
582 1508 643 1547 23.
673 1508 986 1546 BERENGARIUS
1015 1508 1315 1553 BITERRENSIS,
1348 1513 1619 1555 cognomento
1651 1504 1826 1551 Fredoli,
1857 1518 1979 1554 quem

264 1568 449 1606 nonnulli
479 1569 583 1606 male
615 1567 877 1606 confundunt
908 1582 1000 1605 cum
1030 1575 1182 1617 patruo
1212 1566 1298 1615 ejus
1328 1564 1573 1614 Berengario
1605 1564 1796 1614 episcopo
1827 1563 1979 1601 Tuscu-

264 1628 370 1665 lano.
398 1628 490 1675 Iste,
507 1627 576 1677 qui
598 1627 911 1677 cognominatus
932 1634 993 1665 est
1011 1626 1162 1676 junior,
1179 1625 1258 1663 fuit
1279 1625 1498 1663 canonicus
1514 1632 1555 1662 et
1576 1623 1821 1661 camerarius
1845 1623 1979 1661 Eccle-

266 1687 346 1725 siae
367 1686 622 1725 Biterrensis.
647 1687 767 1724 Anno
789 1701 887 1724 vero
910 1685 1128 1732 MCCCIX,
1153 1685 1337 1723 extincto
1362 1684 1568 1721 Richardo
1593 1683 1765 1733 Nepotis
1789 1682 1980 1732 episcopo

264 1746 499 1793 Biterrensi,
530 1746 598 1796 qui
622 1754 810 1783 mortuus
834 1753 895 1784 est
921 1746 1118 1795 leprosus,
1136 1744 1170 1783 ei
1199 1743 1452 1782 substitutus
1472 1751 1533 1781 est
1555 1756 1577 1780 a
1606 1742 1816 1780 Clemente
1838 1742 1872 1779 V
1887 1741 1915 1789 3,
1939 1749 1980 1780 et

265 1806 315 1842 ab
347 1819 392 1843 eo
422 1813 566 1855 postea
597 1805 731 1843 factus
762 1813 824 1843 est
853 1805 1069 1855 presbyter
1109 1803 1325 1841 cardinalis
1356 1802 1468 1840 tituli
1511 1802 1757 1840 Sanctorum
1789 1800 1909 1839 Nerei
1939 1809 1980 1839 et

265 1864 447 1902 Achillei.
478 1865 579 1902 Erat
604 1872 695 1901 tum
721 1864 867 1902 absens
895 1878 917 1901 a
945 1864 1055 1902 curia
1081 1876 1265 1909 romana,
1294 1876 1419 1911 quam
1445 1869 1589 1911 postea
1615 1860 1790 1898 intravit
1817 1860 1880 1899 die
1908 1875 1980 1897 X1v

264 1924 442 1973 januarii
475 1923 615 1973 [1313]
640 1932 688 1961 ut
710 1924 830 1961 docet
851 1923 970 1960 Liber
991 1922 1281 1971 obligationum
1295 1921 1322 1959 4.
1349 1921 1505 1959 Deinde
1529 1921 1709 1958 Joannes
1734 1919 1864 1957 XXII
1886 1933 1980 1957 eum

266 1983 362 2020 fecit
387 1983 624 2033 episcopum
650 1983 921 2020 Portuensem
945 1996 1054 2020 anno
1080 1981 1360 2027 MCCCXVII,
1386 1988 1481 2030 post
1505 1987 1681 2017 mortem
1705 1978 1906 2017 Bernardi
1931 1978 1979 2016 de

266 2042 501 2080 Castaneto.
528 2042 648 2079 Anno
672 2042 934 2089 MCCCXIX,
961 2041 1023 2079 die
1049 2056 1106 2078 ΧΠ
1139 2040 1288 2078 mensis
1316 2039 1421 2089 julii,
1446 2039 1609 2089 scripsit
1632 2052 1714 2076 una
1740 2052 1832 2076 cum
1858 2038 1979 2076 Petro

267 2101 314 2138 de
339 2101 541 2150 Arrablay
565 2101 770 2139 cardinale
794 2101 846 2138 ad
871 2101 1017 2139 fratres
1042 2099 1282 2138 Carmelitas
1307 2106 1535 2137 conventus
1560 2097 1799 2136 Parisiensis
1821 2097 1870 2136 de
1895 2111 1979 2135 cor—

266 2174 362 2209 pore
390 2160 596 2198 Michaelis
625 2160 673 2198 de
698 2161 830 2198 Becco
858 2160 1074 2203 cardinalis
1102 2159 1388 2197 transferendo
1415 2158 1467 2195 ad
1494 2157 1685 2196 eumdem
1713 2164 1977 2195 conventum.

268 2219 326 2256 Ea
356 2220 527 2269 epistola
557 2220 667 2258 edita
697 2228 758 2257 est
785 2220 892 2257 inter
919 2219 1184 2269 probationes
1212 2217 1417 2255 Historiae
1445 2216 1728 2254 Cardinalium
1762 2215 1978 2263 Gallorum,

266 2293 304 2328 p.
328 2278 414 2316 277.

322 2337 628 2375 Sammarthani
659 2338 819 2384 fratres,
852 2338 893 2375 in
925 2337 1113 2386 Catalogo
1145 2336 1419 2386 episcoporum
1449 2334 1752 2381 Biterrensium,
1786 2334 1980 2384 scripsere

269 2396 381 2433 illum
414 2397 560 2435 obiisse
591 2411 700 2434 anno
731 2396 986 2443 MCCCXVI,
1020 2396 1083 2434 die
1115 2410 1219 2433 XXIV
1251 2395 1401 2445 aprilis.
1439 2394 1555 2432 Istud
1586 2408 1683 2432 Vero
1714 2393 1864 2431 falsum
1895 2407 1979 2431 esse

270 2469 429 2493 necesse
446 2464 518 2493 est.
537 2456 711 2493 Constat
727 2456 834 2493 enim
850 2456 966 2493 illum
991 2455 1113 2493 fuisse
1140 2455 1377 2505 episcopum
1395 2454 1664 2491 Portuensem
1690 2461 1784 2503 post
1807 2453 1980 2490 Bernar-

324 2585 350 2616 Ι.
383 2586 410 2617 ll
432 2593 584 2619 mourut
613 2587 643 2619 lc
671 2588 711 2619 ’11
738 2588 941 2620 novembre
963 2587 1053 2620 ‘1321
1073 2593 1110 2619 et
1128 2586 1187 2619 fut
1203 2586 1357 2619 inhume
1378 2598 1423 2618 en
1457 2586 1594 2629 l'eglise
1629 2585 1977 2618 Sainte-Catherinc

276 2638 334 2679 (ΙΙ.
355 2639 409 2677 L.,
431 2646 455 2671 t.
478 2652 614 2679 xxxw,
637 2652 670 2683 p.
693 2641 764 2684 21).

322 2692 351 2723 2.
383 2692 451 2724 Sur
473 2694 504 2724 la
529 2693 666 2725 familie
691 2695 734 2726 dc
757 2694 1003 2737 Mandagout,
1028 2693 1109 2725 voir
1129 2693 1177 2726 H.
1195 2693 1250 2732 L.,
1275 2699 1300 2725 t.
1325 2705 1463 2732 xxxm,
1488 2705 1522 2736 p.
1556 2693 1587 2732 1,
1613 2693 1644 2732 2,
1669 2693 1724 2725 2²1.
1757 2711 1806 2715 *—
1830 2691 1902 2725 Sur
1923 2703 1978 2725 ses

274 2744 473 2777 lilussmlims
496 2746 575 2778 voir
595 2747 804 2780 Fomlation
824 2749 864 2780 de
880 2749 972 2780 deum
990 2746 1229 2790 chapellem'es
1249 2752 1279 2778 et
1295 2747 1335 2779 de
1351 2747 1459 2779 douze
1478 2746 1748 2779 anniversaires
1768 2757 1811 2778 en
1827 2737 1981 2788 Z’E'glise

274 2798 477 2830 [fliium-mi
493 2811 560 2841 par
582 2800 791 2833 Gm'llaume
807 2802 847 2833 de
863 2801 1079 2843 illandagot,
1103 2800 1269 2832 cardinal
1286 2801 1326 2832 de
1346 2799 1551 2832 Palestrine
1566 2798 1625 2842 <28
1642 2800 1726 2831 αοΐιῐ
1742 2798 1866 2842 1306),
1886 2799 1979 2831 dans

272 2850 438 2882 Annam
457 2853 514 2883 (les
531 2852 656 2895 Alpes,
677 2860 702 2886 t.
724 2866 789 2885 XVI
813 2853 1060 2896 (ww-1913),
1081 2866 1115 2896 p.
1136 2854 1216 2886 113.

323 2906 353 2935 23.
386 2905 456 2934 Son
480 2908 560 2945 [ss-re
584 2906 715 2945 l’ierre,
737 2907 934 2946 chevalier,
955 2907 1104 2949 signifia
1124 2918 1170 2938 au
1189 2906 1242 2938 roi
1263 2906 1454 2949 d’Aragon
1476 2917 1543 2938 son
1562 2905 1721 2939 electiori
1741 2905 1804 2948 qui
1823 2910 1889 2938 eut
1906 2904 1977 2937 lieu

276 2955 294 2985 ἐι
314 2956 548 2990 l'unzmimilc
571 2959 810 3003 (concorditer)
831 2961 862 2992 le
883 2961 925 2993 27
944 2960 1019 2992 mai
1038 2960 1130 2993 1309
1152 2959 1294 3002 (Finke,
1313 2959 1407 2992 Acta
1422 2959 1691 3002 Aragonensia,
1712 2964 1738 2991 t.
1756 2971 1806 2998 111,
1826 2970 1861 3002 p.
1880 2957 1978 3000 203).

276 3008 323 3039 lm
352 3011 406 3045 25),
434 3011 463 3041 h·
493 3023 584 3053 pape
612 3012 793 3045 confirma
819 3013 1005 3046 l'election
1035 3013 1207 3055 (Clement
1235 3013 1276 3052 V,
1304 3024 1338 3045 n.
1366 3013 1459 3045 4055
1485 3018 1523 3045 ct
1548 3012 1629 3045 voir
1653 3023 1687 3044 n.
1715 3012 1808 3044 4197
1835 3023 1898 3044 sur
1922 3019 1980 3045 ses

276 3062 484 3105 l›s'—111‘·lises),

324 3113 354 3146 Αἰ.
387 3116 543 3148 (Ἰέιιιωιι
575 3118 611 3156 1⁷,
638 3118 861 3161 Appendice,
888 3131 921 3162 p.
950 3120 1028 3152 247.
