2083 3458
297 235 375 274 744
838 262 839 265 =
941 248 1092 273 NOTAE
1117 248 1178 273 AD
1212 248 1340 273 VITAS
1845 235 1998 290 [1226]

297 333 368 372 Die
392 333 580 371 mercurii
602 348 688 371 xvn
711 333 919 383 profectus
934 340 996 371 est
1018 331 1342 382 Aquas-Sextias
1362 332 1389 371 ¹‘.
1407 332 1479 371 Die
1501 333 1659 371 veneris
1683 333 1813 371 xvl112
1827 348 2001 384 pransus

291 401 354 432 θεῖ
375 393 417 430 in
440 392 585 439 Tretis,
609 392 802 431 coenavit
823 392 935 442 apud
958 392 1159 431 Sanctum
1182 391 1469 439 Maximinum,
1492 401 1533 431 et
1560 401 1724 442 postera
1748 393 1811 432 die
1834 393 2003 433 missam

293 452 519 491 celebravit
554 452 595 489 in
632 466 700 489 ara
739 452 915 490 Sanctae
954 451 1234 501 Magdalenae.
1276 451 1382 490 Hinc
1420 451 1644 491 Massiliam
1679 453 1889 503 profectus
1925 461 2002 492 θεῖ.

298 512 442 561 Itaque
476 526 569 550 vere
602 511 857 550 Bertrandus
891 510 1148 560 Boyssetus3
1181 510 1343 562 scripsit
1377 511 1493 549 illum
1526 511 1746 550 intravisse
1778 511 2003 551 Massiliam

296 572 484 609 veniendo
513 572 557 609 de
585 571 665 609 loco
697 571 800 609 beate
830 571 964 608 Marie
994 571 1243 620 Magdelene.

347 632 390 669 P.
415 631 505 675 440,
529 630 596 680 lig.
620 630 683 669 35.
709 630 1063 668 VILLEFRANCHE.
1090 629 1213 668 Mirot
1238 630 1317 680 (op.
1342 630 1422 678 cit.,
1445 645 1484 681 p.
1510 630 1616 680 160).

352 691 394 728 Ρ.
417 690 507 737 441,
524 690 590 740 lig.
612 690 649 729 3.
672 691 870 728 JANCAM.
893 689 1017 728 Mirot
1040 691 1098 739 (ut
1116 704 1148 728 s.
1166 705 1217 741 ,p.
1241 689 1430 739 161-162)
1452 699 1493 729 et
1512 691 1661 728 Archiv
1677 691 1723 740 (t.
1749 706 1817 738 v11,
1833 706 1872 741 p.
1894 691 2001 740 328).

350 751 393 788 P.
418 750 507 794 441,
531 749 596 799 lig.
622 750 657 788 4.
681 751 867 787 Pom-um
886 750 1164 788 DALPHINUM.
1184 750 1237 788 Le
1261 749 1311 791 29
1334 750 1501 788 octobre
1527 749 1681 800 (Mirot,
1699 758 1741 788 ut
1760 765 1808 798 8.,
1830 766 1870 801 p.
1897 750 2003 799 152).

351 811 393 848 P.
425 810 515 856 441,
544 809 610 859 lig.
643 809 678 847 7.
710 808 865 848 SANCTI
899 810 1123 848 JERONIMI.
1156 808 1279 847 Mirot
1310 809 1370 859 (ut
1396 824 1444 857 s.,
1473 824 1511 860 p.
1544 809 1651 859 163).

351 870 394 907 Ρ.
414 869 505 916 441,
524 868 591 919 lig.
611 868 647 907 9.
668 869 880 907 LIVORNE.
900 868 1024 907 Mirot
1044 870 1103 918 (ut
1119 883 1166 916 s.,
1184 884 1225 919 p.
1246 868 1434 918 163-165)
1455 877 1496 907 θῖ
1513 869 1662 907 Archiv
1682 870 1728 919 (t.
1750 884 1819 916 vn,
1836 884 1876 921 p.
1896 869 2003 918 328).

349 930 392 967 P.
416 928 506 976 441,
528 928 595 978 lig.
620 928 681 967 16.
707 929 914 967 PLUMBIS.
939 928 1062 966 Mirot
1085 929 1144 977 (ut
1162 943 1209 976 8.,
1231 943 1271 979 p.
1295 928 1500 977 165-166).

349 989 392 1026 P.
417 988 507 1036 441,
530 988 596 1038 lig.
622 987 684 1026 17.
706 989 961 1026 BACELLUM.
987 988 1040 1026 Le
1063 1002 1169 1039 pape
1192 988 1385 1027 demeura
1410 990 1431 1026 a
1456 989 1664 1027 Orbetello
1687 988 1742 1026 du
1765 988 1813 1027 30
1837 1003 2003 1028 novem-

296 1048 365 1086 bre
388 1062 440 1085 au
463 1048 486 1086 3
509 1047 723 1086 decembre
748 1047 902 1097 (Μὴ-οῖ,
928 1056 969 1085 ut
988 1062 1036 1096 8.,
1056 1063 1098 1098 p.
1123 1047 1327 1097 166-167).

348 1108 392 1145 Ρ.
415 1107 506 1155 442,
526 1107 592 1157 lig.
615 1108 651 1146 3.
675 1108 848 1145 PETRUS
870 1107 908 1146 S.
933 1101 1182 1146 E'USTACHII.
1206 1107 1298 1145 Non
1318 1107 1517 1146 remansit
1539 1106 1756 1146 Avenioni.
1779 1108 1875 1147 Jam
1895 1107 2004 1146 enim

293 1167 336 1205 in
362 1167 527 1206 Italiam
553 1167 763 1217 profectus
797 1165 917 1205 erat4
939 1167 1055 1217 jussu
1081 1166 1277 1217 Gregorii,
1311 1175 1359 1204 ut
1391 1181 1515 1217 supra
1535 1182 1575 1218 p.
1601 1167 1703 1205 1105
1736 1166 1895 1205 dictum
1927 1175 2004 1206 est.

296 1227 444 1265 Postea
473 1235 615 1265 tamen
643 1226 759 1264 illum
788 1235 1000 1265 assecutus
1029 1235 1105 1266 est.

349 1287 392 1325 P.
421 1286 512 1334 442,
538 1286 606 1337 lig.
636 1285 697 1325 19.
726 1286 1003 1324 VERONICAM.
1030 1286 1236 1324 Bertrand
1261 1287 1437 1336 Boysset
1463 1294 1631 1325 raconte
1657 1286 1696 1324 la
1724 1288 1855 1326 meme
1884 1287 2003 1325 chose

296 1346 475 1395 (Archiv,
503 1354 534 1384 t.
564 1361 634 1394 vn,
661 1360 702 1397 p.
732 1345 840 1395 329).

350 1406 393 1444 P.
420 1405 510 1453 442,
535 1404 603 1455 lig.
630 1404 692 1444 23.
720 1405 758 1444 S.
786 1406 1142 1444 PENTHECOSTES.
1173 1405 1219 1443 In
1242 1405 1373 1444 veteri
1399 1405 1537 1444 codice
1562 1420 1636 1446 τηε.
1663 1405 1841 1444 habetur
1867 1405 2006 1444 Sancti

295 1466 373 1504 Ρ...
407 1465 523 1503 venit.
559 1465 641 1503 Nos
674 1465 867 1505 lacunam
898 1464 1012 1502 illam
1044 1473 1155 1504 certo
1187 1464 1486 1516 supplevimus.
1520 1465 1622 1503 Vide
1655 1465 1827 1504 Petrum
1858 1463 2006 1503 Amelii

294 1524 335 1562 in
369 1524 582 1562 Itinerario
613 1524 796 1574 Gregorii
825 1525 873 1563 de
907 1525 1038 1564 Roma
1067 1539 1197 1575 usque
1229 1524 1475 1575 Anagniam.

351 1584 394 1622 P.
419 1583 510 1631 442,
532 1583 600 1634 lig.
625 1583 687 1622 25.
714 1585 1087 1623 LATERANENSEM.
1111 1584 1317 1622 Bertrand
1338 1585 1515 1634 Boysset
1538 1584 1672 1622 donne
1695 1584 1733 1621 la
1758 1584 1853 1622 date
1878 1584 1933 1621 du
1957 1583 2006 1621 19

298 1643 476 1692 (Archiv,
505 1651 535 1681 t.
566 1658 635 1691 vn,
664 1658 703 1694 p.
733 1643 840 1692 329).

352 1704 395 1741 P.
418 1702 508 1750 442,
528 1702 596 1753 lig.
618 1702 680 1741 35.
704 1704 971 1741 CRAsrlNUM.
996 1704 1069 1741 Les
1092 1703 1208 1741 dates
1229 1718 1278 1741 ne
1300 1703 1552 1742 concordent
1571 1717 1644 1753 pas
1666 1717 1766 1742 avec
1787 1703 1904 1742 celles
1927 1717 2004 1755 que

298 1762 431 1800 donne
463 1762 668 1800 Bertrand
699 1763 875 1812 Boysset
909 1763 1087 1811 (Archiv,
1120 1771 1150 1801 t.
1185 1777 1255 1811 vn,
1288 1778 1327 1814 p.
1361 1763 1468 1811 331).

351 1822 396 1859 P.
424 1822 513 1869 443,
540 1821 606 1871 lig.
636 1822 671 1860 5.
702 1822 798 1859 Duo
828 1836 1029 1869 EPISCOPI,
1058 1821 1298 1861 Tiburtinus
1325 1830 1366 1860 et
1393 1822 1659 1869 Tudertinus,
1684 1830 1732 1859 ut
1758 1822 1918 1862 dictum
1943 1829 2005 1860 θεῖ

296 1895 434 1931 supra.
462 1896 500 1931 p.
530 1881 644 1933 1208.
1372 1909 1375 1911 Α

349 1941 392 1978 P.
417 1941 508 1987 443,
531 1940 597 1990 lig.
626 1941 658 1978 7.
685 1941 728 1979 P.
756 1955 811 1978 DE
838 1941 1016 1980 Munus.
1044 1942 1187 1979 Petrus
1212 1941 1261 1979 de
1287 1941 1440 1988 Murlis,
1469 1941 1518 1979 de
1543 1955 1624 1991 quo
1646 1940 1726 1979 ista
1747 1940 1942 1992 leguntur
1963 1940 2022 1978 in·

293 1999 549 2050 depositione
585 2000 824 2050 Raynulphi
856 2000 1072 2039 cardinalis
1106 2000 1382 2039 Sistaricensis
1402 2000 1417 2022 5
1451 2016 1458 2038 :
1496 2000 1593 2038 Item
1623 2015 1712 2038 cum
1741 2000 2006 2051 pervenissem

292 2060 344 2096 ad
370 2074 493 2097 unam
520 2059 665 2097 dietam
690 2060 742 2098 ad
767 2060 894 2097 locum
920 2060 987 2110 qui
1015 2060 1160 2098 (licitur
1186 2061 1229 2097 cle
1257 2060 1297 2098 S.
1326 2060 1490 2107 Canate,
1517 2060 1657 2098 audivi
1683 2060 1786 2110 quod
1820 2060 2006 2098 dominus

296 2118 459 2156 Chistus
479 2127 513 2156 et
533 2119 582 2157 P.
605 2119 648 2156 sle
670 2119 824 2157 Martis
847 2119 937 2157 inde
969 2124 1081 2157 e'rant
1113 2119 1324 2157 transituri
1345 2128 1479 2157 euntes
1507 2120 1725 2157 addacem
1745 2120 2004 2169 Andegaven-

295 2192 376 2215 sem
397 2186 431 2215 et
451 2179 503 2215 ad
523 2192 650 2228 regem
672 2179 844 2216 Francie
864 2187 1139 2229 portantesque
1161 2193 1261 2216 nova
1283 2180 1327 2217 ale
1348 2179 1541 2217 creatione
1563 2179 1716 2217 domini
1739 2178 1876 2217 nostri.
1900 2178 2006 2229 Quos

295 2252 385 2274 cum
409 2246 684 2287 expectassem,
712 2247 745 2276 et
771 2238 918 2276 ibidem
942 2239 1248 2288 applicuissent,
1275 2238 1378 2276 traxi
1403 2239 1455 2276 ad
1478 2247 1630 2288 partem
1655 2238 1861 2276 dominum
1886 2238 1934 2276 P.
1963 2239 2006 2276 de

298 2296 450 2334 Nlurlis
474 2297 814 2336 ultramontanum
836 2306 869 2336 et
890 2298 970 2335 hiis
992 2298 1120 2335 verbis
1142 2299 1200 2335 vel
1219 2298 1425 2335 similibus
1445 2298 1510 2347 fui
1532 2299 1726 2346 allocutus
1750 2314 1756 2335 :
1781 2298 1907 2344 Petre,
1927 2311 2006 2335 non

295 2355 382 2393 sine
400 2370 522 2393 causa
540 2356 603 2393 liic
620 2357 820 2406 expectavi
838 2366 871 2395 te
888 2372 958 2407 per
976 2365 1050 2394 tres
1069 2358 1164 2396 dies.
1182 2358 1384 2395 Dominus
1401 2357 1508 2395 enim
1537 2357 1593 2408 [id
1612 2365 1688 2405 est,
1708 2358 1854 2395 Petrus
1874 2356 2003 2395 cardi-

297 2414 399 2452 nalis
427 2416 753 2466 Pampilonensis
780 2416 1009 2455 avunculus
1029 2416 1287 2467 Raynulphi]
1306 2417 1425 2454 michi
1448 2416 1629 2466 injunxit
1650 2417 1752 2466 quod
1771 2416 1806 2453 si
1832 2430 2003 2454 occurre-

297 2489 377 2512 rem
398 2475 471 2512 tihi
495 2475 538 2512 in
559 2475 637 2522 via,
653 2476 910 2524 informarem
922 2491 980 2514 me
992 2485 1117 2514 tecum
1139 2477 1182 2514 de
1203 2476 1385 2514 electione
1406 2476 1559 2514 domini
1582 2476 1705 2514 nostri
1727 2476 1856 2525 dequo
1876 2475 2003 2525 aliqui

297 2533 573 2583 obloquuntur.
588 2535 673 2584 Ego
689 2550 780 2584 rogo
800 2542 833 2572 te
847 2544 887 2573 ut
905 2550 974 2585 per
992 2536 1275 2574 conscientiam
1289 2544 1400 2573 tuam
1412 2535 1521 2574 dicas
1534 2535 1653 2573 michi
1665 2535 1701 2572 si
1722 2535 1807 2585 ipse
1821 2543 1876 2573 est
1893 2549 2004 2584 papa

298 2594 355 2630 vel
379 2607 457 2630 non
481 2602 514 2631 et
540 2594 641 2631 illud
664 2595 766 2644 quod
787 2595 865 2632 scis
891 2595 933 2632 in
956 2595 1058 2644 jacto
1085 2595 1170 2633 isto.
1198 2594 1306 2633 Nam
1329 2595 1562 2633 secretarius
1587 2594 1699 2632 ducis
1722 2593 2003 2641 Bituricensis‚

299 2652 365 2701 qui
392 2652 563 2701 precedit
589 2662 634 2701 te,
662 2654 797 2691 statim
813 2654 913 2692 discit
940 2654 1060 2692 michi
1076 2655 1178 2705 quod
1205 2654 1274 2692 iste
1288 2669 1399 2704 papa
1412 2662 1467 2692 est
1494 2668 1600 2691 unus
1612 2654 1752 2704 fatuus
1765 2662 1799 2691 et
1818 2652 2006 2704 quicquid

297 2712 446 2758 factum
463 2720 517 2749 est
535 2713 578 2749 cle
595 2727 636 2749 eo
655 2721 776 2751 totum
793 2722 849 2752 est
866 2713 1056 2763 fictivum.
1077 2714 1190 2764 Quod
1205 2714 1241 2752 si
1258 2714 1398 2752 scirem
1418 2714 1473 2751 ita
1488 2728 1583 2760 esse,
1603 2727 1682 2750 non
1699 2727 1758 2751 me
1774 2727 2005 2763 exponerem

349 2865 379 2897 1,
412 2866 516 2899 Lisez
541 2867 655 2900 Salon
690 2868 744 2910 (L.
776 2868 904 2909 Mirot,
935 2869 990 2902 La
1019 2870 1234 2913 diplomatie
1264 2869 1490 2913 pontificale,
1520 2881 1556 2912 p.
1588 2867 1694 2911 157),

350 2919 378 2950 2.
412 2919 515 2952 Lisez
535 2921 565 2952 lc
588 2922 643 2954 19.
1153 2930 1155 2933 ’

347 2972 377 3003 3.
409 2973 556 3012 Archiv,
577 2980 602 3007 t.
624 2986 684 3013 vn,
706 2987 739 3018 p.
759 2976 840 3009 328.

348 3024 377 3056 4.
412 3025 532 3059 Pierrc
556 3027 736 3060 Flandrin
757 3029 840 3062 vint
861 3029 881 3061 a
904 3029 1023 3062 Rome
1043 3041 1107 3062 sur
1126 3041 1198 3062 une
1221 3030 1341 3073 galere
1363 3028 1605 3062 marseillaise
1630 3027 1677 3071 (J.
1702 3026 1740 3060 P.
1766 3026 1914 3066 Kirsch,
1934 3026 2005 3059 Die

299 3076 495 3117 Ruclflcelar,
521 3091 554 3122 p.
583 3081 753 3124 234-235)
781 3093 825 3114 en
849 3082 924 3115 mai
948 3083 1053 3116 1377.

347 3131 376 3161 5
410 3131 447 3162 Β.
480 3131 535 3170 Ν.,
565 3144 631 3166 ms.
660 3134 754 3166 latin
783 3134 912 3175 11745,
941 3136 1002 3169 fol.
1032 3136 1077 3168 74
1103 3140 1146 3169 r⁰.
