2083 3458
311 269 391 309 758
959 281 1110 305 NOTAE
1145 280 1205 305 AD
1240 281 1367 305 VITAs
1754 302 1758 305 ,
1861 264 2013 321 [1234]

309 368 501 413 Τ11011135,
518 365 732 416 episcopus
751 363 989 411 Lucerinus,
1003 363 1162 413 juratus
1176 378 1296 414 super
1310 364 1492 402 animam
1504 378 1622 402 suam
1636 363 1737 402 dixit
1751 364 1853 414 quod
1867 371 2016 401 mortuo

308 434 438 464 sancte
470 424 651 463 memorie
683 424 842 461 domino
880 423 1065 472 Gregorio
1094 424 1174 473 fuit
1202 424 1314 473 sama
1346 423 1389 461 in
1426 424 1529 461 Urbe
1558 432 1593 462 et
1622 424 1845 461 communis
1879 423 2016 473 opinio

308 486 409 536 quod
428 500 474 522 e.t·
494 484 629 522 divino
653 484 844 521 miraculo
866 483 1052 521 dominus
1081 483 1123 523 G.
1149 492 1304 522 venerat
1324 483 1494 521 Romam
1515 491 1549 521 et
1569 484 1727 521 demum
1749 483 1896 521 ibidem
1917 496 2016 521 mor-

306 554 398 583 tuus
414 544 506 594 fuit,
527 543 717 594 quoniam
735 551 868 581 contra
887 543 1124 581 voluntatem
1143 543 1323 581 omnium
1342 543 1612 581 cardinalium
1629 551 1664 581 et
1681 552 1815 581 contra
1832 542 2016 593 infinitas

306 619 436 655 preces
463 604 642 654 ipsorum
667 602 938 641 cardinalium
963 611 997 640 et
1026 603 1129 652 regis
1155 602 1340 650 Franeie,
1366 603 1537 652 fratrum
1564 603 1696 653 ipsius
1722 603 1838 653 regis,
1866 616 2016 640 necnon

306 672 438 702 contra
475 664 711 701 voluntatem
746 671 781 700 et
816 662 1094 712 lacrymabiles
1129 677 1260 713 preces
1308 663 1466 713 proprii
1502 663 1567 700 sui
1604 662 1732 713 patris
1768 671 1802 701 et
1846 662 2033 712 fratrum,

303 738 468 761 suorum
501 732 536 761 et
570 722 751 760 omnium
785 722 1173 772 consanguineorum
1206 731 1240 760 et
1272 722 1544 772 familiarium
1577 736 1741 760 suorum
1784 722 1938 760 recessit
1974 722 2016 759 de

306 783 518 830 Ανιῖηιόηε,
534 792 568 821 et
592 782 796 832 navigavit
819 797 889 833 per
914 796 1019 820 mare
1044 791 1212 832 tempore
1236 782 1408 832 hyemali
1433 797 1522 821 cum
1547 783 1735 821 maximis
1760 782 1950 833 periculis
1984 789 2018 818 et

306 844 519 881 multorum
543 842 773 892 naufragiO,
797 851 832 880 et
854 856 944 879 cum
968 842 1145 880 maxima
1168 842 1366 880 devotione
1391 842 1494 880 venit
1519 843 1687 880 Romam
1711 857 1800 880 cum
1822 841 1959 880 animo
1982 848 2017 878 et

308 903 523 940 intentione
559 902 616 939 ibi
649 901 784 940 standi
816 910 850 940 et
882 901 1130 952 pacificandi
1163 910 1311 940 statum
1343 911 1475 940 sancte
1500 903 1680 940 Romane
1702 902 1887 940 Ecclesie.
1912 900 2013 939 Vide

302 963 432 1001 etiam
452 963 620 1000 Factum
642 961 787 1000 jacobi
803 962 851 1000 de
869 961 987 1009 Seva,
1009 976 1048 1012 p.
1071 961 1161 1009 488,
1183 970 1224 1000 et
1244 962 1543 1001 Theodericum
1564 976 1586 999 a
1610 962 1729 1000 Niem
1749 970 1934 1000 tractatu
1957 960 2015 998 VI

306 1021 491 1060 Nemoris
513 1021 691 1069 unionis,
714 1035 802 1071 cap.
827 1036 967 1059 XXXIX
1001 1021 1055 1071 [p.
1078 1021 1153 1060 387
1168 1021 1194 1072 ].

360 1083 402 1120 Ρ.
423 1081 513 1129 463,
533 1081 600 1131 lig.
622 1081 684 1120 21.
707 1082 1081 1120 LATERANENSEM.
1105 1081 1182 1119 Des
1203 1081 1460 1131 reparations
1482 1084 1503 1119 a
1524 1081 1768 1120 Saint-Jean
1787 1081 1836 1119 de
1859 1082 2014 1119 Latran

303 1142 442 1180 furent
470 1141 687 1180 effeetue'es
717 1155 809 1178 sous
838 1141 876 1178 la
905 1140 1174 1179 surveillance
1205 1141 1260 1178 du
1289 1141 1474 1179 cardinal
1505 1142 1637 1191 Roger
1667 1141 1734 1179 des
1766 1140 1881 1188 1368,
1910 1140 2012 1178 111315

305 1215 388 1239 aux
410 1201 506 1239 frais
530 1201 579 1239 de
601 1201 639 1238 la
662 1201 864 1239 Chambre
888 1200 1147 1251 apostolique
1184 1201 1239 1250 (J.
1265 1202 1308 1239 P.
1336 1201 1496 1248 Kirseh,
1516 1201 1593 1238 Die
1614 1201 1834 1248 Riiclslsehr,
1856 1216 1895 1251 p.
1921 1200 2010 1247 104,

306 1260 506 1309 106-107).

358 1321 400 1359 P.
428 1320 519 1368 463,
545 1320 611 1370 lig.
639 1320 701 1358 22.
731 1320 810 1357 Η10
848 1334 1153 1358 CONFERENDO.
1183 1321 1279 1358 ..Iam
1304 1329 1427 1359 antea
1454 1335 1493 1371 p.
1523 1320 1623 1358 1182
1651 1320 1829 1367 diximus
1857 1320 1907 1358 de
1932 1319 2011 1358 isto

304 1380 482 1430 negotio.
508 1380 663 1428 Quanti
685 1387 827 1418 autem
850 1379 1037 1418 facienda
1061 1379 1115 1417 sit
1137 1379 1178 1417 in
1201 1381 1276 1418 1100
1299 1380 1388 1418 1000
1411 1379 1637 1418 auctoritas
1661 1380 1778 1418 istius
1802 1379 2012 1430 scriptoris

300 1440 433 1490 liquet
453 1455 503 1478 eX
524 1439 664 1477 fabula
687 1439 735 1478 de
757 1447 889 1478 matre
912 1439 1095 1489 Gregorii
1115 1440 1167 1477 ab
1188 1454 1234 1478 eo
1256 1448 1513 1491 contempta.

357 1501 400 1538 P.
430 1499 520 1547 464,
549 1499 615 1549 lig.
646 1499 708 1537 17.
741 1499 893 1537 DEDIT.
926 1499 1023 1537 Voir
1064 1499 1207 1537 Huber
1237 1500 1420 1549 (Regesta
1463 1499 1646 1549 Imperii,
1676 1507 1706 1538 t.
1738 1513 1821 1548 VIII,
1850 1514 1890 1549 p.
1920 1499 2012 1547 425,

301 1575 341 1598 11.
370 1559 503 1608 5114).

356 1619 401 1657 Ρ.
419 1618 511 1666 464,
529 1618 595 1668 lig.
616 1617 678 1656 26.
699 1619 913 1656 PARISIUS.
935 1618 1198 1668 L⁷empereur
1216 1619 1412 1658 demeura
1432 1621 1454 1656 a
1475 1618 1604 1666 Paris,
1625 1618 1679 1656 du
1697 1619 1721 1656 4
1738 1632 1791 1656 au
1810 1618 1831 1656 7
1849 1618 2012 1668 janvier

305 1678 406 1717 1378
430 1678 605 1728 (Huber,
630 1686 671 1715 ut
690 1691 738 1725 3.,
759 1692 799 1728 p.
824 1677 931 1726 490).
960 1678 991 1715 Il
1013 1678 1177 1716 eonfera
1199 1678 1234 1716 Ie
1259 1678 1435 1717 vicariat
1458 1680 1480 1716 a
1504 1678 1667 1716 Charles
1692 1679 1726 1715 V
1747 1678 1782 1716 10
1806 1678 1827 1716 7
1849 1677 2012 1727 janvier

299 1746 343 1776 et
362 1752 445 1775 non
464 1738 502 1775 13
523 1740 699 1787 royaute
721 1737 852 1787 (ibici,
872 1751 911 1775 n.
932 1737 1033 1775 5862
1053 1745 1093 1776 et
1113 1737 1246 1787 5863).

356 1798 400 1836 P.
433 1797 523 1835 465.
554 1797 620 1847 lig.
655 1797 689 1836 1.
724 1797 785 1834 Eo
818 1811 1052 1835 VENIENTE.
1088 1798 1195 1835 Puto
1227 1797 1447 1847 legendum
1478 1812 1562 1835 esse
1594 1812 1635 1834 eo
1667 1797 1830 1845 vivente,
1861 1797 1901 1835 id
1933 1805 2011 1840 est.

303 1856 510 1906 Gregorio.
530 1857 618 1905 Qua
637 1856 685 1895 de
703 1872 742 1894 re
761 1856 855 1894 vide
874 1871 978 1906 quae
995 1871 1118 1906 supra
1137 1857 1247 1895 dicta
1265 1865 1377 1904 sunt,
1394 1872 1433 1907 p.
1454 1856 1568 1895 1199.

356 1917 398 1954 Ρ.
424 1916 514 1964 466,
538 1916 604 1966 lig.
629 1916 666 1954 8.
694 1916 807 1953 MIRA
833 1930 976 1954 SECTA.
1004 1916 1104 1954 Vide
1132 1916 1400 1967 Radulphum
1425 1917 1473 1954 de
1501 1916 1620 1964 Rivo,
1646 1930 1734 1966 cap.
1758 1931 1803 1954 Ix
1838 1917 1893 1967 [p.
1919 1916 2009 1967 20],

296 1976 356 2013 De
384 1976 499 2025 gestis
522 1976 800 2026 episcoporum
825 1975 1123 2022 Leodiensium,
1165 1991 1204 2026 p.
1236 1976 1296 2023 19,
1323 1984 1364 2014 et
1392 1975 1682 2023 Trithemium,
1711 1984 1740 2014 t.
1766 1991 1793 2013 11
1820 1975 2009 2032 Chronici

299 2035 623 2084 Hirsaugiensis,
662 2050 701 2086 p.
742 2035 829 2073 263.

354 2095 397 2133 P.
420 2095 510 2142 470,
531 2094 598 2145 lig.
623 2095 683 2133 14.
708 2095 1013 2140 ACQUIESCERE
1037 2110 1289 2133 RECUSAVIT.
1317 2095 1433 2133 Istud
1455 2103 1615 2135 certum
1636 2103 1712 2142 est,
1734 2110 1866 2145 neque
1888 2110 2008 2145 nega-

298 2162 379 2192 tur.
402 2154 550 2193 Mirum
569 2154 676 2192 enim
697 2169 792 2192 vero
813 2169 894 2191 non
914 2162 975 2191 est
998 2154 1214 2194 Urbanum
1234 2154 1411 2193 noluisse
1430 2154 1668 2193 renuntiare
1688 2154 1878 2193 electioni
1896 2169 2008 2202 suae,

299 2228 421 2263 quem
450 2214 552 2252 adeo
581 2222 771 2252 tenacem
800 2213 1001 2264 propositi
1030 2213 1153 2252 fuisse
1183 2214 1242 2252 ait
1271 2215 1395 2254 homo
1425 2214 1608 2265 partium
1638 2214 1725 2264 ejus
1757 2214 2008 2264 Stephanus,

298 2273 512 2324 episcopus
533 2273 798 2320 Tudertinus,
818 2282 866 2311 ut
886 2287 978 2311 cum
999 2273 1034 2311 ei
1054 2273 1213 2313 dictum
1233 2274 1284 2311 ab
1304 2274 1450 2312 eodem
1470 2274 1661 2324 episcopo
1681 2267 1826 2312 fuisset
1843 2274 2006 2312 Banda-

298 2348 431 2371 renses
455 2348 600 2383 cupere
623 2341 670 2370 ut
691 2332 881 2371 electioni
903 2347 999 2370 suae
1022 2333 1280 2371 renuntiaret
1300 2342 1471 2384 propter
1491 2334 1698 2373 tumultus
1724 2334 2006 2372 Romanorum

298 2392 555 2442 responderit
584 2408 591 2429 ι
621 2391 714 2429 Non
740 2401 979 2441 cognoscunt
1005 2407 1063 2429 me
1093 2393 1197 2431 bene.
1227 2393 1272 2431 Si
1300 2402 1466 2430 tenerem
1493 2393 1601 2430 mille
1625 2401 1763 2443 spatas
1788 2393 1840 2430 ad
1864 2393 2007 2430 collum

298 2466 440 2499 meum,
463 2466 531 2501 ego
555 2466 631 2489 non
657 2452 939 2489 renuntiarem.
964 2452 1087 2502 Apud
1112 2452 1336 2492 Odorieum
1363 2453 1642 2502 Raynaldum,
1666 2466 1731 2490 an.
1758 2452 1872 2499 1378,
1901 2452 1919 2501 ἓ
1943 2452 2005 2499 11,

297 2519 336 2549 et
365 2511 405 2548 in
435 2511 573 2550 codiee
606 2511 839 2549 Harlaeano
859 2511 886 2549 1.
919 2511 1060 2561 Neque
1090 2512 1271 2549 vacabat
1301 2513 1490 2562 exemplo
1523 2526 1569 2550 ea
1598 2511 2004 2562 responsio-Urbani.

300 2571 449 2608 Narrat
471 2570 578 2608 enim
602 2571 650 2608 de
671 2570 886 2608 Bonifaeio
908 2571 1012 2607 VIII
1045 2571 1224 2609 Thomas
1243 2571 1574 2621 XYaIsinghamus
1591 2572 1636 2621 [t.
1658 2586 1686 2618 1,
1707 2586 1746 2621 p.
1772 2570 1871 2621 102]
1895 2571 2005 2621 quod

297 2644 389 2667 011111
418 2638 564 2680 captus
602 2638 708 2668 esset
745 2630 857 2680 apud
887 2630 1134 2679 Anagniam,
1164 2630 1281 2680 eique
1310 2645 1331 2668 a
1362 2631 1520 2669 Sciarra
1549 2630 1812 2670 Columnensi
1838 2638 1879 2668 et
1915 2629 2003 2668 aliis

293 2798 324 2828 si
355 2799 482 2839 polerit
513 2798 564 2836 (L.
597 2799 696 2834 Osio.
724 2799 942 2831 Documenti
971 2799 1200 2841 diplomatici
1228 2800 1326 2831 tratti
1355 2799 1454 2841 dagli
1482 2798 1621 2830 archivi
1650 2797 1843 2836 Affilanesi,
1874 2796 2003 2836 Milan,

300 2851 399 2885 1802,
424 2858 448 2883 1.
470 2864 491 2887 1.
516 2864 547 2894 p.
575 2853 667 2895 183).
694 2853 752 2885 Un
774 2852 938 2884 siennois
968 2852 1142 2884 mandait
1160 2852 1191 2884 Ie
1214 2853 1257 2885 15
1277 2852 1492 2895 septembre
1523 2864 1529 2883 ε
1551 2852 1598 2884 Et
1626 2851 1871 2884 nihilominus
1890 2850 2005 2882 Maza

298 2904 532 2945 [ἓαηιαμίαηίί
548 2906 676 2938 asserit
692 2906 794 2938 Pisis
810 2917 884 2937 esse
899 2906 1016 2938 claras
1028 2906 1165 2938 litteras
1180 2906 1355 2949 quomodo
1371 2911 1482 2949 pater,
1496 2905 1607 2947 frater
1619 2910 1649 2937 et
1661 2910 1805 2947 nepotes
1820 2909 1851 2936 et
1861 2914 2005 2936 consor-

295 2962 343 2988 lcs
359 2969 453 2999 pape
469 2958 588 2990 induli
605 2959 720 3001 nigro,
738 2970 860 2991 omnes
877 2959 1018 2991 iverunt
1032 2959 1080 2991 ad
1093 2971 1175 2991 eum
1188 2970 1271 2991 cum
1285 2959 1431 3002 ploratu
1446 2959 1616 2997 maximo,
1635 2969 1678 2990 ne
1692 2958 1868 2990 accederet
1881 2967 2005 2989 versus

303 3009 473 3045 Ylaliam,
493 3017 522 3043 r!
539 3012 632 3053 quod
650 3013 685 3043 ιή
704 3013 940 3054 suprasedere
956 3012 1230 3055 aliquantulum
1247 3012 1474 3051 deliberavil;
1496 3012 1593 3044 istud
1608 3017 1729 3043 tamen
1745 3021 1819 3043 non
1834 3010 2005 3049 creditur,

294 3073 374 3101 ymo
393 3063 569 3105 [russulile
586 3070 784 3107 reputatur,
804 3066 1032 3097 considerata
1048 3066 1307 3108 preparatione
1322 3066 1493 3098 ordinata
1509 3064 1692 3097 mavilium
1708 3069 1739 3096 el
1755 3063 1821 3096 hac
1837 3062 2004 3106 publica-

296 3115 390 3145 {imm
408 3128 470 3157 prr
487 3118 607 3149 orbem
629 3118 721 3158 (cite
741 3129 808 3160 par
828 3118 951 3152 Mirol.
973 3118 1025 3150 La
1046 3119 1260 3161 diplomatie
1278 3118 1501 3162 pontificale,
1523 3130 1557 3161 p.
1579 3118 1660 3157 156,
1681 3123 1770 3149 note.
1789 3116 1838 3159 4).

351 3168 375 3199 1.
410 3169 445 3200 13.
471 3169 524 3202 N..
547 3182 611 3202 ms.
633 3170 726 3202 latin
746 3171 956 3206 11745,s01.
977 3172 1021 3203 79
1041 3176 1090 3204 vo.
