2083 3458
292 254 370 293 754
935 266 1088 291 NOTAE
1122 265 1182 290 AD
1217 265 1345 290 vlTAs
1844 249 2001 306 [1471]

289 353 513 390 movebatur
537 366 583 389 eat
607 351 691 389 alia
717 365 839 388 caasa
865 350 947 388 nisi
974 350 1069 401 qaia
1094 350 1242 388 sciebat
1267 351 1369 400 qaod
1396 350 1466 388 iste
1492 365 1571 388 non
1597 359 1694 388 esset
1725 365 1838 388 verus
1871 366 2000 402 papa„

287 421 321 450 et
341 412 376 449 si
399 411 572 449 Romam?
595 425 673 448 non
694 411 870 460 faverent
890 410 969 447 sibi
994 424 1061 447 nec
1083 409 1332 459 defenderent
1353 424 1455 458 eum,
1479 419 1572 448 tanc
1594 410 1679 460 ipse
1701 424 1826 448 comes
1843 411 1998 449 haberet

289 486 424 521 pacem
443 479 476 508 et
494 470 717 508 amicitiam
736 484 826 507 cam
844 469 1052 508 Romanis.
1077 469 1138 508 Ob
1159 483 1249 507 eam
1270 469 1412 519 itaque
1433 470 1638 508 rationem
1657 469 1848 508 adhaesit
1868 469 1991 508 cardi·

288 531 448 569 nalibus
474 529 670 568 adversus
698 529 928 569 Urbanum.
957 529 1090 578 Quam
1116 529 1167 567 ob
1192 543 1278 568 rem
1305 528 1496 567 Urbanus
1521 529 1638 570 illum
1663 529 1865 568 collocans
1890 529 2000 568 inter>

290 590 391 628 filios
413 588 661 639 iniquitatis,
683 589 819 639 ipsum
841 588 1220 629 excommunicavit
1241 597 1283 627 et
1304 588 1680 627 anathematizavit
1701 603 1748 627 30
1770 588 1993 628 declaravit

288 649 498 700 privatum
529 648 858 698 quibuscumque
888 648 1177 698 dignitatibus,
1206 648 1446 696 honoribus,
1476 648 1606 698 gradu
1633 656 1675 687 et
1704 649 1866 698 cingulo
1894 647 1992 687 mili-

287 709 383 756 tiae,
401 709 572 759 ejusque
589 709 697 746 bona
715 708 947 758 publicavit
965 716 1005 745 et
1023 707 1246 758 direptioni
1262 708 1468 758 exposuit.
1488 708 1589 746 Vide
1606 708 1763 745 bullam
1780 708 1867 758 ejus
1885 707 1995 759 apud

289 768 508 807 Odorieum
544 768 821 817 Raynaldum,
852 782 917 806 an.
950 768 1065 815 1378,
1102 768 1118 816 ἓ
1149 767 1224 806 108
1252 775 1294 806 et
1323 767 1622 806 Theodericum
1651 782 1673 805 a
1706 767 1838 816 Niem,
1861 767 1928 807 lib.
1961 767 1991 814 I,

286 829 343 865 De
372 828 547 875 schism,
571 842 660 878 cap.
684 842 759 865 xlx
783 827 840 877 [p.
864 827 952 878 37].
979 827 1150 874 Deinde,
1180 835 1386 877 tanquam
1409 827 1647 865 Honoratus
1678 842 1772 865 vere
1808 827 1991 878 privatus

287 897 393 926 esset
411 888 614 926 comitatu
632 902 719 935 suo,
738 886 986 927 comitatum
1006 887 1247 924 Fundorum
1265 886 1442 925 contulit
1459 886 1501 924 in
1518 895 1713 937 nepotem
1731 901 1852 926 suum
1871 887 1992 924 Fran-

288 947 440 986 ciscum
462 947 728 997 Prignanum,
751 947 867 996 cujus
889 946 1019 996 elogia
1040 960 1230 997 supra,p.
1247 946 1361 993 1127,
1385 946 1500 994 1390,
1521 947 1651 985 relata
1673 955 1784 986 sunt.
1809 946 1972 984 Honora
1996 940 1998 943 ¹

287 1015 353 1045 tus
377 1015 519 1047 tamen
543 1022 583 1045 se
608 1006 734 1044 nihilo
759 1006 893 1044 minus
919 1006 1078 1044 ferebat
1103 1006 1297 1044 comitem
1323 1006 1577 1054 Fundorum,
1602 1014 1643 1044 et
1666 1005 1992 1044 infeudationeni

286 1066 399 1106 illam
425 1066 647 1105 comitatus
675 1066 990 1104 Fundorum'ab
1015 1066 1182 1104 Urbano
1204 1066 1360 1104 factam
1386 1065 1603 1104 Francisco
1630 1065 1835 1115 Prignano
1860 1079 1993 1115 asper-

288 1126 468 1164 nabatur
482 1134 529 1163 ut
545 1126 737 1164 frivolam
753 1134 794 1164 et
810 1125 990 1173 inanem,
1004 1133 1050 1163 ut
1066 1125 1186 1163 docet
1201 1124 1287 1176 ipse
1305 1124 1503 1164 Odorieus
1523 1125 1779 1174 Raynaldus,
1796 1138 1860 1163 an.
1878 1124 2002 1172 1381,

294 1186 310 1234 ἓ
331 1185 393 1233 25,
415 1201 465 1224 ex
482 1185 627 1224 Diario
650 1185 837 1223 Hectoris
861 1185 1091 1235 Pignatelli.

342 1245 535 1296 Superest
566 1253 614 1283 ut
646 1245 758 1282 illam
792 1259 955 1295 quoque
989 1252 1152 1295 partem
1184 1244 1378 1282 historiae
1412 1244 1662 1295 explicemus
1697 1258 1800 1294 quae
1833 1251 1993 1294 spectat

288 1305 339 1342 ad
366 1305 570 1343 Honorati
592 1305 877 1355 expulsionem
900 1304 951 1341 ab
975 1305 1074 1343 urbe
1102 1305 1233 1342 Roma
1256 1319 1302 1342 eo
1325 1312 1511 1354 tempore
1536 1318 1616 1354 quo
1642 1303 1820 1343 Romani
1843 1303 1993 1353 cogita-

287 1365 390 1402 bant
418 1365 467 1403 de
495 1364 549 1412 vi,
578 1379 700 1414 seque
729 1364 925 1402 adversus
955 1364 1188 1414 potentiam
1217 1363 1399 1401 virorum
1426 1363 1674 1414 principum,
1704 1363 1774 1413 qui
1801 1362 1995 1401 obstituri

287 1424 548 1474 putabantur
590 1424 787 1462 violentia
832 1438 987 1471 eorum,
1031 1422 1390 1473 praemuniebant.
1437 1424 1603 1462 Certum
1647 1431 1722 1470 est,
1766 1422 1829 1460 uti
1871 1436 2001 1472 supra

288 1498 326 1533 p.
353 1483 454 1521 1205
478 1483 636 1522 dictum
659 1491 735 1530 est,
760 1482 915 1521 nobiles
940 1498 990 1521 ex
1016 1483 1123 1521 Urbe
1147 1482 1284 1532 egredi
1306 1491 1470 1521 coactos
1494 1497 1516 1520 a
1540 1483 1693 1533 populo
1718 1482 1878 1520 furente
1900 1489 1995 1532 post

289 1551 464 1581 mortem
483 1557 613 1593 papae
634 1543 829 1592 Gregorii,
849 1550 889 1580 et
906 1542 1014 1580 inter
1031 1543 1103 1581 hos
1121 1542 1249 1580 etiam
1266 1543 1375 1579 1111110
1396 1542 1673 1580 Honoratum.
1693 1542 1873 1579 Joannes
1892 1541 1994 1592 epis-

288 1617 413 1653 copus
434 1603 661 1648 Castrensis
681 1602 722 1639 in
741 1602 997 1652 depositione
1017 1616 1090 1640 sua
1109 1601 1239 1651 sigillo
1258 1616 1331 1640 suo
1350 1601 1527 1651 sigillata
1547 1610 1588 1640 et
1606 1601 1771 1640 nomine
1800 1615 1873 1639 suo
1900 1601 1994 1639 sub-

287 1662 440 1712 scripta
460 1671 500 1699 ta
518 1670 697 1703 testatus
715 1670 797 1700 est:
814 1662 864 1699 Et
877 1662 1039 1711 fuerant
1051 1661 1222 1711 expulsi,
1239 1661 1375 1711 inquit
1388 1661 1416 1708 1,
1429 1661 1479 1699 ab
1499 1661 1601 1699 Urbe
1614 1661 1770 1698 comites
1784 1669 1818 1698 et
1833 1661 2002 1698 barones

288 1729 321 1758 et
340 1722 489 1759 nobiles
507 1736 552 1759 ex
569 1730 679 1771 parte
697 1721 854 1771 populi,
873 1729 907 1758 et
923 1721 1097 1769 fecerant
1115 1720 1245 1758 cenire
1264 1721 1536 1758 montanarios
1553 1729 1725 1758 armatos
1743 1720 1787 1757 de
1805 1719 1945 1758 eastris
1963 1727 2005 1756 et*

288 1780 331 1817 de
353 1781 539 1819 comitata
569 1781 702 1819 Urbis,
729 1781 782 1818 Et
805 1781 928 1830 paulo
952 1789 1046 1830 post
1071 1796 1078 1818 :
1104 1780 1211 1830 Quia
1232 1780 1385 1817 domini
1408 1780 1631 1817 cardinales
1652 1780 1835 1829 petebant
1857 1779 2004 1817 baberea

290 1840 331 1877 in
352 1855 427 1878 sna
449 1840 627 1878 custodia
648 1849 681 1878 et
703 1841 882 1878 volebant
903 1840 1081 1877 comitem
1103 1840 1340 1877 Fundoram
1361 1847 1395 1877 et
1417 1838 1623 1877 Nolanam
1645 1839 1702 1876 vel
1722 1839 1823 1877 alios
1845 1838 1996 1876 nobiles

288 1900 436 1937 amicos
465 1914 570 1947 snos,
602 1901 646 1937 de
676 1900 821 1949 quibas
851 1899 1114 1948 confidebant,
1145 1907 1179 1937 et
1208 1899 1491 1948 cognoscebant
1520 1900 1564 1936 de
1593 1898 1776 1936 electione
1806 1898 2003 1948 quomodo-

288 1960 448 1997 debebat
476 1959 575 2009 fieri,
605 1959 735 2008 magis
760 1974 879 2009 qaam
905 1960 1119 2009 populares
1144 1967 1179 1996 et
1204 1958 1370 1996 rusticos
1398 1958 1682 1997 montanarios.
1719 1957 1796 1996 Sed
1821 1956 1995 1995 Romani

289 2020 511 2066 noluerunt,
531 2019 597 2056 sed
613 2019 715 2069 quod
733 2018 883 2056 nobiles
900 2019 1184 2068 expellerentur
1201 2026 1235 2055 et
1252 2017 1391 2055 rustici
1411 2018 1598 2056 venirent.
1618 2018 1670 2055 Et
1685 2017 1743 2055 sic
1759 2017 1910 2066 jactam
1927 2024 1993 2054 est.

290 2079 422 2116 Aliam
447 2087 589 2117 tamen
616 2092 783 2116 causam
809 2077 1060 2127 expulsionis
1087 2077 1174 2127 ejus
1201 2078 1322 2115 affert
1347 2077 1388 2114 in
1414 2091 1487 2115 sua
1513 2077 1770 2127 depositione
1798 2070 2019 2124 ι130013115,7

288 2138 533 2177 camerarius
557 2137 668 2175 Petri
688 2137 906 2175 cardinalis
929 2137 1069 2175 Sancti
1091 2136 1216 2184 Petri,
1236 2136 1277 2174 in
1297 2138 1398 2175 11300
1418 2137 1544 2175 verba
1564 2136 1578 2159 2
1600 2153 1607 2174 :
1633 2137 1730 2174 Item
1752 2137 1822 2173 iste
1841 2135 1997 2174 audivit

287 2213 310 2234 a
328 2206 425 2235 certo
444 2198 545 2247 qnod
562 2197 713 2235 dixerat
730 2211 854 2234 eomes
873 2197 1109 2234 andorum
1126 2196 1402 2234 cardinalibus
1420 2204 1509 2234 ante
1528 2196 1753 2245 ingressum
1770 2195 1966 2233 conclavis
1986 2211 1993 2232 ¹.

294 2257 439 2304 Videte,
461 2257 495 2294 si
517 2257 668 2307 ponitis
690 2271 754 2293 vos
775 2256 837 2293 11ίο
859 2256 899 2293 in
922 2256 1096 2293 conclavi
1117 2256 1192 2293 sub
1212 2264 1399 2305 potestate
1420 2256 1706 2302 Rornanorum,
1728 2262 1874 2305 oportet
1895 2254 2003 2304 quod'

287 2316 444 2365 ellgatls
463 2317 515 2354 ad
534 2317 771 2354 volantatem
793 2316 990 2365 ipsorum,
1009 2316 1077 2353 sed
1089 2316 1124 2352 si
1141 2315 1320 2353 volebant
1339 2315 1458 2352 libere
1475 2315 1602 2364 facere
1622 2314 1845 2352 electionem
1864 2328 2001 2360 suam,

288 2376 389 2424 qnod
411 2376 667 2424 transferrent
690 2390 728 2412 se
752 2376 803 2412 ad
826 2375 1112 2425 Campaniam,
1137 2383 1171 2412 et
1195 2374 1280 2424 ipse
1303 2382 1444 2412 teneret
1466 2388 1528 2411 eos
1555 2374 1611 2411 ibi
1635 2388 1802 2412 securos,
1828 2373 1880 2411 Et
1906 2387 2003 2410 eamv

288 2435 355 2472 hoc
381 2436 569 2473 sentirent
596 2435 783 2482 Romani,
813 2435 1099 2472 mandaverant
1128 2434 1188 2471 illi
1215 2433 1348 2471 comiti
1375 2434 1477 2483 quod
1503 2434 1688 2471 recederet
1715 2433 1758 2471 de
1792 2432 1895 2470 Urbe
1921 2431 2002 2469 sub

288 2509 391 2543 pena
413 2494 571 2544 capitis.

342 2555 384 2591 P.
410 2554 499 2600 449,
523 2554 589 2603 lig.
617 2553 677 2591 17.
702 2554 945 2590 ΒΕΒΝΑΒΒΟ
973 2568 1026 2590 DE
1052 2567 1103 2590 LA
1128 2552 1252 2590 SALA.
1279 2551 1503 2602 Capitaneo
1528 2552 1776 2599 Vasconum,
1807 2558 1855 2588 ut
1877 2558 1995 2600 patet

289 2628 337 2649 ex
360 2612 687 2663 depositionibus
715 2612 905 2650 Roderici
930 2611 1406 2661 Fernandi,portionarii
1429 2611 1634 2649 Ecclesiae
1659 2609 1930 2661 Hispalensis,
1953 2617 2002 2647 et

294 2672 538 2709 Ferdinandi
578 2672 701 2719 Petri,
741 2672 885 2709 decani
924 2670 1219 2717 Tirasonensis,
1256 2684 1394 2720 supra,
1427 2685 1466 2721 p.
1507 2670 1621 2708 1198.
1661 2670 1780 2708 11111111
1815 2670 1994 2706 Thomas

291 2731 619 2780 Walsinghamus
660 2732 704 2780 [t.
732 2746 757 2778 1,
785 2746 824 2781 p.
853 2730 954 2780 393]
983 2730 1125 2769 scribit
1152 2730 1290 2767 fusum
1317 2738 1357 2768 et
1385 2729 1564 2767 occisum
1590 2729 1713 2767 fuisse
1740 2743 1762 2766 a
1798 2727 1993 2766 Romanis

289 2804 395 2826 anno
416 2790 741 2828 MCCCLXXIX
757 2799 797 2828 et
814 2790 1036 2840 plusquam
1053 2790 1234 2839 quinque
1251 2789 1377 2825 millia
1394 2788 1609 2826 hominum
1625 2803 1675 2826 ex
1690 2788 1795 2825 illius
1812 2786 1991 2826 exercitu

291 2849 439 2886 orcis-os
465 2865 557 2888 enni
581 2864 626 2887 eo
651 2849 787 2887 fnisse.
815 2850 980 2886 Errasse
1004 2863 1096 2887 eum
1121 2856 1286 2886 constat
1309 2847 1350 2884 in
1374 2855 1504 2886 morte
1527 2847 1728 2885 Bernardi
1752 2848 1799 2885 de
1824 2847 1860 2883 13
1886 2846 1994 2891 Sala,

291 2922 381 2944 vum
411 2924 458 2944 ox
487 2909 629 2945 Histrio
660 2908 831 2946 ,Ioannis
864 2908 998 2955 Fabri,
1029 2907 1210 2958 episcopi
1240 2906 1517 2953 Carnotensis,
1548 2914 1658 2944 certo
1689 2914 1851 2945 constet
1879 2905 2001 2942 illum?

341 3044 367 3075 1.
403 3044 466 3075 115.
496 3044 579 3081 vilo,
608 3044 668 3076 fol.
698 3045 738 3075 91
770 3048 819 3075 VO.

339 3100 366 3127 3.
402 3097 465 3128 Ms.
491 3098 572 3133 vile,
599 3097 657 3128 sol.
682 3098 725 3128 70
747 3102 856 3129 1·0.—
876 3096 946 3129 Sur
968 3098 1137 3129 Onorato
1160 3095 1329 3138 Cactani,
1352 3095 1433 3128 voir
1446 3095 1488 3128 N.
1514 3096 1638 3129 Valois
1664 3097 1703 3139 (t.
1725 3108 1761 3135 11,
1785 3107 1818 3139 p.
1837 3094 1936 3136 485),
1959 3078 2002 3125 ot
2058 3079 2061 3082 Δ

293 3149 337 3180 M.
364 3150 576 3181 lkollilmrlh
600 3150 743 3191 <Urbem
768 3150 821 3181 VI
840 3149 1378 3193 andweapetB2w1·lin‚1913).
