2083 3458
86 212 209 269 [588]
612 224 829 249 PAPARUM
864 220 1251 248 AVENIONENSIUM
1725 205 1774 245 51

71 313 235 363 juvaret
247 324 413 350 causam
426 309 611 360 ejusdem
625 307 765 346 Petril.
785 307 904 344 Illum
916 320 1036 357 porro
1049 305 1222 343 tradunt
1237 304 1358 342 fuisse
1374 303 1503 341 filium
1516 303 1651 342 fratris
1666 303 1776 341 Guil-

74 370 183 411 lelmi
199 371 247 409 de
262 369 490 416 Gressibus‚
505 382 635 418 nuper
650 365 832 417 episcopi
847 363 1228 411 Autissiodorensis,
1246 363 1415 402 fratrem
1433 377 1528 401 vero
1543 362 1712 401 Joannis
1727 364 1775 401 de

75 429 285 470 Gressibus
308 426 565 467 mareschalli
588 425 796 464 Franciae.
823 425 1072 474 Quanquam
1094 437 1177 462 non
1197 423 1257 461 ita
1280 421 1474 461 convenit
1494 422 1601 460 inter
1623 436 1774 460 omnes.

77 488 211 540 Aliqui
241 487 350 527 enim
372 487 575 526 Joannem
602 484 713 523 Petri
741 484 910 523 fratrem
931 483 1053 522 fuisse
1076 482 1274 521 scribunt.
1298 482 1409 530 Quae
1429 489 1491 520 est
1509 495 1605 520 vera
1626 480 1776 531 opinio,

77 557 121 587 ut
152 547 364 598 sequentia
397 546 616 585 docebunt.
652 544 842 582 Ceterum
874 543 996 592 hujus
1029 541 1285 581 mareschalli
1315 541 1426 579 nulla
1458 540 1612 579 mentio
1645 548 1705 578 est
1735 540 1777 578 in

77 607 251 657 vulgatis
284 605 465 645 historiis
499 603 861 643 mareschallorum
898 601 1107 641 Franciae.
1147 601 1286 651 Ipsum
1320 614 1417 638 vero
1452 599 1621 638 Petrum
1656 599 1777 637 fuisse

77 665 363 706 cancellarium
391 664 586 703 Franciae
614 663 762 701 docent
796 662 910 700 Gesta
935 661 1208 712 episcoporum
1234 658 1649 698 Autissiodorensium
1678 659 1721 710 [t.
1753 674 1780 706 1,

75 741 114 778 p.
142 724 256 776 509],
283 724 398 772 falso,
425 731 472 761 ut
493 723 649 774 opinor.
677 722 900 760 Auctorem
926 721 1072 759 horum
1099 728 1305 770 gestorum
1330 718 1425 758 hinc
1451 719 1670 768 deceptum
1695 732 1780 757 esse

75 793 177 837 puto
203 784 313 834 quod
337 798 431 822 cum
456 790 553 821 ante
578 781 852 832 episcopalem
877 780 1125 830 dignitatem
1149 779 1345 830 adeptam
1370 777 1494 816 fuerit
1518 776 1780 816 cancellarius

77 843 274 883 Ludovici
299 842 447 881 Hutini
469 850 561 880 tum
583 841 686 891 regis
712 841 935 887 Navarrae‚
958 847 1102 890 postea
1126 853 1222 877 vero
1243 838 1347 888 regis
1372 836 1579 884 Franciae‚
1603 836 1781 887 proclive

77 911 163 942 erat
181 902 414 942 existimare
432 916 479 940 ac
497 901 669 939 scribere
687 899 803 937 illum
822 898 944 937 fuisse
964 898 1250 937 cancellarium
1268 897 1371 947 regis
1392 895 1587 935 Franciae
1605 896 1632 935 2.

129 963 172 1000 P.
195 962 230 1010 8,
251 962 318 1012 lig.
341 961 376 1000 2.
405 961 672 1005 ΙΜΡΕΒᾼΤΒΙΧ
694 959 735 998 C.
751 958 1053 1005 P.-Catharina‚
1079 957 1160 995 filia
1183 956 1362 1007 Philippi
1385 956 1433 1004 de
1457 955 1686 1002 Cortonam,
1713 954 1782 1005 qui

78 1037 118 1061 se
141 1022 299 1061 ferebat
319 1021 611 1072 imperatorem
635 1017 1158 1068 Constantinopolitanum‚
1182 1024 1223 1055 et
1243 1015 1441 1054 Beatricis
1461 1014 1573 1053 'filiae
1596 1014 1728 1053 Caroli
1754 1015 1783 1062 Ι,

76 1081 178 1132 regis
203 1080 376 1119 Siciliae.
406 1080 499 1130 Ipsa
532 1086 627 1130 post
650 1086 826 1116 mortem
850 1077 994 1128 patris,
1020 1091 1125 1127 quae
1149 1090 1256 1114 anno
1282 1074 1600 1114 MCCLXXXII
1632 1073 1783 1121 evenit,

77 1156 117 1179 se
137 1139 439 1191 imperatricem
461 1137 966 1188 Constantinopolitanam
987 1135 1206 1186 inscripsit.
1232 1134 1388 1173 Deinde
1410 1148 1502 1172 cum
1526 1133 1783 1171 Andronicus

79 1200 358 1249 Palaeologus,
392 1198 461 1249 qui
492 1197 664 1236 tenebat
694 1196 912 1247 imperium
946 1194 1469 1245 Constantinopolitanum‚
1503 1207 1593 1231 eam
1625 1200 1784 1243 peteret

78 1267 125 1297 ut
151 1258 301 1309 nuptui
328 1258 561 1296 traderetur
589 1256 777 1295 Michaeli
807 1255 890 1293 filio
919 1269 1005 1303 suo,
1035 1269 1080 1293 ea
1108 1269 1170 1293 res
1200 1254 1393 1293 effectum
1422 1253 1569 1291 sortita
1598 1267 1680 1290 non
1707 1259 1780 1290 est.

78 1318 261 1357 Tandem
284 1332 382 1356 vero
406 1316 628 1356 Catharina
651 1316 694 1354 in
717 1315 893 1354 Galliam
919 1313 1206 1364 commigravit
1229 1327 1336 1351 anno
1361 1312 1602 1351 MCCXCIV
1626 1319 1667 1350 et
1690 1325 1782 1349 cum

77 1392 148 1429 per
182 1377 316 1416 varios
351 1375 606 1415 matrimonii
639 1383 844 1414 tractatus
880 1373 1024 1412 fuisset
1057 1373 1229 1423 jactata,
1275 1372 1444 1411 tandem
1479 1386 1587 1410 anno
1623 1370 1782 1409 MCCCI

78 1436 219 1488 nupsit
238 1436 391 1476 Karolo
405 1435 434 1483 3,
454 1435 595 1474 comiti
612 1434 810 1482 Valesiae,
830 1433 947 1472 fratri
966 1433 1145 1484 Philippi
1166 1433 1234 1480 IV,
1253 1431 1355 1482 regis
1376 1432 1637 1470 Francorum.
1659 1431 1782 1468 Porro

79 1496 173 1535 licet
188 1495 274 1546 jam
291 1503 381 1534 tum
396 1495 571 1534 Karolus
589 1502 740 1545 posset,
758 1502 845 1532 tam
861 1493 1020 1532 ratione
1038 1491 1292 1531 matrimonii
1308 1491 1369 1529 sui
1386 1505 1478 1529 cum
1496 1490 1640 1528 herede
1658 1489 1782 1540 impe-

78 1555 128 1594 rii
148 1553 610 1605 Constantinopolitani,
633 1568 757 1604 quam
778 1560 947 1604 propter
977 1551 1302 1590 dominationem
1323 1550 1507 1600 ejusdem
1527 1548 1687 1600 imperii
1707 1548 1783 1587 sibi

79 1615 130 1653 ab
161 1615 303 1654 eadem
334 1613 556 1653 Catharina
587 1613 742 1651 factam
783 1620 879 1651 ante
910 1611 1092 1662 nuptias,
1132 1610 1313 1661 accipere
1351 1624 1501 1648 nornen
1531 1608 1782 1658 titulumque

78 1673 335 1725 imperatoris
366 1672 828 1723 Constantinopolitani‚
858 1672 910 1710 ab
940 1686 986 1710 6ο
1016 1679 1156 1709 tamen
1189 1684 1346 1720 semper
1375 1668 1592 1715 abstinuit,
1623 1667 1783 1706 comitis

79 1733 354 1784 appellatione
376 1740 609 1771 contentus.
632 1732 686 1770 Et
705 1739 846 1770 tamen
866 1739 1013 1770 extant
1031 1730 1073 1768 in
1092 1729 1318 1780 appendice
1337 1728 1541 1766 Historiae
1559 1726 1783 1765 Constanti-

81 1793 333 1843 nopolitanae
365 1792 497 1831 Caroli
532 1791 740 1830 Dufresnii
773 1791 929 1840 Cangfi,
962 1805 1000 1841 p.
1036 1789 1098 1837 59,
1131 1789 1274 1827 literae
1313 1787 1634 1827 conventionum
1676 1800 1783 1824 anno

80 1852 339 1900 MCCCVIII,
361 1851 425 1890 die
445 1865 565 1889 xxvn
595 1850 748 1898 martii,
776 1850 819 1890 in
847 1850 1017 1889 abbatia
1041 1849 1090 1888 de
1111 1848 1347 1898 Liliojuxta
1371 1841 1634 1886 Meledunum
1662 1845 1784 1884 inita-

82 1925 172 1949 rum
199 1925 291 1950 cum
317 1910 460 1950 Vrosio
485 1925 578 1961 rege
604 1909 787 1958 Rassiae,
812 1909 853 1948 in
880 1909 1027 1960 quibus
1052 1908 1161 1947 idem
1189 1907 1363 1946 Karolus
1389 1921 1429 1945 se
1453 1905 1639 1944 inscribit
1664 1905 1785 1943 Cons-

80 1970 481 2021 tantinopolitanum
499 1969 792 2020 imperatorem
812 1977 853 2008 et
874 1969 1123 2007 Romeorum
1142 1968 1443 2006 moderatorem
1462 1979 1621 2016 semper
1639 1978 1784 2014 augus-

80 2044 170 2068 rum
184 2029 212 2070 4.
239 2030 317 2069 Sed
341 2044 424 2068 non
447 2037 665 2080 propterea
690 2027 905 2067 domestici
928 2027 1015 2077 ejus
1038 2027 1153 2065 illum
1177 2026 1386 2065 vocabant
1408 2025 1714 2076 imperatorem,
1738 2030 1785 2059 ut

81 2096 200 2139 patet
221 2103 272 2128 ex
292 2089 423 2128 veteri
444 2089 580 2127 rotulo
601 2096 845 2139 sumptuum
867 2087 919 2125 ab
942 2101 988 2126 eo
1011 2087 1215 2125 factorum
1237 2100 1310 2137 pro
1332 2083 1638 2135 recuperatione
1660 2082 1784 2132 impe-

81 2148 130 2186 rii
159 2147 608 2199 Constantinopolitani
637 2161 760 2198 quern
790 2146 890 2185 mihi
920 2145 1036 2185 dedit
1065 2146 1162 2184 olim
1203 2145 1266 2183 vir
1307 2144 1551 2183 clarissimus
1582 2140 1784 2181 Antonius

130 2353 163 2387 1.
180 2354 331 2394 Baluze,
349 2360 375 2387 t.
390 2366 444 2394 111,
462 2366 498 2398 p.
517 2355 573 2387 68.

132 2408 163 2440 2.
185 2407 307 2440 Pierre
326 2407 389 2440 des
409 2407 502 2440 Grez
519 2407 580 2440 fut
597 2408 732 2451 charge
752 2407 795 2439 de
814 2406 970 2439 mission
986 2417 1033 2438 en
1052 2404 1212 2436 Flandre
1235 2403 1375 2445 (1298);
1396 2401 1441 2434 cf.
1462 2401 1502 2434 Β.
1526 2400 1582 2440 Ν.,
1603 2412 1670 2432 ms.
1690 2399 1784 2432 latin

82 2458 189 2501 9783,
206 2460 230 2494 f.
249 2461 290 2494 81
309 2464 342 2493 r0
357 2467 395 2493 et
410 2461 480 2494 112
496 2464 548 2494 v0.
567 2461 598 2494 Il
613 2473 658 2494 ne
674 2460 734 2494 fut
749 2472 815 2504 pas
832 2458 1042 2492 chancelier
1057 2458 1101 2490 de
1117 2457 1269 2494 France,
1284 2455 1377 2488 mais
1394 2455 1437 2487 de
1453 2453 1632 2493 Navarre,
1651 2452 1786 2485 Cham-

82 2525 202 2558 pagne
219 2521 257 2546 et
273 2514 369 2547 Brie.
389 2514 419 2547 Il
435 2513 571 2547 assista
586 2514 750 2547 l’official
767 2514 811 2546 de
831 2513 946 2552 Paris,
964 2523 1109 2545 comme
1126 2509 1381 2543 commissaire
1399 2508 1443 2540 de
1459 2507 1722 2549 l’archeveque
1741 2505 1785 2538 de

81 2566 185 2607 Sens,
211 2568 304 2600 dans
328 2567 360 2600 16
385 2570 514 2611 proces
539 2568 583 2600 de
609 2567 812 2606 Guichard,
838 2568 980 2609 eveque
1006 2565 1050 2597 de
1075 2564 1214 2607 Troyes
1243 2563 1298 2605 (A.
1328 2561 1494 2604 Rigault,
1519 2560 1569 2592 Le
1591 2559 1722 2592 Procas
1747 2559 1788 2591 de

86 2620 284 2660 Guichard‚
314 2621 430 2661 Paris,
458 2621 565 2661 1896,
593 2633 629 2664 p.
658 2621 732 2664 31).
762 2620 912 2653 Charles
942 2620 985 2652 de
1013 2617 1140 2650 Valois
1167 2617 1344 2658 l'envoya
1371 2614 1530 2647 feliciter
1557 2612 1727 2646 Clement
1754 2611 1786 2644 V

83 2674 364 2707 nouvellement
382 2674 441 2707 elu
463 2674 728 2718 (Bibliothc'zque
745 2675 786 2707 de
803 2665 938 2706 I'E'cole
955 2673 1015 2705 des
1033 2671 1194 2709 Chanes,
1214 2676 1240 2702 t.
1263 2681 1295 2700 L1
1317 2668 1453 2711 (1890),
1473 2678 1508 2710 p.
1529 2666 1601 2708 71).
1626 2665 1785 2699 Nomme

81 2728 225 2771 eveque
253 2728 461 2760 d’Auxerre
487 2728 519 2760 16
538 2728 583 2760 12
609 2727 732 2771 juillet
759 2727 853 2760 1308
884 2726 1058 2769 (Clement
1081 2724 1121 2762 V,
1143 2735 1176 2755 n.
1208 2721 1328 2764 2851),
1348 2721 1372 2753 il
1400 2725 1554 2752 mourut
1580 2719 1611 2751 le
1633 2719 1672 2750 21
1702 2729 1785 2761 sep-

83 2780 432 2814 tembre1325.Son
443 2780 698 2814 anniversaire
710 2780 805 2814 etait
824 2780 967 2813 celebre
987 2779 1018 2811 16
1040 2778 1085 2810 14
1103 2776 1317 2819 septembre
1339 2774 1359 2805 a
1379 2773 1554 2815 l'abbaye
1575 2770 1618 2802 de
1639 2771 1786 2804 Sainte-

83 2832 297 2867 Genevieve
310 2834 354 2867 de
367 2834 471 2867 Paris
483 2840 521 2867 et
531 2835 563 2867 16
575 2835 596 2868 8
607 2834 689 2877 juin
702 2834 723 2866 a
734 2834 823 2867 celle
836 2833 1011 2865 d'Yerres
1028 2830 1262 2873 (Obituaires,
1277 2834 1302 2860 t.
1314 2839 1338 2866 1⁷
1356 2838 1390 2870 p.
1405 2826 1474 2859 509
1486 2831 1524 2858 et
1539 2824 1636 2868 617).
1652 2824 1722 2857 Sur
1733 2824 1784 2857 lui

86 2886 166 2919 voir
181 2886 340 2927 Denifle,
365 2886 654 2928 Chartularium,
679 2894 705 2920 t.
719 2899 757 2927 11,
786 2898 821 2930 p.
837 2887 907 2919 103
922 2892 960 2919 et
985 2883 1138 2927 Digard‚
1155 2894 1189 2915 n.
1207 2880 1410 2920 906‚1035‚
1431 2879 1537 2917 1468,
1553 2878 1659 2917 1469,
1677 2878 1782 2911 2285.

133 2940 165 2973 3.
189 2939 239 2973 Le
261 2940 425 2983 mariage
447 2946 512 2973 eut
539 2940 613 2973 lieu
634 2940 655 2973 a
677 2939 935 2979 Saint-Cloud,
958 2939 989 2971 le
1013 2938 1056 2970 28
1077 2935 1226 2979 janvier
1246 2933 1336 2967 1301
1364 2932 1412 2976 (J.
1438 2931 1550 2970 Petit,
1573 2928 1723 2963 Charles
1745 2931 1786 2963 de

91 2992 226 3033 Valois,
242 3005 277 3036 p.
295 2993 432 3037 53-56).

134 3046 166 3079 4.
186 3046 236 3079 Le
252 3046 365 3080 traite
382 3048 489 3090 passe
507 3058 598 3080 avec
611 3046 767 3086 Urosch,
786 3045 840 3078 roi
852 3045 896 3077 de
909 3043 1047 3082 Serbie,
1062 3054 1098 3074 se
1116 3047 1250 3074 trouve
1265 3051 1339 3071 aux
1352 3038 1532 3071 Archives
1550 3035 1783 3074 Nationales,

85 3097 125 3131 J.
143 3097 227 3139 510,
247 3111 282 3133 n.
303 3100 360 3133 17.
