2083 3458
88 221 213 276 [795]
622 236 839 261 PAPARUM
876 236 1259 261 AVENIONENSIUM
1697 217 1778 260 297

75 319 319 366 Ῑηονίνηεηίο,
336 333 415 356 non
429 319 613 357 credendo
628 319 663 356 si
679 327 773 356 tosto
788 319 939 357 morire.
957 320 1146 357 Ceterum
1161 320 1268 357 hunc
1283 319 1418 357 locum
1435 318 1544 357 Petri
1560 318 1607 356 de
1628 318 1779 356 Heren-

75 378 154 416 tals
180 377 394 428 descripsit
419 385 562 415 auctor
587 390 637 416 m.
666 377 852 415 Chronici
880 378 1043 427 Belgici‚
1069 393 1108 428 p.
1137 378 1224 417 320.

130 438 172 476 P.
193 437 280 485 183,
297 436 363 486 lig.
393 437 428 475 8.
460 437 653 474 JACOBUS
684 451 738 473 DE
769 437 866 475 OzA.
901 437 963 474 Ita
992 451 1087 475 sane
1113 436 1311 487 scriptum
1336 444 1397 475 est
1421 436 1463 474 in
1490 436 1648 486 aliquot
1673 435 1778 473 anti-

77 496 166 546 quis
198 495 417 534 codicibus.
451 495 531 532 Alii
560 495 716 533 habent
746 494 857 534 Ossa.
892 495 1009 543 Quod
1041 495 1174 533 fraudi
1206 496 1284 534 fuit
1312 495 1390 533 illis
1422 495 1491 545 qui
1521 509 1614 533 eum
1644 494 1779 545 patria

75 556 389 604 Bergomensem
413 554 534 592 fuisse
559 553 752 592 dixerunt
776 554 826 591 ob
850 554 926 592 hoc
951 554 1046 604 quia
1070 569 1115 593 ea
1140 562 1388 605 tempestate
1412 554 1582 592 vivebat
1603 554 1776 592 Bartho-

76 615 256 652 lomaeus
275 613 323 651 de
342 613 436 660 Osa,
456 612 554 651 civis
574 612 867 662 Pergamensis,
886 613 1078 651 laudatus
1103 628 1125 651 a
1143 613 1368 651 Trithemio
1385 613 1426 651 in
1449 613 1552 651 libro
1575 613 1633 650 De
1653 612 1777 662 scrip-

76 672 226 711 toribus
245 671 528 710 eeclesiastieis.
550 672 702 710 Verum
722 679 863 709 autem
883 671 969 720 ejus
990 686 1151 720 nomen,
1173 680 1220 710 ut
1240 687 1289 710 ex
1309 672 1448 710 multis
1468 671 1662 710 indubiae
1685 670 1778 709 fidei

76 730 352 770 monumentis
375 730 590 780 colligitur,
611 738 673 769 est
690 731 749 767 De
768 730 893 777 Eusa,
915 731 978 768 vel
999 730 1164 778 d⁷Easa‚
1186 739 1227 769 et
1247 745 1366 781 saepe
1387 739 1575 781 corrupte
1597 731 1732 768 Duesa
1750 730 1776 768 ¹.

80 791 126 828 In
152 790 254 828 libro
281 790 407 828 rubeo
435 789 622 827 Gamerae
649 796 918 839 computorum
946 789 1092 837 Paris„
1112 790 1179 828 fol.
1210 789 1297 837 571,
1323 798 1469 828 extant
1494 790 1635 828 literae
1652 789 1667 812 2
1688 788 1779 827 Phi-

76 849 177 900 lippi
201 849 249 895 V,
273 848 375 898 regis
402 849 665 895 Francorum,
692 848 813 886 datae
844 862 951 885 anno
973 849 1232 895 MCCCXXI,
1256 863 1391 887 mense
1417 856 1605 899 augusto,
1631 847 1778 898 quibus

78 909 199 946 Petro
223 908 371 955 Duesa,
395 907 512 945 fratri
535 921 726 957 germano
751 907 921 945 Joannis
947 907 1088 955 XXII,
1113 908 1240 945 donat
1263 908 1391 946 altam
1413 916 1454 945 et
1476 908 1639 946 bassam
1660 906 1778 957 justi-

77 966 193 1014 tiam,
216 967 258 1004 in
279 966 348 1004 illa
371 974 488 1017 parte
511 967 687 1005 forestae
711 966 759 1004 de
781 966 916 1004 Bauro
941 980 1044 1016 quae
1069 967 1116 1004 de
1140 967 1338 1004 mandato
1360 966 1469 1016 regio
1493 966 1624 1005 eidem
1647 966 1780 1004 fuerat

77 1025 297 1075 assignata.
313 1026 550 1075 Sequuntur
562 1025 707 1063 deinde
719 1025 860 1063 literae
873 1025 921 1063 de
935 1025 1247 1063 confirmatione
1261 1022 1461 1063 donorum
1473 1026 1674 1075 regiorum
1687 1024 1780 1062 huic

78 1084 189 1134 genti
222 1085 427 1123 factorum
446 1100 454 1130 3
486 1084 528 1122 in
576 1083 723 1134 quibus
756 1083 911 1122 mentio
954 1085 1002 1122 fit
1046 1084 1229 1134 ejusdem
1266 1084 1390 1131 Petri,
1428 1085 1563 1122 fratris
1602 1083 1782 1134 germani

76 1157 222 1194 papae,
242 1158 289 1181 ac
310 1143 419 1182 Petri
436 1143 484 1181 de
499 1143 574 1181 Via
593 1151 634 1181 et
650 1143 818 1180 Arnaldi
835 1143 883 1181 de
899 1143 1090 1191 Trianno,
1108 1151 1306 1193 nepotum
1323 1143 1422 1192 ejus.
1444 1144 1489 1181 In
1505 1143 1665 1192 Regesto
1681 1142 1783 1180 LXI

80 1203 156 1253 [JJ
176 1202 240 1251 61]
269 1202 424 1240 archivi
466 1202 564 1252 regii
590 1202 733 1249 Paris„
770 1217 857 1252 cap.
908 1217 1066 1250 ccctv1,
1111 1202 1316 1240 habentur
1351 1202 1492 1240 literae
1532 1202 1672 1240 Karoli
1715 1202 1782 1247 IV,

80 1261 196 1311 regis,
221 1262 343 1300 datae
367 1261 557 1300 Vincenis
580 1275 688 1299 anno
712 1262 997 1308 MCCCXXII,
1015 1276 1152 1299 mense
1177 1261 1369 1308 octobris,
1394 1261 1540 1311 quibus
1565 1262 1783 1310 confirmat

79 1320 360 1358 venditionem
377 1328 509 1359 terrae
528 1320 576 1358 de
594 1321 780 1358 culmone
797 1320 838 1357 in
856 1320 1120 1358 seneschallia
1139 1320 1389 1367 Caturcensi,
1409 1334 1532 1370 quam
1552 1319 1782 1358 Ludovicus

79 1394 212 1417 comes
239 1379 495 1418 Ebroicensis
521 1379 617 1418 fecit
642 1379 807 1417 domino
834 1380 954 1417 Petro
980 1379 1133 1417 d’Eusa
1159 1379 1324 1417 domino
1351 1379 1638 1418 Montisbruni.
1666 1380 1719 1416 Et
1742 1377 1783 1415 in

83 1439 160 1476 fine
185 1438 265 1476 ista
291 1438 514 1485 adduntur,
542 1453 646 1488 quae
672 1438 881 1488 pertinent
906 1438 957 1476 ad
983 1446 1145 1489 tempus
1171 1438 1420 1476 venditionis
1436 1438 1452 1460 3
1478 1454 1485 1476 :
1512 1439 1613 1476 Acta
1636 1446 1670 1476 et
1694 1438 1784 1475 cele-

83 1497 192 1535 brata
220 1505 313 1535 sant
342 1497 407 1535 hec
438 1497 481 1535 in
511 1512 628 1547 regno
659 1497 841 1545 Francie,
875 1497 917 1535 in
947 1498 1074 1548 capite
1103 1497 1236 1547 pontis
1268 1498 1370 1535 altra
1399 1497 1635 1535 Rhodanum
1666 1510 1786 1547 prope

80 1556 333 1603 Avinionem,
379 1556 441 1594 (lie
486 1556 660 1594 videlicet
704 1556 889 1594 vicesima
942 1565 1080 1607 quarta
1125 1556 1270 1594 mensis
1316 1556 1449 1594 martii
1485 1571 1590 1594 anno
1619 1555 1785 1593 Domini

81 1615 412 1663 MCCCXVIII,
451 1616 490 1666 [a
525 1615 727 1653 nativitate
761 1615 859 1665 ejas,
896 1616 1151 1666 pontificatus
1186 1615 1431 1653 sanctissimi
1474 1615 1600 1666 patris
1634 1614 1786 1652 domini

84 1674 282 1712 „Iohannis
311 1689 414 1724 pape
442 1675 581 1712 XXII
609 1689 714 1712 anno
742 1673 969 1724 secundo...]
1004 1675 1046 1712 in
1070 1675 1268 1725 presentia
1290 1683 1324 1712 et
1348 1674 1567 1712 testimonio
1592 1673 1787 1711 nobilium

81 1731 255 1770 virorum
279 1733 528 1771 dominorum
551 1734 598 1772 Β.
629 1733 799 1771 Jordani
823 1734 975 1771 domini
1003 1734 1149 1781 Insule,
1176 1734 1222 1772 P.
1244 1734 1288 1771 de
1313 1733 1390 1771 Via
1410 1733 1562 1771 domini
1588 1732 1785 1778 Sailliaci‚

81 1792 254 1830 Arnaldi
274 1792 318 1829 de
340 1792 518 1830 Trianno
539 1793 759 1830 marescalli
780 1792 931 1830 domini
951 1808 1067 1843 pape,
1089 1793 1273 1831 militum.
1299 1792 1344 1830 In
1368 1793 1530 1841 Regesto
1561 1792 1786 1830 seneschal-

80 1850 157 1889 liae
182 1851 407 1889 Tolosanae
429 1866 503 1901 pro
528 1865 635 1889 anno
661 1851 947 1898 MCCCXCIV,
974 1852 1041 1890 fol.
1069 1852 1129 1898 19,
1155 1859 1302 1889 extant
1324 1851 1487 1889 litterae
1512 1851 1689 1901 Philippi
1714 1851 1784 1896 VI,

82 1909 184 1959 regis
215 1909 422 1957 Franciae,
450 1910 572 1949 datae
602 1910 765 1948 Parisiis
794 1925 902 1949 anno
932 1911 1212 1958 MCCCXXX,
1233 1925 1370 1949 mense
1399 1910 1617 1958 februario,
1639 1909 1784 1960 quibus

82 1968 270 2007 concedit
291 1969 471 2007 Arnaldo
493 1969 645 2008 d’Euse
666 1977 713 2007 ut
736 1970 960 2019 quamdam
982 1970 1301 2020 capellaniarum
1323 1969 1609 2007 fundationem
1628 1968 1754 2007 faciat
1777 1983 1784 2005 :

83 2036 209 2065 nostre
224 2030 309 2066 amc}
325 2036 359 2065 et
372 2028 452 2077 seal
466 2030 626 2066 Arnaat
641 2028 801 2076 d’Euse,
819 2029 1020 2076 chevalier,
1039 2029 1206 2066 visconte
1223 2029 1266 2066 cle
1283 2029 1541 2077 Caramaing.
1559 2029 1604 2065 In
1621 2027 1786 2065 archivo

83 2086 223 2137 oppidi
252 2087 405 2125 Falceti
432 2087 474 2124 in
502 2087 703 2125 comitatu
733 2088 919 2126 Pratensi
947 2088 1057 2138 apud
1086 2088 1304 2126 Catalanos
1333 2095 1480 2125 extant
1506 2087 1647 2125 literae
1677 2085 1785 2124 Petri

82 2144 252 2184 infantis
276 2145 524 2195 Arragoniae
546 2146 599 2184 ad
621 2146 849 2184 Arnaldum
874 2147 1021 2194 Duesa,
1045 2147 1231 2194 militem,
1258 2146 1406 2185 summi
1430 2145 1641 2184 Pontificis
1664 2159 1785 2195 nepo-

84 2212 181 2252 tem,
211 2204 332 2242 datae
360 2219 468 2243 anno
497 2205 818 2254 MCCCXXVII,
849 2220 919 2243 Χνι
950 2206 1028 2244 kal.
1059 2205 1296 2244 decembris.
1328 2206 1453 2243 Recte
1482 2219 1574 2254 ergo
1603 2205 1787 2242 fecerunt

83 2263 322 2310 Chenutius,
354 2264 544 2312 Bzovius,
579 2264 846 2314 Waddingus,
887 2265 1130 2315 Spondanus
1175 2265 1378 2302 Joannem
1421 2264 1548 2301 XXII
1590 2270 1784 2300 vocantes

85 2322 288 2361 Jacobum
312 2322 360 2360 de
385 2323 507 2362 Eusa.
534 2323 688 2361 Eorum
710 2324 863 2373 posteri
886 2323 1024 2361 vocati
1048 2331 1144 2362 sunt
1168 2323 1216 2361 de
1241 2324 1510 2370 Caramanno,
1534 2330 1582 2359 ut
1605 2322 1784 2360 dicemus

84 2380 190 2418 infra
208 2381 279 2418 ubi
298 2395 464 2430 agemus
485 2382 533 2420 de
555 2382 730 2429 Joanne,
751 2382 955 2420 cardinale
974 2382 1092 2420 istius
1112 2382 1300 2420 nominis.

138 2440 181 2477 P.
200 2439 287 2487 183,
304 2439 370 2490 lig.
396 2440 455 2479 10.
481 2441 807 2479 CANCELLAmus
830 2441 1023 2479 Romanu
1042 2456 1176 2480 REGIS.
1198 2441 1260 2478 Ita
1279 2440 1404 2478 etiam
1427 2440 1618 2477 Albertus
1634 2439 1784 2488 Argen-

84 2497 255 2537 tinensis
278 2498 339 2549 [p.
364 2498 454 2549 103]
471 2531 478 2538 .
501 2499 578 2538 Sed
602 2500 712 2550 quod
730 2499 789 2537 ait
809 2500 1036 2538 Amalricus
1056 2500 1172 2538 illum
1193 2499 1315 2537 fuisse
1336 2499 1467 2549 primo
1500 2497 1785 2535 cancellarium

88 2557 258 2595 Roberti
279 2557 396 2607 regis,
419 2557 564 2597 deinde
586 2558 823 2609 episcopum
839 2559 1172 2608 Forojuliensem,
1190 2573 1271 2596 non
1293 2558 1482 2596 cohaeret
1504 2571 1596 2594 cum
1616 2556 1664 2594 iis
1682 2570 1785 2606 quae

86 2615 135 2653 de
169 2630 215 2654 eo
254 2615 383 2654 tradit
419 2617 598 2656 Joannes
628 2617 840 2666 Villanius,
875 2617 944 2657 lib.
987 2618 1060 2665 IX,
1090 2631 1177 2667 cap.
1210 2631 1341 2654 Lxx1x
1378 2615 1602 2666 [Muratori‚
1642 2623 1667 2653 t.
1698 2629 1783 2661 xm,

88 2674 160 2713 col.
177 2673 268 2725 483]
285 2674 478 2714 nimirum
493 2690 598 2724 eum,
614 2684 706 2714 tum
720 2676 957 2727 episcopum
974 2675 1294 2725 Forojuliensem
1310 2676 1466 2713 factum
1482 2673 1603 2712 fuisse
1629 2674 1784 2712 cancel-

86 2733 233 2771 larium
261 2733 431 2772 Roberti
456 2743 551 2785 post
572 2743 747 2773 mortem
772 2735 882 2773 Petri
903 2735 951 2773 de
979 2734 1170 2773 Ferrariis
1191 2732 1484 2784 archiepiscopi
1505 2732 1782 2770 Arelatensis4.

135 2882 167 2916 1.
186 2882 230 2915 Ν.
247 2881 372 2915 Valois
388 2894 409 2916 a
425 2883 564 2926 adopte
580 2894 670 2915 avec
686 2882 810 2916 raison
824 2883 858 2915 la
875 2882 1026 2926 graphie
1045 2882 1165 2915 Duese
1185 2882 1245 2925 (H.
1262 2882 1317 2921 L.‚
1336 2888 1360 2914 t.
1380 2893 1515 2921 xxxw,
1534 2894 1568 2925 p.
1586 2882 1666 2921 3913
1683 2881 1781 2920 392).

137 2935 168 2968 2.
198 2935 346 2974 Baluze,
366 2941 394 2968 t.
413 2947 463 2974 111,
484 2947 518 2978 p.
538 2936 619 2969 328.

136 2988 169 3021 3.
199 2987 247 3021 M.
267 2987 409 3021 Coulon
426 2988 530 3031 place
548 2999 593 3021 en
609 2988 703 3022 1318
720 2988 756 3021 la
774 2988 860 3021 date
879 2988 922 3021 de
941 2994 1038 3020 cette
1057 2993 1168 3020 vente
1190 2987 1355 3029 (Coulon,
1375 2999 1409 3020 n.
1429 2987 1525 3030 848).

137 3041 169 3074 4.
195 3040 358 3084 Jacques
385 3041 507 3074 Duese
531 3046 588 3074 est
611 3040 684 3074 cite
709 3052 854 3074 comme
880 3040 1088 3073 chancelier
1111 3040 1155 3073 de
1181 3039 1329 3073 Charles
1357 3040 1406 3080 II,
1427 3040 1480 3073 roi
1505 3041 1549 3073 de
1576 3039 1725 3084 Naples,
1750 3040 1782 3072 le

87 3093 134 3125 22
158 3105 257 3126 mars
281 3094 375 3127 1308
412 3093 812 3136 (Albanas-Chevalier,
845 3093 966 3126 Gallia
998 3093 1210 3126 Christiana
1234 3093 1443 3132 novissima,
1470 3099 1496 3126 t.
1523 3105 1598 3132 vm,
1625 3104 1659 3126 n.
1686 3092 1783 3136 834).
