2083 3458
263 147 314 188 32
912 159 1064 185 NOTAE
1098 150 1168 184 AD*
1193 158 1322 183 VITAs
1845 141 1995 197 [575]·

318 246 359 283 P.
383 245 417 291 1,
431 245 495 295 lig.
518 243 552 282 5.
571 244 618 281 IN
640 243 832 281 FRANCIA
845 243 1018 281 LEGATL
1034 225 1273 281 Guille'lmus
1294 241 1477 292 Nangius
1497 242 1549 280 ad
1562 255 1718 280 annum
1737 240 1970 281 MCCXCV.

265 305 404 342 Mense
429 303 528 341 maii
550 303 839 352 subsequenter,
866 301 1006 340 Simon
1029 301 1318 339 Praenestinus
1341 301 1551 351 episcopus
1574 309 1609 339 et
1624 300 1825 338 Berardus
1849 299 1972 338 Alba-

264 363 411 410 nensis,
428 362 650 400 cardinales
672 362 876 399 Romanae
897 360 1110 408 Ecclesiae,
1126 375 1150 398 a
1171 360 1384 409 Bonijacio
1405 375 1517 411 papa
1539 360 1653 398 missi
1674 374 1745 410 pro
1763 374 1859 410 pace
1874 359 1974 397 inter

264 437 389 471 regem
424 421 621 459 Franciae
655 429 690 459 et
723 435 850 469 regem
884 420 1060 469 Angliae
1092 419 1290 469 facienda,
1328 419 1372 457 in
1406 420 1624 458 Franciam
1659 426 1847 457 venerunt
1892 418 1972 470 [ed.

267 483 316 520 H.
342 481 519 527 Ge'raud,
543 488 573 518 t.
595 495 622 527 1,
645 494 684 530 p.
709 479 823 530 289].
848 479 1179 529 Walsinghamus
1199 479 1252 517 ad
1279 493 1435 517 annum
1464 479 1684 518 MCCXCV
1711 478 1772 517 ita
1789 478 1974 528 loquitur

265 542 312 579 (le
349 541 425 578 hac
459 539 664 591 legatione
703 555 710 577 :
748 539 896 577 Eodem
927 553 1033 576 anno
1065 538 1141 576 duo
1173 538 1395 576 cardinales
1425 538 1673 576 Albanensis
1703 546 1738 576 et
1779 538 1972 576 Praenes-

265 601 385 647 tinus,
418 599 548 649 primo
579 599 631 636 ad
661 613 788 648 regem
817 598 1027 646 Franciae,
1052 605 1186 648 postea
1208 598 1261 636 ad
1283 612 1411 647 regem
1433 598 1610 648 Angliae
1633 606 1833 646 venerunt,
1858 597 1974 635 missi

264 674 288 697 a
310 674 420 709 papa
441 658 653 708 Bonifacio
675 672 747 708 pro
761 672 856 708 pace
880 657 980 695 inter
1001 672 1107 706 reges
1128 665 1163 695 et
1183 657 1390 695 concordia
1412 658 1663 707 reformanda
1696 657 1755 708 [T.
1777 671 1805 705 1,
1826 671 1866 708 p.
1892 656 1972 707 51].

268 719 322 755 Et
359 718 464 756 infra
501 733 508 755 :
541 717 645 767 Rege
680 725 811 755 autem
841 716 888 754 ob
923 716 1175 754 reverentiam
1224 716 1357 755 curiae
1388 731 1574 755 romanae
1614 716 1797 767 petitioni
1839 730 1974 754 eorum

264 785 476 825 annuente,
498 777 602 815 circa
617 776 862 815 nativitatem
878 776 1063 826 Virginis
1080 776 1271 825 gloriosae
1289 776 1332 814 in
1353 775 1506 814 Gallias
1522 784 1775 814 revertuntur.
1798 776 1904 814 Item
1920 775 1974 814 ad

267 851 421 875 annum
439 836 682 875 MCCXCVI
711 836 770 887 [T.
794 851 835 884 Π,
856 851 895 886 p.
919 835 1007 886 52].
1031 835 1150 874 Circa
1163 835 1270 873 istud
1292 844 1459 886 tempus,
1484 836 1704 874 cardinalis
1727 835 1973 874 Albanensis

266 910 440 934 reversus
466 896 509 933 in
532 895 740 945 Angliam,
775 910 903 945 regem
936 895 1046 946 apud
1078 894 1321 933 Berewicum
1357 895 1472 943 adiit,
1511 909 1745 946 responsum
1772 895 1974 945 requirens

266 956 310 993 de
336 964 485 1005 treuga,
515 969 612 1005 quae
639 969 819 993 concessa
857 969 937 992 non
972 954 1103 1004 fuerat
1144 962 1303 1005 propter
1341 954 1717 1004 confoederationem
1755 969 1845 993 cum
1888 969 1974 1004 rege

266 1015 549 1063 Romanorum,
563 1029 587 1052 a
602 1029 675 1064 quo
694 1014 775 1063 regi
793 1014 968 1063 Angliae
989 1015 1224 1064 responsum
1243 1013 1336 1064 suit,
1353 1022 1388 1052 et
1400 1029 1470 1064 per
1491 1028 1620 1064 regem
1639 1014 1854 1062 cardinali,
1872 1014 1975 1064 quod

268 1075 279 1112 i
283 1089 350 1124 pse
367 1075 410 1112 in
425 1083 603 1123 treugam
619 1074 747 1112 noluit
760 1073 961 1112 assentire.
979 1074 1245 1124 Reversusque
1269 1081 1324 1111 est
1341 1073 1561 1112 cardinalis
1581 1073 1624 1112 in
1659 1073 1825 1121 Gallias,
1847 1073 1974 1112 inten-

265 1134 368 1172 tione
386 1133 523 1171 suain
542 1133 613 1171 hac
641 1142 751 1184 parte
775 1133 991 1183 frustratus
1021 1133 1080 1184 [T.
1108 1147 1135 1181 1,
1154 1147 1193 1184 p.
1230 1132 1318 1184 52].
1351 1133 1537 1183 Denique
1564 1147 1672 1171 anno
1691 1133 1973 1172 MCCXCVII.

267 1193 502 1231 Cardinales
520 1193 587 1243 qui
604 1207 630 1231 a
646 1193 806 1231 domino
823 1207 935 1243 papa
953 1192 1067 1230 missi
1083 1192 1244 1242 juerant
1260 1207 1331 1242 pro
1349 1207 1446 1243 pace
1470 1192 1724 1242 reformanda
1744 1193 1844 1231 inter
1868 1207 1976 1242 reges

268 1253 481 1290 indicentes
519 1253 688 1290 duorum
726 1267 926 1290 annorum
960 1261 1138 1301 treugam
1174 1251 1274 1290 inter
1318 1266 1393 1300 eOS,
1429 1252 1659 1290 auctoritate
1694 1252 1839 1303 papali
1873 1252 1977 1290 nihil

267 1312 453 1362 proficere
498 1320 710 1362 potuerunt
753 1312 813 1363 [T.
849 1327 876 1360 1,
901 1327 941 1363 p.
978 1311 1066 1362 64].
1102 1311 1206 1350 Vide
1240 1310 1367 1349 etiam
1401 1311 1664 1350 Matthaeum
1693 1312 1974 1350 Westmonas-

266 1371 484 1410 teriensem
514 1371 567 1409 ad
598 1385 755 1410 annum
777 1371 998 1410 MCCXCV
1029 1379 1071 1409 et
1101 1370 1346 1409 MCCXCVI
1370 1370 1522 1421 [Flores
1551 1371 1822 1419 historiarum,
1852 1375 1888 1409 t:
1917 1386 1974 1420 111,

267 1446 305 1481 p.
342 1430 405 1478 93,
440 1430 520 1480 95].
560 1431 606 1469 In
638 1430 760 1478 libro,
777 1429 949 1469 Arnaldi
967 1430 981 1453 1
1001 1429 1174 1478 Alberti,
1209 1429 1504 1481 archiepiscopi
1527 1430 1742 1469 Auscitani
1767 1439 1809 1469 et
1826 1431 1973 1470 S.R.E.

268 1489 493 1538 camerarii,
512 1490 561 1528 de
581 1489 806 1541 privilegiis
840 1497 881 1529 et
908 1490 1069 1540 juribus
1099 1504 1146 1529 ac
1164 1489 1352 1528 censibus
1371 1504 1566 1529 romanae
1603 1489 1822 1538 Ecclesiae,
1853 1505 1977 1541 quem

268 1557 405 1588 servat
435 1549 696 1588 celeberrima
727 1557 768 1588 et
795 1549 1120 1600 locupletissima
1149 1548 1401 1588 bibliotheca
1432 1549 1683 1598 Colbertina,
1714 1549 1770 1588 sic
1793 1549 1976 1600 legitur:

267 1609 416 1647 Littera
439 1609 591 1647 domini
626 1609 828 1659 Bonifatii
853 1624 958 1660 pape
987 1609 1103 1647 VIII
1136 1609 1341 1647 continens
1366 1609 1468 1659 quod
1493 1609 1577 1659 ipse
1610 1609 1850 1647 venerabiles
1874 1609 1978 1648 viros

270 1668 449 1706 dominos
486 1669 534 1707 Β.
573 1668 844 1706 Albanensem
877 1678 911 1707 et
944 1668 984 1707 S.
1023 1668 1368 1707 Penestrinensem
1399 1668 1605 1719 episcopos
1641 1669 1693 1707 ad
1729 1670 1978 1707 tractandum

269 1742 404 1777 pacem
439 1728 538 1766 inter
569 1728 824 1778 Philippum,
868 1728 1052 1776 Francie‚
1087 1736 1121 1767 et
1161 1727 1411 1776 Eduardum,
1444 1728 1592 1777 Anglie
1612 1742 1730 1777 regeS,
1753 1728 1976 1776 destinavit,

269 1795 500 1837 treugasque
526 1787 626 1825 inter
658 1802 721 1825 eos
754 1796 789 1826 et
823 1788 1055 1838 Adolphum
1088 1802 1216 1837 regem
1249 1788 1533 1835 Romanorum,
1569 1787 1663 1826 dicti
1697 1787 1801 1837 regis
1829 1788 1978 1838 Anglie

269 1846 499 1896 adjutorem,
518 1847 569 1884 ad
605 1846 811 1885 biennium
836 1847 994 1886 indixit.
1022 1847 1173 1885 Datum
1205 1847 1326 1885 Rome
1352 1847 1464 1897 apud
1488 1847 1678 1885 Sanctum
1706 1847 1869 1885 Petrum
1889 1847 1979 1885 idus

269 1906 413 1955 aprilis
449 1906 553 1956 [13],
578 1906 837 1956 pontificatus
860 1906 926 1944 sui
950 1921 1056 1945 anno
1080 1907 1249 1944 secundo
1280 1906 1429 1957 [1296].
1456 1906 1559 1945 Vide
1593 1914 1622 1945 t.
1659 1921 1701 1944 111
1734 1906 1980 1945 Libertatum

267 1965 534 2003 Ecclesiarum
565 1965 900 2015 Anglicanarum,
941 1981 981 2017 p.
1015 1965 1092 2004 616
1133 1974 1174 2004 et
1206 1980 1289 2016 seq.
1324 1965 1593 2005 623-626-631
1626 1973 1668 2004 et
1696 1965 1977 2017 sequentibus.

270 2024 401 2062 Extat
425 2024 468 2062 in
496 2024 734 2064 collectione
761 2033 950 2064 actorum
978 2024 1139 2064 discidii
1166 2026 1276 2076 quod
1294 2024 1375 2063 fuit
1400 2025 1509 2064 inter
1534 2024 1796 2064 Bonifacium
1812 2025 1918 2064 VIII
1938 2034 1980 2064 et

270 2084 507 2134 Philippum
542 2084 610 2132 IV,
644 2092 916 2134 cognomento
949 2085 1143 2123 Pulcrum
1174 2099 1310 2135 regem
1344 2085 1610 2133 Francorum,
1642 2100 1682 2136 p.
1715 2084 1778 2133 27,
1809 2084 1979 2135 insignis

269 2143 441 2193 epistola
474 2144 713 2182 eorumdem
746 2143 1050 2182 cardinalium2
1083 2143 1236 2195 scripta
1271 2144 1483 2183 occasione
1514 2144 1633 2183 istius
1666 2152 1835 2194 treugae
1867 2145 1980 2195 apud

270 2202 517 2251 Credulium,
542 2203 802 2242 Belvacensis
820 2202 1003 2251 diocesis,
1030 2218 1138 2242 anno
1157 2203 1324 2242 Domini
1351 2203 1633 2253 MCCXCVII,
1659 2218 1732 2241 xm
1760 2204 1841 2243 kal.
1867 2203 1980 2243 maii.

272 2261 335 2310 [19
345 2261 479 2312 avril].
492 2261 594 2300 Vide
608 2262 892 2313 Spondanum,
904 2277 970 2302 an.
984 2263 1097 2311 1296,
1109 2263 1334 2302 Odoricum
1344 2263 1625 2313 Raynaldum,
1638 2277 1704 2301 an.
1716 2263 1832 2312 1295,
1850 2262 1926 2311 §41
1940 2271 1982 2302 et

270 2335 352 2371 seq.
377 2329 418 2359 et
440 2335 505 2359 an.
531 2321 646 2369 1296,
676 2322 693 2371 §
716 2322 779 2371 42,
803 2323 1021 2370 Wharton,
1044 2322 1200 2372 Anglia
1219 2338 1346 2371 sacra,
1370 2331 1400 2362 t.
1423 2338 1450 2372 1,
1473 2338 1513 2374 p.
1538 2323 1589 2362 50
1611 2331 1652 2362 et
1674 2323 1722 2361 A.
1749 2323 1980 2371 Duchesne,

269 2381 447 2418 Histoire
468 2381 745 2432 ge'ne'alogique
765 2383 810 2420 de
830 2382 869 2420 la
889 2382 1046 2420 maison
1066 2383 1110 2420 de
1130 2383 1445 2433 Montmorency,
1466 2383 1651 2431 Preuves,
1672 2397 1711 2433 p.
1735 2382 1809 2421 131
1828 2382 1855 2421 ².

324 2554 351 2585 1.
372 2554 628 2587 L'invcntaire
647 2556 771 2589 (li-esse
789 2568 852 2589 sur
868 2557 919 2589 les
938 2557 1065 2589 ordres
1084 2557 1134 2589 du
1152 2557 1333 2590 camerier
1349 2557 1509 2590 Arnaud
1525 2557 1673 2590 Aubert
1690 2568 1712 2590 a
1729 2558 1788 2591 ete
1804 2556 1980 2600 imprime

272 2618 338 2647 11211·
355 2607 537 2640 Muratori
554 2620 601 2641 au
614 2615 716 2642 tome
731 2622 764 2641 VI
783 2611 826 2642 de
839 2622 896 2643 ses
911 2610 1162 2653 Antiquitates
1178 2611 1331 2644 Italicae
1347 2611 1458 2644 medii
1472 2611 1563 2651 aevi,
1581 2611 1649 2644 col.
1666 2611 1814 2651 75—189,
1832 2610 1981 2654 d'apres

272 2660 453 2702 {'‹›1·iginal
482 2662 545 2704 qui
564 2662 682 2695 existe
703 2663 723 2694 a
742 2662 914 2704 Modene,
933 2675 1020 2696 sous
1039 2664 1074 2697 la
1093 2670 1175 2697 cote
1195 2662 1267 2696 384
1288 2663 1366 2707 (Ch.
1383 2663 1580 2705 Samaran‚
1600 2664 1694 2697 Note
1721 2675 1786 2697 sur
1814 2664 1982 2707 quelques

274 2715 492 2747 inuititscrlls
521 2715 561 2747 de
589 2716 819 2749 l'i'twentaire
856 2717 915 2750 des
942 2717 1118 2750 Archives
1154 2717 1385 2761 pontificales
1413 2718 1534 2761 redige
1562 2729 1607 2750 en
1633 2718 1855 2757 1366-1367,
1887 2717 1981 2750 dans

276 2766 475 2809 ¹llclanges,
502 2774 526 2801 t.
553 2781 635 2801 xxn
670 2769 805 2813 (1902),
833 2782 868 2813 p.
895 2770 1083 2814 379-384).
1110 2770 1213 2804 Nous
1245 2782 1338 2803 nous
1362 2771 1550 2804 servirons
1583 2771 1634 2804 du
1661 2783 1729 2804 ms.
1752 2771 1849 2804 latin
1871 2768 1978 2809 5181,

274 2820 295 2850 l'.
315 2820 357 2849 99
373 2824 415 2852 ΓΟ.

324 2875 340 2889 ·’
374 2874 441 2905 1.(-5
460 2874 557 2906 deux
576 2887 711 2908 nonccs
737 2883 912 2918 recusent
936 2877 1034 2910 leurs
1060 2877 1239 2920 pouvoirs
1255 2876 1307 2910 les
1325 2878 1445 2917 13,18
1463 2883 1501 2910 et
1519 2878 1562 2910 20
1579 2877 1717 2911 sevrier
1731 2883 1770 2911 et
1793 2876 1826 2908 le
1843 2877 1865 2909 4
1881 2888 1980 2910 mars

350 2926 557 2969 3(l)ig1,1‹1
580 2941 614 2960 n.
638 2929 723 2961 697-
710 2929 824 2972 -733).
847 2930 918 2962 Su1
937 2930 1017 2963 leur
1036 2930 1203 2969 mission,
1226 2930 1308 2963 voir
1329 2930 1476 2963 Denisse
1497 2937 1535 2963 et
1556 2930 1765 2970 Chatelain,
1788 2929 1982 2963 Char-tula-

273 2979 539 3023 t·'11111,1.11,p
562 2982 819 3021 sss,11.593et
840 2983 993 3026 Digard‚
1014 2995 1048 3016 n.
1071 2984 1156 3016 801-
1161 2984 1979 3024 803,1186,1330,1584-1586,1642-1646,

297 3032 396 3062 311).
410 3034 490 3066 31..3
509 3035 617 3066 2:315—
623 3035 664 3066 23
673 3036 850 3075 222321,
869 3038 973 3076 2326,
992 3038 1097 3076 2328
1116 3038 1220 3070 2329
