2083 3458
123 224 274 279 [1073]
642 241 858 266 PAPARUM
892 240 1280 266 AVENIONENSIUM
1725 228 1804 269 595

109 323 331 362 Toletanus
351 324 378 370 ¹,
412 325 513 374 quod
544 325 605 362 die
636 325 836 363 dominica
866 325 1040 375 sequenti
1073 333 1158 374 post
1189 333 1348 363 mortem
1385 326 1562 375 Gregorii
1594 342 1683 365 cum
1713 337 1807 366 esset

111 381 182 420 iste
208 383 314 421 testis
342 383 384 420 in
411 384 559 421 Sancta
582 384 732 421 Ceciliu
760 385 802 421 in
830 385 951 421 missa
974 384 1192 421 cardinalis
1225 385 1517 431 Glandatensis,
1541 386 1657 434 finita
1684 387 1805 425 missa

109 450 352 480 accesserunt
372 443 425 480 acl
445 442 592 480 dictum
614 443 856 480 cardinalem
877 451 983 480 esctra
1005 443 1206 481 ecclesiam
1229 443 1272 480 in
1293 444 1453 491 currali,
1479 452 1519 481 ut
1539 445 1618 482 sibi
1641 445 1804 493 videtur,

109 501 223 551 quasi
249 501 405 538 trecenti
431 501 604 539 Romani
631 502 689 541 Vel
713 503 845 551 plures
875 502 1191 551 Transtgjberini,
1221 510 1262 540 ut
1287 502 1500 550 dicebatur,
1528 504 1572 541 de
1598 505 1805 553 parrochia

108 559 249 598 Sancte
272 560 429 607 Cecilie,
454 568 488 597 et
512 575 616 597 unus
641 561 798 598 nomine
822 561 1001 598 omnium
1024 561 1124 599 dizit
1149 576 1160 598 .·
1185 561 1303 598 Pater
1327 570 1464 608 noster,
1489 563 1609 600 salvet
1631 571 1664 601 te
1684 565 1805 603 Deus.

109 617 238 657 Nobis
261 619 409 657 dictum
430 627 486 657 est
508 620 610 669 quod
630 620 908 657 sanctissimus
923 635 1032 669 papa
1062 620 1272 669 Gregorius
1291 620 1401 658 obiit.
1423 621 1626 669 Rogamus
1650 630 1681 659 te
1703 623 1805 661 sicut

108 677 167 715 tui
199 678 316 727 filioli
347 678 449 728 quod
478 686 518 715 tu
548 686 583 715 et
612 678 685 716 alii
716 679 938 716 cardinales
977 679 1103 716 velitis
1134 679 1274 728 eligere
1311 694 1459 729 papam
1491 681 1717 719 Romanum
1747 683 1803 720 vel

113 737 325 775 Ytalicum.
348 737 400 774 Et
421 751 498 774 non
521 737 775 775 nominamus
796 737 869 775 tibi
891 738 1011 775 istum
1031 739 1089 776 vel
1109 738 1235 784 illum,
1250 739 1318 775 sed
1335 739 1388 776 sit
1407 739 1613 777 Romanus
1633 742 1690 778 vel
1710 741 1802 779 Yta-

104 795 208 833 licus
232 796 327 846 quia
350 796 489 834 civitas
515 796 591 834 ista
615 796 777 834 viduata
804 796 883 846 fuit
906 811 1015 846 papa
1038 812 1063 834 a
1087 797 1283 834 LXVIII
1306 797 1440 845 annis,
1465 806 1499 835 et
1522 813 1546 836 α
1570 807 1659 848 quot
1682 800 1802 837 annis

106 855 206 894 citra
234 870 311 892 non
338 856 572 893 recordatur.
602 854 653 892 Et
679 856 881 905 respondit
906 855 1124 893 cardinalis
1158 855 1437 894 (ilandatensis
1472 858 1573 907 quod
1603 872 1682 895 non
1712 859 1802 897 bene

105 914 306 963 faciebant
326 929 462 964 rogare
483 915 585 964 quod
604 914 787 963 eligerent
809 915 1034 952 Romanum
1056 916 1113 952 wel
1139 914 1350 962 Ytalz'czmz,
1372 916 1440 953 sed
1459 916 1648 954 debebant
1668 931 1803 967 rogare

105 974 234 1010 Deum
260 974 361 1023 quod
385 973 607 1011 cardinales
631 974 816 1022 eligerent
841 974 955 1011 talem
980 987 1190 1023 personam
1215 974 1281 1024 qui
1307 983 1402 1012 esset
1426 975 1478 1012 ad
1500 975 1704 1014 servitium
1726 977 1802 1014 Dei

106 1039 140 1069 et
157 1040 288 1070 sancte
308 1032 492 1080 Ecclesie,
512 1032 593 1070 sive
612 1041 709 1070 esset
735 1033 923 1079 Gallicus,
941 1033 998 1069 vel
1016 1033 1243 1082 HispanuS,
1264 1042 1333 1071 aut
1354 1035 1630 1085 undecumque.
1653 1036 1704 1073 Et
1722 1036 1801 1073 sibi

108 1091 312 1141 replicavit
328 1091 392 1129 ille
408 1092 474 1141 qui
490 1092 718 1141 loquebatur
734 1106 803 1141 pro
820 1092 876 1129 eis
891 1100 925 1129 et
941 1091 1041 1129 dixit
1057 1093 1158 1142 quod
1171 1091 1207 1129 si
1224 1093 1406 1130 nolebant
1420 1093 1559 1142 eligere
1574 1094 1798 1132 Romanum

106 1151 164 1188 vel
190 1150 402 1197 Ytalicum,
427 1165 506 1188 non
527 1151 688 1188 debebat
709 1151 837 1188 vocari
859 1151 971 1188 curia
994 1151 1188 1197 Romana,
1211 1152 1277 1188 sed
1298 1152 1597 1196 Avinionensis,
1622 1153 1678 1190 vel
1700 1155 1801 1191 unde

105 1209 185 1247 sibi
211 1210 388 1259 placeret.
416 1209 634 1260 Respondit
660 1210 877 1247 cardinalis
904 1210 1005 1259 quod
1039 1225 1148 1259 papa
1174 1211 1378 1248 Romanus
1403 1219 1484 1249 erat
1518 1211 1635 1249 totius
1662 1213 1801 1250 mundi

105 1276 140 1306 et
162 1269 335 1307 mundus
357 1269 511 1307 cedebat
532 1268 612 1306 sibi
635 1283 706 1318 pro
723 1269 879 1315 diocesi,
897 1277 930 1306 et
953 1277 1100 1318 poterat
1117 1269 1263 1306 morari
1279 1270 1347 1307 ubi
1371 1270 1490 1317 vellet,
1507 1278 1541 1308 et
1556 1279 1712 1320 propter
1735 1272 1802 1309 hoc

107 1342 185 1365 non
211 1327 412 1366 desinebat
436 1342 517 1365 esse
542 1343 651 1378 papa
678 1329 894 1366 Romanus.
925 1328 1032 1365 Nam
1059 1328 1142 1377 ipse
1166 1328 1246 1377 suit
1269 1329 1478 1378 episcopus
1511 1329 1801 1377 Glandatensis,

104 1394 138 1424 et
158 1387 385 1425 morabatur
403 1395 511 1425 extra
530 1387 725 1425 civitatem
757 1387 798 1424 in
827 1402 902 1424 sua
931 1387 1074 1425 diocesi
1104 1402 1172 1437 pro
1204 1388 1347 1437 majori
1376 1396 1485 1438 parte
1505 1390 1617 1435 anni,
1648 1398 1803 1439 propter

104 1446 171 1484 hoc
194 1460 272 1484 non
293 1446 494 1484 desinebat
513 1461 553 1484 se
575 1447 703 1484 vocari
725 1446 954 1496 episcopum
983 1446 1297 1485 Glandatensem.
1320 1447 1371 1484 Et
1389 1447 1550 1496 suerunt
1571 1450 1693 1486 multa
1721 1449 1802 1486 alia

107 1505 207 1542 inter
221 1519 296 1544 eos.
315 1505 367 1543 Et
383 1505 446 1543 ille
463 1505 530 1556 qui
546 1506 775 1555 loquebatur
800 1520 870 1555 pro
887 1505 981 1543 aliis
1007 1505 1108 1543 dia—it
1125 1520 1136 1542 .·
1152 1506 1295 1543 Dicam
1311 1506 1384 1543 tibi
1401 1507 1609 1545 veritatem.
1629 1508 1801 1546 Francia

104 1564 213 1602 suxit
236 1565 404 1602 Romam
428 1573 462 1602 et
491 1565 668 1603 Ytaliam
692 1580 716 1602 a
741 1573 909 1614 tempore
935 1564 1069 1602 mortis
1093 1565 1298 1613 Bonifacii
1323 1579 1438 1615 pape.
1460 1566 1511 1603 Et
1535 1581 1605 1603 nos
1625 1568 1803 1605 volumus

107 1623 217 1661 modo
237 1637 375 1673 sugere
397 1624 626 1663 Franciam.
652 1623 701 1661 Et
723 1624 765 1661 in
787 1624 854 1661 hoc
875 1624 1094 1661 cardinalis
1115 1624 1290 1661 ascendit
1311 1639 1504 1662 cameram
1524 1639 1652 1672 suam,
1675 1634 1708 1663 et
1728 1627 1801 1664 alii

82 1684 85 1686 ’
106 1690 353 1721 recesserunt.

159 1742 278 1779 Anno
306 1742 588 1780 MCCCLXXI
615 1742 800 1780 adlectus
828 1750 888 1779 est
915 1756 936 1779 a
966 1742 1159 1791 Gregorio
1188 1742 1248 1779 XI
1276 1742 1317 1779 in
1342 1756 1502 1780 sacrum
1532 1743 1798 1782 cardinalium

105 1801 333 1850 collegium,
365 1801 498 1839 dictus
530 1802 654 1851 vulgo
685 1801 902 1839 cardinalis
935 1801 1237 1839 Glandatensis
1274 1801 1433 1839 Habuit
1462 1810 1602 1839 autem
1632 1803 1801 1840 titulum

105 1859 334 1909 presbyteri
350 1860 568 1898 cardinalis
585 1861 622 1899 S.
640 1860 850 1898 Caeciliae.
872 1860 999 1910 quue
1015 1860 1286 1899 certissimum
1304 1868 1378 1907 est,
1396 1868 1542 1910 totque
1556 1862 1801 1900 testimoniis

105 1919 340 1958 confirmari
367 1927 506 1969 potest
534 1927 581 1957 ut
608 1919 752 1957 inutile
782 1919 973 1957 videatur
999 1919 1041 1956 in
1069 1920 1143 1956 hoc
1171 1927 1334 1969 tempus
1362 1919 1578 1959 insumere.
1608 1920 1802 1960 Adferam

104 1985 245 2017 tamen
270 1992 399 2015 unum
424 1978 574 2025 locum,
602 1979 671 2028 qui
697 1993 780 2016 rem
807 1986 934 2028 ponet
959 1987 1076 2016 extra
1109 1992 1272 2017 omnem
1306 1979 1642 2018 controversiam.
1673 1980 1800 2017 Extat

105 2036 169 2075 ille
186 2037 298 2087 apud
316 2037 538 2077 Odoricum
558 2037 838 2087 Raynaldum,
855 2051 920 2075 an.
942 2037 1056 2079 1378,
1081 2038 1097 2086 ξ
1117 2037 1178 2084 73,
1196 2038 1265 2074 ubi
1284 2037 1429 2076 cumin
1442 2037 1551 2075 facto
1572 2038 1726 2076 Urbani
1741 2039 1799 2076 'VI

105 2095 227 2134 misso
255 2095 307 2133 ad
343 2110 478 2146 regem
506 2096 706 2135 Castellae
735 2104 1027 2134 enumerentur
1055 2096 1280 2133 cardinales
1311 2096 1378 2145 qui
1408 2104 1501 2146 post
1529 2097 1711 2146 Gregorii
1740 2098 1799 2135 XI

104 2163 279 2194 mortem
315 2163 638 2205 purpuratorum
676 2163 840 2193 coetum
877 2156 1196 2205 componebant,
1233 2155 1339 2193 inter
1375 2169 1440 2192 eos
1478 2155 1533 2193 sic
1570 2165 1801 2194 recensetur

103 2213 180 2252 iste
201 2229 208 2251 :
227 2214 458 2252 Bernardus
477 2215 583 2252 tituli
601 2215 642 2252 S.
662 2214 808 2252 Cecilie
826 2214 1040 2263 vulgariter
1057 2214 1183 2252 dictus
1207 2213 1497 2251 Glandatensis.
1521 2214 1599 2252 Ubi
1618 2228 1690 2264 pro
1708 2215 1801 2252 Ber-

105 2273 268 2320 nardus,
301 2273 410 2322 quod
443 2282 504 2311 est
535 2274 793 2315 mendosum.
825 2272 1043 2322 legendum
1075 2287 1158 2310 esse
1191 2273 1434 2310 Rem-andus
1466 2281 1620 2311 certum
1653 2281 1729 2320 est,
1761 2282 1801 2311 et

104 2340 314 2381 praeterea
337 2333 608 2371 confirmatur
624 2347 675 2370 ex
701 2332 837 2370 codice
868 2333 1113 2378 Harlaeano,
1141 2332 1181 2368 in
1209 2346 1288 2381 quo
1315 2331 1421 2369 idem
1445 2331 1600 2369 factum
1627 2332 1801 2370 habetur

104 2390 371 2441 descriptum.

158 2450 393 2500 Onuphrius
421 2450 644 2488 Panvinius
670 2451 861 2489 eumdem
885 2449 1054 2487 titulum
1081 2449 1137 2486 illi
1161 2449 1363 2487 tribuerat
1387 2449 1429 2485 in
1454 2448 1593 2486 Prima
1617 2449 1800 2498 epitome:

104 2508 213 2558 quod
238 2508 422 2548 mutavit
445 2509 487 2547 in
512 2508 706 2548 Secunda.
736 2509 993 2548 postremam
1017 2508 1103 2557 ejus
1128 2508 1391 2554 sententiam,
1417 2521 1463 2545 ac
1488 2507 1519 2544 si
1545 2516 1654 2546 certa
1679 2516 1799 2554 esset,

102 2567 160 2604 ita
178 2567 358 2617 amplexi
376 2576 473 2606 sunt
491 2567 560 2617 qui
578 2576 721 2618 postea
740 2567 789 2606 de
806 2568 927 2606 rebus
944 2567 1032 2605 istis
1052 2566 1245 2616 scripsere
1263 2575 1310 2603 ut
1328 2566 1580 2615 Augustinus
1601 2566 1797 2604 Oldoinus

104 2640 186 2663 non
209 2626 262 2664 sit
287 2626 442 2664 veritus
469 2627 642 2665 scribere
667 2626 982 2665 amanuensium
1008 2640 1139 2663 errore
1166 2626 1322 2662 factum
1348 2624 1476 2662 videri
1502 2633 1548 2662 ut
1573 2625 1603 2661 is
1630 2633 1800 2663 vocetur

103 2685 319 2723 cardinalis
343 2686 517 2723 Sanctae
538 2686 735 2724 Caeciliae
756 2686 844 2723 loco
866 2685 1040 2723 Sanctae
1064 2684 1222 2721 Priscae
1243 2684 1284 2721 in
1305 2683 1429 2721 literis
1453 2697 1552 2732 quas
1575 2683 1798 2722 cardinales

103 2743 172 2793 qui
192 2744 407 2783 Urbanum
424 2744 480 2781 VI
498 2744 704 2793 elegerant
721 2745 972 2794 scripserunt
989 2743 1040 2780 ad
1058 2743 1282 2780 cardinales
1301 2743 1503 2779 absentes.
1526 2742 1641 2780 Hanc
1659 2750 1798 2782 tamen

103 2802 267 2841 Oldoini
323 2803 606 2852 conjecturam
661 2818 746 2841 esse
803 2816 954 2841 vanam
1011 2810 1051 2839 et
1107 2802 1294 2846 inutilem
1351 2808 1461 2838 certo
1518 2801 1665 2838 certius
1722 2809 1798 2839 est.

156 2861 233 2899 Sed
265 2861 461 2899 adversus
493 2861 571 2899 ista
604 2875 686 2899 non
717 2862 874 2899 utiliter
906 2860 1056 2911 opponi
1083 2868 1220 2910 potest
1252 2860 1361 2896 bulla
1395 2859 1576 2909 Gregorii
1618 2859 1679 2897 XI
1711 2859 1797 2897 des-

102 2920 232 2971 cripta
253 2920 363 2970 apud
391 2919 683 2969 Waddingum,
706 2934 770 2959 an.
802 2920 915 2965 1373,
944 2920 960 2967 ξ
983 2919 1030 2956 17
1058 2918 1103 2968 [t.
1128 2933 1210 2964 v111,
1229 2933 1267 2968 p.
1286 2917 1395 2967 277]‚
1416 2918 1479 2956 cui
1501 2918 1677 2956 insertae
1701 2927 1797 2956 sunt

101 2978 240 3017 literae
264 2979 449 3028 ejusdem
473 2978 689 3027 cardinalis
714 2978 945 3025 Bertrandi,
968 2977 1188 3027 utrobique
1211 2985 1352 3015 autem
1375 2977 1409 3014 ei
1432 2977 1630 3015 tribuitur
1652 2977 1795 3015 titulus

152 3102 183 3135 1.
214 3102 254 3136 B.
283 3102 338 3142 N.‚
363 3113 429 3134 ms.
454 3101 549 3134 latin
573 3101 702 3141 11745,
729 3101 790 3134 fol.
816 3101 883 3134 206
906 3106 950 3134 ΓΟ.
