2083 3458
121 216 271 271 [1123]
639 233 853 258 PAPARUM
889 233 1272 258 AVENIONENsmM
1718 217 1798 259 645

112 323 326 353 vocaretur
358 321 522 351 tantum
555 315 740 365 princeps
774 315 1030 354 Tarentinus.
1065 315 1165 353 Otto
1197 324 1336 354 autem
1369 316 1555 366 pervenit
1590 315 1802 365 Neapolim

111 374 174 412 die
204 388 293 411 xxv
321 372 459 410 martii
487 374 694 422 sequentis
724 374 833 412 anni.

166 432 289 470 Haud
309 431 368 469 ita
388 432 519 469 multo
540 441 646 482 post,
671 441 759 470 orta
779 432 865 482 jam
887 433 1085 471 discordia
1108 433 1214 471 inter
1235 434 1472 483 Gregorium
1496 433 1556 470 XI
1578 441 1619 471 et
1642 433 1802 470 Floren-

112 491 234 539 tinos,
262 504 354 529 cum
383 490 605 541 Florentini
633 492 829 531 Ottonem
855 500 1065 541 rogassent
1091 493 1152 530 uti
1179 507 1218 531 se
1245 493 1286 530 in
1312 492 1641 543 pacificationem
1664 505 1802 530 eorum

112 551 402 600 interponeret,
427 550 592 599 ipseque
618 550 665 588 de
690 565 735 588 ea
760 566 799 588 re
824 551 876 588 ad
901 551 1136 599 Gregorium
1162 551 1399 601 scripsisset,
1424 551 1499 589 iste
1523 551 1728 601 rescripsit
1751 550 1803 587 ad

115 623 207 648 eum
231 609 356 647 literis
383 608 488 646 datis
517 609 670 647 Romae
696 623 803 647 anno
829 610 1170 648 MCCCLXXVII
1196 611 1258 648 die
1285 618 1431 648 octava
1456 610 1687 648 novembris
1713 609 1802 656 sibi,

116 668 184 718 qui
207 668 358 707 nedum
382 682 472 705 cum
500 668 755 715 Florentinis,
780 668 849 707 sed
874 683 965 706 cum
988 669 1185 707 universis
1210 669 1447 707 christicolis
1470 683 1612 719 pacem
1636 670 1802 706 summis

115 727 321 765 desideriis
339 741 496 777 semper
512 727 729 777 appetivit,
746 735 907 777 gratum
925 742 1008 766 esse
1025 736 1066 766 et
1081 736 1296 778 acceptum
1312 728 1420 778 quod
1438 742 1483 766 eo
1499 736 1707 777 sequestro
1722 740 1804 777 pax

113 787 220 824 inter
238 786 371 836 ipsum
393 794 434 824 et
456 785 710 824 Florentinos
733 786 1027 834 conciliaretur,
1050 801 1223 836 eumque
1244 788 1431 825 hortatus
1453 795 1513 825 est
1535 795 1581 824 ut
1601 786 1640 824 id
1664 799 1803 835 quam-

113 845 289 896 primum
312 844 506 891 efficeret3
530 845 639 894 quod
660 845 711 882 ab
736 846 886 883 Ottone
909 845 1078 884 feliciter
1095 854 1231 883 actum
1255 861 1338 885 esse
1357 846 1476 884 docet
1491 845 1759 883 Theodericus
1781 858 1801 882 a

116 904 247 952 Niem,
273 904 342 942 lib.
374 904 402 951 I,
431 917 518 954 cap.
547 919 585 941 VI
624 904 676 954 [p.
707 904 777 954 18]
803 904 861 941 De
885 904 1101 942 schismate.
1133 905 1287 943 Eodem
1312 919 1429 943 usum
1456 919 1540 943 esse
1567 903 1803 953 Gregorium

114 978 186 1014 pro
210 963 524 1012 redintegranda
550 963 764 1001 concordia
788 977 879 1001 cum
903 963 1141 1001 Bernabone
1167 964 1456 1002 Mediolanensi
1479 963 1608 1012 liquet
1632 977 1681 1001 ex
1703 964 1804 1013 epis-

113 1023 198 1061 tola
224 1036 346 1072 quam
373 1022 435 1060 die
462 1030 608 1072 quarta
634 1022 839 1072 sequentis
866 1023 1012 1060 mensis
1038 1022 1175 1060 martii
1198 1023 1306 1061 idem
1331 1022 1544 1072 Gregorius
1570 1021 1730 1072 scripsit
1753 1021 1802 1058 ad

116 1082 318 1120 ,Ioannem
342 1081 390 1119 de
409 1081 586 1130 Grangia
604 1081 852 1119 cardinalem
871 1090 911 1119 et
927 1081 978 1118 ad
999 1082 1200 1119 Joannem
1220 1082 1438 1131 Rogerium
1455 1081 1801 1131 archiepiscopum

117 1141 437 1179 Narbonensem.

167 1201 286 1237 Anno
314 1199 694 1246 MCCCLXXVHI,
725 1199 837 1246 Otto,
867 1199 1051 1236 omnibus
1078 1213 1146 1249 per
1175 1199 1307 1249 ipsum
1344 1199 1506 1248 fideliter
1541 1207 1574 1236 et
1600 1198 1807 1248 prudenter

114 1273 184 1308 pro
202 1259 291 1308 ipsa
307 1272 401 1308 pace
418 1258 666 1307 reformanda
684 1258 781 1296 inter
797 1259 949 1295 easdem
965 1266 1093 1308 partes
1110 1258 1385 1308 discrepantes,
1401 1258 1442 1295 id
1460 1266 1533 1305 est,
1554 1257 1805 1295 Florentinos

115 1326 155 1356 et
182 1318 515 1364 Mediolanenses,
538 1317 764 1367 compositis
783 1318 835 1354 ad
854 1318 1027 1354 eamdem
1055 1317 1188 1354 urbem
1213 1317 1327 1355 rediit
1352 1317 1455 1354 circa
1482 1317 1570 1366 ipsa
1594 1316 1692 1365 festa
1718 1329 1806 1365 pas-

116 1377 244 1414 chalia
274 1391 362 1414 cum
394 1376 505 1414 bonis
536 1377 645 1413 novis
675 1376 902 1425 hujusmodi
933 1376 1044 1426 pacis
1074 1377 1263 1423 concluse,
1296 1376 1519 1426 reperiendo
1551 1375 1683 1425 ipsum
1719 1374 1806 1411 Gre-
1847 1383 1850 1386 ⁴

118 1436 271 1485 gorium
292 1436 448 1474 interim
467 1435 545 1473 vita
563 1436 756 1484 sunctum,
776 1444 823 1472 ut
843 1436 901 1472 ait
920 1435 1028 1473 idem
1048 1435 1317 1473 Theodericus
1349 1435 1402 1485 [p.
1425 1434 1511 1484 19].

173 1495 338 1533 Interim
375 1495 563 1532 Urbanus
598 1495 654 1532 VI
687 1494 843 1544 positus
876 1502 937 1532 est
969 1495 1011 1532 in
1048 1495 1136 1532 loco
1177 1494 1359 1543 ejusdem
1392 1493 1583 1543 Gregorii.
1617 1493 1807 1530 Testatur

117 1562 254 1592 autem
275 1554 384 1593 idem
403 1554 673 1592 Theodericus
695 1554 891 1592 Ottonem
911 1553 1185 1592 exhilaratum
1205 1553 1466 1592 vehementer
1485 1552 1532 1590 de
1552 1551 1806 1602 promotione

117 1613 204 1663 ejus
224 1613 258 1651 ei
280 1613 473 1651 obtulisse
494 1628 534 1651 se
555 1621 595 1651 et
615 1627 700 1651 sua.
722 1613 915 1650 Testatur
935 1621 1143 1662 praeterea
1165 1612 1395 1662 Stephanus
1421 1611 1631 1661 episcopus
1658 1610 1807 1647 Tuder-

118 1672 227 1710 tinus
245 1671 259 1694 ¹
280 1672 321 1710 in
342 1672 594 1722 depositione
615 1686 687 1710 sua
709 1687 748 1710 se
770 1671 917 1710 vidisse
939 1672 1133 1710 maritum
1153 1671 1312 1721 reginae
1335 1670 1628 1720 Neapolitanae
1649 1670 1807 1706 adorare

120 1731 253 1781 ipsum
285 1739 319 1769 et
351 1731 526 1769 exhibere
559 1731 638 1768 sibi
673 1731 924 1769 reverentiam
951 1739 1137 1781 tanquam
1164 1745 1266 1780 pape
1292 1738 1325 1768 et
1346 1743 1540 1767 remanere
1559 1728 1600 1765 in
1626 1727 1806 1778 prandio.

121 1791 208 1838 Quo
233 1791 321 1828 loco
346 1791 546 1840 insignem
573 1790 729 1828 Urbani
755 1790 1029 1828 rusticitatem
1055 1798 1174 1827 notat
1199 1789 1304 1827 idem
1333 1788 1602 1827 Theodericus
1641 1787 1693 1836 [p.
1724 1785 1806 1834 19],

121 1863 242 1899 quam
260 1850 368 1888 malo
386 1850 519 1887 verbis
537 1849 622 1899 ejus
641 1849 785 1888 referre
805 1863 928 1898 quam
946 1849 1042 1887 meis
1064 1865 1070 1886 :
1089 1849 1139 1886 Et
1155 1863 1243 1886 cum
1261 1848 1366 1897 infra
1376 1848 1472 1897 festa
1489 1845 1713 1895 hujusmodi
1732 1845 1808 1882 dic-

120 1917 181 1946 tus
197 1908 281 1946 Otto
295 1917 451 1958 sumpto
467 1909 635 1958 prandio
651 1923 738 1946 cum
754 1909 883 1946 eodem
904 1908 1076 1955 Urbano,
1096 1916 1137 1946 ut
1152 1907 1270 1945 moris
1285 1915 1351 1954 est,
1368 1907 1402 1943 ei
1419 1907 1585 1956 quodam
1600 1904 1660 1942 die
1676 1912 1809 1954 potum

121 1968 291 2017 preberet
307 1968 350 2005 in
367 1968 568 2005 collatione
587 1968 629 2005 in
645 1967 841 2017 presentia
868 1968 1125 2017 quorumdam
1150 1966 1415 2004 cardinalium
1431 1973 1464 2002 et
1482 1965 1651 2001 aliorum
1672 1976 1809 2011 magne

120 2027 362 2064 auctoritatis
397 2027 581 2074 virorum,
618 2027 742 2064 dictus
783 2026 969 2064 Urbanus
1002 2040 1047 2064 em
1079 2026 1185 2075 fastu
1219 2025 1380 2075 ciphum
1414 2025 1457 2062 de
1492 2023 1676 2060 manibus
1710 2020 1808 2059 tanti

121 2085 319 2135 principis
334 2086 446 2124 statis
463 2100 592 2123 coram
608 2100 648 2123 eo
668 2086 737 2123 diu
756 2085 921 2135 genibus
936 2085 1052 2135 flemis
1068 2085 1234 2134 recipere
1249 2093 1328 2122 tam
1347 2083 1417 2121 diu
1431 2082 1609 2128 tardavit,
1628 2082 1744 2118 donec
1760 2080 1810 2117 ad

120 2159 209 2182 eum
231 2145 391 2194 quidam
413 2159 458 2182 ex
479 2145 623 2182 eisdem
646 2144 916 2182 cardinalibus
939 2144 1076 2182 diceret
1099 2144 1163 2181 hec
1186 2143 1299 2180 verba
1323 2158 1330 2180 ε
1356 2143 1472 2179 Pater
1493 2148 1634 2187 sancte,
1659 2148 1809 2188 tempus

120 2212 174 2242 est
198 2212 239 2242 ut
265 2203 418 2242 bibatis.

175 2262 370 2301 Odoricus
393 2262 644 2311 Raynaldus,
666 2277 730 2300 an.
754 2262 866 2309 1378,
893 2263 909 2311 ἓ
929 2262 990 2309 46,
1011 2261 1133 2300 refert
1152 2276 1202 2299 ex
1217 2260 1359 2298 Diario
1385 2258 1569 2297 Hectoris
1597 2255 1810 2306 Pignatelli

123 2322 319 2361 Ottonem
339 2335 384 2360 ea
404 2330 652 2373 tempestate
673 2321 943 2360 exambivisse
964 2329 1010 2358 ut
1030 2320 1137 2370 regia
1160 2333 1306 2358 corona
1325 2317 1537 2369 pontificia
1557 2314 1809 2364 indulgentia

122 2380 392 2428 redimiretur,
424 2381 494 2419 sed
524 2381 619 2419 licet
650 2380 870 2418 honorifice
903 2380 954 2417 ab
988 2380 1154 2417 Urbano
1185 2386 1380 2428 exceptus
1413 2376 1567 2422 fuisset,
1600 2374 1640 2412 id
1671 2382 1812 2411 tamen

123 2440 321 2477 eblandiri
339 2454 420 2477 non
437 2440 629 2489 potuisse.
653 2439 768 2478 Istud
785 2440 919 2489 ipsum
936 2453 1008 2488 ego
1025 2438 1152 2488 reperi
1169 2437 1210 2475 in
1228 2435 1478 2486 depositione
1498 2433 1605 2472 Petri
1626 2430 1811 2470 Roderici

125 2499 308 2537 canonici
330 2499 532 2537 Ecclesiae
554 2498 837 2544 Cordubensis,
859 2498 900 2535 in
921 2511 1000 2547 qua
1022 2498 1120 2535 haec
1136 2498 1325 2545 leguntur
1342 2494 1357 2517 ²
1379 2510 1385 2531 :
1412 2494 1673 2541 Interrogatus
1695 2503 1813 2540 super

124 2557 250 2595 XXV
274 2557 373 2595 dixit
395 2571 434 2594 se
456 2557 554 2594 scire
578 2558 678 2607 quod
701 2557 743 2594 in
767 2556 968 2606 principio
992 2555 1198 2594 creationis
1223 2554 1314 2592 dicti
1339 2566 1441 2603 pape
1464 2551 1601 2600 regina
1627 2550 1813 2587 Johanna

126 2616 284 2654 miserat
305 2617 471 2653 Romam
494 2616 680 2654 maritum
700 2630 818 2653 suum
840 2630 928 2653 cum
949 2615 1133 2665 pluribus
1157 2613 1277 2662 galeis
1300 2621 1341 2650 ut
1362 2618 1558 2649 coronaret
1579 2623 1667 2646 eum
1690 2607 1812 2645 dictus

126 2690 234 2725 papa
257 2675 299 2712 in
321 2689 459 2723 regem,
481 2683 515 2713 et
536 2676 636 2724 quod
657 2675 754 2712 vidit
774 2689 863 2712 eum
883 2674 1024 2721 venire,
1047 2682 1080 2711 et
1099 2673 1178 2722 fuit
1198 2680 1370 2721 receptus
1391 2668 1600 2718 honorifice
1627 2667 1758 2713 Rome,
1781 2672 1814 2702 et

126 2734 279 2772 audivit
302 2734 402 2783 quod
422 2747 493 2783 pro
515 2747 556 2770 eo
579 2734 679 2783 quod
700 2734 825 2771 dictus
848 2747 956 2783 papa
979 2732 1153 2769 noluerat
1174 2745 1262 2768 eum
1284 2742 1463 2767 coronare
1488 2728 1530 2765 in
1552 2740 1689 2775 regem,
1714 2725 1816 2762 dicta

128 2794 266 2842 regina
295 2792 544 2830 constituerat
572 2806 611 2829 se
641 2792 796 2842 publice
826 2806 899 2829 sua
931 2791 1107 2829 inimica.
1142 2788 1378 2839 Respondet
1408 2795 1547 2824 autem
1579 2786 1720 2823 Petrus
1751 2783 1815 2820 ille

128 2851 328 2889 additioni
353 2851 480 2888 XXV
504 2864 618 2889 casus
645 2850 962 2897 Bartholomaei‚
988 2850 1030 2887 in
1055 2863 1135 2898 quo
1157 2848 1213 2886 sic
1234 2847 1428 2897 scriptum
1452 2853 1512 2883 est
1527 2843 1542 2865 3
1569 2860 1575 2881 :
1604 2843 1698 2881 Item
1719 2841 1818 2892 quod

177 2988 209 3020 1.
239 2987 279 3020 B.
307 2986 364 3026 N.‚
389 2997 456 3019 ms.
480 2985 576 3018 latin
598 2984 727 3026 11745,
753 2985 815 3018 fol.
842 2986 884 3018 77
911 2989 960 3018 νο.

179 3041 210 3074 2.
240 3040 307 3073 Ms.
337 3039 421 3079 cite,
450 3038 512 3072 fol.
542 3038 611 3071 14¹9
637 3042 681 3071 r0.

178 3094 211 3127 3.
241 3093 307 3126 Ms.
338 3092 421 3132 cite,
450 3090 513 3125 fol.
544 3092 588 3124 28
614 3095 659 3124 r0.
