<?xml version="1.0" encoding="UTF-8"?>
<!DOCTYPE html PUBLIC "-//W3C//DTD XHTML 1.0 Transitional//EN"
    "http://www.w3.org/TR/xhtml1/DTD/xhtml1-transitional.dtd">
<html xmlns="http://www.w3.org/1999/xhtml" xml:lang="en" lang="en">
 <head>
  <title>
</title>
<meta http-equiv="Content-Type" content="text/html;charset=utf-8" />
  <meta name='ocr-system' content='tesseract 3.04.00' />
  <meta name='ocr-capabilities' content='ocr_page ocr_carea ocr_par ocr_line ocrx_word'/>
</head>
<body>
  <div class='ocr_page' id='page_1' title='image "./vitaepaparumaven02balu_0530.png"; bbox 0 0 2083 3458; ppageno 0'>
   <div class='ocr_carea' id='block_1_1' title="bbox 275 240 1975 296">
    <p class='ocr_par' dir='ltr' id='par_1_1' title="bbox 275 240 1975 296">
     <span class='ocr_line' id='line_1_1' title="bbox 275 240 1975 296; baseline -0.002 -11"><span class='ocrx_word' id='word_1_1' title='bbox 275 243 355 286; x_wconf 79' lang='lat'>520</span> <span class='ocrx_word' id='word_1_2' title='bbox 920 255 1071 281; x_wconf 83' lang='lat' dir='ltr'><strong>NOTAE</strong></span> <span class='ocrx_word' id='word_1_3' title='bbox 1105 256 1166 280; x_wconf 83' lang='lat' dir='ltr'>AD</span> <span class='ocrx_word' id='word_1_4' title='bbox 1200 255 1328 281; x_wconf 81' lang='lat' dir='ltr'>VITAs</span> <span class='ocrx_word' id='word_1_5' title='bbox 1822 240 1975 296; x_wconf 78' lang='lat'>[1002]</span> 
     </span>
    </p>
   </div>
   <div class='ocr_carea' id='block_1_2' title="bbox 268 339 2026 2770">
    <p class='ocr_par' dir='ltr' id='par_1_2' title="bbox 272 339 2026 866">
     <span class='ocr_line' id='line_1_2' title="bbox 272 339 1975 390; baseline -0.001 -10"><span class='ocrx_word' id='word_1_6' title='bbox 272 343 456 382; x_wconf 84' lang='lat' dir='ltr'>omnium</span> <span class='ocrx_word' id='word_1_7' title='bbox 486 342 792 380; x_wconf 71' lang='lat' dir='ltr'>nominaverint</span> <span class='ocrx_word' id='word_1_8' title='bbox 819 341 1187 378; x_wconf 86' lang='lat' dir='ltr'>Bartholomaeum</span> <span class='ocrx_word' id='word_1_9' title='bbox 1215 339 1569 390; x_wconf 82' lang='lat' dir='ltr'>archiepiscopum</span> <span class='ocrx_word' id='word_1_10' title='bbox 1596 341 1829 380; x_wconf 84' lang='lat' dir='ltr'>Barensem.</span> <span class='ocrx_word' id='word_1_11' title='bbox 1860 340 1975 379; x_wconf 84' lang='lat' dir='ltr'>Istud</span> 
     </span>
     <span class='ocr_line' id='line_1_3' title="bbox 272 398 1976 454; baseline -0.001 -14"><span class='ocrx_word' id='word_1_12' title='bbox 272 403 379 440; x_wconf 85' lang='lat' dir='ltr'>enim</span> <span class='ocrx_word' id='word_1_13' title='bbox 402 410 582 441; x_wconf 75' lang='lat' dir='ltr'>testatur</span> <span class='ocrx_word' id='word_1_14' title='bbox 613 400 830 439; x_wconf 85' lang='lat' dir='ltr'>cardinalis</span> <span class='ocrx_word' id='word_1_15' title='bbox 864 399 1124 438; x_wconf 84' lang='lat' dir='ltr'>Florentinus</span> <span class='ocrx_word' id='word_1_16' title='bbox 1144 398 1158 421; x_wconf 79' lang='lat'>¹</span> <span class='ocrx_word' id='word_1_17' title='bbox 1180 399 1221 437; x_wconf 91' lang='lat' dir='ltr'>in</span> <span class='ocrx_word' id='word_1_18' title='bbox 1243 399 1576 449; x_wconf 83' lang='lat' dir='ltr'>responsionibus</span> <span class='ocrx_word' id='word_1_19' title='bbox 1600 400 1652 438; x_wconf 86' lang='lat' dir='ltr'>ad</span> <span class='ocrx_word' id='word_1_20' title='bbox 1675 401 1799 438; x_wconf 88' lang='lat' dir='ltr'>dubia</span> <span class='ocrx_word' id='word_1_21' title='bbox 1823 401 1976 454; x_wconf 83' lang='lat' dir='ltr'>archie-</span> 
     </span>
     <span class='ocr_line' id='line_1_4' title="bbox 272 458 1978 511; baseline -0.001 -12"><span class='ocrx_word' id='word_1_22' title='bbox 272 462 428 511; x_wconf 85' lang='lat' dir='ltr'>piscopi</span> <span class='ocrx_word' id='word_1_23' title='bbox 450 461 651 507; x_wconf 69' lang='lat' dir='ltr'>Toletani,</span> <span class='ocrx_word' id='word_1_24' title='bbox 674 460 745 497; x_wconf 89' lang='lat' dir='ltr'>ubi</span> <span class='ocrx_word' id='word_1_25' title='bbox 766 460 821 497; x_wconf 85' lang='lat' dir='ltr'>sic</span> <span class='ocrx_word' id='word_1_26' title='bbox 842 459 985 497; x_wconf 78' lang='lat' dir='ltr'><strong>scribit</strong></span> <span class='ocrx_word' id='word_1_27' title='bbox 1008 475 1015 496; x_wconf 90' lang='lat'>:</span> <span class='ocrx_word' id='word_1_28' title='bbox 1035 458 1237 495; x_wconf 75' lang='lat' dir='ltr'>Dominus</span> <span class='ocrx_word' id='word_1_29' title='bbox 1257 458 1548 496; x_wconf 69' lang='lat' dir='ltr'>Lemovicensis</span> <span class='ocrx_word' id='word_1_30' title='bbox 1570 460 1792 498; x_wconf 69' lang='lat' dir='ltr'>nominavit</span> <span class='ocrx_word' id='word_1_31' title='bbox 1811 469 1845 498; x_wconf 82' lang='lat' dir='ltr'>et</span> <span class='ocrx_word' id='word_1_32' title='bbox 1864 460 1978 509; x_wconf 77' lang='lat' dir='ltr'>elegit</span> 
     </span>
     <span class='ocr_line' id='line_1_5' title="bbox 274 518 1977 570; baseline -0.001 -12"><span class='ocrx_word' id='word_1_33' title='bbox 274 521 313 558; x_wconf 84' lang='lat' dir='ltr'>in</span> <span class='ocrx_word' id='word_1_34' title='bbox 336 535 482 570; x_wconf 78' lang='lat' dir='ltr'>papam</span> <span class='ocrx_word' id='word_1_35' title='bbox 506 519 709 557; x_wconf 74' lang='lat' dir='ltr'>dominum</span> <span class='ocrx_word' id='word_1_36' title='bbox 732 519 1075 568; x_wconf 76' lang='lat' dir='ltr'>archiepiscopum</span> <span class='ocrx_word' id='word_1_37' title='bbox 1095 518 1324 566; x_wconf 71' lang='lat' dir='ltr'>Bmensem,</span> <span class='ocrx_word' id='word_1_38' title='bbox 1346 527 1380 556; x_wconf 87' lang='lat' dir='ltr'>et</span> <span class='ocrx_word' id='word_1_39' title='bbox 1399 518 1501 556; x_wconf 65' lang='lat' dir='ltr'>dimit</span> <span class='ocrx_word' id='word_1_40' title='bbox 1521 519 1627 556; x_wconf 74' lang='lat' dir='ltr'>istud</span> <span class='ocrx_word' id='word_1_41' title='bbox 1646 519 1804 557; x_wconf 65' lang='lat' dir='ltr'>verbum</span> <span class='ocrx_word' id='word_1_42' title='bbox 1827 533 1839 556; x_wconf 89' lang='lat'>.·</span> <span class='ocrx_word' id='word_1_43' title='bbox 1859 519 1977 557; x_wconf 81' lang='lat' dir='ltr'>Orbis</span> 
     </span>
     <span class='ocr_line' id='line_1_6' title="bbox 273 577 1976 628; baseline -0.001 -11"><span class='ocrx_word' id='word_1_44' title='bbox 273 589 326 617; x_wconf 84' lang='lat' dir='ltr'>est</span> <span class='ocrx_word' id='word_1_45' title='bbox 341 580 467 628; x_wconf 76' lang='lat' dir='ltr'>major</span> <span class='ocrx_word' id='word_1_46' title='bbox 487 579 601 617; x_wconf 74' lang='lat' dir='ltr'>Urbe.</span> <span class='ocrx_word' id='word_1_47' title='bbox 619 578 671 616; x_wconf 89' lang='lat' dir='ltr'>Et</span> <span class='ocrx_word' id='word_1_48' title='bbox 682 578 960 628; x_wconf 72' lang='lat' dir='ltr'>subsequenter</span> <span class='ocrx_word' id='word_1_49' title='bbox 975 577 1197 615; x_wconf 70' lang='lat' dir='ltr'>nominavit</span> <span class='ocrx_word' id='word_1_50' title='bbox 1210 591 1299 615; x_wconf 75' lang='lat' dir='ltr'>eum</span> <span class='ocrx_word' id='word_1_51' title='bbox 1314 577 1501 615; x_wconf 73' lang='lat' dir='ltr'>dominus</span> <span class='ocrx_word' id='word_1_52' title='bbox 1516 579 1560 615; x_wconf 85' lang='lat' dir='ltr'>de</span> <span class='ocrx_word' id='word_1_53' title='bbox 1571 578 1773 628; x_wconf 75' lang='lat' dir='ltr'>Agrifolio</span> <span class='ocrx_word' id='word_1_54' title='bbox 1787 579 1950 617; x_wconf 79' lang='lat' dir='ltr'>dicendo</span> <span class='ocrx_word' id='word_1_55' title='bbox 1964 592 1976 616; x_wconf 94' lang='grc'>.·</span> 
     </span>
     <span class='ocr_line' id='line_1_7' title="bbox 272 637 2026 694; baseline 0 -18"><span class='ocrx_word' id='word_1_56' title='bbox 272 639 403 687; x_wconf 79' lang='lat' dir='ltr'><em>Eligo,</em></span> <span class='ocrx_word' id='word_1_57' title='bbox 430 638 604 685; x_wconf 82' lang='lat' dir='ltr'>nomino,</span> <span class='ocrx_word' id='word_1_58' title='bbox 630 646 664 675; x_wconf 87' lang='lat' dir='ltr'>et</span> <span class='ocrx_word' id='word_1_59' title='bbox 687 652 846 675; x_wconf 77' lang='lat' dir='ltr'>assumo</span> <span class='ocrx_word' id='word_1_60' title='bbox 872 637 1088 675; x_wconf 82' lang='lat' dir='ltr'>Barensem</span> <span class='ocrx_word' id='word_1_61' title='bbox 1114 637 1157 674; x_wconf 91' lang='lat' dir='ltr'>in</span> <span class='ocrx_word' id='word_1_62' title='bbox 1180 651 1332 687; x_wconf 78' lang='lat' dir='ltr'>papam</span> <span class='ocrx_word' id='word_1_63' title='bbox 1357 645 1391 675; x_wconf 89' lang='lat' dir='ltr'>et</span> <span class='ocrx_word' id='word_1_64' title='bbox 1416 637 1458 674; x_wconf 93' lang='lat' dir='ltr'>in</span> <span class='ocrx_word' id='word_1_65' title='bbox 1482 637 1710 675; x_wconf 77' lang='lat' dir='ltr'>Romanurn</span> <span class='ocrx_word' id='word_1_66' title='bbox 1734 638 1973 694; x_wconf 70' lang='lat' dir='ltr'>pontificem.</span> <span class='ocrx_word' id='word_1_67' title='bbox 2022 639 2026 643; x_wconf 82' lang='grc'><strong>’</strong></span> 
     </span>
     <span class='ocr_line' id='line_1_8' title="bbox 275 696 1975 747; baseline 0 -12"><span class='ocrx_word' id='word_1_68' title='bbox 275 699 522 747; x_wconf 76' lang='lat' dir='ltr'>Quanquam</span> <span class='ocrx_word' id='word_1_69' title='bbox 549 697 676 735; x_wconf 85' lang='lat' dir='ltr'>frater</span> <span class='ocrx_word' id='word_1_70' title='bbox 702 697 896 735; x_wconf 81' lang='lat' dir='ltr'>Alfonsus</span> <span class='ocrx_word' id='word_1_71' title='bbox 934 697 983 735; x_wconf 90' lang='lat' dir='ltr'>de</span> <span class='ocrx_word' id='word_1_72' title='bbox 1011 696 1158 735; x_wconf 87' lang='lat' dir='ltr'>Melide</span> <span class='ocrx_word' id='word_1_73' title='bbox 1178 696 1193 719; x_wconf 81' lang='lat'>2</span> <span class='ocrx_word' id='word_1_74' title='bbox 1219 704 1398 734; x_wconf 85' lang='lat' dir='ltr'>testatus</span> <span class='ocrx_word' id='word_1_75' title='bbox 1448 705 1509 735; x_wconf 90' lang='lat' dir='ltr'>est</span> <span class='ocrx_word' id='word_1_76' title='bbox 1545 697 1621 735; x_wconf 87' lang='lat' dir='ltr'>sibi</span> <span class='ocrx_word' id='word_1_77' title='bbox 1657 698 1816 736; x_wconf 84' lang='lat' dir='ltr'>dictum</span> <span class='ocrx_word' id='word_1_78' title='bbox 1852 697 1975 745; x_wconf 83' lang='lat' dir='ltr'>fuisse</span> 
     </span>
     <span class='ocr_line' id='line_1_9' title="bbox 272 756 1977 807; baseline 0 -13"><span class='ocrx_word' id='word_1_79' title='bbox 272 757 323 794; x_wconf 88' lang='lat' dir='ltr'>ab</span> <span class='ocrx_word' id='word_1_80' title='bbox 349 757 553 807; x_wconf 64' lang='lat' dir='ltr'>episcopo„</span> <span class='ocrx_word' id='word_1_81' title='bbox 580 756 676 795; x_wconf 86' lang='lat' dir='ltr'>olim</span> <span class='ocrx_word' id='word_1_82' title='bbox 701 756 935 803; x_wconf 83' lang='lat' dir='ltr'>Giennensi‚</span> <span class='ocrx_word' id='word_1_83' title='bbox 963 756 1132 794; x_wconf 80' lang='lat' dir='ltr'>Petrum</span> <span class='ocrx_word' id='word_1_84' title='bbox 1165 756 1213 794; x_wconf 90' lang='lat' dir='ltr'>de</span> <span class='ocrx_word' id='word_1_85' title='bbox 1239 756 1355 793; x_wconf 89' lang='lat' dir='ltr'>Luna</span> <span class='ocrx_word' id='word_1_86' title='bbox 1380 756 1558 806; x_wconf 85' lang='lat' dir='ltr'>primum</span> <span class='ocrx_word' id='word_1_87' title='bbox 1583 757 1706 795; x_wconf 79' lang='lat' dir='ltr'>fuisse</span> <span class='ocrx_word' id='word_1_88' title='bbox 1731 757 1799 807; x_wconf 75' lang='lat' dir='ltr'>qni</span> <span class='ocrx_word' id='word_1_89' title='bbox 1822 757 1977 794; x_wconf 78' lang='lat' dir='ltr'><em>dederat</em></span> 
     </span>
     <span class='ocr_line' id='line_1_10' title="bbox 272 815 1708 866; baseline 0 -13"><span class='ocrx_word' id='word_1_90' title='bbox 272 817 352 853; x_wconf 79' lang='lat' dir='ltr'>sibi</span> <span class='ocrx_word' id='word_1_91' title='bbox 371 830 497 853; x_wconf 70' lang='lat' dir='ltr'>vocem</span> <span class='ocrx_word' id='word_1_92' title='bbox 515 830 644 863; x_wconf 74' lang='lat' dir='ltr'>suam,</span> <span class='ocrx_word' id='word_1_93' title='bbox 665 816 760 866; x_wconf 75' lang='lat' dir='ltr'>qnia</span> <span class='ocrx_word' id='word_1_94' title='bbox 778 816 836 853; x_wconf 86' lang='lat' dir='ltr'>sic</span> <span class='ocrx_word' id='word_1_95' title='bbox 853 815 934 853; x_wconf 83' lang='lat' dir='ltr'>sibi</span> <span class='ocrx_word' id='word_1_96' title='bbox 953 815 1105 853; x_wconf 71' lang='lat' dir='ltr'>dixerat</span> <span class='ocrx_word' id='word_1_97' title='bbox 1123 815 1259 852; x_wconf 81' lang='lat' dir='ltr'>omnia</span> <span class='ocrx_word' id='word_1_98' title='bbox 1278 816 1497 853; x_wconf 74' lang='lat' dir='ltr'>cardinalis</span> <span class='ocrx_word' id='word_1_99' title='bbox 1516 816 1560 853; x_wconf 78' lang='lat' dir='ltr'>de</span> <span class='ocrx_word' id='word_1_100' title='bbox 1578 816 1708 855; x_wconf 75' lang='lat' dir='ltr'>Luna.</span> 
     </span>
    </p>

    <p class='ocr_par' dir='ltr' id='par_1_3' title="bbox 268 875 1976 2354">
     <span class='ocr_line' id='line_1_11' title="bbox 326 875 1975 925; baseline 0.001 -13"><span class='ocrx_word' id='word_1_101' title='bbox 326 876 473 925; x_wconf 73' lang='lat' dir='ltr'>Magna</span> <span class='ocrx_word' id='word_1_102' title='bbox 493 884 634 913; x_wconf 87' lang='lat' dir='ltr'>tamen</span> <span class='ocrx_word' id='word_1_103' title='bbox 654 883 714 913; x_wconf 91' lang='lat' dir='ltr'>est</span> <span class='ocrx_word' id='word_1_104' title='bbox 733 875 775 913; x_wconf 91' lang='lat' dir='ltr'>in</span> <span class='ocrx_word' id='word_1_105' title='bbox 793 875 870 913; x_wconf 89' lang='lat' dir='ltr'>hoc</span> <span class='ocrx_word' id='word_1_106' title='bbox 888 876 977 913; x_wconf 91' lang='grc'>1000</span> <span class='ocrx_word' id='word_1_107' title='bbox 998 875 1275 925; x_wconf 79' lang='lat' dir='ltr'>discrepantia</span> <span class='ocrx_word' id='word_1_108' title='bbox 1293 875 1401 915; x_wconf 87' lang='lat' dir='ltr'>inter</span> <span class='ocrx_word' id='word_1_109' title='bbox 1423 875 1658 914; x_wconf 87' lang='lat' dir='ltr'>testimonia</span> <span class='ocrx_word' id='word_1_110' title='bbox 1678 890 1782 925; x_wconf 83' lang='lat' dir='ltr'>quae</span> <span class='ocrx_word' id='word_1_111' title='bbox 1801 876 1975 925; x_wconf 91' lang='lat' dir='ltr'>loquun-</span> 
     </span>
     <span class='ocr_line' id='line_1_12' title="bbox 271 934 1975 984; baseline 0 -12"><span class='ocrx_word' id='word_1_112' title='bbox 271 943 339 972; x_wconf 78' lang='lat' dir='ltr'>tur</span> <span class='ocrx_word' id='word_1_113' title='bbox 358 935 405 973; x_wconf 88' lang='lat' dir='ltr'>de</span> <span class='ocrx_word' id='word_1_114' title='bbox 423 934 551 972; x_wconf 88' lang='lat' dir='ltr'>initiis</span> <span class='ocrx_word' id='word_1_115' title='bbox 569 934 840 984; x_wconf 84' lang='lat' dir='ltr'>pontificatus</span> <span class='ocrx_word' id='word_1_116' title='bbox 861 934 1032 973; x_wconf 81' lang='lat' dir='ltr'>Urbani.</span> <span class='ocrx_word' id='word_1_117' title='bbox 1054 934 1267 982; x_wconf 78' lang='lat' dir='ltr'>Quaedam</span> <span class='ocrx_word' id='word_1_118' title='bbox 1286 935 1394 972; x_wconf 87' lang='lat' dir='ltr'>enim</span> <span class='ocrx_word' id='word_1_119' title='bbox 1413 938 1459 973; x_wconf 86' lang='lat' dir='ltr'>ea</span> <span class='ocrx_word' id='word_1_120' title='bbox 1476 935 1660 973; x_wconf 75' lang='lat' dir='ltr'>referunt</span> <span class='ocrx_word' id='word_1_121' title='bbox 1678 935 1730 972; x_wconf 91' lang='lat' dir='ltr'>ad</span> <span class='ocrx_word' id='word_1_122' title='bbox 1749 935 1975 973; x_wconf 79' lang='lat' dir='ltr'>cardinales</span> 
     </span>
     <span class='ocr_line' id='line_1_13' title="bbox 273 994 1974 1044; baseline 0.001 -13"><span class='ocrx_word' id='word_1_123' title='bbox 273 994 596 1042; x_wconf 67' lang='lat' dir='ltr'>Lmnovicenses,</span> <span class='ocrx_word' id='word_1_124' title='bbox 630 994 709 1031; x_wconf 94' lang='lat' dir='ltr'>alia</span> <span class='ocrx_word' id='word_1_125' title='bbox 741 994 793 1031; x_wconf 90' lang='lat' dir='ltr'>ad</span> <span class='ocrx_word' id='word_1_126' title='bbox 826 994 1077 1032; x_wconf 83' lang='lat' dir='ltr'>cardinalem</span> <span class='ocrx_word' id='word_1_127' title='bbox 1109 994 1157 1032; x_wconf 89' lang='lat' dir='ltr'>de</span> <span class='ocrx_word' id='word_1_128' title='bbox 1191 994 1321 1041; x_wconf 87' lang='lat' dir='ltr'>Luna,</span> <span class='ocrx_word' id='word_1_129' title='bbox 1354 994 1405 1031; x_wconf 88' lang='lat' dir='ltr'>ad</span> <span class='ocrx_word' id='word_1_130' title='bbox 1440 994 1764 1041; x_wconf 77' lang='lat' dir='ltr'>Cebennensem‚</span> <span class='ocrx_word' id='word_1_131' title='bbox 1799 994 1974 1044; x_wconf 86' lang='lat' dir='ltr'>denique</span> 
     </span>
     <span class='ocr_line' id='line_1_14' title="bbox 271 1053 1973 1104; baseline 0 -14"><span class='ocrx_word' id='word_1_132' title='bbox 271 1054 323 1091; x_wconf 87' lang='lat' dir='ltr'>ad</span> <span class='ocrx_word' id='word_1_133' title='bbox 356 1054 492 1092; x_wconf 86' lang='lat' dir='ltr'>Italos.</span> <span class='ocrx_word' id='word_1_134' title='bbox 524 1053 667 1092; x_wconf 85' lang='lat' dir='ltr'>Frater</span> <span class='ocrx_word' id='word_1_135' title='bbox 695 1053 920 1092; x_wconf 84' lang='lat' dir='ltr'>Menendus</span> <span class='ocrx_word' id='word_1_136' title='bbox 949 1053 1163 1103; x_wconf 84' lang='lat' dir='ltr'>episcopus</span> <span class='ocrx_word' id='word_1_137' title='bbox 1193 1053 1465 1092; x_wconf 77' lang='lat' dir='ltr'>Cordubensis</span> <span class='ocrx_word' id='word_1_138' title='bbox 1494 1054 1628 1092; x_wconf 83' lang='lat' dir='ltr'>factus</span> <span class='ocrx_word' id='word_1_139' title='bbox 1656 1069 1728 1104; x_wconf 91' lang='lat' dir='ltr'>per</span> <span class='ocrx_word' id='word_1_140' title='bbox 1757 1054 1973 1092; x_wconf 81' lang='lat' dir='ltr'>Urbanum</span> 
     </span>
     <span class='ocr_line' id='line_1_15' title="bbox 268 1112 1972 1163; baseline 0.001 -13"><span class='ocrx_word' id='word_1_141' title='bbox 268 1113 547 1162; x_wconf 80' lang='lat' dir='ltr'>interrogatus</span> <span class='ocrx_word' id='word_1_142' title='bbox 577 1127 699 1163; x_wconf 90' lang='lat' dir='ltr'>super</span> <span class='ocrx_word' id='word_1_143' title='bbox 727 1113 901 1151; x_wconf 89' lang='lat' dir='ltr'>articulo</span> <span class='ocrx_word' id='word_1_144' title='bbox 931 1127 1050 1150; x_wconf 81' lang='lat' dir='ltr'>xxvn</span> <span class='ocrx_word' id='word_1_145' title='bbox 1081 1127 1196 1151; x_wconf 87' lang='lat' dir='ltr'>casus</span> <span class='ocrx_word' id='word_1_146' title='bbox 1227 1113 1412 1162; x_wconf 86' lang='lat' dir='ltr'>ejusdem</span> <span class='ocrx_word' id='word_1_147' title='bbox 1442 1113 1600 1151; x_wconf 87' lang='lat' dir='ltr'>Urbani</span> <span class='ocrx_word' id='word_1_148' title='bbox 1649 1112 1739 1152; x_wconf 87' lang='lat' dir='ltr'>ait3</span> <span class='ocrx_word' id='word_1_149' title='bbox 1767 1113 1972 1151; x_wconf 88' lang='lat' dir='ltr'>audivisse</span> 
     </span>
     <span class='ocr_line' id='line_1_16' title="bbox 271 1172 1973 1222; baseline -0.001 -11"><span class='ocrx_word' id='word_1_150' title='bbox 271 1187 311 1211; x_wconf 89' lang='lat' dir='ltr'>se</span> <span class='ocrx_word' id='word_1_151' title='bbox 350 1172 655 1210; x_wconf 75' lang='lat' dir='ltr'>deliberationis</span> <span class='ocrx_word' id='word_1_152' title='bbox 694 1172 743 1211; x_wconf 89' lang='lat' dir='ltr'>de</span> <span class='ocrx_word' id='word_1_153' title='bbox 781 1172 967 1222; x_wconf 81' lang='lat' dir='ltr'>eligendo</span> <span class='ocrx_word' id='word_1_154' title='bbox 1003 1172 1323 1210; x_wconf 82' lang='lat' dir='ltr'>Bartholomaeo</span> <span class='ocrx_word' id='word_1_155' title='bbox 1360 1180 1547 1211; x_wconf 81' lang='lat' dir='ltr'>auctores</span> <span class='ocrx_word' id='word_1_156' title='bbox 1586 1173 1710 1211; x_wconf 87' lang='lat' dir='ltr'>fuisse</span> <span class='ocrx_word' id='word_1_157' title='bbox 1747 1172 1973 1211; x_wconf 83' lang='lat' dir='ltr'>cardinales</span> 
     </span>
     <span class='ocr_line' id='line_1_17' title="bbox 272 1231 1974 1280; baseline 0.001 -12"><span class='ocrx_word' id='word_1_158' title='bbox 272 1231 597 1280; x_wconf 74' lang='lat' dir='ltr'>Lemovicenses,</span> <span class='ocrx_word' id='word_1_159' title='bbox 636 1232 887 1270; x_wconf 83' lang='lat' dir='ltr'>cardinalem</span> <span class='ocrx_word' id='word_1_160' title='bbox 926 1232 1065 1270; x_wconf 77' lang='lat' dir='ltr'>Sancti</span> <span class='ocrx_word' id='word_1_161' title='bbox 1100 1232 1227 1280; x_wconf 82' lang='lat' dir='ltr'>Petri,</span> <span class='ocrx_word' id='word_1_162' title='bbox 1266 1240 1307 1270; x_wconf 88' lang='lat' dir='ltr'>et</span> <span class='ocrx_word' id='word_1_163' title='bbox 1344 1231 1703 1271; x_wconf 86' lang='lat' dir='ltr'>Mediolanensem.</span> <span class='ocrx_word' id='word_1_164' title='bbox 1734 1231 1974 1270; x_wconf 87' lang='lat' dir='ltr'>Franciscus</span> 
     </span>
     <span class='ocr_line' id='line_1_18' title="bbox 274 1290 1975 1341; baseline 0.001 -13"><span class='ocrx_word' id='word_1_165' title='bbox 274 1290 536 1339; x_wconf 76' lang='lat' dir='ltr'>Ferdinandi,</span> <span class='ocrx_word' id='word_1_166' title='bbox 576 1299 720 1330; x_wconf 87' lang='lat' dir='ltr'>cantor</span> <span class='ocrx_word' id='word_1_167' title='bbox 758 1291 1012 1339; x_wconf 66' lang='lat' dir='ltr'>Palenfinus,</span> <span class='ocrx_word' id='word_1_168' title='bbox 1050 1291 1328 1341; x_wconf 80' lang='lat' dir='ltr'>interrogatus</span> <span class='ocrx_word' id='word_1_169' title='bbox 1367 1305 1488 1341; x_wconf 90' lang='lat' dir='ltr'>super</span> <span class='ocrx_word' id='word_1_170' title='bbox 1524 1291 1698 1330; x_wconf 85' lang='lat' dir='ltr'>articulo</span> <span class='ocrx_word' id='word_1_171' title='bbox 1736 1306 1821 1329; x_wconf 84' lang='lat' dir='ltr'>va</span> <span class='ocrx_word' id='word_1_172' title='bbox 1858 1305 1975 1329; x_wconf 75' lang='lat' dir='ltr'>casus</span> 
     </span>
     <span class='ocr_line' id='line_1_19' title="bbox 272 1350 1975 1401; baseline 0 -13"><span class='ocrx_word' id='word_1_173' title='bbox 272 1350 440 1388; x_wconf 89' lang='lat' dir='ltr'>secundi</span> <span class='ocrx_word' id='word_1_174' title='bbox 465 1351 584 1389; x_wconf 80' lang='lat' dir='ltr'>electi</span> <span class='ocrx_word' id='word_1_175' title='bbox 607 1351 822 1401; x_wconf 79' lang='lat' dir='ltr'>respondit</span> <span class='ocrx_word' id='word_1_176' title='bbox 838 1350 854 1373; x_wconf 85' lang='lat'>4</span> <span class='ocrx_word' id='word_1_177' title='bbox 877 1351 952 1389; x_wconf 89' lang='lat' dir='ltr'>sibi</span> <span class='ocrx_word' id='word_1_178' title='bbox 990 1365 1024 1388; x_wconf 83' lang='lat' dir='ltr'>a·</span> <span class='ocrx_word' id='word_1_179' title='bbox 1040 1351 1228 1389; x_wconf 85' lang='lat' dir='ltr'>Bindone</span> <span class='ocrx_word' id='word_1_180' title='bbox 1253 1351 1472 1389; x_wconf 84' lang='lat' dir='ltr'>secretario</span> <span class='ocrx_word' id='word_1_181' title='bbox 1498 1351 1716 1389; x_wconf 86' lang='lat' dir='ltr'>cardinalis</span> <span class='ocrx_word' id='word_1_182' title='bbox 1734 1350 1975 1398; x_wconf 84' lang='lat' dir='ltr'>Florentini⁷</span> 
     </span>
     <span class='ocr_line' id='line_1_20' title="bbox 273 1410 1975 1459; baseline 0 -12"><span class='ocrx_word' id='word_1_183' title='bbox 273 1410 340 1459; x_wconf 68' lang='lat' dir='ltr'>qut</span> <span class='ocrx_word' id='word_1_184' title='bbox 368 1410 499 1458; x_wconf 73' lang='lat' dir='ltr'>ficerat</span> <span class='ocrx_word' id='word_1_185' title='bbox 530 1410 638 1448; x_wconf 79' lang='lat' dir='ltr'>intus</span> <span class='ocrx_word' id='word_1_186' title='bbox 670 1410 712 1448; x_wconf 92' lang='lat' dir='ltr'>in</span> <span class='ocrx_word' id='word_1_187' title='bbox 743 1411 917 1448; x_wconf 73' lang='lat' dir='ltr'>conclavi</span> <span class='ocrx_word' id='word_1_188' title='bbox 948 1425 1037 1448; x_wconf 78' lang='lat' dir='ltr'>cum</span> <span class='ocrx_word' id='word_1_189' title='bbox 1067 1411 1168 1448; x_wconf 83' lang='lat' dir='ltr'>dicto</span> <span class='ocrx_word' id='word_1_190' title='bbox 1198 1410 1411 1458; x_wconf 70' lang='lat' dir='ltr'>cardinali,</span> <span class='ocrx_word' id='word_1_191' title='bbox 1441 1410 1521 1448; x_wconf 87' lang='lat' dir='ltr'>ista</span> <span class='ocrx_word' id='word_1_192' title='bbox 1552 1410 1677 1449; x_wconf 82' lang='lat' dir='ltr'>verba</span> <span class='ocrx_word' id='word_1_193' title='bbox 1710 1410 1834 1449; x_wconf 85' lang='lat' dir='ltr'>fuisse</span> <span class='ocrx_word' id='word_1_194' title='bbox 1865 1410 1975 1448; x_wconf 88' lang='lat' dir='ltr'>dicta</span> 
     </span>
     <span class='ocr_line' id='line_1_21' title="bbox 275 1465 1976 1520; baseline 0 -13"><span class='ocrx_word' id='word_1_195' title='bbox 275 1465 431 1508; x_wconf 83' lang='lat' dir='ltr'>Romae</span> <span class='ocrx_word' id='word_1_196' title='bbox 450 1477 677 1520; x_wconf 75' lang='lat' dir='ltr'>antequam</span> <span class='ocrx_word' id='word_1_197' title='bbox 698 1470 923 1509; x_wconf 84' lang='lat' dir='ltr'>cardinales</span> <span class='ocrx_word' id='word_1_198' title='bbox 943 1470 1222 1520; x_wconf 85' lang='lat' dir='ltr'>relinquerent</span> <span class='ocrx_word' id='word_1_199' title='bbox 1241 1470 1385 1508; x_wconf 90' lang='lat' dir='ltr'>urbem</span> <span class='ocrx_word' id='word_1_200' title='bbox 1407 1470 1584 1508; x_wconf 83' lang='lat' dir='ltr'>Romam</span> <span class='ocrx_word' id='word_1_201' title='bbox 1604 1486 1611 1508; x_wconf 87' lang='lat'>:</span> <span class='ocrx_word' id='word_1_202' title='bbox 1629 1470 1830 1507; x_wconf 77' lang='lat' dir='ltr'>Dominus</span> <span class='ocrx_word' id='word_1_203' title='bbox 1849 1478 1976 1508; x_wconf 78' lang='lat' dir='ltr'>noster</span> 
     </span>
     <span class='ocr_line' id='line_1_22' title="bbox 273 1529 1972 1580; baseline 0.001 -14"><span class='ocrx_word' id='word_1_204' title='bbox 273 1543 382 1578; x_wconf 75' lang='lat' dir='ltr'>papa</span> <span class='ocrx_word' id='word_1_205' title='bbox 400 1530 568 1567; x_wconf 76' lang='lat' dir='ltr'>multum</span> <span class='ocrx_word' id='word_1_206' title='bbox 586 1529 707 1567; x_wconf 83' lang='lat' dir='ltr'>michi</span> <span class='ocrx_word' id='word_1_207' title='bbox 724 1538 885 1578; x_wconf 76' lang='lat' dir='ltr'>tenetur,</span> <span class='ocrx_word' id='word_1_208' title='bbox 903 1529 998 1580; x_wconf 75' lang='lat' dir='ltr'>qnia</span> <span class='ocrx_word' id='word_1_209' title='bbox 1012 1544 1080 1579; x_wconf 83' lang='lat' dir='ltr'>ego</span> <span class='ocrx_word' id='word_1_210' title='bbox 1097 1529 1282 1567; x_wconf 71' lang='lat' dir='ltr'>nuntiavi</span> <span class='ocrx_word' id='word_1_211' title='bbox 1297 1529 1377 1567; x_wconf 81' lang='lat' dir='ltr'>sibi</span> <span class='ocrx_word' id='word_1_212' title='bbox 1394 1529 1524 1579; x_wconf 81' lang='lat' dir='ltr'>primo</span> <span class='ocrx_word' id='word_1_213' title='bbox 1540 1530 1641 1580; x_wconf 76' lang='lat' dir='ltr'>quod</span> <span class='ocrx_word' id='word_1_214' title='bbox 1656 1530 1741 1579; x_wconf 83' lang='lat' dir='ltr'>ipse</span> <span class='ocrx_word' id='word_1_215' title='bbox 1757 1537 1839 1567; x_wconf 83' lang='lat' dir='ltr'>erat</span> <span class='ocrx_word' id='word_1_216' title='bbox 1852 1544 1972 1579; x_wconf 82' lang='lat' dir='ltr'>papa.</span> 
     </span>
     <span class='ocr_line' id='line_1_23' title="bbox 273 1587 1973 1628; baseline 0.001 -3"><span class='ocrx_word' id='word_1_217' title='bbox 273 1587 382 1625; x_wconf 74' lang='lat' dir='ltr'>Nam</span> <span class='ocrx_word' id='word_1_218' title='bbox 404 1589 590 1626; x_wconf 79' lang='lat' dir='ltr'>dominus</span> <span class='ocrx_word' id='word_1_219' title='bbox 613 1603 721 1627; x_wconf 77' lang='lat' dir='ltr'>meus</span> <span class='ocrx_word' id='word_1_220' title='bbox 743 1589 963 1627; x_wconf 78' lang='lat' dir='ltr'>cardinalis</span> <span class='ocrx_word' id='word_1_221' title='bbox 978 1589 1236 1627; x_wconf 78' lang='lat' dir='ltr'>Florentinus</span> <span class='ocrx_word' id='word_1_222' title='bbox 1257 1589 1426 1627; x_wconf 67' lang='lat' dir='ltr'>existens</span> <span class='ocrx_word' id='word_1_223' title='bbox 1446 1589 1488 1627; x_wconf 91' lang='lat' dir='ltr'>in</span> <span class='ocrx_word' id='word_1_224' title='bbox 1510 1589 1685 1628; x_wconf 68' lang='lat' dir='ltr'>conclavi</span> <span class='ocrx_word' id='word_1_225' title='bbox 1707 1589 1809 1627; x_wconf 72' lang='lat' dir='ltr'>dixit</span> <span class='ocrx_word' id='word_1_226' title='bbox 1829 1588 1973 1627; x_wconf 81' lang='lat' dir='ltr'>michi:</span> 
     </span>
     <span class='ocr_line' id='line_1_24' title="bbox 274 1647 1973 1699; baseline 0.001 -15"><span class='ocrx_word' id='word_1_227' title='bbox 274 1647 359 1685; x_wconf 88' lang='lat' dir='ltr'>Nos</span> <span class='ocrx_word' id='word_1_228' title='bbox 376 1648 450 1685; x_wconf 75' lang='lat' dir='ltr'>alii</span> <span class='ocrx_word' id='word_1_229' title='bbox 477 1648 663 1686; x_wconf 74' lang='lat' dir='ltr'>misimus</span> <span class='ocrx_word' id='word_1_230' title='bbox 688 1663 760 1698; x_wconf 79' lang='lat' dir='ltr'>pro</span> <span class='ocrx_word' id='word_1_231' title='bbox 787 1649 899 1687; x_wconf 79' lang='lat' dir='ltr'>certis</span> <span class='ocrx_word' id='word_1_232' title='bbox 917 1649 1093 1698; x_wconf 78' lang='lat' dir='ltr'>prelatis,</span> <span class='ocrx_word' id='word_1_233' title='bbox 1115 1649 1214 1687; x_wconf 82' lang='lat' dir='ltr'>inter</span> <span class='ocrx_word' id='word_1_234' title='bbox 1231 1663 1325 1699; x_wconf 76' lang='lat' dir='ltr'>quos</span> <span class='ocrx_word' id='word_1_235' title='bbox 1343 1649 1469 1687; x_wconf 65' lang='lat' dir='ltr'>veniet</span> <span class='ocrx_word' id='word_1_236' title='bbox 1485 1648 1807 1698; x_wconf 73' lang='lat' dir='ltr'>archiepiscopus</span> <span class='ocrx_word' id='word_1_237' title='bbox 1825 1648 1973 1686; x_wconf 80' lang='lat' dir='ltr'>Baren-</span> 
     </span>
     <span class='ocr_line' id='line_1_25' title="bbox 273 1707 1976 1758; baseline 0.001 -14"><span class='ocrx_word' id='word_1_238' title='bbox 273 1707 343 1745; x_wconf 88' lang='lat' dir='ltr'>sis.</span> <span class='ocrx_word' id='word_1_239' title='bbox 360 1707 484 1745; x_wconf 81' lang='lat' dir='ltr'>Dicas</span> <span class='ocrx_word' id='word_1_240' title='bbox 500 1708 580 1745; x_wconf 80' lang='lat' dir='ltr'>sibi</span> <span class='ocrx_word' id='word_1_241' title='bbox 597 1723 643 1745; x_wconf 69' lang='lat' dir='ltr'>ex</span> <span class='ocrx_word' id='word_1_242' title='bbox 658 1717 770 1758; x_wconf 79' lang='lat' dir='ltr'>parte</span> <span class='ocrx_word' id='word_1_243' title='bbox 788 1723 873 1746; x_wconf 76' lang='lat' dir='ltr'>mea</span> <span class='ocrx_word' id='word_1_244' title='bbox 891 1709 992 1758; x_wconf 72' lang='lat' dir='ltr'>qnod</span> <span class='ocrx_word' id='word_1_245' title='bbox 1008 1723 1142 1746; x_wconf 85' lang='lat' dir='ltr'>omnes</span> <span class='ocrx_word' id='word_1_246' title='bbox 1160 1723 1230 1745; x_wconf 88' lang='lat' dir='ltr'>nos</span> <span class='ocrx_word' id='word_1_247' title='bbox 1247 1708 1322 1746; x_wconf 77' lang='lat' dir='ltr'>alii</span> <span class='ocrx_word' id='word_1_248' title='bbox 1338 1708 1419 1746; x_wconf 81' lang='lat' dir='ltr'>sibi</span> <span class='ocrx_word' id='word_1_249' title='bbox 1436 1709 1616 1746; x_wconf 76' lang='lat' dir='ltr'>dedimus</span> <span class='ocrx_word' id='word_1_250' title='bbox 1634 1723 1740 1746; x_wconf 68' lang='lat' dir='ltr'>voces</span> <span class='ocrx_word' id='word_1_251' title='bbox 1758 1717 1924 1755; x_wconf 79' lang='lat' dir='ltr'>nostras,</span> <span class='ocrx_word' id='word_1_252' title='bbox 1942 1715 1976 1745; x_wconf 81' lang='lat' dir='ltr'>et</span> 
     </span>
     <span class='ocr_line' id='line_1_26' title="bbox 274 1764 1974 1818; baseline 0 -15"><span class='ocrx_word' id='word_1_253' title='bbox 274 1767 424 1816; x_wconf 78' lang='lat' dir='ltr'>quodsi</span> <span class='ocrx_word' id='word_1_254' title='bbox 440 1767 606 1817; x_wconf 74' lang='lat' dir='ltr'>petitum</span> <span class='ocrx_word' id='word_1_255' title='bbox 620 1767 742 1817; x_wconf 75' lang='lat' dir='ltr'>fuerit</span> <span class='ocrx_word' id='word_1_256' title='bbox 756 1768 806 1805; x_wconf 72' lang='lat' dir='ltr'>ab</span> <span class='ocrx_word' id='word_1_257' title='bbox 822 1782 864 1805; x_wconf 85' lang='lat' dir='ltr'>eo</span> <span class='ocrx_word' id='word_1_258' title='bbox 881 1764 985 1818; x_wconf 77' lang='lat' dir='ltr'>qnod</span> <span class='ocrx_word' id='word_1_259' title='bbox 997 1768 1226 1815; x_wconf 77' lang='lat' dir='ltr'>consentiat,</span> <span class='ocrx_word' id='word_1_260' title='bbox 1242 1768 1367 1817; x_wconf 75' lang='lat' dir='ltr'>saciat</span> <span class='ocrx_word' id='word_1_261' title='bbox 1381 1769 1555 1807; x_wconf 87' lang='lat' dir='ltr'>omnino.</span> <span class='ocrx_word' id='word_1_262' title='bbox 1579 1768 1694 1805; x_wconf 88' lang='lat' dir='ltr'>Istud</span> <span class='ocrx_word' id='word_1_263' title='bbox 1711 1782 1808 1806; x_wconf 86' lang='lat' dir='ltr'>vero</span> <span class='ocrx_word' id='word_1_264' title='bbox 1825 1767 1974 1805; x_wconf 81' lang='lat' dir='ltr'>falsum</span> 
     </span>
     <span class='ocr_line' id='line_1_27' title="bbox 274 1826 1974 1878; baseline -0.001 -14"><span class='ocrx_word' id='word_1_265' title='bbox 274 1841 371 1873; x_wconf 77' lang='lat' dir='ltr'>esse,</span> <span class='ocrx_word' id='word_1_266' title='bbox 390 1835 437 1864; x_wconf 89' lang='lat' dir='ltr'>ut</span> <span class='ocrx_word' id='word_1_267' title='bbox 452 1827 529 1865; x_wconf 91' lang='lat' dir='ltr'>hoc</span> <span class='ocrx_word' id='word_1_268' title='bbox 547 1841 710 1877; x_wconf 85' lang='lat' dir='ltr'>quoque</span> <span class='ocrx_word' id='word_1_269' title='bbox 729 1827 861 1866; x_wconf 87' lang='lat' dir='ltr'>obiter</span> <span class='ocrx_word' id='word_1_270' title='bbox 878 1828 1139 1875; x_wconf 69' lang='lat' dir='ltr'>adnotemus,</span> <span class='ocrx_word' id='word_1_271' title='bbox 1157 1828 1251 1865; x_wconf 89' lang='lat' dir='ltr'>hinc</span> <span class='ocrx_word' id='word_1_272' title='bbox 1269 1836 1380 1866; x_wconf 84' lang='lat' dir='ltr'>certo</span> <span class='ocrx_word' id='word_1_273' title='bbox 1398 1828 1531 1877; x_wconf 74' lang='lat' dir='ltr'>colligi</span> <span class='ocrx_word' id='word_1_274' title='bbox 1547 1842 1664 1878; x_wconf 89' lang='lat' dir='ltr'>posse</span> <span class='ocrx_word' id='word_1_275' title='bbox 1682 1827 1847 1866; x_wconf 81' lang='lat' dir='ltr'>videtur</span> <span class='ocrx_word' id='word_1_276' title='bbox 1864 1826 1974 1876; x_wconf 83' lang='lat' dir='ltr'>quod</span> 
     </span>
     <span class='ocr_line' id='line_1_28' title="bbox 274 1881 1975 1937; baseline 0.001 -16"><span class='ocrx_word' id='word_1_277' title='bbox 274 1885 373 1923; x_wconf 88' lang='lat' dir='ltr'>nihil</span> <span class='ocrx_word' id='word_1_278' title='bbox 396 1886 629 1925; x_wconf 84' lang='lat' dir='ltr'>istiusmodi</span> <span class='ocrx_word' id='word_1_279' title='bbox 651 1887 853 1936; x_wconf 83' lang='lat' dir='ltr'>reperitur</span> <span class='ocrx_word' id='word_1_280' title='bbox 874 1887 916 1925; x_wconf 89' lang='lat' dir='ltr'>in</span> <span class='ocrx_word' id='word_1_281' title='bbox 940 1881 1195 1937; x_wconf 79' lang='lat' dir='ltr'>depositione</span> <span class='ocrx_word' id='word_1_282' title='bbox 1217 1887 1430 1935; x_wconf 83' lang='lat' dir='ltr'>Bindonis‚</span> <span class='ocrx_word' id='word_1_283' title='bbox 1455 1888 1525 1937; x_wconf 85' lang='lat' dir='ltr'>qui</span> <span class='ocrx_word' id='word_1_284' title='bbox 1548 1895 1691 1926; x_wconf 86' lang='lat' dir='ltr'>contra</span> <span class='ocrx_word' id='word_1_285' title='bbox 1714 1887 1846 1924; x_wconf 84' lang='lat' dir='ltr'>multa</span> <span class='ocrx_word' id='word_1_286' title='bbox 1870 1885 1975 1924; x_wconf 80' lang='lat' dir='ltr'>dixit</span> 
     </span>
     <span class='ocr_line' id='line_1_29' title="bbox 274 1945 1972 1997; baseline 0.001 -15"><span class='ocrx_word' id='word_1_287' title='bbox 274 1959 378 1994; x_wconf 83' lang='lat' dir='ltr'>quae</span> <span class='ocrx_word' id='word_1_288' title='bbox 404 1946 600 1984; x_wconf 79' lang='lat' dir='ltr'>evincunt</span> <span class='ocrx_word' id='word_1_289' title='bbox 625 1946 875 1985; x_wconf 84' lang='lat' dir='ltr'>cardinalem</span> <span class='ocrx_word' id='word_1_290' title='bbox 901 1947 1185 1985; x_wconf 86' lang='lat' dir='ltr'>Florentinum</span> <span class='ocrx_word' id='word_1_291' title='bbox 1210 1961 1292 1985; x_wconf 90' lang='lat' dir='ltr'>non</span> <span class='ocrx_word' id='word_1_292' title='bbox 1317 1947 1510 1997; x_wconf 86' lang='lat' dir='ltr'>probasse</span> <span class='ocrx_word' id='word_1_293' title='bbox 1536 1946 1777 1986; x_wconf 86' lang='lat' dir='ltr'>electionem</span> <span class='ocrx_word' id='word_1_294' title='bbox 1804 1945 1972 1984; x_wconf 82' lang='lat' dir='ltr'>Urbani.</span> 
     </span>
     <span class='ocr_line' id='line_1_30' title="bbox 274 2004 1973 2056; baseline 0 -15"><span class='ocrx_word' id='word_1_295' title='bbox 274 2004 507 2054; x_wconf 80' lang='lat' dir='ltr'>Stephanus</span> <span class='ocrx_word' id='word_1_296' title='bbox 535 2005 749 2056; x_wconf 84' lang='lat' dir='ltr'>episcopus</span> <span class='ocrx_word' id='word_1_297' title='bbox 777 2006 1026 2044; x_wconf 86' lang='lat' dir='ltr'>Tudertinus</span> <span class='ocrx_word' id='word_1_298' title='bbox 1053 2006 1092 2044; x_wconf 89' lang='lat' dir='ltr'>in</span> <span class='ocrx_word' id='word_1_299' title='bbox 1122 2006 1377 2056; x_wconf 87' lang='lat' dir='ltr'>depositione</span> <span class='ocrx_word' id='word_1_300' title='bbox 1404 2020 1476 2044; x_wconf 87' lang='lat' dir='ltr'>sua</span> <span class='ocrx_word' id='word_1_301' title='bbox 1503 2007 1562 2044; x_wconf 84' lang='lat' dir='ltr'>ait</span> <span class='ocrx_word' id='word_1_302' title='bbox 1590 2006 1820 2044; x_wconf 80' lang='lat' dir='ltr'>Robertum</span> <span class='ocrx_word' id='word_1_303' title='bbox 1846 2004 1973 2044; x_wconf 87' lang='lat' dir='ltr'>cardi-</span> 
     </span>
     <span class='ocr_line' id='line_1_31' title="bbox 273 2064 1972 2115; baseline 0 -14"><span class='ocrx_word' id='word_1_304' title='bbox 273 2065 408 2102; x_wconf 87' lang='lat' dir='ltr'>nalem</span> <span class='ocrx_word' id='word_1_305' title='bbox 448 2065 759 2103; x_wconf 76' lang='lat' dir='ltr'>Gebenuensem</span> <span class='ocrx_word' id='word_1_306' title='bbox 798 2065 920 2104; x_wconf 88' lang='lat' dir='ltr'>fuisse</span> <span class='ocrx_word' id='word_1_307' title='bbox 960 2073 1171 2104; x_wconf 85' lang='lat' dir='ltr'>auctorem</span> <span class='ocrx_word' id='word_1_308' title='bbox 1211 2065 1418 2104; x_wconf 76' lang='lat' dir='ltr'>electionis</span> <span class='ocrx_word' id='word_1_309' title='bbox 1458 2066 1558 2115; x_wconf 83' lang='lat' dir='ltr'>ejus.</span> <span class='ocrx_word' id='word_1_310' title='bbox 1601 2067 1713 2104; x_wconf 82' lang='lat' dir='ltr'>Haec</span> <span class='ocrx_word' id='word_1_311' title='bbox 1751 2073 1848 2103; x_wconf 86' lang='lat' dir='ltr'>sunt</span> <span class='ocrx_word' id='word_1_312' title='bbox 1886 2064 1972 2114; x_wconf 86' lang='lat' dir='ltr'>ejus</span> 
     </span>
     <span class='ocr_line' id='line_1_32' title="bbox 271 2123 1975 2175; baseline 0 -15"><span class='ocrx_word' id='word_1_313' title='bbox 271 2123 394 2161; x_wconf 79' lang='lat' dir='ltr'>Verba</span> <span class='ocrx_word' id='word_1_314' title='bbox 417 2123 432 2145; x_wconf 86' lang='lat'>5</span> <span class='ocrx_word' id='word_1_315' title='bbox 458 2140 464 2161; x_wconf 90' lang='lat'><strong>:</strong></span> <span class='ocrx_word' id='word_1_316' title='bbox 499 2124 646 2162; x_wconf 76' lang='lat' dir='ltr'>Eodem</span> <span class='ocrx_word' id='word_1_317' title='bbox 666 2124 728 2162; x_wconf 80' lang='lat' dir='ltr'>die</span> <span class='ocrx_word' id='word_1_318' title='bbox 748 2125 933 2162; x_wconf 70' lang='lat' dir='ltr'>dominiis</span> <span class='ocrx_word' id='word_1_319' title='bbox 952 2125 1157 2175; x_wconf 73' lang='lat' dir='ltr'>Agapitzis</span> <span class='ocrx_word' id='word_1_320' title='bbox 1176 2125 1293 2163; x_wconf 85' lang='lat' dir='ltr'>rediit</span> <span class='ocrx_word' id='word_1_321' title='bbox 1312 2126 1356 2163; x_wconf 79' lang='lat' dir='ltr'>de</span> <span class='ocrx_word' id='word_1_322' title='bbox 1375 2126 1583 2174; x_wconf 73' lang='lat' dir='ltr'>Zagar0l0‚</span> <span class='ocrx_word' id='word_1_323' title='bbox 1601 2126 1670 2163; x_wconf 76' lang='lat' dir='ltr'>ubi</span> <span class='ocrx_word' id='word_1_324' title='bbox 1689 2132 1771 2162; x_wconf 78' lang='lat' dir='ltr'>erat</span> <span class='ocrx_word' id='word_1_325' title='bbox 1789 2124 1975 2162; x_wconf 79' lang='lat' dir='ltr'>dominns</span> 
     </span>
     <span class='ocr_line' id='line_1_33' title="bbox 278 2182 1973 2235; baseline 0.001 -16"><span class='ocrx_word' id='word_1_326' title='bbox 278 2182 559 2231; x_wconf 78' lang='lat' dir='ltr'>Gebennensis,</span> <span class='ocrx_word' id='word_1_327' title='bbox 582 2193 615 2222; x_wconf 82' lang='lat' dir='ltr'>et</span> <span class='ocrx_word' id='word_1_328' title='bbox 635 2184 767 2222; x_wconf 77' lang='lat' dir='ltr'>retulit</span> <span class='ocrx_word' id='word_1_329' title='bbox 786 2184 945 2222; x_wconf 82' lang='lat' dir='ltr'>domino</span> <span class='ocrx_word' id='word_1_330' title='bbox 968 2194 1096 2223; x_wconf 79' lang='lat' dir='ltr'>nostro</span> <span class='ocrx_word' id='word_1_331' title='bbox 1117 2186 1306 2235; x_wconf 74' lang='lat' dir='ltr'>quomodo</span> <span class='ocrx_word' id='word_1_332' title='bbox 1327 2185 1512 2222; x_wconf 75' lang='lat' dir='ltr'>dominus</span> <span class='ocrx_word' id='word_1_333' title='bbox 1539 2184 1807 2223; x_wconf 82' lang='lat' dir='ltr'>Gebennensis</span> <span class='ocrx_word' id='word_1_334' title='bbox 1827 2183 1973 2233; x_wconf 80' lang='lat' dir='ltr'>promi-</span> 
     </span>
     <span class='ocr_line' id='line_1_34' title="bbox 272 2243 1975 2294; baseline 0 -15"><span class='ocrx_word' id='word_1_335' title='bbox 272 2250 374 2280; x_wconf 78' lang='lat' dir='ltr'>serat</span> <span class='ocrx_word' id='word_1_336' title='bbox 400 2243 561 2280; x_wconf 85' lang='lat' dir='ltr'>omnino</span> <span class='ocrx_word' id='word_1_337' title='bbox 590 2252 696 2281; x_wconf 75' lang='lat' dir='ltr'>nocte</span> <span class='ocrx_word' id='word_1_338' title='bbox 722 2244 898 2294; x_wconf 77' lang='lat' dir='ltr'>sequenti</span> <span class='ocrx_word' id='word_1_339' title='bbox 923 2259 963 2281; x_wconf 87' lang='lat' dir='ltr'>se</span> <span class='ocrx_word' id='word_1_340' title='bbox 991 2253 1210 2292; x_wconf 65' lang='lat' dir='ltr'>venturum,</span> <span class='ocrx_word' id='word_1_341' title='bbox 1234 2253 1268 2282; x_wconf 87' lang='lat' dir='ltr'>et</span> <span class='ocrx_word' id='word_1_342' title='bbox 1294 2245 1482 2294; x_wconf 73' lang='lat' dir='ltr'>quomodo</span> <span class='ocrx_word' id='word_1_343' title='bbox 1510 2244 1662 2283; x_wconf 73' lang='lat' dir='ltr'>discet-at</span> <span class='ocrx_word' id='word_1_344' title='bbox 1686 2243 1766 2281; x_wconf 82' lang='lat' dir='ltr'>sibi</span> <span class='ocrx_word' id='word_1_345' title='bbox 1794 2259 1801 2281; x_wconf 89' lang='lat'>:</span> <span class='ocrx_word' id='word_1_346' title='bbox 1826 2243 1903 2280; x_wconf 87' lang='lat' dir='ltr'>Iste</span> <span class='ocrx_word' id='word_1_347' title='bbox 1921 2250 1975 2279; x_wconf 89' lang='lat' dir='ltr'>est</span> 
     </span>
     <span class='ocr_line' id='line_1_35' title="bbox 275 2303 1704 2354; baseline 0.003 -17"><span class='ocrx_word' id='word_1_348' title='bbox 275 2316 386 2338; x_wconf 70' lang='lat' dir='ltr'>verns</span> <span class='ocrx_word' id='word_1_349' title='bbox 404 2316 527 2351; x_wconf 74' lang='lat' dir='ltr'>papa,</span> <span class='ocrx_word' id='word_1_350' title='bbox 548 2311 582 2341; x_wconf 84' lang='lat' dir='ltr'>et</span> <span class='ocrx_word' id='word_1_351' title='bbox 597 2303 774 2352; x_wconf 76' lang='lat' dir='ltr'>jactabat</span> <span class='ocrx_word' id='word_1_352' title='bbox 790 2318 829 2340; x_wconf 81' lang='lat' dir='ltr'>se</span> <span class='ocrx_word' id='word_1_353' title='bbox 848 2305 1037 2353; x_wconf 79' lang='lat' dir='ltr'>quomodo</span> <span class='ocrx_word' id='word_1_354' title='bbox 1058 2304 1142 2354; x_wconf 84' lang='lat' dir='ltr'>ipse</span> <span class='ocrx_word' id='word_1_355' title='bbox 1158 2305 1239 2354; x_wconf 76' lang='lat' dir='ltr'>fnit</span> <span class='ocrx_word' id='word_1_356' title='bbox 1256 2319 1377 2342; x_wconf 77' lang='lat' dir='ltr'>causa</span> <span class='ocrx_word' id='word_1_357' title='bbox 1396 2304 1606 2342; x_wconf 76' lang='lat' dir='ltr'>creationis</span> <span class='ocrx_word' id='word_1_358' title='bbox 1623 2318 1704 2342; x_wconf 81' lang='lat' dir='ltr'>sne.</span> 
     </span>
    </p>

    <p class='ocr_par' dir='ltr' id='par_1_4' title="bbox 271 2361 1973 2770">
     <span class='ocr_line' id='line_1_36' title="bbox 326 2361 1972 2402; baseline -0.001 -3"><span class='ocrx_word' id='word_1_359' title='bbox 326 2361 402 2399; x_wconf 87' lang='lat' dir='ltr'>Sed</span> <span class='ocrx_word' id='word_1_360' title='bbox 422 2362 528 2399; x_wconf 87' lang='lat' dir='ltr'>redit</span> <span class='ocrx_word' id='word_1_361' title='bbox 546 2362 697 2400; x_wconf 88' lang='lat' dir='ltr'>iterum</span> <span class='ocrx_word' id='word_1_362' title='bbox 716 2362 950 2401; x_wconf 81' lang='lat' dir='ltr'>difficultas.</span> <span class='ocrx_word' id='word_1_363' title='bbox 972 2363 1080 2401; x_wconf 87' lang='lat' dir='ltr'>Nam</span> <span class='ocrx_word' id='word_1_364' title='bbox 1099 2378 1192 2402; x_wconf 86' lang='lat' dir='ltr'>cum</span> <span class='ocrx_word' id='word_1_365' title='bbox 1212 2378 1281 2402; x_wconf 84' lang='lat' dir='ltr'>cor</span> <span class='ocrx_word' id='word_1_366' title='bbox 1291 2372 1373 2402; x_wconf 86' lang='lat' dir='ltr'>stet</span> <span class='ocrx_word' id='word_1_367' title='bbox 1391 2364 1479 2402; x_wconf 88' lang='lat' dir='ltr'>illos</span> <span class='ocrx_word' id='word_1_368' title='bbox 1498 2363 1557 2401; x_wconf 79' lang='lat' dir='ltr'>ita</span> <span class='ocrx_word' id='word_1_369' title='bbox 1577 2364 1717 2402; x_wconf 84' lang='lat' dir='ltr'>fecisse</span> <span class='ocrx_word' id='word_1_370' title='bbox 1736 2369 1849 2400; x_wconf 83' lang='lat' dir='ltr'>metu</span> <span class='ocrx_word' id='word_1_371' title='bbox 1868 2375 1972 2398; x_wconf 90' lang='lat' dir='ltr'>mor-</span> 
     </span>
     <span class='ocr_line' id='line_1_37' title="bbox 273 2421 1972 2472; baseline 0.001 -15"><span class='ocrx_word' id='word_1_372' title='bbox 273 2421 339 2467; x_wconf 82' lang='lat' dir='ltr'>tis,</span> <span class='ocrx_word' id='word_1_373' title='bbox 359 2421 538 2470; x_wconf 84' lang='lat' dir='ltr'>proclive</span> <span class='ocrx_word' id='word_1_374' title='bbox 557 2430 619 2460; x_wconf 86' lang='lat' dir='ltr'>est</span> <span class='ocrx_word' id='word_1_375' title='bbox 638 2422 872 2460; x_wconf 82' lang='lat' dir='ltr'>existimare</span> <span class='ocrx_word' id='word_1_376' title='bbox 892 2437 941 2461; x_wconf 82' lang='lat' dir='ltr'>ex</span> <span class='ocrx_word' id='word_1_377' title='bbox 958 2423 1019 2461; x_wconf 88' lang='lat' dir='ltr'>his</span> <span class='ocrx_word' id='word_1_378' title='bbox 1040 2437 1144 2472; x_wconf 82' lang='lat' dir='ltr'>quae</span> <span class='ocrx_word' id='word_1_379' title='bbox 1161 2424 1469 2462; x_wconf 82' lang='lat' dir='ltr'>Bai-tholomaei</span> <span class='ocrx_word' id='word_1_380' title='bbox 1488 2423 1972 2471; x_wconf 38' lang='lat' dir='ltr'>electionemlantecesse-</span> 
     </span>
     <span class='ocr_line' id='line_1_38' title="bbox 272 2480 1972 2530; baseline 0.001 -14"><span class='ocrx_word' id='word_1_381' title='bbox 272 2489 370 2517; x_wconf 80' lang='lat' dir='ltr'>runt</span> <span class='ocrx_word' id='word_1_382' title='bbox 389 2488 429 2517; x_wconf 89' lang='lat' dir='ltr'>et</span> <span class='ocrx_word' id='word_1_383' title='bbox 449 2495 498 2518; x_wconf 78' lang='lat' dir='ltr'>ex</span> <span class='ocrx_word' id='word_1_384' title='bbox 516 2481 563 2518; x_wconf 91' lang='lat' dir='ltr'>iis</span> <span class='ocrx_word' id='word_1_385' title='bbox 585 2495 688 2530; x_wconf 85' lang='lat' dir='ltr'>quae</span> <span class='ocrx_word' id='word_1_386' title='bbox 708 2490 849 2520; x_wconf 85' lang='lat' dir='ltr'>secuta</span> <span class='ocrx_word' id='word_1_387' title='bbox 869 2490 980 2530; x_wconf 79' lang='lat' dir='ltr'>sunt,</span> <span class='ocrx_word' id='word_1_388' title='bbox 1000 2482 1113 2521; x_wconf 90' lang='lat' dir='ltr'>illam</span> <span class='ocrx_word' id='word_1_389' title='bbox 1132 2497 1215 2520; x_wconf 88' lang='lat' dir='ltr'>non</span> <span class='ocrx_word' id='word_1_390' title='bbox 1234 2483 1358 2521; x_wconf 87' lang='lat' dir='ltr'>fuisse</span> <span class='ocrx_word' id='word_1_391' title='bbox 1378 2482 1525 2521; x_wconf 83' lang='lat' dir='ltr'>seriam</span> <span class='ocrx_word' id='word_1_392' title='bbox 1544 2497 1617 2521; x_wconf 90' lang='lat' dir='ltr'>nec</span> <span class='ocrx_word' id='word_1_393' title='bbox 1637 2497 1682 2520; x_wconf 89' lang='lat' dir='ltr'>eo</span> <span class='ocrx_word' id='word_1_394' title='bbox 1700 2482 1816 2520; x_wconf 89' lang='lat' dir='ltr'>illum</span> <span class='ocrx_word' id='word_1_395' title='bbox 1835 2480 1972 2518; x_wconf 87' lang='lat' dir='ltr'>animo</span> 
     </span>
     <span class='ocr_line' id='line_1_39' title="bbox 274 2539 1969 2592; baseline 0 -16"><span class='ocrx_word' id='word_1_396' title='bbox 274 2539 448 2577; x_wconf 85' lang='lat' dir='ltr'>electum</span> <span class='ocrx_word' id='word_1_397' title='bbox 475 2554 495 2577; x_wconf 82' lang='lat' dir='ltr'>a</span> <span class='ocrx_word' id='word_1_398' title='bbox 524 2540 683 2578; x_wconf 88' lang='lat' dir='ltr'>duobus</span> <span class='ocrx_word' id='word_1_399' title='bbox 710 2541 787 2579; x_wconf 89' lang='lat' dir='ltr'>illis</span> <span class='ocrx_word' id='word_1_400' title='bbox 815 2541 1091 2580; x_wconf 85' lang='lat' dir='ltr'>cardinalibus</span> <span class='ocrx_word' id='word_1_401' title='bbox 1117 2550 1164 2579; x_wconf 89' lang='lat' dir='ltr'>ut</span> <span class='ocrx_word' id='word_1_402' title='bbox 1190 2550 1295 2581; x_wconf 87' lang='lat' dir='ltr'>esset</span> <span class='ocrx_word' id='word_1_403' title='bbox 1321 2557 1440 2581; x_wconf 78' lang='lat' dir='ltr'>verus</span> <span class='ocrx_word' id='word_1_404' title='bbox 1466 2556 1587 2592; x_wconf 89' lang='lat' dir='ltr'>papa.</span> <span class='ocrx_word' id='word_1_405' title='bbox 1617 2542 1671 2579; x_wconf 86' lang='lat' dir='ltr'>Et</span> <span class='ocrx_word' id='word_1_406' title='bbox 1697 2543 1836 2579; x_wconf 86' lang='lat' dir='ltr'>tamen</span> <span class='ocrx_word' id='word_1_407' title='bbox 1860 2539 1969 2577; x_wconf 88' lang='lat' dir='ltr'>idem</span> 
     </span>
     <span class='ocr_line' id='line_1_40' title="bbox 271 2598 1973 2649; baseline -0.001 -14"><span class='ocrx_word' id='word_1_408' title='bbox 271 2598 487 2636; x_wconf 85' lang='lat' dir='ltr'>cardinalis</span> <span class='ocrx_word' id='word_1_409' title='bbox 521 2600 780 2638; x_wconf 85' lang='lat' dir='ltr'>Florentinus</span> <span class='ocrx_word' id='word_1_410' title='bbox 812 2609 993 2639; x_wconf 82' lang='lat' dir='ltr'>testatur</span> <span class='ocrx_word' id='word_1_411' title='bbox 1020 2601 1035 2623; x_wconf 77' lang='grc'><strong>6</strong></span> <span class='ocrx_word' id='word_1_412' title='bbox 1075 2602 1163 2639; x_wconf 89' lang='lat' dir='ltr'>illos</span> <span class='ocrx_word' id='word_1_413' title='bbox 1195 2616 1288 2640; x_wconf 86' lang='lat' dir='ltr'>eum</span> <span class='ocrx_word' id='word_1_414' title='bbox 1319 2602 1551 2639; x_wconf 88' lang='lat' dir='ltr'>nominasse</span> <span class='ocrx_word' id='word_1_415' title='bbox 1582 2601 1718 2638; x_wconf 81' lang='lat' dir='ltr'>animo</span> <span class='ocrx_word' id='word_1_416' title='bbox 1749 2599 1850 2649; x_wconf 78' lang='lat' dir='ltr'>quod</span> <span class='ocrx_word' id='word_1_417' title='bbox 1877 2606 1973 2635; x_wconf 84' lang='lat' dir='ltr'>esset</span> 
     </span>
     <span class='ocr_line' id='line_1_41' title="bbox 273 2658 1970 2710; baseline 0 -17"><span class='ocrx_word' id='word_1_418' title='bbox 273 2672 384 2694; x_wconf 64' lang='lat' dir='ltr'>cerus</span> <span class='ocrx_word' id='word_1_419' title='bbox 403 2672 524 2707; x_wconf 77' lang='lat' dir='ltr'>papa.</span> <span class='ocrx_word' id='word_1_420' title='bbox 549 2658 667 2706; x_wconf 85' lang='lat' dir='ltr'>Quod</span> <span class='ocrx_word' id='word_1_421' title='bbox 688 2660 815 2697; x_wconf 86' lang='lat' dir='ltr'>etiam</span> <span class='ocrx_word' id='word_1_422' title='bbox 837 2660 885 2698; x_wconf 87' lang='lat' dir='ltr'>de</span> <span class='ocrx_word' id='word_1_423' title='bbox 904 2661 1038 2710; x_wconf 79' lang='lat' dir='ltr'>priore</span> <span class='ocrx_word' id='word_1_424' title='bbox 1058 2669 1239 2699; x_wconf 81' lang='lat' dir='ltr'>testatur</span> <span class='ocrx_word' id='word_1_425' title='bbox 1260 2661 1439 2699; x_wconf 86' lang='lat' dir='ltr'>Jacobus</span> <span class='ocrx_word' id='word_1_426' title='bbox 1461 2661 1509 2699; x_wconf 87' lang='lat' dir='ltr'>de</span> <span class='ocrx_word' id='word_1_427' title='bbox 1531 2660 1634 2699; x_wconf 89' lang='lat' dir='ltr'>Seva</span> <span class='ocrx_word' id='word_1_428' title='bbox 1655 2673 1835 2698; x_wconf 85' lang='lat' dir='ltr'>asserens</span> <span class='ocrx_word' id='word_1_429' title='bbox 1856 2658 1970 2695; x_wconf 88' lang='lat' dir='ltr'>illum</span> 
     </span>
     <span class='ocr_line' id='line_1_42' title="bbox 271 2717 1971 2770; baseline 0 -17"><span class='ocrx_word' id='word_1_430' title='bbox 271 2717 346 2754; x_wconf 84' lang='lat' dir='ltr'>hoc</span> <span class='ocrx_word' id='word_1_431' title='bbox 366 2717 560 2765; x_wconf 78' lang='lat' dir='ltr'>loquendi</span> <span class='ocrx_word' id='word_1_432' title='bbox 581 2718 704 2756; x_wconf 88' lang='lat' dir='ltr'>modo</span> <span class='ocrx_word' id='word_1_433' title='bbox 724 2733 842 2756; x_wconf 82' lang='lat' dir='ltr'>usum</span> <span class='ocrx_word' id='word_1_434' title='bbox 866 2734 950 2758; x_wconf 91' lang='lat' dir='ltr'>esse</span> <span class='ocrx_word' id='word_1_435' title='bbox 974 2736 980 2757; x_wconf 90' lang='lat'><strong>:</strong></span> <span class='ocrx_word' id='word_1_436' title='bbox 1001 2720 1087 2768; x_wconf 76' lang='lat' dir='ltr'>Ego</span> <span class='ocrx_word' id='word_1_437' title='bbox 1105 2734 1204 2770; x_wconf 78' lang='lat' dir='ltr'>pure</span> <span class='ocrx_word' id='word_1_438' title='bbox 1222 2728 1256 2758; x_wconf 84' lang='lat' dir='ltr'>et</span> <span class='ocrx_word' id='word_1_439' title='bbox 1274 2720 1392 2758; x_wconf 80' lang='lat' dir='ltr'>libere</span> <span class='ocrx_word' id='word_1_440' title='bbox 1410 2720 1510 2769; x_wconf 77' lang='lat' dir='ltr'>eligo</span> <span class='ocrx_word' id='word_1_441' title='bbox 1529 2729 1564 2758; x_wconf 85' lang='lat' dir='ltr'>et</span> <span class='ocrx_word' id='word_1_442' title='bbox 1580 2734 1739 2757; x_wconf 75' lang='lat' dir='ltr'>assumo</span> <span class='ocrx_word' id='word_1_443' title='bbox 1759 2718 1802 2755; x_wconf 84' lang='lat' dir='ltr'>in</span> <span class='ocrx_word' id='word_1_444' title='bbox 1822 2731 1971 2768; x_wconf 78' lang='lat' dir='ltr'>papam</span> 
     </span>
    </p>
   </div>
   <div class='ocr_carea' id='block_1_3' title="bbox 316 2871 821 3176">
    <p class='ocr_par' dir='ltr' id='par_1_5' title="bbox 317 2871 780 2912">
     <span class='ocr_line' id='line_1_43' title="bbox 317 2871 780 2912; baseline 0.013 -10"><span class='ocrx_word' id='word_1_445' title='bbox 317 2871 347 2904; x_wconf 73' lang='lat' dir='ltr'>l.</span> <span class='ocrx_word' id='word_1_446' title='bbox 379 2871 444 2904; x_wconf 88' lang='lat' dir='ltr'>Ms.</span> <span class='ocrx_word' id='word_1_447' title='bbox 472 2873 554 2912; x_wconf 77' lang='lat' dir='ltr'>cite,</span> <span class='ocrx_word' id='word_1_448' title='bbox 580 2873 642 2906; x_wconf 78' lang='lat' dir='ltr'>fol.</span> <span class='ocrx_word' id='word_1_449' title='bbox 669 2874 713 2907; x_wconf 86' lang='lat'>98</span> <span class='ocrx_word' id='word_1_450' title='bbox 737 2878 780 2908; x_wconf 88' lang='lat' dir='ltr'>r0.</span> 
     </span>
    </p>

    <p class='ocr_par' dir='ltr' id='par_1_6' title="bbox 316 2924 821 3176">
     <span class='ocr_line' id='line_1_44' title="bbox 318 2924 803 2965; baseline 0.012 -10"><span class='ocrx_word' id='word_1_451' title='bbox 318 2929 334 2955; x_wconf 59' lang='lat' dir='ltr'>‘A</span> <span class='ocrx_word' id='word_1_452' title='bbox 389 2924 454 2957; x_wconf 71' lang='lat' dir='ltr'>Ms.</span> <span class='ocrx_word' id='word_1_453' title='bbox 480 2926 561 2965; x_wconf 72' lang='lat' dir='ltr'>cite,</span> <span class='ocrx_word' id='word_1_454' title='bbox 585 2926 646 2959; x_wconf 80' lang='lat' dir='ltr'>fol.</span> <span class='ocrx_word' id='word_1_455' title='bbox 670 2928 739 2960; x_wconf 78' lang='lat'>104</span> <span class='ocrx_word' id='word_1_456' title='bbox 760 2932 803 2961; x_wconf 69' lang='grc' dir='ltr'>ΓΟ.</span> 
     </span>
     <span class='ocr_line' id='line_1_45' title="bbox 316 2977 821 3017; baseline 0.012 -9"><span class='ocrx_word' id='word_1_457' title='bbox 316 2978 347 3009; x_wconf 76' lang='grc'>3.</span> <span class='ocrx_word' id='word_1_458' title='bbox 379 2977 445 3010; x_wconf 77' lang='lat' dir='ltr'>Ms.</span> <span class='ocrx_word' id='word_1_459' title='bbox 476 2978 558 3017; x_wconf 70' lang='lat' dir='ltr'>cite,</span> <span class='ocrx_word' id='word_1_460' title='bbox 585 2978 646 3012; x_wconf 80' lang='lat' dir='ltr'>sol.</span> <span class='ocrx_word' id='word_1_461' title='bbox 675 2981 743 3013; x_wconf 75' lang='lat'>137</span> <span class='ocrx_word' id='word_1_462' title='bbox 770 2986 821 3014; x_wconf 73' lang='grc' dir='ltr'>νο.</span> 
     </span>
     <span class='ocr_line' id='line_1_46' title="bbox 316 3029 820 3070; baseline 0.014 -9"><span class='ocrx_word' id='word_1_463' title='bbox 316 3030 347 3061; x_wconf 78' lang='lat' dir='ltr'>si.</span> <span class='ocrx_word' id='word_1_464' title='bbox 380 3029 444 3063; x_wconf 57' lang='grc' dir='ltr'>ΜΞ.</span> <span class='ocrx_word' id='word_1_465' title='bbox 476 3031 557 3070; x_wconf 52' lang='lat' dir='ltr'>(fito,</span> <span class='ocrx_word' id='word_1_466' title='bbox 589 3032 649 3065; x_wconf 82' lang='lat' dir='ltr'>fol.</span> <span class='ocrx_word' id='word_1_467' title='bbox 682 3034 750 3065; x_wconf 78' lang='grc'>224</span> <span class='ocrx_word' id='word_1_468' title='bbox 777 3039 820 3068; x_wconf 85' lang='lat' dir='ltr'>r0.</span> 
     </span>
     <span class='ocr_line' id='line_1_47' title="bbox 317 3082 795 3136; baseline 0.013 -22"><span class='ocrx_word' id='word_1_469' title='bbox 317 3084 346 3115; x_wconf 71' lang='grc'>5.</span> <span class='ocrx_word' id='word_1_470' title='bbox 379 3082 443 3116; x_wconf 81' lang='lat' dir='ltr'>Ms.</span> <span class='ocrx_word' id='word_1_471' title='bbox 476 3084 558 3136; x_wconf 45' lang='lat' dir='ltr'>cite,</span> <span class='ocrx_word' id='word_1_472' title='bbox 588 3084 649 3118; x_wconf 75' lang='lat' dir='ltr'>fol.</span> <span class='ocrx_word' id='word_1_473' title='bbox 680 3087 724 3119; x_wconf 91' lang='lat'>77</span> <span class='ocrx_word' id='word_1_474' title='bbox 752 3092 795 3120; x_wconf 66' lang='lat'>1⁸0.</span> 
     </span>
     <span class='ocr_line' id='line_1_48' title="bbox 317 3135 794 3176; baseline 0.015 -9"><span class='ocrx_word' id='word_1_475' title='bbox 317 3136 346 3167; x_wconf 70' lang='lat'>(2.</span> <span class='ocrx_word' id='word_1_476' title='bbox 378 3135 443 3169; x_wconf 56' lang='grc' dir='ltr'>ΜΞ.</span> <span class='ocrx_word' id='word_1_477' title='bbox 475 3136 556 3176; x_wconf 66' lang='lat' dir='ltr'>cite,</span> <span class='ocrx_word' id='word_1_478' title='bbox 587 3137 647 3171; x_wconf 75' lang='lat' dir='ltr'>fol.</span> <span class='ocrx_word' id='word_1_479' title='bbox 679 3139 723 3173; x_wconf 78' lang='grc'>98</span> <span class='ocrx_word' id='word_1_480' title='bbox 751 3144 794 3173; x_wconf 85' lang='lat' dir='ltr'>r0.</span> 
     </span>
    </p>
   </div>
  </div>
 </body>
</html>
