2083 3458
101 158 230 214 [594]
628 174 847 200 PAPARUM
882 171 1269 200 AVENIONENSIUM
1738 156 1789 196 61

89 266 256 297 cunctos
266 257 390 296 ferme
402 258 573 308 populos
585 252 707 308 paulo
721 258 828 296 ultra
841 257 1014 308 Ligerim
1023 257 1258 296 habitantes
1271 271 1417 295 vocare
1430 257 1561 295 solent
1573 256 1790 302 Vascones,

88 317 214 355 istum
233 316 280 367 [t.
300 331 356 364 111,
378 331 417 367 p.
433 316 499 366 85]
523 316 707 366 ejusdem
729 317 907 356 nationis
930 317 1052 355 fuisse
1073 316 1237 355 scribit:
1262 316 1291 353 il
1309 331 1334 366 y
1354 324 1417 354 eut
1434 316 1542 366 jadis
1558 330 1613 353 un
1633 317 1789 364 evesque

86 391 135 414 en
153 375 378 414 Cambresis
397 376 464 426 qui
481 376 527 425 ju
548 391 691 425 gascon
710 377 755 414 de
775 377 914 415 chiaus
942 377 986 414 de
1001 377 1086 414 Beu
1109 384 1142 413 et
1161 377 1205 413 de
1236 375 1447 425 llIirepoiS.
1478 375 1578 412 Erat
1596 374 1661 412 ille
1684 374 1788 411 filius

88 435 299 483 Guidonis‚
321 434 391 485 qui
415 450 456 473 se
494 436 807 473 mareschallum
846 435 1176 486 Mirapiscensem
1214 435 1406 482 vocabat,
1440 442 1482 472 et
1520 434 1713 472 [sabellae
1740 433 1788 470 de

87 494 284 533 Marliano
327 509 376 532 ex
414 494 637 533 clarissimo
681 495 877 544 sanguine
926 494 1283 534 Monmoranciaco
1326 501 1506 541 exortae,
1562 493 1623 530 uti
1670 493 1789 530 docet

86 554 269 592 Andreas
287 553 555 600 Duchesnius,
578 553 647 592 lib.
669 554 721 601 ΙΙ,
745 568 832 604 cap.
848 569 904 601 Iv,
921 569 959 604 p.
985 554 1071 601 137,
1092 553 1295 592 Historiae
1314 553 1584 602 genealogicae
1605 552 1789 601 ejusdem

88 612 231 662 gentis.
256 613 400 651 Petrus
419 612 432 635 1
455 621 596 651 autem
624 613 705 650 fuit
731 613 864 663 primo
893 613 1108 664 episcopus
1138 612 1450 663 Magalonensis‚
1480 611 1575 650 dein
1603 612 1788 650 Camera-

85 672 227 719 censis,
266 679 474 722 postremo
517 672 768 721 Bajocensis.
807 673 982 711 Factum
1017 673 1139 711 fuisse
1175 672 1413 723 episcopum
1458 672 1789 721 Magalonensem

84 745 193 769 anno
216 731 414 770 MCCCVI
439 731 558 769 docet
582 732 693 769 bulla
723 732 942 770 Clementis
968 733 1002 769 V
1023 733 1075 770 ad
1105 746 1239 782 regem
1266 731 1517 782 Philippum,
1543 745 1648 781 quae
1672 738 1789 769 extat

83 789 126 827 in
150 790 316 828 archivo
341 790 450 840 regio
476 790 706 829 Parisiensi.

139 850 180 887 P.
206 849 267 897 16,
287 849 353 900 lig.
377 850 438 888 13.
460 850 704 888 ALFUNSUS.
731 850 762 887 11
783 850 872 888 faut
894 850 964 888 lire
985 850 1266 888 Ferdinandus
1289 850 1364 897 IV,
1388 850 1448 888 fils
1470 850 1518 888 de
1539 850 1695 888 Sanche
1721 849 1787 893 IV,

86 908 156 958 qui
179 909 331 947 semble
355 908 470 947 avoir
494 911 557 946 ete
582 909 689 947 trahi
723 924 797 959 par
820 910 874 947 les
908 909 1012 947 siens
1039 909 1228 959 (Clement
1256 910 1302 957 V,
1327 924 1364 947 n.
1392 909 1507 956 5484,
1532 909 1647 957 5491,
1673 908 1788 956 5492,

85 967 201 1016 5494,
221 967 337 1015 6379,
357 968 490 1017 6380).
1423 1003 1426 1006 -

139 1027 182 1066 Ρ.
208 1027 270 1075 16,
292 1027 359 1078 lig.
387 1027 447 1066 15.
484 1028 566 1065 Eps
591 1028 744 1075 SIBILE,
768 1027 852 1066 sive
886 1028 1151 1078 Hispalensis,
1176 1029 1298 1078 vulgo
1329 1028 1487 1066 Sevilla.
1524 1027 1788 1074 Froissartus,

95 1085 140 1136 [t.
178 1101 231 1133 v1,
262 1101 302 1137 p.
342 1086 440 1137 191]
476 1103 483 1125 :
517 1087 657 1124 Se'ville
690 1087 727 1124 la
764 1087 940 1124 milleure
978 1087 1048 1125 cite
1087 1088 1327 1138 (l'Espagne.
1367 1088 1477 1125 Inter
1512 1087 1655 1125 titulos
1687 1101 1787 1137 quos

85 1144 276 1184 Alfonsus
302 1146 443 1193 Cerda,
470 1146 538 1196 qui
564 1161 604 1184 se
629 1161 763 1196 regem
792 1146 1014 1197 Hispaniae
1040 1146 1209 1193 ferebat,
1235 1146 1391 1185 nomini
1415 1161 1488 1184 suo
1519 1146 1788 1196 adjungebat,

84 1218 217 1254 regem
241 1220 403 1255 quoque
428 1205 591 1244 Sibillae
615 1220 654 1244 se
678 1205 864 1244 inscribit
885 1206 927 1244 in
958 1205 1084 1244 literis
1118 1206 1289 1244 foederis
1313 1205 1404 1244 initi
1427 1220 1535 1244 anno
1562 1206 1787 1244 MCCXCII

84 1278 176 1301 cum
220 1264 400 1303 Gastone
442 1264 683 1303 vicecomite
726 1265 961 1311 Bearnensi,
1007 1279 1110 1314 quae
1156 1273 1302 1303 extant
1333 1265 1375 1303 in
1409 1279 1568 1303 camera
1613 1265 1788 1316 Compu-

83 1330 219 1360 torum
268 1323 497 1362 Parisiensi.
550 1325 595 1362 In
644 1324 748 1362 libro
799 1324 974 1375 septimo
1024 1325 1227 1363 Historiae
1271 1324 1525 1371 Bearnensis,
1574 1339 1661 1375 cap.
1716 1339 1787 1372 ΧΠ,

83 1397 121 1432 p.
138 1382 213 1420 617
233 1391 379 1422 extant
398 1383 540 1421 literae
562 1383 721 1422 Alfonsi
744 1384 796 1431 X,
813 1384 914 1433 regis
932 1384 1144 1431 Castellae,
1159 1384 1202 1423 in
1222 1398 1395 1434 quarum
1420 1384 1497 1421 fine
1515 1383 1573 1421 ita
1589 1383 1787 1434 scriptum

80 1449 143 1479 est
164 1458 171 1479 :
192 1442 336 1480 Actum
354 1442 525 1480 Sibiliae
539 1443 579 1480 in
598 1443 693 1480 aula
711 1443 863 1480 domini
882 1443 985 1492 regis
1006 1443 1068 1481 die
1084 1443 1221 1480 martis
1240 1458 1303 1482 XII
1324 1443 1470 1481 martii.
1498 1444 1544 1481 In
1569 1443 1671 1481 libro
1691 1458 1786 1481 vero

83 1501 253 1539 Arnaldi
290 1502 511 1540 Camerarii
556 1503 732 1540 habetur
778 1502 932 1541 mentio
970 1503 1245 1552 quarumdam
1281 1503 1493 1540 literarum
1530 1502 1687 1540 Alfonsi
1726 1503 1786 1540 XI

81 1560 184 1610 regis
199 1560 299 1599 item
315 1561 513 1600 Castellae
529 1561 690 1611 quaein
705 1561 765 1599 his
781 1562 915 1600 verbis
932 1562 1125 1600 desinunt
1143 1578 1149 1599 :
1167 1563 1302 1600 (latum
1319 1562 1488 1600 Sibiliae
1502 1576 1608 1599 anno
1620 1561 1786 1599 Domini

81 1619 328 1668 MCCCXL,
354 1620 416 1658 die
439 1621 589 1658 decima
614 1621 760 1658 mensis
784 1622 894 1659 maii.
926 1622 1038 1659 Idem
1056 1621 1099 1660 in
1120 1621 1247 1659 literis
1273 1636 1374 1671 quas
1400 1621 1668 1671 quadriennio
1694 1628 1786 1671 post

80 1678 244 1729 scripsit
268 1680 320 1717 ad
346 1680 597 1718 Clementem
623 1688 800 1721 sextum.
824 1694 928 1730 quae
953 1681 1004 1719 ab
1027 1680 1201 1719 Odorico
1223 1681 1440 1730 Raynaldo
1466 1680 1600 1719 editae
1625 1688 1721 1718 sunt
1745 1679 1787 1718 in

81 1738 313 1776 Annalibus
339 1739 609 1777 ecclesiasticis
638 1739 768 1790 [1344,
803 1740 819 1788 ἓ
847 1740 920 1790 50]
950 1754 990 1778 se
1017 1748 1140 1778 vocat
1175 1755 1311 1790 regem
1347 1740 1559 1787 Castellae‚
1586 1738 1785 1789 Legionis,

78 1796 226 1844 Toleti,
249 1797 463 1845 Galleciae,
487 1798 678 1846 Sibilliae,
701 1807 776 1837 etc.

136 1856 178 1895 P.
208 1856 269 1904 16,
294 1857 361 1907 lig.
390 1857 450 1896 15.
477 1858 558 1896 EPs
586 1859 738 1896 SIBILE.
767 1858 1049 1896 Ferdinandus
1077 1859 1287 1897 Gutierrez
1300 1858 1327 1906 ²,
1364 1858 1433 1908 qui
1468 1873 1575 1896 anno
1603 1858 1784 1896 MCCCII

86 1914 338 1965 Hispalensis
366 1916 538 1955 antistes
566 1917 697 1955 evasit
724 1926 817 1968 post
845 1925 1019 1955 mortem
1048 1917 1218 1956 Joannis
1248 1917 1513 1956 Almoravidi.
1546 1918 1666 1955 Hunc
1695 1917 1785 1955 Fer-

82 1973 309 2013 dinandum
334 1976 484 2014 Paulus
509 1976 695 2026 Spinosa,
720 1977 788 2015 lib.
815 1977 862 2024 V,
887 1977 993 2015 Hist.
1019 1977 1197 2027 Hispal„
1222 1977 1290 2016 fol.
1316 1978 1379 2024 44,
1404 1977 1467 2024 45,
1492 1985 1615 2027 putat
1639 1975 1784 2014 obiisse

77 2047 188 2072 anno
217 2034 441 2073 MCCCXX
470 2034 574 2073 circa
603 2050 783 2074 mensem
811 2036 993 2086 aprilem.
1019 2037 1096 2074 Sed
1124 2051 1217 2075 eum
1244 2036 1365 2074 isthic
1393 2050 1544 2074 errasse
1573 2035 1787 2074 contendit

10 2133 13 2135 ,
83 2091 261 2131 Didacus
286 2093 400 2132 Ortiz
423 2095 472 2132 de
493 2095 652 2144 Zufiiga
674 2095 717 2133 in
740 2095 972 2133 Annalibus
995 2095 1323 2146 Hispalensibus,
1347 2095 1416 2133 liv.
1442 2095 1491 2142 V,
1516 2110 1554 2145 p.
1582 2094 1668 2141 179,
1696 2093 1782 2140 181,

81 2151 150 2189 ubi
192 2152 333 2190 scribit
374 2154 483 2191 hunc
516 2154 869 2205 archiepiscopum
913 2154 1059 2193 obiisse
1095 2169 1203 2193 anno
1234 2155 1542 2201 MCCCXXIII,
1583 2154 1646 2191 die
1680 2167 1783 2190 xxv1

77 2210 231 2260 aprilis.

135 2270 178 2309 P.
216 2270 277 2318 16,
312 2270 378 2321 lig.
414 2271 475 2310 20.
513 2272 731 2311 Pnsscuauss
777 2287 801 2309 Α
841 2288 952 2310 REGE
988 2273 1153 2311 ARRAG.
1193 2273 1311 2311 Unde
1338 2272 1601 2310 continuator
1637 2270 1785 2320 Nangii

93 2328 105 2379 [
129 2336 158 2368 t.
182 2344 209 2377 1,
234 2344 273 2380 p,
300 2330 400 2381 372]
427 2330 520 2369 huic
545 2331 616 2368 uni
640 2346 711 2369 seu
734 2331 872 2382 potius
901 2332 988 2381 ejus
1025 2332 1107 2369 filio
1133 2332 1317 2382 imputat
1341 2332 1446 2369 hanc
1480 2330 1697 2369 victoriam
1722 2329 1782 2367 his

81 2387 214 2426 verbis
249 2404 256 2427 :
290 2389 393 2427 circa
422 2390 565 2438 festum
596 2391 838 2428 Pentecostes
871 2391 981 2441 filius
1012 2391 1116 2440 regis
1148 2392 1405 2440 Arragonum
1436 2390 1567 2428 habito
1599 2388 1783 2439 conflictu

77 2455 213 2485 contra
229 2462 356 2497 regem
377 2448 573 2487 Granatae
591 2449 867 2497 Sarracenum,
886 2450 1037 2499 ingenti
1052 2451 1360 2488 Sarracenorum
1380 2450 1492 2487 caede
1506 2448 1623 2498 facta,
1643 2446 1782 2496 glorio-

76 2519 165 2543 sam
189 2506 394 2545 victoriam
417 2508 638 2558 reportavit.

134 2564 176 2602 P.
200 2565 262 2613 16,
283 2566 350 2616 lig.
373 2566 432 2604 26⁴
459 2567 828 2606 CONFmMANDUM.
851 2568 1001 2606 Baluze
1023 2582 1045 2606 a
1066 2567 1206 2619 publie
1230 2568 1273 2617 (t.
1298 2582 1353 2614 111,
1375 2581 1414 2617 p.
1437 2564 1624 2615 216-226)
1648 2564 1781 2602 divers

77 2622 321 2663 documents
349 2640 416 2663 sur
441 2625 735 2676 l'acceptation
761 2626 861 2666 faite
887 2641 962 2678 par
987 2627 1023 2665 le
1050 2641 1157 2677 pape
1185 2627 1233 2664 de
1258 2625 1462 2664 l’election
1488 2624 1660 2662 d'Henri
1686 2623 1780 2663 VII.

82 2681 127 2720 G.
152 2682 350 2722 Lizerand
372 2698 395 2722 a
417 2688 585 2723 raconte
606 2686 872 2736 longuement
894 2687 948 2724 les
972 2685 1218 2724 tractations
1242 2699 1319 2734 que
1342 2692 1449 2723 cette
1473 2683 1645 2721 election
1667 2695 1779 2720 occa-

76 2739 221 2780 sionna
240 2742 430 2792 (Cle'ment
449 2743 483 2781 V
497 2752 531 2782 et
547 2744 738 2795 philippe
756 2745 819 2782 IV
834 2745 868 2783 le
884 2745 968 2792 Bel,
985 2760 1024 2795 p.
1044 2744 1244 2792 161-249).

127 2883 158 2915 1.
177 2883 297 2916 Pierre
313 2884 356 2917 de
371 2884 480 2917 Levis
494 2884 554 2917 fut
567 2886 718 2919 nomme
732 2887 874 2929 (aveque
890 2886 934 2918 de
949 2885 1195 2929 Maguelonnc
1211 2885 1241 2917 le
1258 2885 1300 2916 22
1314 2883 1461 2927 janvier
1474 2884 1580 2923 1306,
1596 2882 1780 2918 transfer6

74 2948 141 2970 sur
158 2938 190 2971 le
210 2938 307 2982 siege
329 2939 373 2971 de
394 2939 570 2972 Cambrai
589 2940 621 2973 le
643 2941 686 2973 29
705 2941 830 2984 juillet
850 2941 943 2974 1309
964 2946 1001 2972 ct
1013 2951 1077 2972 sur
1096 2939 1190 2972 celui
1212 2940 1256 2971 de
1277 2939 1433 2981 ssayeux
1453 2938 1485 2971 le
1507 2939 1551 2971 28
1566 2949 1664 2971 mars
1686 2937 1780 2971 1324

79 2989 256 3033 (Οῑένηεηι
272 2992 314 3031 V,
330 3003 365 3025 n.
381 2992 475 3025 1026
489 2999 527 3025 et
540 2993 863 3033 44553M011at‚n.
879 2993 1026 3035 19215).
1686 2997 1689 3003 “

128 3042 160 3077 2.
177 3044 352 3077 Fernand
366 3045 425 3078 fut
439 3048 589 3079 nomme
604 3048 747 3090 eveque
762 3047 793 3079 le
808 3047 827 3079 7
843 3048 935 3079 aout
949 3047 1042 3079 1303
1061 3045 1228 3088 (Digard‚
1244 3056 1279 3077 n.
1297 3045 1418 3086 5318).
