<?xml version="1.0" encoding="UTF-8"?>
<!DOCTYPE html PUBLIC "-//W3C//DTD XHTML 1.0 Transitional//EN"
    "http://www.w3.org/TR/xhtml1/DTD/xhtml1-transitional.dtd">
<html xmlns="http://www.w3.org/1999/xhtml" xml:lang="en" lang="en">
 <head>
  <title>
</title>
<meta http-equiv="Content-Type" content="text/html;charset=utf-8" />
  <meta name='ocr-system' content='tesseract 3.04.00' />
  <meta name='ocr-capabilities' content='ocr_page ocr_carea ocr_par ocr_line ocrx_word'/>
</head>
<body>
  <div class='ocr_page' id='page_1' title='image "./vitaepaparumaven02balu_0925.png"; bbox 0 0 2083 3458; ppageno 0'>
   <div class='ocr_carea' id='block_1_1' title="bbox 104 226 1793 281">
    <p class='ocr_par' dir='ltr' id='par_1_1' title="bbox 104 226 1793 281">
     <span class='ocr_line' id='line_1_1' title="bbox 104 226 1793 281; baseline 0.006 -16"><span class='ocrx_word' id='word_1_1' title='bbox 104 226 256 281; x_wconf 79' lang='lat'>[1403]</span> <span class='ocrx_word' id='word_1_2' title='bbox 625 242 842 267; x_wconf 75' lang='lat' dir='ltr'><strong>PAPARUM</strong></span> <span class='ocrx_word' id='word_1_3' title='bbox 879 243 1262 270; x_wconf 65' lang='lat' dir='ltr'>AVENIONENSUJM</span> <span class='ocrx_word' id='word_1_4' title='bbox 1714 234 1793 276; x_wconf 81' lang='lat'><em>915</em></span> 
     </span>
    </p>
   </div>
   <div class='ocr_carea' id='block_1_2' title="bbox 77 325 1794 2855">
    <p class='ocr_par' dir='ltr' id='par_1_2' title="bbox 86 325 1794 787">
     <span class='ocr_line' id='line_1_2' title="bbox 90 325 1793 382; baseline 0.005 -21"><span class='ocrx_word' id='word_1_5' title='bbox 90 325 146 362; x_wconf 84' lang='lat' dir='ltr'><em>rei</em></span> <span class='ocrx_word' id='word_1_6' title='bbox 168 333 267 373; x_wconf 80' lang='lat' dir='ltr'><em>geste</em></span> <span class='ocrx_word' id='word_1_7' title='bbox 288 325 427 362; x_wconf 66' lang='lat' dir='ltr'><em>veritas</em></span> <span class='ocrx_word' id='word_1_8' title='bbox 450 333 670 375; x_wconf 77' lang='lat' dir='ltr'><em>poneretur,</em></span> <span class='ocrx_word' id='word_1_9' title='bbox 694 334 734 363; x_wconf 74' lang='lat' dir='ltr'><em>ut</em></span> <span class='ocrx_word' id='word_1_10' title='bbox 754 326 847 375; x_wconf 77' lang='lat' dir='ltr'><em>quia</em></span> <span class='ocrx_word' id='word_1_11' title='bbox 866 340 911 364; x_wconf 73' lang='lat' dir='ltr'><em>ex</em></span> <span class='ocrx_word' id='word_1_12' title='bbox 929 327 1031 375; x_wconf 80' lang='lat' dir='ltr'><em>jacto</em></span> <span class='ocrx_word' id='word_1_13' title='bbox 1049 327 1116 376; x_wconf 89' lang='lat' dir='ltr'><em>jus</em></span> <span class='ocrx_word' id='word_1_14' title='bbox 1136 328 1273 375; x_wconf 87' lang='lat' dir='ltr'><em>oritur,</em></span> <span class='ocrx_word' id='word_1_15' title='bbox 1295 338 1452 378; x_wconf 78' lang='lat' dir='ltr'><em>possent</em></span> <span class='ocrx_word' id='word_1_16' title='bbox 1472 331 1670 370; x_wconf 67' lang='lat' dir='ltr'><em>veritatem</em></span> <span class='ocrx_word' id='word_1_17' title='bbox 1687 333 1793 382; x_wconf 86' lang='lat' dir='ltr'><em>juris</em></span> 
     </span>
     <span class='ocr_line' id='line_1_3' title="bbox 89 383 1792 435; baseline 0.005 -15"><span class='ocrx_word' id='word_1_18' title='bbox 89 383 217 421; x_wconf 73' lang='lat' dir='ltr'><em>videre</em></span> <span class='ocrx_word' id='word_1_19' title='bbox 234 384 382 421; x_wconf 88' lang='lat' dir='ltr'><em>clarius</em></span> <span class='ocrx_word' id='word_1_20' title='bbox 398 392 432 421; x_wconf 90' lang='lat' dir='ltr'><em>et</em></span> <span class='ocrx_word' id='word_1_21' title='bbox 447 384 626 421; x_wconf 88' lang='lat' dir='ltr'><em>securius</em></span> <span class='ocrx_word' id='word_1_22' title='bbox 642 384 862 433; x_wconf 70' lang='lat' dir='ltr'><em>defensare3</em></span> <span class='ocrx_word' id='word_1_23' title='bbox 880 393 913 423; x_wconf 90' lang='lat' dir='ltr'><em>et</em></span> <span class='ocrx_word' id='word_1_24' title='bbox 927 386 1057 435; x_wconf 86' lang='lat' dir='ltr'><em>posita</em></span> <span class='ocrx_word' id='word_1_25' title='bbox 1073 395 1127 424; x_wconf 92' lang='lat' dir='ltr'><em>est</em></span> <span class='ocrx_word' id='word_1_26' title='bbox 1149 395 1188 424; x_wconf 93' lang='lat' dir='ltr'><em>ut</em></span> <span class='ocrx_word' id='word_1_27' title='bbox 1199 387 1249 425; x_wconf 76' lang='lat' dir='ltr'><em>lia</em></span> <span class='ocrx_word' id='word_1_28' title='bbox 1257 388 1313 425; x_wconf 84' lang='lat' dir='ltr'><em>bet</em></span> <span class='ocrx_word' id='word_1_29' title='bbox 1329 388 1456 426; x_wconf 76' lang='lat' dir='ltr'><em>thema</em></span> <span class='ocrx_word' id='word_1_30' title='bbox 1472 404 1611 429; x_wconf 86' lang='lat' dir='ltr'><em>meum.</em></span> <span class='ocrx_word' id='word_1_31' title='bbox 1625 392 1792 429; x_wconf 81' lang='lat' dir='ltr'><em>Domini</em></span> 
     </span>
     <span class='ocr_line' id='line_1_4' title="bbox 89 443 1793 493; baseline 0.005 -14"><span class='ocrx_word' id='word_1_32' title='bbox 89 456 175 479; x_wconf 66' lang='lat' dir='ltr'><em>vero</em></span> <span class='ocrx_word' id='word_1_33' title='bbox 196 443 418 480; x_wconf 80' lang='lat' dir='ltr'><em>cardinales</em></span> <span class='ocrx_word' id='word_1_34' title='bbox 449 443 586 493; x_wconf 74' lang='lat' dir='ltr'><em>ytalici</em></span> <span class='ocrx_word' id='word_1_35' title='bbox 609 458 770 481; x_wconf 90' lang='lat' dir='ltr'><em>numero</em></span> <span class='ocrx_word' id='word_1_36' title='bbox 801 452 967 493; x_wconf 81' lang='lat' dir='ltr'><em>quatuor</em></span> <span class='ocrx_word' id='word_1_37' title='bbox 987 445 1114 483; x_wconf 80' lang='lat' dir='ltr'><em>adhuc</em></span> <span class='ocrx_word' id='word_1_38' title='bbox 1137 446 1179 483; x_wconf 81' lang='lat' dir='ltr'><em>in</em></span> <span class='ocrx_word' id='word_1_39' title='bbox 1204 446 1347 484; x_wconf 82' lang='lat' dir='ltr'><em>Tiburi</em></span> <span class='ocrx_word' id='word_1_40' title='bbox 1369 447 1572 486; x_wconf 61' lang='lat' dir='ltr'><em>existentes</em></span> <span class='ocrx_word' id='word_1_41' title='bbox 1594 464 1639 487; x_wconf 71' lang='lat' dir='ltr'><em>ez</em></span> <span class='ocrx_word' id='word_1_42' title='bbox 1660 452 1793 489; x_wconf 86' lang='lat' dir='ltr'><em>eudem</em></span> 
     </span>
     <span class='ocr_line' id='line_1_5' title="bbox 88 502 1792 558; baseline 0.005 -19"><span class='ocrx_word' id='word_1_43' title='bbox 88 516 222 549; x_wconf 85' lang='lat' dir='ltr'><em>causa,</em></span> <span class='ocrx_word' id='word_1_44' title='bbox 247 510 287 539; x_wconf 92' lang='lat' dir='ltr'><em>ut</em></span> <span class='ocrx_word' id='word_1_45' title='bbox 309 502 474 552; x_wconf 81' lang='lat' dir='ltr'><em>firmiter</em></span> <span class='ocrx_word' id='word_1_46' title='bbox 494 503 617 549; x_wconf 90' lang='lat' dir='ltr'><em>credo,</em></span> <span class='ocrx_word' id='word_1_47' title='bbox 641 503 867 552; x_wconf 80' lang='lat' dir='ltr'><em>ignorantes</em></span> <span class='ocrx_word' id='word_1_48' title='bbox 887 512 1017 541; x_wconf 89' lang='lat' dir='ltr'><em>tamen</em></span> <span class='ocrx_word' id='word_1_49' title='bbox 1038 505 1139 553; x_wconf 83' lang='lat' dir='ltr'><em>quod</em></span> <span class='ocrx_word' id='word_1_50' title='bbox 1157 505 1311 543; x_wconf 85' lang='lat' dir='ltr'><em>domini</em></span> <span class='ocrx_word' id='word_1_51' title='bbox 1331 509 1623 546; x_wconf 78' lang='lat' dir='ltr'><em>transmontani</em></span> <span class='ocrx_word' id='word_1_52' title='bbox 1642 509 1792 558; x_wconf 78' lang='lat' dir='ltr'><em>facturn</em></span> 
     </span>
     <span class='ocr_line' id='line_1_6' title="bbox 87 561 1794 613; baseline 0.005 -16"><span class='ocrx_word' id='word_1_53' title='bbox 87 561 326 609; x_wconf 79' lang='lat' dir='ltr'><em>redegissent</em></span> <span class='ocrx_word' id='word_1_54' title='bbox 345 561 387 598; x_wconf 92' lang='lat' dir='ltr'><em>in</em></span> <span class='ocrx_word' id='word_1_55' title='bbox 405 561 579 611; x_wconf 89' lang='lat' dir='ltr'><em>scriptis,</em></span> <span class='ocrx_word' id='word_1_56' title='bbox 597 562 748 611; x_wconf 75' lang='lat' dir='ltr'><em>sactum</em></span> <span class='ocrx_word' id='word_1_57' title='bbox 764 562 1020 612; x_wconf 85' lang='lat' dir='ltr'><em>scripserunt,</em></span> <span class='ocrx_word' id='word_1_58' title='bbox 1040 571 1074 600; x_wconf 89' lang='lat' dir='ltr'><em>et</em></span> <span class='ocrx_word' id='word_1_59' title='bbox 1091 578 1161 613; x_wconf 87' lang='lat' dir='ltr'><em>pro</em></span> <span class='ocrx_word' id='word_1_60' title='bbox 1176 564 1353 602; x_wconf 82' lang='lat' dir='ltr'><em>habendo</em></span> <span class='ocrx_word' id='word_1_61' title='bbox 1371 566 1583 604; x_wconf 86' lang='lat' dir='ltr'><em>consilium</em></span> <span class='ocrx_word' id='word_1_62' title='bbox 1602 568 1794 606; x_wconf 81' lang='lat' dir='ltr'><em>miserunt</em></span> 
     </span>
     <span class='ocr_line' id='line_1_7' title="bbox 86 620 1789 673; baseline 0.005 -17"><span class='ocrx_word' id='word_1_63' title='bbox 86 620 139 657; x_wconf 87' lang='lat' dir='ltr'><em>ad</em></span> <span class='ocrx_word' id='word_1_64' title='bbox 167 620 392 657; x_wconf 82' lang='lat' dir='ltr'><em>Jolzannem</em></span> <span class='ocrx_word' id='word_1_65' title='bbox 419 621 463 657; x_wconf 89' lang='lat' dir='ltr'><em>de</em></span> <span class='ocrx_word' id='word_1_66' title='bbox 490 620 676 669; x_wconf 87' lang='lat' dir='ltr'><em>Lignano</em></span> <span class='ocrx_word' id='word_1_67' title='bbox 702 629 736 658; x_wconf 90' lang='lat' dir='ltr'><em>et</em></span> <span class='ocrx_word' id='word_1_68' title='bbox 762 621 916 671; x_wconf 84' lang='lat' dir='ltr'><em>aliquos</em></span> <span class='ocrx_word' id='word_1_69' title='bbox 941 622 1060 668; x_wconf 81' lang='lat' dir='ltr'><em>alios:</em></span> <span class='ocrx_word' id='word_1_70' title='bbox 1090 622 1156 672; x_wconf 83' lang='lat' dir='ltr'><em>qui</em></span> <span class='ocrx_word' id='word_1_71' title='bbox 1185 624 1284 660; x_wconf 90' lang='lat' dir='ltr'><em>male</em></span> <span class='ocrx_word' id='word_1_72' title='bbox 1305 625 1532 673; x_wconf 81' lang='lat' dir='ltr'><em>ponderatis</em></span> <span class='ocrx_word' id='word_1_73' title='bbox 1560 627 1686 664; x_wconf 70' lang='lat' dir='ltr'><em>verbis</em></span> <span class='ocrx_word' id='word_1_74' title='bbox 1714 628 1789 665; x_wconf 79' lang='lat' dir='ltr'><em>the-</em></span> 
     </span>
     <span class='ocr_line' id='line_1_8' title="bbox 88 679 1790 731; baseline 0.005 -16"><span class='ocrx_word' id='word_1_75' title='bbox 88 679 206 716; x_wconf 86' lang='lat' dir='ltr'><em>matis</em></span> <span class='ocrx_word' id='word_1_76' title='bbox 230 679 311 716; x_wconf 72' lang='lat' dir='ltr'><em>sihi</em></span> <span class='ocrx_word' id='word_1_77' title='bbox 339 679 452 716; x_wconf 84' lang='lat' dir='ltr'><em>missi</em></span> <span class='ocrx_word' id='word_1_78' title='bbox 479 693 634 716; x_wconf 86' lang='lat' dir='ltr'><em>erronee</em></span> <span class='ocrx_word' id='word_1_79' title='bbox 659 680 845 728; x_wconf 70' lang='lat' dir='ltr'><em>allegavit</em></span> <span class='ocrx_word' id='word_1_80' title='bbox 872 680 914 717; x_wconf 90' lang='lat' dir='ltr'><em>in</em></span> <span class='ocrx_word' id='word_1_81' title='bbox 941 681 1089 728; x_wconf 86' lang='lat' dir='ltr'><em>multis,</em></span> <span class='ocrx_word' id='word_1_82' title='bbox 1116 689 1150 718; x_wconf 89' lang='lat' dir='ltr'><em>et</em></span> <span class='ocrx_word' id='word_1_83' title='bbox 1177 681 1261 731; x_wconf 87' lang='lat' dir='ltr'><em>ipse</em></span> <span class='ocrx_word' id='word_1_84' title='bbox 1289 683 1465 720; x_wconf 83' lang='lat' dir='ltr'><em>Joannes</em></span> <span class='ocrx_word' id='word_1_85' title='bbox 1489 684 1588 722; x_wconf 85' lang='lat' dir='ltr'><em>satis</em></span> <span class='ocrx_word' id='word_1_86' title='bbox 1615 687 1726 723; x_wconf 88' lang='lat' dir='ltr'><em>modo</em></span> <span class='ocrx_word' id='word_1_87' title='bbox 1751 701 1790 724; x_wconf 90' lang='lat' dir='ltr'><em>se</em></span> 
     </span>
     <span class='ocr_line' id='line_1_9' title="bbox 88 737 577 787; baseline 0.002 -12"><span class='ocrx_word' id='word_1_88' title='bbox 88 738 188 775; x_wconf 91' lang='lat' dir='ltr'><em>male</em></span> <span class='ocrx_word' id='word_1_89' title='bbox 207 737 346 787; x_wconf 76' lang='lat' dir='ltr'><em>fecisse</em></span> <span class='ocrx_word' id='word_1_90' title='bbox 368 739 577 786; x_wconf 79' lang='lat' dir='ltr'><em>cognoscit.</em></span> 
     </span>
    </p>

    <p class='ocr_par' dir='ltr' id='par_1_3' title="bbox 84 797 1789 1072">
     <span class='ocr_line' id='line_1_10' title="bbox 140 797 1789 852; baseline 0.005 -19"><span class='ocrx_word' id='word_1_91' title='bbox 140 797 347 835; x_wconf 89' lang='lat' dir='ltr'><em>Adversus</em></span> <span class='ocrx_word' id='word_1_92' title='bbox 377 798 485 836; x_wconf 87' lang='lat' dir='ltr'><em>hunc</em></span> <span class='ocrx_word' id='word_1_93' title='bbox 514 797 694 848; x_wconf 88' lang='lat' dir='ltr'><em>primum</em></span> <span class='ocrx_word' id='word_1_94' title='bbox 722 806 952 836; x_wconf 86' lang='lat' dir='ltr'><em>tractatum</em></span> <span class='ocrx_word' id='word_1_95' title='bbox 983 799 1153 836; x_wconf 63' lang='lat' dir='ltr'><em>„Ioannis</em></span> <span class='ocrx_word' id='word_1_96' title='bbox 1183 799 1231 837; x_wconf 89' lang='lat' dir='ltr'><em>de</em></span> <span class='ocrx_word' id='word_1_97' title='bbox 1262 799 1446 850; x_wconf 80' lang='lat' dir='ltr'><em>Lignano</em></span> <span class='ocrx_word' id='word_1_98' title='bbox 1474 802 1669 852; x_wconf 82' lang='lat' dir='ltr'><em>scripsere</em></span> <span class='ocrx_word' id='word_1_99' title='bbox 1698 812 1789 842; x_wconf 87' lang='lat' dir='ltr'><em>tum</em></span> 
     </span>
     <span class='ocr_line' id='line_1_11' title="bbox 85 856 1788 912; baseline 0.005 -19"><span class='ocrx_word' id='word_1_100' title='bbox 85 856 220 903; x_wconf 90' lang='lat' dir='ltr'><em>multi,</em></span> <span class='ocrx_word' id='word_1_101' title='bbox 247 856 289 893; x_wconf 89' lang='lat' dir='ltr'><em>in</em></span> <span class='ocrx_word' id='word_1_102' title='bbox 313 856 454 906; x_wconf 89' lang='lat' dir='ltr'><em>primis</em></span> <span class='ocrx_word' id='word_1_103' title='bbox 482 871 577 895; x_wconf 75' lang='lat' dir='ltr'><em>vero</em></span> <span class='ocrx_word' id='word_1_104' title='bbox 605 857 749 894; x_wconf 87' lang='lat' dir='ltr'><em>Petrus</em></span> <span class='ocrx_word' id='word_1_105' title='bbox 777 856 825 894; x_wconf 84' lang='lat' dir='ltr'><em>de</em></span> <span class='ocrx_word' id='word_1_106' title='bbox 851 857 1036 895; x_wconf 86' lang='lat' dir='ltr'><em>Barreria</em></span> <span class='ocrx_word' id='word_1_107' title='bbox 1062 858 1279 896; x_wconf 88' lang='lat' dir='ltr'><em>cardinalis</em></span> <span class='ocrx_word' id='word_1_108' title='bbox 1313 859 1552 907; x_wconf 82' lang='lat' dir='ltr'><em>Aeduensis,</em></span> <span class='ocrx_word' id='word_1_109' title='bbox 1578 862 1640 899; x_wconf 87' lang='lat' dir='ltr'><em>uti</em></span> <span class='ocrx_word' id='word_1_110' title='bbox 1665 877 1788 912; x_wconf 89' lang='lat' dir='ltr'><em>supra</em></span> 
     </span>
     <span class='ocr_line' id='line_1_12' title="bbox 84 914 1787 967; baseline 0.004 -15"><span class='ocrx_word' id='word_1_111' title='bbox 84 928 123 964; x_wconf 91' lang='lat' dir='ltr'><em>p.</em></span> <span class='ocrx_word' id='word_1_112' title='bbox 151 914 250 952; x_wconf 83' lang='grc'>1261</span> <span class='ocrx_word' id='word_1_113' title='bbox 286 915 444 953; x_wconf 88' lang='lat' dir='ltr'><em>dictum</em></span> <span class='ocrx_word' id='word_1_114' title='bbox 475 924 550 961; x_wconf 88' lang='lat' dir='ltr'><em>est,</em></span> <span class='ocrx_word' id='word_1_115' title='bbox 576 916 721 953; x_wconf 86' lang='lat' dir='ltr'><em>Petrus</em></span> <span class='ocrx_word' id='word_1_116' title='bbox 748 915 959 954; x_wconf 86' lang='lat' dir='ltr'><em>Flandrini</em></span> <span class='ocrx_word' id='word_1_117' title='bbox 983 917 1199 955; x_wconf 84' lang='lat' dir='ltr'><em>cardinalis</em></span> <span class='ocrx_word' id='word_1_118' title='bbox 1226 918 1365 956; x_wconf 83' lang='lat' dir='ltr'><em>Sancti</em></span> <span class='ocrx_word' id='word_1_119' title='bbox 1391 919 1616 967; x_wconf 81' lang='lat' dir='ltr'><em>Eustachii,</em></span> <span class='ocrx_word' id='word_1_120' title='bbox 1644 921 1787 960; x_wconf 89' lang='lat' dir='ltr'><em>Petrus</em></span> 
     </span>
     <span class='ocr_line' id='line_1_13' title="bbox 84 973 1787 1021; baseline 0.004 -10"><span class='ocrx_word' id='word_1_121' title='bbox 84 973 232 1012; x_wconf 89' lang='lat' dir='ltr'><em>Amelii</em></span> <span class='ocrx_word' id='word_1_122' title='bbox 261 974 477 1012; x_wconf 88' lang='lat' dir='ltr'><em>cardinalis</em></span> <span class='ocrx_word' id='word_1_123' title='bbox 510 975 828 1021; x_wconf 90' lang='lat' dir='ltr'><em>Ebredunensis‚</em></span> <span class='ocrx_word' id='word_1_124' title='bbox 858 983 899 1013; x_wconf 90' lang='lat' dir='ltr'><em>et</em></span> <span class='ocrx_word' id='word_1_125' title='bbox 929 976 1108 1013; x_wconf 86' lang='lat' dir='ltr'><em>Joannes</em></span> <span class='ocrx_word' id='word_1_126' title='bbox 1140 976 1262 1014; x_wconf 80' lang='lat' dir='ltr'><em>Fabri</em></span> <span class='ocrx_word' id='word_1_127' title='bbox 1290 977 1417 1015; x_wconf 87' lang='lat' dir='ltr'><em>abbas</em></span> <span class='ocrx_word' id='word_1_128' title='bbox 1448 978 1588 1016; x_wconf 83' lang='lat' dir='ltr'><em>Sancti</em></span> <span class='ocrx_word' id='word_1_129' title='bbox 1618 980 1787 1018; x_wconf 87' lang='lat' dir='ltr'><em>Vedasti</em></span> 
     </span>
     <span class='ocr_line' id='line_1_14' title="bbox 84 1033 404 1072; baseline 0.003 -1"><span class='ocrx_word' id='word_1_130' title='bbox 84 1033 404 1072; x_wconf 87' lang='lat' dir='ltr'><em>Attrebatensis.</em></span> 
     </span>
    </p>

    <p class='ocr_par' dir='ltr' id='par_1_4' title="bbox 77 1092 1786 1971">
     <span class='ocr_line' id='line_1_15' title="bbox 136 1092 1786 1146; baseline 0.004 -16"><span class='ocrx_word' id='word_1_131' title='bbox 136 1092 235 1130; x_wconf 82' lang='lat' dir='ltr'><em>Post</em></span> <span class='ocrx_word' id='word_1_132' title='bbox 257 1092 336 1130; x_wconf 89' lang='lat' dir='ltr'><em>ista</em></span> <span class='ocrx_word' id='word_1_133' title='bbox 361 1093 540 1130; x_wconf 84' lang='lat' dir='ltr'><em>Joannes</em></span> <span class='ocrx_word' id='word_1_134' title='bbox 559 1093 607 1130; x_wconf 90' lang='lat' dir='ltr'><em>de</em></span> <span class='ocrx_word' id='word_1_135' title='bbox 627 1092 810 1142; x_wconf 84' lang='lat' dir='ltr'><em>Lignano</em></span> <span class='ocrx_word' id='word_1_136' title='bbox 826 1093 990 1143; x_wconf 73' lang='lat' dir='ltr'><em>scripsit</em></span> <span class='ocrx_word' id='word_1_137' title='bbox 1006 1094 1232 1132; x_wconf 83' lang='lat' dir='ltr'><em>secundum</em></span> <span class='ocrx_word' id='word_1_138' title='bbox 1254 1102 1484 1133; x_wconf 86' lang='lat' dir='ltr'><em>tractatum</em></span> <span class='ocrx_word' id='word_1_139' title='bbox 1505 1111 1578 1146; x_wconf 90' lang='lat' dir='ltr'><em>pro</em></span> <span class='ocrx_word' id='word_1_140' title='bbox 1603 1097 1786 1146; x_wconf 81' lang='lat' dir='ltr'><em>Urbano,</em></span> 
     </span>
     <span class='ocr_line' id='line_1_16' title="bbox 83 1151 1784 1201; baseline 0.004 -13"><span class='ocrx_word' id='word_1_141' title='bbox 83 1151 154 1200; x_wconf 87' lang='lat' dir='ltr'><em>qui</em></span> <span class='ocrx_word' id='word_1_142' title='bbox 178 1151 325 1201; x_wconf 84' lang='lat' dir='ltr'><em>incipit</em></span> <span class='ocrx_word' id='word_1_143' title='bbox 352 1167 359 1189; x_wconf 90' lang='lat'>:</span> <span class='ocrx_word' id='word_1_144' title='bbox 387 1151 493 1201; x_wconf 82' lang='lat' dir='ltr'><em>Quia</em></span> <span class='ocrx_word' id='word_1_145' title='bbox 517 1159 605 1201; x_wconf 87' lang='lat' dir='ltr'><em>post</em></span> <span class='ocrx_word' id='word_1_146' title='bbox 629 1160 837 1189; x_wconf 87' lang='lat' dir='ltr'><em>tractatum</em></span> <span class='ocrx_word' id='word_1_147' title='bbox 862 1153 1106 1201; x_wconf 84' lang='lat' dir='ltr'><em>completum.</em></span> <span class='ocrx_word' id='word_1_148' title='bbox 1137 1152 1282 1191; x_wconf 88' lang='lat' dir='ltr'><em>Editus</em></span> <span class='ocrx_word' id='word_1_149' title='bbox 1309 1162 1370 1191; x_wconf 84' lang='lat' dir='ltr'><em>est</em></span> <span class='ocrx_word' id='word_1_150' title='bbox 1396 1154 1436 1191; x_wconf 89' lang='lat' dir='ltr'><em>in</em></span> <span class='ocrx_word' id='word_1_151' title='bbox 1464 1155 1541 1193; x_wconf 85' lang='lat' dir='ltr'><em>fine</em></span> <span class='ocrx_word' id='word_1_152' title='bbox 1567 1156 1671 1193; x_wconf 89' lang='lat' dir='ltr'><em>tomi</em></span> <span class='ocrx_word' id='word_1_153' title='bbox 1699 1172 1784 1195; x_wconf 84' lang='lat' dir='ltr'>xv11</span> 
     </span>
     <span class='ocr_line' id='line_1_17' title="bbox 81 1210 1785 1261; baseline 0.004 -13"><span class='ocrx_word' id='word_1_154' title='bbox 81 1210 309 1248; x_wconf 78' lang='lat' dir='ltr'><em>Annalium</em></span> <span class='ocrx_word' id='word_1_155' title='bbox 337 1210 689 1249; x_wconf 85' lang='lat' dir='ltr'><em>ecclesiasticorum</em></span> <span class='ocrx_word' id='word_1_156' title='bbox 715 1226 787 1261; x_wconf 90' lang='lat' dir='ltr'><em>per</em></span> <span class='ocrx_word' id='word_1_157' title='bbox 818 1211 1040 1249; x_wconf 86' lang='lat' dir='ltr'><em>Odoricum</em></span> <span class='ocrx_word' id='word_1_158' title='bbox 1072 1211 1348 1261; x_wconf 79' lang='lat' dir='ltr'><em>Raynaldum.</em></span> <span class='ocrx_word' id='word_1_159' title='bbox 1382 1213 1511 1251; x_wconf 84' lang='lat' dir='ltr'><em>Extat</em></span> <span class='ocrx_word' id='word_1_160' title='bbox 1540 1223 1680 1252; x_wconf 85' lang='lat' dir='ltr'><em>autem</em></span> <span class='ocrx_word' id='word_1_161' title='bbox 1710 1230 1785 1254; x_wconf 90' lang='lat' dir='ltr'><em>ms.</em></span> 
     </span>
     <span class='ocr_line' id='line_1_18' title="bbox 80 1268 1785 1317; baseline 0.003 -10"><span class='ocrx_word' id='word_1_162' title='bbox 80 1269 121 1307; x_wconf 87' lang='lat' dir='ltr'><em>in</em></span> <span class='ocrx_word' id='word_1_163' title='bbox 144 1269 283 1308; x_wconf 87' lang='lat' dir='ltr'><em>codice</em></span> <span class='ocrx_word' id='word_1_164' title='bbox 306 1268 383 1308; x_wconf 87' lang='grc'><em>814</em></span> <span class='ocrx_word' id='word_1_165' title='bbox 416 1270 691 1308; x_wconf 78' lang='lat' dir='ltr'><em>bibliothecae</em></span> <span class='ocrx_word' id='word_1_166' title='bbox 725 1270 984 1309; x_wconf 82' lang='lat' dir='ltr'><em>Colbertinae</em></span> <span class='ocrx_word' id='word_1_167' title='bbox 1003 1270 1031 1317; x_wconf 77' lang='lat'><em>¹,</em></span> <span class='ocrx_word' id='word_1_168' title='bbox 1056 1270 1127 1308; x_wconf 88' lang='lat' dir='ltr'><em>ubi</em></span> <span class='ocrx_word' id='word_1_169' title='bbox 1150 1271 1276 1309; x_wconf 89' lang='lat' dir='ltr'><em>habet</em></span> <span class='ocrx_word' id='word_1_170' title='bbox 1298 1272 1407 1310; x_wconf 88' lang='lat' dir='ltr'><em>hunc</em></span> <span class='ocrx_word' id='word_1_171' title='bbox 1430 1272 1600 1310; x_wconf 89' lang='lat' dir='ltr'><em>titulum</em></span> <span class='ocrx_word' id='word_1_172' title='bbox 1622 1289 1628 1310; x_wconf 93' lang='lat'><strong>:</strong></span> <span class='ocrx_word' id='word_1_173' title='bbox 1658 1275 1785 1312; x_wconf 89' lang='lat' dir='ltr'><em>Tertie</em></span> 
     </span>
     <span class='ocr_line' id='line_1_19' title="bbox 78 1329 1783 1383; baseline 0.003 -17"><span class='ocrx_word' id='word_1_174' title='bbox 78 1336 113 1366; x_wconf 89' lang='lat' dir='ltr'><em>et</em></span> <span class='ocrx_word' id='word_1_175' title='bbox 143 1329 278 1366; x_wconf 87' lang='lat' dir='ltr'><em>ultime</em></span> <span class='ocrx_word' id='word_1_176' title='bbox 309 1329 565 1378; x_wconf 79' lang='lat' dir='ltr'><em>allegationes</em></span> <span class='ocrx_word' id='word_1_177' title='bbox 598 1329 799 1367; x_wconf 80' lang='lat' dir='ltr'><em>Jolzannis</em></span> <span class='ocrx_word' id='word_1_178' title='bbox 829 1330 873 1366; x_wconf 88' lang='lat' dir='ltr'><em>de</em></span> <span class='ocrx_word' id='word_1_179' title='bbox 903 1329 1088 1378; x_wconf 87' lang='lat' dir='ltr'><em>Lignano</em></span> <span class='ocrx_word' id='word_1_180' title='bbox 1114 1331 1222 1367; x_wconf 75' lang='lat' dir='ltr'><em>valde</em></span> <span class='ocrx_word' id='word_1_181' title='bbox 1259 1344 1458 1378; x_wconf 69' lang='lat' dir='ltr'><em>venenose,</em></span> <span class='ocrx_word' id='word_1_182' title='bbox 1492 1332 1579 1370; x_wconf 85' lang='lat' dir='ltr'><em>licet</em></span> <span class='ocrx_word' id='word_1_183' title='bbox 1615 1334 1783 1383; x_wconf 81' lang='lat' dir='ltr'><em>superfi-</em></span> 
     </span>
     <span class='ocr_line' id='line_1_20' title="bbox 79 1387 1782 1430; baseline 0.003 -5"><span class='ocrx_word' id='word_1_184' title='bbox 79 1387 197 1426; x_wconf 88' lang='lat' dir='ltr'><em>ciales</em></span> <span class='ocrx_word' id='word_1_185' title='bbox 225 1396 259 1426; x_wconf 89' lang='lat' dir='ltr'><em>et</em></span> <span class='ocrx_word' id='word_1_186' title='bbox 286 1402 365 1426; x_wconf 90' lang='lat' dir='ltr'><em>non</em></span> <span class='ocrx_word' id='word_1_187' title='bbox 393 1389 514 1426; x_wconf 89' lang='lat' dir='ltr'><em>reales</em></span> <span class='ocrx_word' id='word_1_188' title='bbox 541 1388 722 1426; x_wconf 72' lang='lat' dir='ltr'><em>existant.</em></span> <span class='ocrx_word' id='word_1_189' title='bbox 756 1388 852 1426; x_wconf 89' lang='lat' dir='ltr'><em>Ideo</em></span> <span class='ocrx_word' id='word_1_190' title='bbox 879 1396 1021 1426; x_wconf 88' lang='lat' dir='ltr'><em>autem</em></span> <span class='ocrx_word' id='word_1_191' title='bbox 1048 1388 1141 1427; x_wconf 87' lang='lat' dir='ltr'><em>huic</em></span> <span class='ocrx_word' id='word_1_192' title='bbox 1168 1389 1347 1427; x_wconf 87' lang='lat' dir='ltr'><em>secundo</em></span> <span class='ocrx_word' id='word_1_193' title='bbox 1375 1390 1576 1428; x_wconf 87' lang='lat' dir='ltr'><em>tractatui</em></span> <span class='ocrx_word' id='word_1_194' title='bbox 1603 1391 1782 1430; x_wconf 88' lang='lat' dir='ltr'><em>inditum</em></span> 
     </span>
     <span class='ocr_line' id='line_1_21' title="bbox 78 1447 1782 1501; baseline 0.004 -17"><span class='ocrx_word' id='word_1_195' title='bbox 78 1455 140 1485; x_wconf 89' lang='lat' dir='ltr'><em>est</em></span> <span class='ocrx_word' id='word_1_196' title='bbox 164 1461 313 1485; x_wconf 87' lang='lat' dir='ltr'><em>nomen</em></span> <span class='ocrx_word' id='word_1_197' title='bbox 341 1447 566 1485; x_wconf 87' lang='lat' dir='ltr'><em>Tertiarum</em></span> <span class='ocrx_word' id='word_1_198' title='bbox 588 1447 874 1496; x_wconf 78' lang='lat' dir='ltr'><em>allegationum</em></span> <span class='ocrx_word' id='word_1_199' title='bbox 897 1447 992 1497; x_wconf 88' lang='lat' dir='ltr'><em>quia</em></span> <span class='ocrx_word' id='word_1_200' title='bbox 1016 1461 1138 1498; x_wconf 87' lang='lat' dir='ltr'><em>supra</em></span> <span class='ocrx_word' id='word_1_201' title='bbox 1162 1448 1202 1485; x_wconf 90' lang='lat' dir='ltr'><em>in</em></span> <span class='ocrx_word' id='word_1_202' title='bbox 1226 1448 1369 1486; x_wconf 87' lang='lat' dir='ltr'><em>eodem</em></span> <span class='ocrx_word' id='word_1_203' title='bbox 1392 1449 1530 1487; x_wconf 85' lang='lat' dir='ltr'><em>codice</em></span> <span class='ocrx_word' id='word_1_204' title='bbox 1553 1449 1782 1501; x_wconf 84' lang='lat' dir='ltr'><em>descriptae</em></span> 
     </span>
     <span class='ocr_line' id='line_1_22' title="bbox 77 1506 1781 1559; baseline 0.003 -16"><span class='ocrx_word' id='word_1_205' title='bbox 77 1515 175 1544; x_wconf 90' lang='lat' dir='ltr'><em>sunt</em></span> <span class='ocrx_word' id='word_1_206' title='bbox 201 1506 323 1554; x_wconf 71' lang='lat' dir='ltr'><em>Nove,</em></span> <span class='ocrx_word' id='word_1_207' title='bbox 350 1515 396 1544; x_wconf 87' lang='lat' dir='ltr'><em>ut</em></span> <span class='ocrx_word' id='word_1_208' title='bbox 422 1507 502 1545; x_wconf 84' lang='lat' dir='ltr'><em>fert</em></span> <span class='ocrx_word' id='word_1_209' title='bbox 524 1506 687 1553; x_wconf 89' lang='lat' dir='ltr'><em>titulus,</em></span> <span class='ocrx_word' id='word_1_210' title='bbox 707 1506 962 1555; x_wconf 84' lang='lat' dir='ltr'><em>allegationes</em></span> <span class='ocrx_word' id='word_1_211' title='bbox 987 1507 1139 1544; x_wconf 87' lang='lat' dir='ltr'><em>domini</em></span> <span class='ocrx_word' id='word_1_212' title='bbox 1168 1507 1368 1545; x_wconf 76' lang='lat' dir='ltr'><em>Johannis</em></span> <span class='ocrx_word' id='word_1_213' title='bbox 1393 1508 1437 1545; x_wconf 87' lang='lat' dir='ltr'><em>de</em></span> <span class='ocrx_word' id='word_1_214' title='bbox 1461 1508 1658 1557; x_wconf 90' lang='lat' dir='ltr'><em>Lignano,</em></span> <span class='ocrx_word' id='word_1_215' title='bbox 1678 1524 1781 1559; x_wconf 89' lang='lat' dir='ltr'><em>quae</em></span> 
     </span>
     <span class='ocr_line' id='line_1_23' title="bbox 77 1565 1782 1616; baseline 0.003 -14"><span class='ocrx_word' id='word_1_216' title='bbox 77 1573 226 1604; x_wconf 81' lang='lat' dir='ltr'><em>extant</em></span> <span class='ocrx_word' id='word_1_217' title='bbox 257 1566 384 1604; x_wconf 89' lang='lat' dir='ltr'><em>etiam</em></span> <span class='ocrx_word' id='word_1_218' title='bbox 417 1580 511 1604; x_wconf 89' lang='lat' dir='ltr'><em>cum</em></span> <span class='ocrx_word' id='word_1_219' title='bbox 532 1565 687 1612; x_wconf 66' lang='lat' dir='ltr'><em>veodem</em></span> <span class='ocrx_word' id='word_1_220' title='bbox 718 1565 842 1603; x_wconf 86' lang='lat' dir='ltr'><em>titulo</em></span> <span class='ocrx_word' id='word_1_221' title='bbox 875 1565 916 1603; x_wconf 89' lang='lat' dir='ltr'><em>in</em></span> <span class='ocrx_word' id='word_1_222' title='bbox 948 1565 1085 1604; x_wconf 89' lang='lat' dir='ltr'><em>codice</em></span> <span class='ocrx_word' id='word_1_223' title='bbox 1117 1565 1191 1603; x_wconf 85' lang='grc'><em>811</em></span> <span class='ocrx_word' id='word_1_224' title='bbox 1234 1566 1419 1615; x_wconf 85' lang='lat' dir='ltr'><em>ejusdem</em></span> <span class='ocrx_word' id='word_1_225' title='bbox 1460 1567 1733 1607; x_wconf 87' lang='lat' dir='ltr'><em>bibliothecae</em></span> <span class='ocrx_word' id='word_1_226' title='bbox 1754 1568 1782 1616; x_wconf 79' lang='lat'><em>2,</em></span> 
     </span>
     <span class='ocr_line' id='line_1_24' title="bbox 78 1625 1780 1674; baseline 0.002 -12"><span class='ocrx_word' id='word_1_227' title='bbox 78 1637 254 1674; x_wconf 89' lang='lat' dir='ltr'><em>quarum</em></span> <span class='ocrx_word' id='word_1_228' title='bbox 271 1626 347 1664; x_wconf 87' lang='lat' dir='ltr'><em>hoc</em></span> <span class='ocrx_word' id='word_1_229' title='bbox 366 1633 427 1663; x_wconf 86' lang='lat' dir='ltr'><em>est</em></span> <span class='ocrx_word' id='word_1_230' title='bbox 446 1625 612 1662; x_wconf 90' lang='lat' dir='ltr'><em>initium</em></span> <span class='ocrx_word' id='word_1_231' title='bbox 631 1641 637 1662; x_wconf 92' lang='lat'>:</span> <span class='ocrx_word' id='word_1_232' title='bbox 659 1625 746 1674; x_wconf 86' lang='lat' dir='ltr'><em>Ipsi</em></span> <span class='ocrx_word' id='word_1_233' title='bbox 765 1633 894 1662; x_wconf 90' lang='lat' dir='ltr'><em>tamen</em></span> <span class='ocrx_word' id='word_1_234' title='bbox 909 1625 961 1662; x_wconf 88' lang='lat' dir='ltr'><em>ad</em></span> <span class='ocrx_word' id='word_1_235' title='bbox 975 1625 1241 1673; x_wconf 78' lang='lat' dir='ltr'><em>defensionem</em></span> <span class='ocrx_word' id='word_1_236' title='bbox 1254 1640 1388 1663; x_wconf 88' lang='lat' dir='ltr'><em>eorum</em></span> <span class='ocrx_word' id='word_1_237' title='bbox 1400 1626 1566 1674; x_wconf 69' lang='lat' dir='ltr'><em>fundari</em></span> <span class='ocrx_word' id='word_1_238' title='bbox 1586 1627 1780 1666; x_wconf 87' lang='lat' dir='ltr'><em>nituntur.</em></span> 
     </span>
     <span class='ocr_line' id='line_1_25' title="bbox 79 1683 1782 1735; baseline 0.001 -13"><span class='ocrx_word' id='word_1_239' title='bbox 79 1683 156 1722; x_wconf 87' lang='lat' dir='ltr'><em>Sed</em></span> <span class='ocrx_word' id='word_1_240' title='bbox 186 1698 327 1722; x_wconf 88' lang='lat' dir='ltr'><em>revera</em></span> <span class='ocrx_word' id='word_1_241' title='bbox 359 1685 434 1722; x_wconf 90' lang='lat' dir='ltr'><em>hae</em></span> <span class='ocrx_word' id='word_1_242' title='bbox 466 1698 597 1722; x_wconf 89' lang='lat' dir='ltr'><em>novae</em></span> <span class='ocrx_word' id='word_1_243' title='bbox 629 1685 899 1733; x_wconf 88' lang='lat' dir='ltr'><em>Allegationes</em></span> <span class='ocrx_word' id='word_1_244' title='bbox 928 1692 1026 1722; x_wconf 87' lang='lat' dir='ltr'><em>sunt</em></span> <span class='ocrx_word' id='word_1_245' title='bbox 1055 1692 1221 1721; x_wconf 86' lang='lat' dir='ltr'><em>tantum</em></span> <span class='ocrx_word' id='word_1_246' title='bbox 1251 1692 1460 1735; x_wconf 84' lang='lat' dir='ltr'><em>postrema</em></span> <span class='ocrx_word' id='word_1_247' title='bbox 1490 1700 1582 1735; x_wconf 90' lang='lat' dir='ltr'><em>pars</em></span> <span class='ocrx_word' id='word_1_248' title='bbox 1613 1686 1782 1724; x_wconf 88' lang='lat' dir='ltr'><em>secundi</em></span> 
     </span>
     <span class='ocr_line' id='line_1_26' title="bbox 77 1743 1782 1794; baseline 0.002 -14"><span class='ocrx_word' id='word_1_249' title='bbox 77 1750 300 1791; x_wconf 86' lang='lat' dir='ltr'><em>tractatus,</em></span> <span class='ocrx_word' id='word_1_250' title='bbox 332 1752 379 1781; x_wconf 87' lang='lat' dir='ltr'><em>ut</em></span> <span class='ocrx_word' id='word_1_251' title='bbox 409 1751 528 1794; x_wconf 87' lang='lat' dir='ltr'><em>patet</em></span> <span class='ocrx_word' id='word_1_252' title='bbox 558 1758 608 1781; x_wconf 88' lang='lat' dir='ltr'><em>ex</em></span> <span class='ocrx_word' id='word_1_253' title='bbox 637 1743 781 1781; x_wconf 84' lang='lat' dir='ltr'><em>eodem</em></span> <span class='ocrx_word' id='word_1_254' title='bbox 812 1743 964 1790; x_wconf 84' lang='lat' dir='ltr'><em>codice,</em></span> <span class='ocrx_word' id='word_1_255' title='bbox 995 1743 1065 1780; x_wconf 89' lang='lat' dir='ltr'><em>ubi</em></span> <span class='ocrx_word' id='word_1_256' title='bbox 1096 1751 1393 1792; x_wconf 85' lang='lat' dir='ltr'><em>consequenter</em></span> <span class='ocrx_word' id='word_1_257' title='bbox 1423 1744 1711 1783; x_wconf 87' lang='lat' dir='ltr'><em>describuntur</em></span> <span class='ocrx_word' id='word_1_258' title='bbox 1741 1745 1782 1783; x_wconf 88' lang='lat' dir='ltr'><em>in</em></span> 
     </span>
     <span class='ocr_line' id='line_1_27' title="bbox 77 1801 1783 1852; baseline 0.001 -12"><span class='ocrx_word' id='word_1_259' title='bbox 77 1816 244 1852; x_wconf 89' lang='lat' dir='ltr'><em>corpore</em></span> <span class='ocrx_word' id='word_1_260' title='bbox 277 1803 502 1840; x_wconf 83' lang='lat' dir='ltr'><em>Tertiarum</em></span> <span class='ocrx_word' id='word_1_261' title='bbox 529 1803 827 1851; x_wconf 79' lang='lat' dir='ltr'><em>allegationum,</em></span> <span class='ocrx_word' id='word_1_262' title='bbox 857 1810 897 1840; x_wconf 87' lang='lat' dir='ltr'><em>et</em></span> <span class='ocrx_word' id='word_1_263' title='bbox 926 1801 982 1839; x_wconf 88' lang='lat' dir='ltr'><em>ibi</em></span> <span class='ocrx_word' id='word_1_264' title='bbox 1010 1802 1166 1840; x_wconf 90' lang='lat' dir='ltr'><em>habent</em></span> <span class='ocrx_word' id='word_1_265' title='bbox 1193 1803 1297 1840; x_wconf 88' lang='lat' dir='ltr'><em>hanc</em></span> <span class='ocrx_word' id='word_1_266' title='bbox 1326 1802 1634 1852; x_wconf 87' lang='lat' dir='ltr'><em>inscriptionem</em></span> <span class='ocrx_word' id='word_1_267' title='bbox 1665 1819 1672 1841; x_wconf 93' lang='lat'>:</span> <span class='ocrx_word' id='word_1_268' title='bbox 1701 1804 1783 1842; x_wconf 89' lang='lat' dir='ltr'><em>Hic</em></span> 
     </span>
     <span class='ocr_line' id='line_1_28' title="bbox 79 1861 1781 1911; baseline 0.001 -13"><span class='ocrx_word' id='word_1_269' title='bbox 79 1861 224 1911; x_wconf 88' lang='lat' dir='ltr'><em>incipit</em></span> <span class='ocrx_word' id='word_1_270' title='bbox 255 1862 392 1899; x_wconf 86' lang='lat' dir='ltr'><em>tertius</em></span> <span class='ocrx_word' id='word_1_271' title='bbox 423 1870 622 1900; x_wconf 78' lang='lat' dir='ltr'><em>tractatuS.</em></span> <span class='ocrx_word' id='word_1_272' title='bbox 660 1862 705 1899; x_wconf 90' lang='lat' dir='ltr'><em>In</em></span> <span class='ocrx_word' id='word_1_273' title='bbox 736 1861 914 1899; x_wconf 90' lang='lat' dir='ltr'><em>editione</em></span> <span class='ocrx_word' id='word_1_274' title='bbox 947 1861 1074 1899; x_wconf 87' lang='lat' dir='ltr'><em>etiam</em></span> <span class='ocrx_word' id='word_1_275' title='bbox 1107 1861 1270 1899; x_wconf 78' lang='lat' dir='ltr'><em>Odorici</em></span> <span class='ocrx_word' id='word_1_276' title='bbox 1304 1861 1509 1910; x_wconf 87' lang='lat' dir='ltr'><em>Raynaldi</em></span> <span class='ocrx_word' id='word_1_277' title='bbox 1540 1862 1614 1900; x_wconf 87' lang='lat' dir='ltr'><em>hae</em></span> <span class='ocrx_word' id='word_1_278' title='bbox 1648 1862 1781 1900; x_wconf 65' lang='lat' dir='ltr'><em>Novae</em></span> 
     </span>
     <span class='ocr_line' id='line_1_29' title="bbox 78 1919 1232 1971; baseline 0 -13"><span class='ocrx_word' id='word_1_279' title='bbox 78 1919 334 1969; x_wconf 84' lang='lat' dir='ltr'><em>allegationes</em></span> <span class='ocrx_word' id='word_1_280' title='bbox 370 1920 644 1971; x_wconf 87' lang='lat' dir='ltr'><em>reperiuntur,</em></span> <span class='ocrx_word' id='word_1_281' title='bbox 688 1921 704 1969; x_wconf 62' lang='grc' dir='ltr'>ἓ</span> <span class='ocrx_word' id='word_1_282' title='bbox 741 1921 804 1967; x_wconf 81' lang='lat'><em>32,</em></span> <span class='ocrx_word' id='word_1_283' title='bbox 841 1934 968 1969; x_wconf 88' lang='lat' dir='ltr'><em>usque</em></span> <span class='ocrx_word' id='word_1_284' title='bbox 1006 1921 1058 1957; x_wconf 87' lang='lat' dir='ltr'><em>ad</em></span> <span class='ocrx_word' id='word_1_285' title='bbox 1098 1921 1232 1958; x_wconf 86' lang='lat' dir='ltr'><em>finem.</em></span> 
     </span>
    </p>

    <p class='ocr_par' dir='ltr' id='par_1_5' title="bbox 78 1979 1781 2431">
     <span class='ocr_line' id='line_1_30' title="bbox 136 1979 1780 2029; baseline 0 -12"><span class='ocrx_word' id='word_1_286' title='bbox 136 1980 181 2017; x_wconf 93' lang='lat' dir='ltr'><em>ln</em></span> <span class='ocrx_word' id='word_1_287' title='bbox 210 1979 389 2018; x_wconf 86' lang='lat' dir='ltr'><em>editione</em></span> <span class='ocrx_word' id='word_1_288' title='bbox 420 1980 536 2018; x_wconf 89' lang='lat' dir='ltr'><em>istius</em></span> <span class='ocrx_word' id='word_1_289' title='bbox 567 1979 736 2018; x_wconf 88' lang='lat' dir='ltr'><em>secundi</em></span> <span class='ocrx_word' id='word_1_290' title='bbox 765 1988 985 2026; x_wconf 87' lang='lat' dir='ltr'><em>tractatus,</em></span> <span class='ocrx_word' id='word_1_291' title='bbox 1022 1980 1038 2027; x_wconf 62' lang='grc' dir='ltr'>ξ</span> <span class='ocrx_word' id='word_1_292' title='bbox 1069 1979 1105 2026; x_wconf 87' lang='lat'><em>9,</em></span> <span class='ocrx_word' id='word_1_293' title='bbox 1135 1979 1213 2017; x_wconf 87' lang='lat' dir='ltr'><em>ista</em></span> <span class='ocrx_word' id='word_1_294' title='bbox 1243 1979 1464 2028; x_wconf 83' lang='lat' dir='ltr'><em>leguntur:</em></span> <span class='ocrx_word' id='word_1_295' title='bbox 1496 1980 1608 2029; x_wconf 76' lang='lat' dir='ltr'><em>Quod</em></span> <span class='ocrx_word' id='word_1_296' title='bbox 1629 1980 1780 2017; x_wconf 86' lang='lat' dir='ltr'><em>domini</em></span> 
     </span>
     <span class='ocr_line' id='line_1_31' title="bbox 78 2038 1780 2088; baseline 0 -12"><span class='ocrx_word' id='word_1_297' title='bbox 78 2039 300 2076; x_wconf 80' lang='lat' dir='ltr'><em>cardinales</em></span> <span class='ocrx_word' id='word_1_298' title='bbox 325 2039 406 2076; x_wconf 86' lang='lat' dir='ltr'><em>sint</em></span> <span class='ocrx_word' id='word_1_299' title='bbox 431 2039 563 2088; x_wconf 87' lang='lat' dir='ltr'><em>angeli</em></span> <span class='ocrx_word' id='word_1_300' title='bbox 592 2039 634 2076; x_wconf 93' lang='lat' dir='ltr'><em>in</em></span> <span class='ocrx_word' id='word_1_301' title='bbox 660 2039 905 2076; x_wconf 80' lang='lat' dir='ltr'><em>terrestribus</em></span> <span class='ocrx_word' id='word_1_302' title='bbox 931 2039 1140 2076; x_wconf 65' lang='lat' dir='ltr'><em>revelantes</em></span> <span class='ocrx_word' id='word_1_303' title='bbox 1166 2046 1348 2088; x_wconf 88' lang='lat' dir='ltr'><em>perpetue</em></span> <span class='ocrx_word' id='word_1_304' title='bbox 1373 2038 1515 2075; x_wconf 88' lang='lat' dir='ltr'><em>salutis</em></span> <span class='ocrx_word' id='word_1_305' title='bbox 1527 2047 1684 2085; x_wconf 90' lang='lat' dir='ltr'><em>statum,</em></span> <span class='ocrx_word' id='word_1_306' title='bbox 1699 2047 1780 2085; x_wconf 56' lang='lat' dir='ltr'><em>etc„</em></span> 
     </span>
     <span class='ocr_line' id='line_1_32' title="bbox 80 2097 1781 2147; baseline 0 -12"><span class='ocrx_word' id='word_1_307' title='bbox 80 2098 298 2135; x_wconf 85' lang='lat' dir='ltr'><em>demonstro</em></span> <span class='ocrx_word' id='word_1_308' title='bbox 335 2097 585 2147; x_wconf 80' lang='lat' dir='ltr'><em>subjiciendo</em></span> <span class='ocrx_word' id='word_1_309' title='bbox 623 2098 674 2135; x_wconf 82' lang='lat' dir='ltr'><em>ad</em></span> <span class='ocrx_word' id='word_1_310' title='bbox 711 2106 929 2135; x_wconf 70' lang='lat' dir='ltr'><em>contextum</em></span> <span class='ocrx_word' id='word_1_311' title='bbox 967 2098 1178 2147; x_wconf 84' lang='lat' dir='ltr'><em>quamdam</em></span> <span class='ocrx_word' id='word_1_312' title='bbox 1216 2097 1460 2134; x_wconf 86' lang='lat' dir='ltr'><em>collationem</em></span> <span class='ocrx_word' id='word_1_313' title='bbox 1498 2112 1614 2146; x_wconf 80' lang='lat' dir='ltr'><em>quam</em></span> <span class='ocrx_word' id='word_1_314' title='bbox 1652 2098 1781 2147; x_wconf 82' lang='lat' dir='ltr'><em>pridie</em></span> 
     </span>
     <span class='ocr_line' id='line_1_33' title="bbox 80 2156 1780 2206; baseline -0.001 -12"><span class='ocrx_word' id='word_1_315' title='bbox 80 2156 155 2205; x_wconf 76' lang='lat' dir='ltr'><em>jeci</em></span> <span class='ocrx_word' id='word_1_316' title='bbox 179 2157 223 2194; x_wconf 90' lang='lat' dir='ltr'><em>de</em></span> <span class='ocrx_word' id='word_1_317' title='bbox 246 2157 520 2194; x_wconf 82' lang='lat' dir='ltr'><em>cardinalibus</em></span> <span class='ocrx_word' id='word_1_318' title='bbox 543 2157 758 2206; x_wconf 80' lang='lat' dir='ltr'><em>alloquens,</em></span> <span class='ocrx_word' id='word_1_319' title='bbox 785 2165 825 2194; x_wconf 92' lang='lat' dir='ltr'><em>ut</em></span> <span class='ocrx_word' id='word_1_320' title='bbox 847 2165 978 2206; x_wconf 88' lang='lat' dir='ltr'><em>aperte</em></span> <span class='ocrx_word' id='word_1_321' title='bbox 1001 2156 1158 2194; x_wconf 69' lang='lat' dir='ltr'><em>videant</em></span> <span class='ocrx_word' id='word_1_322' title='bbox 1180 2156 1332 2193; x_wconf 86' lang='lat' dir='ltr'><em>domini</em></span> <span class='ocrx_word' id='word_1_323' title='bbox 1355 2156 1589 2201; x_wconf 72' lang='lat' dir='ltr'><em>cardinales,</em></span> <span class='ocrx_word' id='word_1_324' title='bbox 1613 2157 1664 2193; x_wconf 83' lang='lat' dir='ltr'><em>ad</em></span> <span class='ocrx_word' id='word_1_325' title='bbox 1687 2170 1780 2205; x_wconf 78' lang='lat' dir='ltr'><em>quos</em></span> 
     </span>
     <span class='ocr_line' id='line_1_34' title="bbox 82 2215 1780 2266; baseline -0.001 -14"><span class='ocrx_word' id='word_1_326' title='bbox 82 2216 286 2266; x_wconf 90' lang='lat' dir='ltr'><em>presertim</em></span> <span class='ocrx_word' id='word_1_327' title='bbox 320 2224 527 2254; x_wconf 87' lang='lat' dir='ltr'><em>tractatum</em></span> <span class='ocrx_word' id='word_1_328' title='bbox 560 2216 737 2266; x_wconf 85' lang='lat' dir='ltr'><em>primum</em></span> <span class='ocrx_word' id='word_1_329' title='bbox 770 2229 839 2265; x_wconf 90' lang='lat' dir='ltr'><em>per</em></span> <span class='ocrx_word' id='word_1_330' title='bbox 873 2229 930 2252; x_wconf 89' lang='lat' dir='ltr'><em>me</em></span> <span class='ocrx_word' id='word_1_331' title='bbox 964 2215 1223 2264; x_wconf 87' lang='lat' dir='ltr'><em>compositum</em></span> <span class='ocrx_word' id='word_1_332' title='bbox 1256 2215 1396 2261; x_wconf 68' lang='lat' dir='ltr'><em>direxi,</em></span> <span class='ocrx_word' id='word_1_333' title='bbox 1432 2229 1489 2251; x_wconf 86' lang='lat' dir='ltr'><em>me</em></span> <span class='ocrx_word' id='word_1_334' title='bbox 1524 2223 1670 2252; x_wconf 92' lang='lat' dir='ltr'><em>motum</em></span> <span class='ocrx_word' id='word_1_335' title='bbox 1703 2215 1780 2252; x_wconf 81' lang='lat' dir='ltr'><em>zelo</em></span> 
     </span>
     <span class='ocr_line' id='line_1_35' title="bbox 83 2273 1778 2324; baseline -0.001 -12"><span class='ocrx_word' id='word_1_336' title='bbox 83 2274 174 2324; x_wconf 80' lang='lat' dir='ltr'><em>fidei</em></span> <span class='ocrx_word' id='word_1_337' title='bbox 202 2275 253 2312; x_wconf 88' lang='lat' dir='ltr'><em>ad</em></span> <span class='ocrx_word' id='word_1_338' title='bbox 279 2275 344 2312; x_wconf 78' lang='lat' dir='ltr'><em>hec</em></span> <span class='ocrx_word' id='word_1_339' title='bbox 379 2275 514 2312; x_wconf 89' lang='lat' dir='ltr'><em>omnia</em></span> <span class='ocrx_word' id='word_1_340' title='bbox 547 2275 767 2312; x_wconf 80' lang='lat' dir='ltr'><em>scribenda.</em></span> <span class='ocrx_word' id='word_1_341' title='bbox 797 2274 836 2312; x_wconf 81' lang='lat' dir='ltr'><em>Si</em></span> <span class='ocrx_word' id='word_1_342' title='bbox 864 2274 952 2323; x_wconf 90' lang='lat' dir='ltr'><em>quis</em></span> <span class='ocrx_word' id='word_1_343' title='bbox 992 2275 1096 2312; x_wconf 88' lang='lat' dir='ltr'><em>hanc</em></span> <span class='ocrx_word' id='word_1_344' title='bbox 1133 2273 1394 2311; x_wconf 86' lang='lat' dir='ltr'><em>collationem</em></span> <span class='ocrx_word' id='word_1_345' title='bbox 1422 2282 1593 2322; x_wconf 88' lang='lat' dir='ltr'><em>quaerat</em></span> <span class='ocrx_word' id='word_1_346' title='bbox 1628 2273 1668 2310; x_wconf 92' lang='lat' dir='ltr'><em>in</em></span> <span class='ocrx_word' id='word_1_347' title='bbox 1697 2273 1778 2311; x_wconf 89' lang='lat' dir='ltr'><em>edi-</em></span> 
     </span>
     <span class='ocr_line' id='line_1_36' title="bbox 80 2332 1777 2384; baseline -0.001 -14"><span class='ocrx_word' id='word_1_348' title='bbox 80 2333 191 2372; x_wconf 89' lang='lat' dir='ltr'><em>tione</em></span> <span class='ocrx_word' id='word_1_349' title='bbox 227 2334 447 2383; x_wconf 82' lang='lat' dir='ltr'><em>Raynaldi,</em></span> <span class='ocrx_word' id='word_1_350' title='bbox 475 2334 586 2371; x_wconf 90' lang='lat' dir='ltr'><em>illam</em></span> <span class='ocrx_word' id='word_1_351' title='bbox 617 2334 803 2384; x_wconf 84' lang='lat' dir='ltr'><em>profecto</em></span> <span class='ocrx_word' id='word_1_352' title='bbox 835 2347 917 2371; x_wconf 90' lang='lat' dir='ltr'><em>non</em></span> <span class='ocrx_word' id='word_1_353' title='bbox 946 2333 1142 2370; x_wconf 86' lang='lat' dir='ltr'><em>inveniet.</em></span> <span class='ocrx_word' id='word_1_354' title='bbox 1180 2333 1308 2369; x_wconf 84' lang='lat' dir='ltr'><em>Extat</em></span> <span class='ocrx_word' id='word_1_355' title='bbox 1338 2340 1492 2378; x_wconf 88' lang='lat' dir='ltr'><em>autem,</em></span> <span class='ocrx_word' id='word_1_356' title='bbox 1523 2340 1570 2369; x_wconf 88' lang='lat' dir='ltr'><em>ut</em></span> <span class='ocrx_word' id='word_1_357' title='bbox 1602 2332 1700 2379; x_wconf 78' lang='lat' dir='ltr'><em>dixi,</em></span> <span class='ocrx_word' id='word_1_358' title='bbox 1737 2332 1777 2369; x_wconf 90' lang='lat' dir='ltr'><em>in</em></span> 
     </span>
     <span class='ocr_line' id='line_1_37' title="bbox 81 2390 965 2431; baseline -0.001 0"><span class='ocrx_word' id='word_1_359' title='bbox 81 2393 219 2431; x_wconf 86' lang='lat' dir='ltr'><em>codice</em></span> <span class='ocrx_word' id='word_1_360' title='bbox 248 2392 326 2430; x_wconf 84' lang='grc'><em>814</em></span> <span class='ocrx_word' id='word_1_361' title='bbox 356 2393 629 2431; x_wconf 85' lang='lat' dir='ltr'><em>bibliothecae</em></span> <span class='ocrx_word' id='word_1_362' title='bbox 662 2392 921 2431; x_wconf 84' lang='lat' dir='ltr'><em>Colbertinae</em></span> <span class='ocrx_word' id='word_1_363' title='bbox 938 2390 965 2430; x_wconf 83' lang='lat'><em>3.</em></span> 
     </span>
    </p>

    <p class='ocr_par' dir='ltr' id='par_1_6' title="bbox 79 2449 1777 2608">
     <span class='ocr_line' id='line_1_38' title="bbox 134 2449 1777 2502; baseline -0.002 -12"><span class='ocrx_word' id='word_1_364' title='bbox 134 2452 247 2490; x_wconf 89' lang='lat' dir='ltr'><em>Circa</em></span> <span class='ocrx_word' id='word_1_365' title='bbox 275 2451 418 2490; x_wconf 89' lang='lat' dir='ltr'><em>eadem</em></span> <span class='ocrx_word' id='word_1_366' title='bbox 444 2460 633 2502; x_wconf 88' lang='lat' dir='ltr'><em>tempora</em></span> <span class='ocrx_word' id='word_1_367' title='bbox 662 2452 841 2489; x_wconf 64' lang='lat' dir='ltr'><em>„loannes</em></span> <span class='ocrx_word' id='word_1_368' title='bbox 869 2451 918 2488; x_wconf 89' lang='lat' dir='ltr'><em>de</em></span> <span class='ocrx_word' id='word_1_369' title='bbox 947 2450 1129 2500; x_wconf 85' lang='lat' dir='ltr'><em>Lignano</em></span> <span class='ocrx_word' id='word_1_370' title='bbox 1157 2449 1319 2498; x_wconf 90' lang='lat' dir='ltr'><em>scripsit</em></span> <span class='ocrx_word' id='word_1_371' title='bbox 1345 2457 1574 2487; x_wconf 85' lang='lat' dir='ltr'><em>tractatum</em></span> <span class='ocrx_word' id='word_1_372' title='bbox 1597 2449 1657 2486; x_wconf 87' lang='lat' dir='ltr'><em>De</em></span> <span class='ocrx_word' id='word_1_373' title='bbox 1683 2464 1777 2499; x_wconf 87' lang='lat' dir='ltr'><em>pace</em></span> 
     </span>
     <span class='ocr_line' id='line_1_39' title="bbox 79 2506 1775 2560; baseline -0.002 -12"><span class='ocrx_word' id='word_1_374' title='bbox 79 2525 150 2548; x_wconf 88' lang='lat' dir='ltr'><em>seu</em></span> <span class='ocrx_word' id='word_1_375' title='bbox 179 2511 238 2547; x_wconf 89' lang='lat' dir='ltr'><em>De</em></span> <span class='ocrx_word' id='word_1_376' title='bbox 269 2525 364 2560; x_wconf 89' lang='lat' dir='ltr'><em>pace</em></span> <span class='ocrx_word' id='word_1_377' title='bbox 395 2511 568 2558; x_wconf 87' lang='lat' dir='ltr'><em>animae,</em></span> <span class='ocrx_word' id='word_1_378' title='bbox 603 2510 673 2559; x_wconf 92' lang='lat' dir='ltr'><em>qui</em></span> <span class='ocrx_word' id='word_1_379' title='bbox 704 2509 904 2560; x_wconf 89' lang='lat' dir='ltr'><em>reperitur</em></span> <span class='ocrx_word' id='word_1_380' title='bbox 936 2509 977 2546; x_wconf 90' lang='lat' dir='ltr'><em>in</em></span> <span class='ocrx_word' id='word_1_381' title='bbox 1010 2509 1146 2547; x_wconf 89' lang='lat' dir='ltr'><em>codice</em></span> <span class='ocrx_word' id='word_1_382' title='bbox 1178 2506 1255 2546; x_wconf 82' lang='grc'><em>685</em></span> <span class='ocrx_word' id='word_1_383' title='bbox 1286 2507 1471 2557; x_wconf 85' lang='lat' dir='ltr'><em>ejusdem</em></span> <span class='ocrx_word' id='word_1_384' title='bbox 1503 2507 1775 2546; x_wconf 82' lang='lat' dir='ltr'><em>bibliothecae</em></span> 
     </span>
     <span class='ocr_line' id='line_1_40' title="bbox 79 2569 385 2608; baseline 0 0"><span class='ocrx_word' id='word_1_385' title='bbox 79 2569 337 2608; x_wconf 89' lang='lat' dir='ltr'><em>Colbertinae</em></span> <span class='ocrx_word' id='word_1_386' title='bbox 356 2569 385 2608; x_wconf 82' lang='lat'><em>4.</em></span> 
     </span>
    </p>

    <p class='ocr_par' dir='ltr' id='par_1_7' title="bbox 77 2624 1777 2855">
     <span class='ocr_line' id='line_1_41' title="bbox 132 2624 1776 2678; baseline -0.002 -12"><span class='ocrx_word' id='word_1_387' title='bbox 132 2628 318 2666; x_wconf 89' lang='lat' dir='ltr'><em>Mortuus</em></span> <span class='ocrx_word' id='word_1_388' title='bbox 350 2636 412 2666; x_wconf 88' lang='lat' dir='ltr'><em>est</em></span> <span class='ocrx_word' id='word_1_389' title='bbox 444 2628 556 2678; x_wconf 87' lang='lat' dir='ltr'><em>apud</em></span> <span class='ocrx_word' id='word_1_390' title='bbox 586 2627 816 2665; x_wconf 89' lang='lat' dir='ltr'><em>Bononiam</em></span> <span class='ocrx_word' id='word_1_391' title='bbox 856 2640 965 2664; x_wconf 89' lang='lat' dir='ltr'><em>anno</em></span> <span class='ocrx_word' id='word_1_392' title='bbox 1008 2625 1223 2664; x_wconf 88' lang='lat' dir='ltr'><em>millesimo</em></span> <span class='ocrx_word' id='word_1_393' title='bbox 1255 2624 1599 2672; x_wconf 84' lang='lat' dir='ltr'>CCCLXXXIH,</span> <span class='ocrx_word' id='word_1_394' title='bbox 1640 2639 1776 2663; x_wconf 87' lang='lat' dir='ltr'><em>mense</em></span> 
     </span>
     <span class='ocr_line' id='line_1_42' title="bbox 78 2684 1775 2737; baseline -0.003 -12"><span class='ocrx_word' id='word_1_395' title='bbox 78 2687 299 2734; x_wconf 83' lang='lat' dir='ltr'><em>februario,</em></span> <span class='ocrx_word' id='word_1_396' title='bbox 340 2686 525 2737; x_wconf 87' lang='lat' dir='ltr'><em>sepultus</em></span> <span class='ocrx_word' id='word_1_397' title='bbox 565 2686 677 2737; x_wconf 89' lang='lat' dir='ltr'><em>apud</em></span> <span class='ocrx_word' id='word_1_398' title='bbox 717 2686 915 2724; x_wconf 86' lang='lat' dir='ltr'><em>Sanctum</em></span> <span class='ocrx_word' id='word_1_399' title='bbox 957 2684 1218 2723; x_wconf 87' lang='lat' dir='ltr'><em>Dominicum</em></span> <span class='ocrx_word' id='word_1_400' title='bbox 1258 2698 1350 2722; x_wconf 87' lang='lat' dir='ltr'><em>cum</em></span> <span class='ocrx_word' id='word_1_401' title='bbox 1389 2696 1538 2733; x_wconf 83' lang='lat' dir='ltr'><em>magno</em></span> <span class='ocrx_word' id='word_1_402' title='bbox 1578 2697 1775 2721; x_wconf 86' lang='lat' dir='ltr'><em>concursu</em></span> 
     </span>
     <span class='ocr_line' id='line_1_43' title="bbox 78 2741 1777 2796; baseline -0.004 -12"><span class='ocrx_word' id='word_1_403' title='bbox 78 2746 259 2784; x_wconf 89' lang='lat' dir='ltr'><em>virorum</em></span> <span class='ocrx_word' id='word_1_404' title='bbox 291 2745 525 2796; x_wconf 90' lang='lat' dir='ltr'><em>principum</em></span> <span class='ocrx_word' id='word_1_405' title='bbox 564 2745 750 2794; x_wconf 87' lang='lat' dir='ltr'><em>ejusdem</em></span> <span class='ocrx_word' id='word_1_406' title='bbox 787 2744 917 2789; x_wconf 85' lang='lat' dir='ltr'><em>urbis;</em></span> <span class='ocrx_word' id='word_1_407' title='bbox 948 2744 1054 2781; x_wconf 88' lang='lat' dir='ltr'><em>inter</em></span> <span class='ocrx_word' id='word_1_408' title='bbox 1088 2758 1188 2793; x_wconf 88' lang='lat' dir='ltr'><em>quos</em></span> <span class='ocrx_word' id='word_1_409' title='bbox 1221 2741 1453 2780; x_wconf 88' lang='lat' dir='ltr'><em>interfuisse</em></span> <span class='ocrx_word' id='word_1_410' title='bbox 1486 2741 1612 2780; x_wconf 89' lang='lat' dir='ltr'><em>etiam</em></span> <span class='ocrx_word' id='word_1_411' title='bbox 1645 2741 1777 2779; x_wconf 88' lang='lat' dir='ltr'><em>funeri</em></span> 
     </span>
     <span class='ocr_line' id='line_1_44' title="bbox 77 2800 1772 2855; baseline -0.003 -13"><span class='ocrx_word' id='word_1_412' title='bbox 77 2804 164 2854; x_wconf 89' lang='lat' dir='ltr'><em>ejus</em></span> <span class='ocrx_word' id='word_1_413' title='bbox 188 2804 426 2855; x_wconf 89' lang='lat' dir='ltr'><em>Philippum</em></span> <span class='ocrx_word' id='word_1_414' title='bbox 450 2804 659 2842; x_wconf 81' lang='lat' dir='ltr'><em>Caraffam</em></span> <span class='ocrx_word' id='word_1_415' title='bbox 692 2803 942 2842; x_wconf 86' lang='lat' dir='ltr'><em>cardinalem</em></span> <span class='ocrx_word' id='word_1_416' title='bbox 973 2802 1149 2840; x_wconf 88' lang='lat' dir='ltr'><em>adnotat</em></span> <span class='ocrx_word' id='word_1_417' title='bbox 1180 2800 1507 2847; x_wconf 86' lang='lat' dir='ltr'><em>Ghirardaccius‚</em></span> <span class='ocrx_word' id='word_1_418' title='bbox 1535 2800 1604 2839; x_wconf 91' lang='lat' dir='ltr'><em>lib.</em></span> <span class='ocrx_word' id='word_1_419' title='bbox 1636 2800 1772 2847; x_wconf 82' lang='lat' dir='ltr'><em>XXV,</em></span> 
     </span>
    </p>
   </div>
   <div class='ocr_carea' id='block_1_3' title="bbox 148 2942 1640 3138">
    <p class='ocr_par' dir='ltr' id='par_1_8' title="bbox 148 2942 1640 3138">
     <span class='ocr_line' id='line_1_45' title="bbox 149 2942 1040 2985; baseline -0.006 -6"><span class='ocrx_word' id='word_1_420' title='bbox 149 2971 156 2980; x_wconf 92' lang='lat'><strong>.</strong></span> <span class='ocrx_word' id='word_1_421' title='bbox 180 2945 221 2979; x_wconf 92' lang='lat' dir='ltr'><em>B.</em></span> <span class='ocrx_word' id='word_1_422' title='bbox 248 2945 305 2985; x_wconf 89' lang='lat' dir='ltr'><em>N.‚</em></span> <span class='ocrx_word' id='word_1_423' title='bbox 329 2956 397 2978; x_wconf 88' lang='lat' dir='ltr'><em>ms.</em></span> <span class='ocrx_word' id='word_1_424' title='bbox 420 2943 517 2976; x_wconf 87' lang='lat' dir='ltr'><em>latin</em></span> <span class='ocrx_word' id='word_1_425' title='bbox 538 2943 644 2983; x_wconf 80' lang='grc'>1469,</span> <span class='ocrx_word' id='word_1_426' title='bbox 667 2943 729 2976; x_wconf 82' lang='lat' dir='ltr'><em>fol.</em></span> <span class='ocrx_word' id='word_1_427' title='bbox 754 2943 823 2975; x_wconf 85' lang='lat'><em>226</em></span> <span class='ocrx_word' id='word_1_428' title='bbox 846 2942 975 2975; x_wconf 85' lang='lat' dir='ltr'><strong>v0-246</strong></span> <span class='ocrx_word' id='word_1_429' title='bbox 997 2946 1040 2975; x_wconf 85' lang='lat' dir='ltr'><em>r0.</em></span> 
     </span>
     <span class='ocr_line' id='line_1_46' title="bbox 149 2993 1640 3037; baseline -0.005 -5"><span class='ocrx_word' id='word_1_430' title='bbox 149 3024 156 3032; x_wconf 91' lang='lat'>.</span> <span class='ocrx_word' id='word_1_431' title='bbox 177 2998 233 3031; x_wconf 90' lang='lat' dir='ltr'><em>Ms</em></span> <span class='ocrx_word' id='word_1_432' title='bbox 267 2998 352 3037; x_wconf 74' lang='lat' dir='ltr'><em>cite,</em></span> <span class='ocrx_word' id='word_1_433' title='bbox 372 2997 435 3031; x_wconf 81' lang='lat' dir='ltr'><em>fol.</em></span> <span class='ocrx_word' id='word_1_434' title='bbox 456 2997 525 3030; x_wconf 87' lang='grc'>179</span> <span class='ocrx_word' id='word_1_435' title='bbox 544 2996 666 3030; x_wconf 82' lang='lat' dir='ltr'><em>r0-185</em></span> <span class='ocrx_word' id='word_1_436' title='bbox 685 3000 729 3035; x_wconf 82' lang='lat' dir='ltr'><em>r⁰‚</em></span> <span class='ocrx_word' id='word_1_437' title='bbox 749 3001 787 3029; x_wconf 86' lang='lat' dir='ltr'><em>et</em></span> <span class='ocrx_word' id='word_1_438' title='bbox 805 2993 845 3028; x_wconf 90' lang='lat' dir='ltr'><em>B.</em></span> <span class='ocrx_word' id='word_1_439' title='bbox 868 2995 926 3034; x_wconf 93' lang='lat' dir='ltr'><em>N.‚</em></span> <span class='ocrx_word' id='word_1_440' title='bbox 947 3006 1014 3027; x_wconf 89' lang='lat' dir='ltr'><em>ms.</em></span> <span class='ocrx_word' id='word_1_441' title='bbox 1034 2994 1130 3027; x_wconf 89' lang='lat' dir='ltr'><em>latin</em></span> <span class='ocrx_word' id='word_1_442' title='bbox 1148 2993 1253 3033; x_wconf 85' lang='grc'>1462,</span> <span class='ocrx_word' id='word_1_443' title='bbox 1274 2993 1336 3026; x_wconf 86' lang='lat' dir='ltr'><em>fol.</em></span> <span class='ocrx_word' id='word_1_444' title='bbox 1357 2994 1423 3025; x_wconf 83' lang='lat'><em>121</em></span> <span class='ocrx_word' id='word_1_445' title='bbox 1445 2993 1564 3026; x_wconf 81' lang='lat' dir='ltr'><em>r0-131</em></span> <span class='ocrx_word' id='word_1_446' title='bbox 1587 2997 1640 3026; x_wconf 86' lang='lat' dir='ltr'><em>v0.</em></span> 
     </span>
     <span class='ocr_line' id='line_1_47' title="bbox 148 3051 214 3138; baseline -0.03 0"><span class='ocrx_word' id='word_1_447' title='bbox 148 3077 156 3138; x_wconf 81' lang='lat'>1</span> <span class='ocrx_word' id='word_1_448' title='bbox 183 3051 214 3136; x_wconf 67' lang='grc' dir='ltr'>ξ</span> 
     </span>
    </p>
   </div>
   <div class='ocr_carea' id='block_1_4' title="bbox 340 3048 930 3137">
    <p class='ocr_par' dir='ltr' id='par_1_9' title="bbox 340 3048 930 3137">
     <span class='ocr_line' id='line_1_48' title="bbox 340 3048 930 3088; baseline -0.005 -5"><span class='ocrx_word' id='word_1_449' title='bbox 340 3062 408 3083; x_wconf 89' lang='lat' dir='ltr'><em>ms.</em></span> <span class='ocrx_word' id='word_1_450' title='bbox 435 3049 531 3082; x_wconf 85' lang='lat' dir='ltr'><em>latin</em></span> <span class='ocrx_word' id='word_1_451' title='bbox 556 3049 662 3088; x_wconf 87' lang='grc'>1469,</span> <span class='ocrx_word' id='word_1_452' title='bbox 688 3048 751 3082; x_wconf 78' lang='lat' dir='ltr'><em>fol.</em></span> <span class='ocrx_word' id='word_1_453' title='bbox 780 3048 848 3081; x_wconf 84' lang='lat'><em>229</em></span> <span class='ocrx_word' id='word_1_454' title='bbox 874 3052 930 3080; x_wconf 87' lang='lat' dir='ltr'><em>r0.</em></span> 
     </span>
     <span class='ocr_line' id='line_1_49' title="bbox 346 3102 672 3137; baseline -0.003 -1"><span class='ocrx_word' id='word_1_455' title='bbox 346 3114 413 3137; x_wconf 90' lang='lat' dir='ltr'><em>ms.</em></span> <span class='ocrx_word' id='word_1_456' title='bbox 443 3103 539 3135; x_wconf 88' lang='lat' dir='ltr'><em>latin</em></span> <span class='ocrx_word' id='word_1_457' title='bbox 566 3102 672 3135; x_wconf 84' lang='lat'><em>3199.</em></span> 
     </span>
    </p>
   </div>
   <div class='ocr_carea' id='block_1_5' title="bbox 123 2946 145 3136">
    <p class='ocr_par' dir='ltr' id='par_1_10' title="bbox 123 2946 145 3136">
     <span class='ocr_line' id='line_1_50' title="bbox 123 2946 145 3136; textangle 90"><span class='ocrx_word' id='word_1_458' title='bbox 123 2946 145 3136; x_wconf 53' lang='lat' dir='ltr'><em>2⁴&gt;wa</em></span> 
     </span>
    </p>
   </div>
   <div class='ocr_carea' id='block_1_6' title="bbox 216 3024 316 3143">
    <p class='ocr_par' dir='ltr' id='par_1_11' title="bbox 216 3024 316 3143">
     <span class='ocr_line' id='line_1_51' title="bbox 216 3024 312 3090; baseline -0.01 -6"><span class='ocrx_word' id='word_1_459' title='bbox 216 3024 312 3090; x_wconf 39' lang='lat' dir='ltr'><strong>..N.‚</strong></span> 
     </span>
     <span class='ocr_line' id='line_1_52' title="bbox 218 3104 316 3143; baseline -0.01 -6"><span class='ocrx_word' id='word_1_460' title='bbox 218 3131 226 3137; x_wconf 88' lang='lat'><strong>.</strong></span> <span class='ocrx_word' id='word_1_461' title='bbox 259 3104 316 3143; x_wconf 92' lang='lat' dir='ltr'><em>N.‚</em></span> 
     </span>
    </p>
   </div>
  </div>
 </body>
</html>
