2083 3458
266 212 321 253 80
917 223 1070 249 NOTAE
1105 223 1165 248 AD
1200 223 1328 248 VITAs
1853 204 1978 261 [608]

266 309 456 347 Clementi
484 322 587 359 pape
614 307 658 355 V,
686 307 737 344 ad
757 306 1023 355 confitendum
1049 313 1083 343 et
1109 305 1320 356 petendum
1346 304 1549 343 humiliter
1576 303 1841 342 absolutionis
1868 303 1976 341 bene-

265 368 402 419 ficium
441 376 474 406 et
512 366 792 405 relaxationem
822 364 1020 403 interdicti
1060 379 1132 415 pro
1174 361 1342 415 injuriis
1380 372 1414 402 et
1447 363 1637 415 dampnis
1670 363 1774 402 datis
1808 377 1879 414 per
1915 377 1978 401 eos

264 427 464 465 communi
487 426 523 464 F
525 425 738 464 errariensi
760 433 796 463 et
811 423 925 472 alibi,
946 432 982 462 et
1001 423 1224 474 jurandum
1241 424 1285 461 de
1305 424 1445 462 stando
1466 424 1667 462 mandatis
1684 430 1817 462 sancte
1839 421 1977 460 matris

263 486 447 534 Ecelesie,
466 499 573 523 anno
593 484 761 522 Domini
785 482 987 521 MCCCX
1015 482 1190 521 Venetiis
1210 484 1235 521 1.

315 546 358 584 P.
387 544 448 583 32.
476 544 541 595 lig.
571 544 632 583 29.
662 544 1032 582 CONSANGUINEUS
1066 556 1197 583 GERM.
1228 556 1346 583 PAPE.
1378 542 1555 581 Affinem
1574 542 1588 565 2
1624 555 1788 592 quoque
1823 548 1977 579 vocant

258 604 449 652 Bzovius,
465 618 532 643 an.
555 603 670 651 1308,
694 603 711 652 ἓ
734 602 770 650 7,
793 610 835 641 et
855 601 1125 652 Waddingus,
1148 615 1214 640 an.
1239 601 1354 650 1313,
1376 601 1394 650 ἓ
1416 602 1451 640 4.
1479 601 1536 639 At
1558 601 1739 640 Joannes
1761 599 1975 648 Villanius,

258 664 326 702 lib.
354 663 459 701 VIII
492 677 580 714 cap.
618 677 701 701 cxv
739 662 978 713 [Muratori,
1017 670 1046 701 t.
1083 677 1169 709 xm,
1207 661 1281 699 eol.
1316 660 1434 711 441],
1467 659 1781 710 Boninsegnius,
1815 674 1855 711 p.
1887 659 1974 708 131,

260 722 588 770 Ghirardaceius‚
605 722 674 760 lib.
693 721 807 769 XVI,
821 721 928 759 Hist.
947 721 1118 768 Borma„
1133 735 1173 771 p.
1191 719 1280 766 527,
1297 719 1386 768 553,
1404 728 1446 759 et
1461 719 1653 759 Pellinus.
1668 727 1775 770 part.
1797 719 1827 767 I,
1843 719 1913 757 lib.
1927 719 1976 769 V,

258 782 365 820 Hist.
382 782 592 832 Perus.,p.
608 781 697 829 358,
726 796 820 820 eum
845 780 1031 819 scribunt
1057 780 1181 819 fuisse
1203 787 1398 830 nepotem
1420 779 1655 818 Clementis.
1674 779 1807 817 Ex'tat
1835 786 1975 818 autem

259 842 301 880 in
321 850 435 879 tomo
459 841 583 880 tertio
611 840 857 878 Libet-tatum
887 839 1087 879 Ecclesiae
1109 839 1375 888 Anglicanae,
1400 854 1440 890 p.
1467 837 1583 886 1155,
1607 847 1728 877 vetus
1763 839 1974 888 catalogus

260 900 529 940 cardinalium
553 908 644 938 tum
667 899 914 947 viventium,
935 907 977 938 et
997 899 1047 937 de
1067 898 1249 937 Arnaldo
1273 898 1472 949 Pelagrua
1499 897 1555 937 sic
1579 897 1637 935 ibi
1659 897 1861 948 scriptum
1883 905 1944 937 est
1965 913 1974 936 2

254 960 455 998 Dominus
471 960 678 997 Arnaldus
690 960 735 997 de
747 959 956 1008 Pelagrue,
971 973 1091 1009 nepos
1105 973 1224 1009 pape,
1242 960 1383 997 Sancte
1395 957 1531 995 Marie
1547 957 1590 995 in
1604 956 1768 996 Portieu
1782 957 1974 995 diaconus

257 1019 487 1058 cardinalis.
519 1019 603 1058 Ista
639 1027 780 1058 autem
814 1017 1090 1069 repugnantia
1121 1017 1178 1056 sic
1209 1017 1309 1055 mihi
1340 1016 1507 1056 videtur
1536 1031 1656 1067 posse
1687 1016 1895 1055 conciliari
1927 1023 1976 1054 ut

258 1078 441 1117 dicamus
460 1079 569 1117 hunc
588 1078 851 1126 cardinalem,
869 1077 1059 1128 quamvis
1076 1091 1218 1116 revera
1233 1091 1314 1115 non
1331 1076 1457 1115 fuerit
1472 1090 1598 1127 nepos
1614 1090 1762 1126 papae,
1779 1083 1976 1126 nepotem

256 1146 397 1176 tamen
419 1138 506 1188 ejus
529 1152 577 1176 eo
594 1138 716 1176 modo
740 1137 898 1176 dictum
919 1151 1003 1175 6556
1029 1151 1111 1187 quo
1130 1136 1237 1174 infra
1254 1137 1300 1188 [t.
1319 1137 1362 1188 1],
1378 1151 1417 1187 p.
1440 1142 1497 1174 69.
1514 1135 1749 1174 Bernardus
1775 1134 1974 1173 Guidonis

256 1206 449 1248 nepotem
479 1197 664 1247 ejusdem
694 1197 914 1236 Clementis
948 1204 1073 1235 vocat
1100 1196 1361 1235 Bernardum
1391 1195 1440 1233 (16
1472 1195 1622 1242 Garvo,
1655 1194 1724 1245 qui
1751 1202 1840 1233 erat
1867 1194 1974 1233 filius

255 1257 580 1307 consanguineae
609 1270 827 1306 germanae
857 1255 1090 1295 Clementis.

307 1317 349 1354 P.
372 1316 435 1364 32,
455 1316 521 1367 lig.
543 1316 605 1354 30.
627 1316 867 1355 THEBALDI.
890 1315 966 1354 Sur
984 1315 1020 1353 le
1040 1314 1146 1365 siege
1173 1314 1221 1353 de
1243 1314 1378 1353 Castel
1398 1314 1580 1352 Tedaldo
1600 1321 1642 1352 et
1671 1313 1719 1352 de
1737 1313 1872 1364 Borgo
1893 1313 1975 1352 San

255 1376 405 1424 Marco,
428 1376 530 1414 dont
549 1375 576 1413 il
597 1375 718 1426 s'agit
737 1375 801 1423 101,
822 1374 912 1413 voir
932 1374 1126 1422 Soranzo,
1149 1388 1210 1424 op.
1234 1374 1312 1421 cit„
1333 1388 1373 1424 p.
1397 1372 1582 1411 152-158.

307 1435 350 1474 P.
372 1435 435 1484 33,
454 1435 521 1485 lig.
543 1435 578 1473 2.
601 1435 934 1473 OBTINUERUNT.
958 1434 1048 1472 Une
1068 1433 1224 1472 decime
1243 1433 1444 1471 triennale
1464 1432 1530 1470 fut
1548 1432 1743 1470 accordee
1763 1446 1847 1470 aux
1866 1432 1975 1481 deux

253 1494 331 1533 rois
360 1494 549 1545 (Clement
578 1494 623 1542 V,
649 1508 687 1533 n.
706 1493 831 1541 3819,
857 1493 973 1541 3990,
999 1492 1116 1541 3988,
1142 1492 1259 1540 3989,
1284 1491 1402 1540 3991,
1427 1491 1544 1539 4046,
1570 1490 1687 1539 4047,
1713 1490 1830 1539 5091,
1856 1490 1973 1539 5094,

253 1553 385 1598 5095).
420 1554 625 1604 L’eveque
656 1554 705 1592 de
736 1553 930 1592 Valencia
961 1560 1078 1599 recut
1107 1551 1278 1590 mission
1308 1552 1357 1589 de
1388 1551 1558 1602 precher
1587 1551 1625 1589 13
1657 1550 1841 1589 croisade
1874 1549 1974 1593 ‹Cle-

254 1622 357 1652 ment
379 1614 424 1661 V,
446 1628 485 1652 n.
509 1613 630 1660 39893
653 1613 782 1651 bulles
805 1613 861 1650 du
882 1612 933 1651 24
953 1611 1057 1650 avril
1071 1611 1188 1660 1309)
1204 1619 1246 1650 et
1265 1611 1553 1661 l’archeveque
1577 1610 1625 1648 de
1647 1610 1798 1648 Tolede
1818 1610 1855 1648 le
1875 1609 1973 1648 titre

253 1673 302 1711 de
317 1673 426 1723 legat
444 1672 634 1724 (Clement
654 1673 699 1720 V,
715 1686 754 1712 n.
772 1671 894 1720 4049;
911 1672 1041 1710 bulles
1057 1671 1113 1709 du
1128 1670 1178 1709 28
1194 1670 1327 1719 avril).
1347 1670 1540 1708 D’autres
1556 1669 1685 1708 hulles
1702 1669 1974 1708 concederent

252 1733 322 1771 des
344 1733 508 1771 faveurs
531 1732 579 1771 de
601 1740 738 1770 toutes
761 1739 890 1770 sortes
918 1733 940 1769 a
963 1745 1066 1769 ceux
1088 1730 1158 1781 qui
1187 1729 1526 1781 participeraient
1556 1731 1579 1766 a
1606 1729 1645 1767 la
1667 1728 1850 1767 croisade
1874 1727 1974 1778 (Cle-

252 1800 357 1830 ment
379 1792 425 1839 V,
443 1806 481 1830 n.
501 1791 618 1839 3988,
636 1790 878 1839 4031-4033,
896 1790 1013 1837 4048,
1032 1789 1150 1837 4051,
1169 1789 1302 1838 5093).
1324 1788 1446 1826 Enfin
1466 1788 1521 1827 les
1541 1788 1650 1826 deux
1666 1787 1746 1826 rois
1765 1787 1974 1838 d'Aragon

251 1860 295 1890 et
328 1852 376 1890 de
411 1850 575 1890 Castille
607 1851 747 1901 furent
778 1850 861 1901 pris
895 1864 989 1888 sous
1021 1850 1059 1887 la
1093 1848 1325 1900 protection
1361 1848 1417 1885 du
1451 1847 1705 1897 Saint-Siege
1740 1847 1884 1896 (qbulles
1919 1847 1974 1884 du

252 1911 304 1949 28
319 1910 422 1949 avril
437 1918 478 1949 et
495 1910 549 1948 du
564 1910 589 1948 8
604 1910 686 1948 mai
704 1909 824 1957 1309,
842 1909 1018 1947 Clement
1038 1909 1084 1956 V,
1101 1923 1140 1946 n.
1159 1907 1263 1946 4034
1278 1916 1319 1946 et
1335 1907 1468 1957 4054).

308 1971 350 2008 P.
389 1970 451 2018 33,
487 1969 553 2020 lig.
591 1968 626 2008 5.
666 1969 971 2007 EPISCOPATUM
1010 1971 1242 2007 LUCANUM.
1276 1967 1383 2005 Hinc
1418 1974 1538 2017 patet
1576 1965 1813 2013 Henricurn,
1845 1964 1916 2015 qui
1950 1979 1974 2003 a

253 2029 465 2067 Bonifacio
498 2029 602 2066 VIII
635 2028 770 2068 factus
803 2036 865 2067 est
896 2027 1111 2078 episcopus
1145 2027 1351 2074 Lucanus,
1380 2025 1591 2065 diversum
1622 2039 1708 2064 esse
1739 2025 1791 2063 ab
1823 2039 1871 2063 eo
1904 2024 1974 2075 qui

255 2088 428 2127 Joannis
460 2088 590 2126 XXII
620 2087 872 2138 pontificatu
902 2086 1040 2125 tenuit
1079 2086 1323 2125 cathedram
1352 2085 1478 2123 illam.
1506 2084 1614 2122 Nam
1644 2084 1677 2123 si
1716 2098 1763 2122 ea
1793 2083 1975 2123 vacabat

254 2162 362 2187 anno
386 2147 591 2186 MCCCIX
613 2146 883 2186 manifestum
914 2154 977 2185 est
1000 2145 1226 2185 Henricum
1248 2159 1272 2183 a
1292 2144 1508 2183 Bonifacio
1532 2143 1777 2182 institutum
1808 2142 1974 2182 desiisse

254 2222 339 2246 esse
359 2206 599 2258 episcopum
621 2206 848 2245 Lucanum.
867 2206 927 2244 De
947 2205 1095 2243 ultimo
1116 2218 1238 2256 porro
1252 2203 1520 2254 intelligenda
1535 2210 1634 2241 sunt
1655 2217 1762 2254 quae
1779 2202 1974 2252 leguntur

254 2266 297 2304 in
315 2266 419 2304 libro
440 2265 620 2304 secundo
640 2265 692 2303 M
695 2265 993 2305 iscellaneorum
1014 2272 1250 2311 nostrorum,
1271 2277 1310 2314 p.
1334 2262 1423 2302 271.

310 2326 352 2363 P.
381 2325 445 2373 33,
470 2324 537 2375 lig.
566 2324 627 2363 10.
658 2324 835 2365 DEv1CT1
864 2338 985 2363 SUNT.
1009 2322 1107 2362 Voir
1132 2323 1168 2362 16
1193 2323 1295 2362 recit
1321 2323 1371 2361 de
1400 2322 1439 2361 la
1460 2321 1567 2373 prise
1594 2320 1643 2360 de
1675 2320 1842 2360 Ferrare
1870 2320 1972 2359 dans

257 2385 449 2432 Soranzo,
467 2384 527 2421 La
545 2397 686 2433 guerra
700 2384 765 2434 fra
787 2383 958 2421 Venezia
973 2397 992 2421 e
1009 2383 1048 2421 la
1066 2382 1193 2421 Santa
1211 2381 1321 2430 Sede,
1339 2396 1378 2432 p.
1400 2380 1586 2420 152-160.

311 2444 354 2483 Ρ.
387 2443 450 2492 33,
481 2443 547 2493 lig.
581 2442 642 2482 16.
675 2442 1016 2481 ABSOLVUNTUR.
1051 2442 1125 2480 Les
1157 2441 1296 2492 peines
1327 2442 1490 2492 portees
1522 2447 1664 2479 contre
1694 2439 1751 2478 les
1780 2437 1974 2477 Bolonais

258 2517 332 2554 par
362 2502 575 2553 Napoleon
605 2501 740 2541 Orsini
769 2502 908 2540 furent
936 2502 1070 2540 levees
1100 2501 1135 2539 16
1167 2500 1188 2538 7
1218 2500 1353 2550 juillet
1384 2498 1487 2538 1309
1516 2506 1558 2538 et
1586 2499 1622 2537 le
1654 2497 1703 2536 10
1732 2512 1841 2537 mars
1873 2496 1976 2536 1310

315 2681 342 2712 1.
363 2681 401 2712 11.
423 2680 479 2717 N.‚
500 2690 564 2711 1115.
584 2678 679 2710 latin
695 2676 843 2716 5181,1’.
863 2676 932 2709 '189
950 2679 990 2707 v0
1005 2682 1043 2708 et
1059 2676 1129 2708 199
1149 2679 1198 2707 v0.
1215 2694 1264 2697 —
1279 2674 1332 2706 La
1349 2674 1448 2707 bulle
1466 2673 1515 2705 du
1534 2674 1576 2706 27
1595 2685 1694 2706 mars
1711 2673 1818 2713 1309,
1837 2673 1974 2717 dirigee

262 2740 391 2766 conti-‹-
414 2734 464 2765 les
490 2732 681 2765 Venitiens
703 2743 740 2763 56
762 2736 898 2762 trouve
921 2729 1014 2761 dans
1037 2729 1072 2762 J.
1097 2729 1230 2771 Lsmig,
1253 2728 1374 2761 Codeae
1392 2727 1526 2760 Italiae
1547 2727 1818 2770 diplomaticus,
1839 2726 1976 2760 Franc-

265 2788 349 2825 101-1,
370 2787 473 2824 1725,
492 2792 585 2823 1.1ν,
605 2791 711 2828 parte
730 2785 760 2823 2,
779 2783 935 2822 (10644,
954 2783 1021 2815 col.
1040 2783 1146 2815 1589.
1166 2801 1212 2804 —
1227 2782 1296 2814 Les
1313 2781 1605 2813 ambassadeurs
1622 2780 1717 2813 (1613
1735 2780 1974 2823 Republique

264 2840 401 2872 ‹Glaicnt
432 2838 619 2871 (Liovmini
645 2838 730 2876 Zen,
758 2836 908 2869 Delfino
934 2835 1061 2869 Delfin
1084 2842 1122 2868 et
1148 2835 1273 2868 Pietro
1299 2834 1454 2876 Querini
1481 2833 1537 2877 (G.
1564 2834 1741 2874 Soranzo,
1765 2833 1822 2866 La
1845 2844 1976 2876 guerra

264 2894 322 2935 fra
345 2893 497 2924 Venezia
512 2892 577 2924 ela
594 2891 629 2923 S.
649 2891 748 2929 Sede,
766 2902 800 2933 p.
819 2890 1007 2933 133-140).

315 2948 344 2978 2.
375 2946 441 2977 lws
467 2945 644 2987 pouvoirs
670 2945 719 2976 du
744 2944 845 2986 legat
868 2949 956 2975 sont
989 2943 1096 2975 dates
1123 2943 1172 2974 du
1199 2942 1242 2974 22
1268 2953 1367 2973 mars
1393 2941 1487 2974 1309
1516 2939 1576 2983 (XI
1602 2940 1778 2973 kalendas
1811 2939 1973 2983 aprilis),

269 3000 358 3030 nmis
378 2998 571 3041 puisqu'jls
589 2998 671 3029 font.
688 2997 847 3029 allusion
864 3008 939 3028 aux
955 2998 1085 3039 proces
1103 2996 1152 3027 du
1170 2996 1212 3028 27
1231 3006 1342 3034 mars,
1359 2994 1384 3026 il
1400 3006 1424 3037 y
1441 3005 1461 3026 a
1477 3000 1564 3026 tout
1579 2993 1651 3026 lieu
1669 2994 1713 3026 de
1730 2993 1846 3026 croire
1863 2992 1974 3036 qu’ils

267 3059 327 3083 0111
353 3054 409 3083 12111
431 3052 626 3094 postdaoes
651 3050 824 3088 (Clement
842 3050 883 3089 V,
905 3062 938 3082 n.
962 3049 1199 3091 5024-5054).
1216 3048 1287 3081 Sur
1305 3048 1337 3080 le
1357 3048 1432 3080 1016
1451 3047 1538 3090 jone
1559 3047 1652 3079 dans
1671 3047 1707 3079 la
1726 3047 1842 3079 haute
1864 3046 1972 3079 Italie

264 3116 332 3147 par
348 3106 502 3136 Arnaml
520 3105 562 3135 do
582 3104 771 3145 Polagruc,
790 3103 871 3135 voir
886 3103 1066 3142 Sozanzo,
1082 3114 1140 3145 op.
1157 3103 1229 3141 cit„
1247 3113 1282 3145 p.
1300 3101 1471 3134 141-235.
