2083 3458
126 208 249 263 [651]
648 224 865 250 PAPARUM
902 224 1287 250 AVENIONENSIUM
1745 210 1824 252 135

112 305 271 345 vinium
297 305 397 343 dum
420 305 463 344 in
489 306 667 345 secunda
693 306 870 356 epitome
897 307 1038 345 scribit
1064 307 1178 344 illum
1204 315 1298 357 post
1347 307 1543 358 adeptam
1576 307 1823 358 dignitatem

112 364 416 402 cardinalitiam
447 364 604 402 factum
638 365 761 403 fuisse.
794 366 1175 405 vicecancellarium
1203 367 1395 404 extremis
1419 366 1530 405 vitae
1548 367 1766 406 Clementis
1790 368 1823 404 V

111 423 267 462 diebus.

168 482 280 520 Idem
302 482 362 520 ait
381 482 496 519 illum
516 482 678 520 nonnisi
699 497 807 521 anno
829 484 1016 533 sequenti
1036 484 1295 534 publicatum
1316 484 1438 522 fuisse
1460 485 1721 523 cardinalem.
1746 485 1822 523 Sed

110 541 245 579 nescio
261 540 331 578 ubi
346 541 423 579 hoc
437 540 654 581 invenerit.
675 541 930 592 Quicumque
947 543 1054 580 enim
1071 543 1166 580 olim
1191 544 1384 593 scripsere
1406 543 1538 581 Vitam
1559 544 1771 582 Clementis
1792 545 1825 582 V

110 608 151 638 et
183 600 408 638 cardinales
441 600 493 638 ab
526 614 572 637 eo
605 608 763 638 creatos
805 610 1098 639 enumerarunt
1130 603 1287 639 nullum
1328 602 1542 640 discrimen
1576 603 1683 641 inter
1714 604 1823 642 hunc

109 659 337 697 Arnaldum
369 667 411 697 et
443 667 597 697 ceteros
629 659 736 697 illius
770 661 964 710 temporis
999 661 1223 699 cardinales
1256 669 1495 711 posuerunt,
1530 662 1678 700 facturi
1710 663 1821 700 haud

107 718 231 756 dubie
254 718 285 755 si
309 718 406 768 quid
429 717 662 756 istiusmodi
686 719 934 768 contigisset.

163 777 345 815 Dubium
375 777 504 815 videri
533 785 673 827 posset
703 792 825 827 quem
855 779 919 816 ille
951 778 1120 816 titulum
1151 779 1354 817 habuerit.
1388 780 1553 817 Etenim
1584 780 1821 830 Onuphrius

107 844 149 874 et
171 836 240 874 alii
262 850 355 874 eum
379 836 565 874 scribunt
589 836 711 874 fuisse.
735 837 1023 886 presbyterum
1047 838 1297 876 cardinalem
1320 838 1432 876 tituli
1459 838 1597 876 Sancti
1623 839 1820 889 Stephani

107 895 148 932 in
175 895 310 933 Coelio
337 903 490 936 monte.
520 895 671 934 Contra
703 896 941 934 Franciscus
972 897 1227 935 Duchesnius
1256 912 1305 934 ex
1333 897 1603 935 Chantelovio
1630 898 1760 935 tradit
1787 898 1821 936 ei

107 954 252 992 datum
270 954 392 992 fuisse
410 954 580 991 titulum
602 955 776 992 Sanctae.
799 955 957 993 Priscae
987 955 1031 1005 [t.
1050 971 1075 1002 1,
1099 971 1137 1005 p.
1157 955 1271 1005 357].
1293 956 1511 1004 Quod-esse
1532 971 1674 995 verum
1691 957 1821 1006 liquet

105 1027 156 1050 ex
191 1012 239 1051 iis
278 1027 382 1063 quae
419 1014 611 1063 leguntur
648 1013 689 1052 in
727 1022 840 1051 tomo
879 1015 1002 1052 tertio
1039 1015 1285 1052 Libertatum
1322 1015 1519 1052 Ecclesiae
1556 1016 1819 1065 Angliccznae‚

105 1087 144 1122 p.
180 1072 295 1119 1155,
329 1072 442 1110 1159.
478 1072 668 1111 Ceterum
701 1087 794 1110 eum
828 1074 949 1123 vulgo
983 1082 1179 1111 vocatum
1212 1073 1335 1112 fuisse
1369 1074 1618 1112 cardinalem
1647 1075 1820 1113 Sanctae

106 1131 256 1178 Crucis,
286 1132 337 1169 ob
365 1132 441 1169 hoc
468 1131 661 1169 nimirum
690 1132 785 1181 quia
815 1133 947 1170 fuerat
977 1141 1073 1170 ante
1101 1133 1228 1170 abbas
1258 1136 1433 1173 Sanctae
1456 1134 1606 1181 Crucis,
1636 1134 1820 1183 colligere

107 1190 223 1228 facile
241 1205 458 1240 possumus
477 1205 527 1229 ex
543 1206 736 1241 processu
756 1191 892 1229 fratris
910 1192 1108 1230 Bernardi
1130 1192 1327 1230 Delitiosi.

161 1250 318 1288 Obiisse
356 1264 449 1287 eum
486 1264 593 1288 anno
631 1250 818 1300 sequenti
857 1250 1021 1288 docebit
1057 1252 1180 1301 paulo
1206 1259 1301 1301 post
1336 1251 1568 1289 Bernardus
1607 1251 1818 1292 Guidonis.

109 1308 356 1347 Existimare
379 1317 519 1347 autem
540 1324 757 1359 possumus
781 1324 873 1347 eum
896 1311 1080 1348 nondum
1104 1310 1225 1348 fuisse
1258 1310 1489 1348 extinctum
1512 1325 1649 1348 mense
1671 1310 1819 1348 martio

107 1368 308 1417 sequenti,
347 1382 439 1405 cum
474 1368 516 1406 in
552 1368 695 1406 eodem
732 1377 845 1406 tomo
883 1369 1005 1407 tertio
1041 1369 1286 1406 Liber-tatum
1322 1369 1520 1407 Ecclesiae
1555 1370 1821 1418 Anglicanae‚

105 1441 144 1477 p.
175 1427 289 1475 1159,
316 1427 530 1465 videamus
559 1428 799 1466 Eduardum
832 1429 846 1465 Ι
873 1442 1007 1477 regem
1034 1428 1172 1466 literas
1199 1428 1251 1465 ad
1278 1442 1370 1465 eum
1410 1428 1615 1478 scripsisse
1643 1428 1705 1466 die
1733 1443 1819 1466 Xvu

106 1486 291 1536 ejusdem
318 1487 480 1525 mensis.
513 1487 558 1525 In
585 1487 818 1536 Necrologio
845 1487 1074 1524 monasterii
1102 1487 1141 1525 S.
1172 1487 1316 1534 Severi,
1343 1495 1391 1524 ut
1416 1495 1557 1526 monet
1582 1487 1818 1525 Franciscus

108 1545 364 1587 Duchesnius
404 1546 448 1596 [t.
477 1561 503 1592 1,
530 1560 570 1596 p.
600 1546 716 1596 357],
745 1547 832 1596 ejus
871 1546 1009 1584 obitus
1036 1554 1207 1584 notatur
1243 1560 1351 1584 anno
1380 1546 1577 1584 MCCCVI
1605 1546 1668 1584 die
1695 1546 1817 1584 tertia

106 1604 351 1655 septembris
375 1604 397 1643 '.
435 1605 577 1643 Falsus
612 1613 674 1643 est
707 1620 801 1655 ergo
837 1606 1072 1655 Onuphrius
1119 1606 1297 1644 scribens
1333 1620 1424 1643 eum
1460 1605 1582 1643 fuisse
1618 1606 1818 1644 Avenioni

107 1677 215 1703 anno
243 1664 496 1702 MCCCXVI.

164 1723 209 1760 In
232 1723 402 1761 rubricis
425 1723 523 1762 anni
546 1723 658 1761 tertii
681 1724 894 1762 Benedicti
915 1724 928 1745 ’3
956 1724 1054 1770 XII,
1080 1737 1166 1773 cap.
1194 1738 1355 1769 Lxxxn,
1380 1723 1438 1760 ita
1462 1723 1610 1772 legitur
1636 1740 1642 1760 :
1668 1723 1819 1760 Abbati

107 1782 335 1820 monasterii
368 1782 606 1829 Lesatensis‚
639 1783 825 1820 Rivensis
857 1783 1034 1821 diocesis.
1070 1783 1294 1820 illandatur
1324 1783 1404 1819 sibi
1437 1783 1537 1832 quod
1567 1797 1606 1820 se
1639 1782 1819 1831 informet

107 1849 238 1878 utrum
253 1842 412 1879 donatio
427 1841 507 1879 sive
522 1842 717 1879 concessio
730 1857 798 1892 per
815 1843 870 1880 bo.
889 1857 958 1880 me.
974 1842 1165 1879 Bozonem
1181 1842 1410 1891 episcopum
1426 1842 1701 1879 Convenarum
1715 1842 1819 1890 sacta

109 1899 164 1938 b0.
184 1915 254 1938 me.
274 1901 388 1938 Petro
404 1901 510 1938 tituli
528 1901 568 1939 S.
589 1901 781 1951 Stephani
807 1902 850 1938 in
866 1901 975 1938 Celio
998 1909 1124 1938 monle
1140 1901 1361 1950 presbytero
1377 1901 1574 1938 cardinali
1590 1902 1634 1937 sle
1658 1900 1819 1937 decimis

105 1959 149 1996 de
167 1959 381 2009 BellosagO.
413 1961 690 1998 Convenarum
722 1961 897 2000 diocesis.
923 1961 1026 2010 sacta
1057 1960 1176 2005 fuerit
1208 1961 1249 1997 in
1280 1960 1463 1997 lesionem
1494 1974 1623 1997 mense
1645 1959 1817 2009 episcopi

105 2018 391 2057 Convenarum.

160 2078 202 2115 P.
226 2078 288 2124 61,
310 2078 375 2127 lig.
399 2078 460 2116 27.
495 2078 799 2116 DEPOSUERAT.
833 2078 1035 2116 Bonifacii
1069 2078 1311 2116 constitutio
1345 2077 1590 2115 calidissima
1624 2085 1664 2115 et
1697 2078 1815 2114 vehe-

106 2137 360 2177 mentissima
382 2138 577 2175 adversus
599 2138 671 2175 hos
694 2138 795 2175 duos
822 2138 1046 2176 cardinales
1063 2145 1180 2175 extat
1201 2137 1242 2177 in
1262 2137 1364 2174 libro
1392 2144 1508 2174 sexto
1520 2135 1814 2180 Decretalizimss,

105 2194 147 2233 in
170 2195 292 2233 titulo
318 2196 366 2234 de
391 2196 673 2234 schismaticis.
704 2197 854 2247 Incipit
877 2205 1018 2234 autem
1047 2213 1053 2234 :
1080 2196 1146 2233 Ad
1168 2196 1432 2233 succidendos.
1463 2195 1605 2232 Noluit
1629 2195 1693 2232 ille
1723 2194 1817 2233 huic
1845 2196 1850 2202 ’

106 2255 393 2296 constitutioni
415 2255 588 2294 inserere
610 2256 687 2293 alia
710 2270 814 2305 quae
835 2257 1031 2294 adversus
1054 2270 1120 2293 eos
1142 2255 1305 2293 decreta
1326 2269 1348 2291 a
1380 2270 1418 2292 se
1450 2254 1626 2301 fuerant,
1648 2262 1818 2304 propter

105 2314 399 2362 prolixitatem.
430 2315 583 2352 Eorum
609 2316 776 2353 nonulla
804 2323 951 2353 extant
985 2315 1026 2352 in
1054 2313 1310 2352 collectaneis
1344 2314 1402 2350 De
1428 2313 1595 2350 dissidio
1631 2312 1814 2361 ejusdem

105 2372 324 2422 Bonifacii,
352 2388 391 2423 p.
422 2373 471 2411 29
499 2381 540 2412 et
568 2374 848 2423 sequentibus,
884 2382 925 2412 et
953 2374 1083 2411 multa
1113 2373 1161 2411 de
1189 2373 1235 2409 iis
1265 2373 1419 2410 mentio
1447 2372 1488 2409 in
1516 2371 1618 2409 libro
1646 2371 1815 2410 Arnaldi

107 2431 326 2470 Camerarii
348 2433 620 2470 bibliothecae
643 2433 913 2474 Colbertinae.
938 2433 1051 2470 Adeo
1074 2446 1193 2482 porro
1216 2432 1411 2469 adversus
1434 2445 1499 2468 eos
1531 2430 1815 2467 inflammatus

105 2498 194 2528 erat
214 2491 450 2531 Bonifacius
473 2500 520 2529 ut
543 2506 635 2529 cum
660 2492 883 2530 Porchetus
908 2492 1073 2542 Spinola
1097 2491 1145 2528 de
1170 2490 1373 2528 Silvaticis
1397 2490 1547 2527 electus
1572 2503 1617 2527 ea
1640 2497 1816 2538 tempes-

154 2663 186 2698 1.
215 2665 244 2697 Il
269 2671 422 2697 mourut
447 2665 504 2698 die
528 2665 712 2702 dominica
735 2670 864 2708 quarta
888 2664 1022 2697 mensis
1045 2662 1257 2706 septembris
1295 2661 1467 2704 (Cle'menl
1507 2661 1549 2700 V,
1583 2660 1811 2704 Appendice,

106 2729 141 2761 p.
161 2717 241 2761 210)
262 2723 299 2750 et
315 2724 421 2759 recut
436 2718 472 2750 la
489 2711 680 2761 sepulture
697 2719 728 2751 le
746 2717 959 2751 lendemain
981 2716 1122 2759 (Finke,
1141 2715 1346 2759 Papsttum,
1366 2721 1392 2747 t.
1410 2727 1447 2754 11,
1467 2726 1500 2757 p.
1521 2713 1593 2757 19).
1613 2713 1688 2746 Son
1706 2714 1812 2746 deces

106 2770 166 2803 fut
185 2771 324 2803 durant
343 2771 526 2814 plusieurs
545 2771 648 2814 jours
668 2772 779 2804 cache
800 2783 847 2803 au
867 2782 962 2814 pape
980 2770 1073 2802 dont
1091 2770 1126 2801 la
1137 2769 1245 2801 sante
1264 2767 1437 2810 inspirait
1449 2767 1492 2799 de
1513 2766 1617 2799 vives
1637 2766 1809 2799 craintes.

105 2824 164 2856 Au
187 2823 280 2857 mois
305 2824 497 2857 d'octohre
522 2823 702 2864 Clement‚
732 2825 763 2857 le
787 2829 946 2867 croyant
969 2823 1176 2855 seulement
1199 2820 1358 2859 malado,
1384 2820 1434 2852 lui
1459 2820 1584 2852 donna
1607 2831 1703 2862 pour
1724 2831 1811 2862 sup-

106 2878 235 2921 pleant
272 2877 497 2920 temporaire
533 2877 654 2910 Pierre
690 2878 733 2910 de
770 2876 985 2915 Podiorssla‚
1022 2876 1163 2917 eveque
1189 2875 1248 2907 elu
1274 2874 1317 2905 de
1345 2872 1529 2912 Palfflmia,
1557 2872 1621 2916 qui
1659 2879 1813 2905 mourut

107 2936 225 2963 avant
239 2930 270 2963 le
286 2931 330 2963 16
345 2930 558 2973 septembre
572 2931 665 2964 1307
686 2931 828 2973 (Finke,
847 2930 947 2969 ibid„
965 2940 999 2972 p.
1017 2927 1153 2970 21-23).

157 2983 187 3016 2.
216 2983 338 3024 Vidal‚
359 2995 394 3017 n.
416 2983 509 3017 5016
532 2983 586 3027 (11
608 2995 707 3016 mars
727 2983 848 3026 1337).
870 2982 922 3015 La
942 2982 1040 3014 bulle
1061 2992 1081 3013 a
1105 2980 1196 3012 trait
1215 2991 1262 3012 au
1281 2978 1449 3011 cardinal
1470 2978 1590 3011 Pierre
1611 2979 1655 3011 de
1674 2978 1812 3011 Morte-

105 3042 298 3124 magt-Lib·
319 3089 362 3129 V,
383 3089 443 3123 tit.
461 3102 513 3130 111,
534 3101 615 3134 cap.
636 3089 790 3123 unicum
809 3094 847 3121 et
867 3087 1019 3131 Digard,
1041 3098 1076 3119 n.
1099 3087 1190 3119 2883
1214 3085 1246 3128 (3
1267 3096 1365 3117 mars
1384 3084 1506 3128 1298).
