<?xml version="1.0" encoding="UTF-8"?>
<!DOCTYPE html PUBLIC "-//W3C//DTD XHTML 1.0 Transitional//EN"
    "http://www.w3.org/TR/xhtml1/DTD/xhtml1-transitional.dtd">
<html xmlns="http://www.w3.org/1999/xhtml" xml:lang="en" lang="en">
 <head>
  <title>
</title>
<meta http-equiv="Content-Type" content="text/html;charset=utf-8" />
  <meta name='ocr-system' content='tesseract 3.04.00' />
  <meta name='ocr-capabilities' content='ocr_page ocr_carea ocr_par ocr_line ocrx_word'/>
</head>
<body>
  <div class='ocr_page' id='page_1' title='image "./vitaepaparumaven02balu_0679.png"; bbox 0 0 2083 3458; ppageno 0'>
   <div class='ocr_carea' id='block_1_1' title="bbox 82 203 1762 258">
    <p class='ocr_par' dir='ltr' id='par_1_1' title="bbox 82 203 1762 258">
     <span class='ocr_line' id='line_1_1' title="bbox 82 203 1762 258; baseline 0.002 -14"><span class='ocrx_word' id='word_1_1' title='bbox 82 203 233 258; x_wconf 81' lang='lat'>[1149]</span> <span class='ocrx_word' id='word_1_2' title='bbox 600 221 816 245; x_wconf 72' lang='lat' dir='ltr'>PAPARUM</span> <span class='ocrx_word' id='word_1_3' title='bbox 853 220 1233 245; x_wconf 77' lang='lat' dir='ltr'>AVENIONENSIUM</span> <span class='ocrx_word' id='word_1_4' title='bbox 1681 209 1762 249; x_wconf 68' lang='lat'>⁴369</span> 
     </span>
    </p>
   </div>
   <div class='ocr_carea' id='block_1_2' title="bbox 63 302 1762 2595">
    <p class='ocr_par' dir='ltr' id='par_1_2' title="bbox 66 302 1762 587">
     <span class='ocr_line' id='line_1_2' title="bbox 122 302 1759 351; baseline 0.002 -11"><span class='ocrx_word' id='word_1_5' title='bbox 122 303 299 340; x_wconf 82' lang='lat' dir='ltr'>Joannes</span> <span class='ocrx_word' id='word_1_6' title='bbox 324 302 495 351; x_wconf 75' lang='lat' dir='ltr'>Remigii</span> <span class='ocrx_word' id='word_1_7' title='bbox 517 303 564 341; x_wconf 76' lang='lat' dir='ltr'>sle</span> <span class='ocrx_word' id='word_1_8' title='bbox 587 304 785 350; x_wconf 83' lang='lat' dir='ltr'>Guzman,</span> <span class='ocrx_word' id='word_1_9' title='bbox 807 303 1114 341; x_wconf 79' lang='lat' dir='ltr'>archidiaconus</span> <span class='ocrx_word' id='word_1_10' title='bbox 1138 304 1201 341; x_wconf 88' lang='lat' dir='ltr'>del</span> <span class='ocrx_word' id='word_1_11' title='bbox 1220 304 1338 342; x_wconf 74' lang='lat' dir='ltr'>Alcor</span> <span class='ocrx_word' id='word_1_12' title='bbox 1358 305 1398 342; x_wconf 89' lang='lat' dir='ltr'>in</span> <span class='ocrx_word' id='word_1_13' title='bbox 1424 306 1597 344; x_wconf 79' lang='lat' dir='ltr'>Ecclesia</span> <span class='ocrx_word' id='word_1_14' title='bbox 1621 307 1759 345; x_wconf 82' lang='lat' dir='ltr'>Palen-</span> 
     </span>
     <span class='ocr_line' id='line_1_3' title="bbox 69 360 1761 415; baseline 0.003 -17"><span class='ocrx_word' id='word_1_15' title='bbox 69 360 169 407; x_wconf 91' lang='lat' dir='ltr'>tina,</span> <span class='ocrx_word' id='word_1_16' title='bbox 191 375 311 410; x_wconf 89' lang='lat' dir='ltr'>agens</span> <span class='ocrx_word' id='word_1_17' title='bbox 333 361 373 397; x_wconf 94' lang='lat' dir='ltr'>in</span> <span class='ocrx_word' id='word_1_18' title='bbox 394 376 465 398; x_wconf 77' lang='lat' dir='ltr'>sua</span> <span class='ocrx_word' id='word_1_19' title='bbox 488 362 740 411; x_wconf 75' lang='lat' dir='ltr'>depositione</span> <span class='ocrx_word' id='word_1_20' title='bbox 763 363 809 400; x_wconf 90' lang='lat' dir='ltr'>de</span> <span class='ocrx_word' id='word_1_21' title='bbox 831 362 890 399; x_wconf 87' lang='lat' dir='ltr'>his</span> <span class='ocrx_word' id='word_1_22' title='bbox 913 376 1015 411; x_wconf 87' lang='lat' dir='ltr'>quae</span> <span class='ocrx_word' id='word_1_23' title='bbox 1037 362 1087 398; x_wconf 88' lang='lat' dir='ltr'>ab</span> <span class='ocrx_word' id='word_1_24' title='bbox 1112 363 1276 400; x_wconf 74' lang='lat' dir='ltr'>Urbano</span> <span class='ocrx_word' id='word_1_25' title='bbox 1297 373 1387 401; x_wconf 87' lang='lat' dir='ltr'>acta</span> <span class='ocrx_word' id='word_1_26' title='bbox 1410 373 1505 402; x_wconf 90' lang='lat' dir='ltr'>sunt</span> <span class='ocrx_word' id='word_1_27' title='bbox 1525 366 1564 402; x_wconf 90' lang='grc'>111</span> <span class='ocrx_word' id='word_1_28' title='bbox 1586 365 1679 415; x_wconf 84' lang='lat' dir='ltr'>ipsis</span> <span class='ocrx_word' id='word_1_29' title='bbox 1701 367 1761 403; x_wconf 86' lang='lat' dir='ltr'>sui</span> 
     </span>
     <span class='ocr_line' id='line_1_4' title="bbox 68 419 1761 471; baseline 0.003 -14"><span class='ocrx_word' id='word_1_30' title='bbox 68 420 335 470; x_wconf 87' lang='lat' dir='ltr'>pontificatus</span> <span class='ocrx_word' id='word_1_31' title='bbox 367 419 506 467; x_wconf 89' lang='lat' dir='ltr'>initiis,</span> <span class='ocrx_word' id='word_1_32' title='bbox 539 421 580 458; x_wconf 86' lang='lat' dir='ltr'>in</span> <span class='ocrx_word' id='word_1_33' title='bbox 613 422 675 459; x_wconf 80' lang='lat' dir='ltr'>die</span> <span class='ocrx_word' id='word_1_34' title='bbox 709 421 911 460; x_wconf 87' lang='lat' dir='ltr'>dominica</span> <span class='ocrx_word' id='word_1_35' title='bbox 945 435 1047 470; x_wconf 85' lang='lat' dir='ltr'>quae</span> <span class='ocrx_word' id='word_1_36' title='bbox 1081 421 1128 458; x_wconf 89' lang='lat' dir='ltr'>de</span> <span class='ocrx_word' id='word_1_37' title='bbox 1162 422 1281 460; x_wconf 86' lang='lat' dir='ltr'>ramis</span> <span class='ocrx_word' id='word_1_38' title='bbox 1315 423 1543 471; x_wconf 87' lang='lat' dir='ltr'>palmarum</span> <span class='ocrx_word' id='word_1_39' title='bbox 1577 433 1761 471; x_wconf 83' lang='lat' dir='ltr'>vocatur,</span> 
     </span>
     <span class='ocr_line' id='line_1_5' title="bbox 67 478 1762 529; baseline 0.003 -13"><span class='ocrx_word' id='word_1_40' title='bbox 67 478 151 516; x_wconf 86' lang='lat' dir='ltr'>ait1</span> <span class='ocrx_word' id='word_1_41' title='bbox 180 495 187 516; x_wconf 75' lang='grc' dir='ltr'><strong><em>ι</em></strong></span> <span class='ocrx_word' id='word_1_42' title='bbox 214 479 264 515; x_wconf 88' lang='lat' dir='ltr'>Et</span> <span class='ocrx_word' id='word_1_43' title='bbox 290 479 364 516; x_wconf 88' lang='lat' dir='ltr'>ista</span> <span class='ocrx_word' id='word_1_44' title='bbox 389 479 450 516; x_wconf 87' lang='lat' dir='ltr'>die</span> <span class='ocrx_word' id='word_1_45' title='bbox 475 480 555 516; x_wconf 67' lang='lat' dir='ltr'>vidi</span> <span class='ocrx_word' id='word_1_46' title='bbox 591 481 691 529; x_wconf 78' lang='lat' dir='ltr'>quod</span> <span class='ocrx_word' id='word_1_47' title='bbox 724 479 940 517; x_wconf 82' lang='lat' dir='ltr'>cardinalis</span> <span class='ocrx_word' id='word_1_48' title='bbox 965 480 1209 517; x_wconf 73' lang='lat' dir='ltr'>Pictcwensis</span> <span class='ocrx_word' id='word_1_49' title='bbox 1234 481 1368 529; x_wconf 68' lang='lat' dir='ltr'>petivit</span> <span class='ocrx_word' id='word_1_50' title='bbox 1392 483 1441 519; x_wconf 89' lang='lat' dir='ltr'>ab</span> <span class='ocrx_word' id='word_1_51' title='bbox 1466 497 1506 519; x_wconf 93' lang='lat' dir='ltr'>eo</span> <span class='ocrx_word' id='word_1_52' title='bbox 1533 484 1762 521; x_wconf 85' lang='lat' dir='ltr'>decanatum</span> 
     </span>
     <span class='ocr_line' id='line_1_6' title="bbox 66 537 959 587; baseline 0.002 -13"><span class='ocrx_word' id='word_1_53' title='bbox 66 537 437 587; x_wconf 81' lang='lat' dir='ltr'>Compostellanum,</span> <span class='ocrx_word' id='word_1_54' title='bbox 456 547 489 575; x_wconf 90' lang='lat' dir='ltr'>et</span> <span class='ocrx_word' id='word_1_55' title='bbox 507 538 634 576; x_wconf 83' lang='lat' dir='ltr'>noluit</span> <span class='ocrx_word' id='word_1_56' title='bbox 650 539 731 576; x_wconf 87' lang='lat' dir='ltr'>sibi</span> <span class='ocrx_word' id='word_1_57' title='bbox 749 540 959 576; x_wconf 81' lang='lat' dir='ltr'><em>concedere.</em></span> 
     </span>
    </p>

    <p class='ocr_par' dir='ltr' id='par_1_3' title="bbox 65 596 1761 1474">
     <span class='ocr_line' id='line_1_7' title="bbox 120 596 1758 646; baseline 0.003 -13"><span class='ocrx_word' id='word_1_58' title='bbox 120 596 228 633; x_wconf 87' lang='lat' dir='ltr'>Dum</span> <span class='ocrx_word' id='word_1_59' title='bbox 250 596 328 634; x_wconf 91' lang='lat' dir='ltr'>ista</span> <span class='ocrx_word' id='word_1_60' title='bbox 351 597 592 646; x_wconf 73' lang='lat' dir='ltr'>agebantur,</span> <span class='ocrx_word' id='word_1_61' title='bbox 617 598 790 636; x_wconf 78' lang='lat' dir='ltr'>durante</span> <span class='ocrx_word' id='word_1_62' title='bbox 814 597 1005 635; x_wconf 89' lang='lat' dir='ltr'>nimirum</span> <span class='ocrx_word' id='word_1_63' title='bbox 1029 606 1140 635; x_wconf 87' lang='lat' dir='ltr'>metu</span> <span class='ocrx_word' id='word_1_64' title='bbox 1164 613 1213 635; x_wconf 80' lang='lat' dir='ltr'>ex</span> <span class='ocrx_word' id='word_1_65' title='bbox 1239 599 1445 645; x_wconf 79' lang='lat' dir='ltr'>Romanis,</span> <span class='ocrx_word' id='word_1_66' title='bbox 1469 601 1691 639; x_wconf 79' lang='lat' dir='ltr'>cardinales</span> <span class='ocrx_word' id='word_1_67' title='bbox 1715 615 1758 639; x_wconf 91' lang='lat' dir='ltr'>ea</span> 
     </span>
     <span class='ocr_line' id='line_1_8' title="bbox 66 656 1760 707; baseline 0.003 -15"><span class='ocrx_word' id='word_1_68' title='bbox 66 656 282 705; x_wconf 88' lang='lat' dir='ltr'>parabant,</span> <span class='ocrx_word' id='word_1_69' title='bbox 312 656 634 703; x_wconf 80' lang='lat' dir='ltr'>meditabantur,</span> <span class='ocrx_word' id='word_1_70' title='bbox 664 657 903 707; x_wconf 81' lang='lat' dir='ltr'>cogitabant</span> <span class='ocrx_word' id='word_1_71' title='bbox 932 670 1034 705; x_wconf 88' lang='lat' dir='ltr'>quae</span> <span class='ocrx_word' id='word_1_72' title='bbox 1065 656 1150 694; x_wconf 87' lang='lat' dir='ltr'>sieri</span> <span class='ocrx_word' id='word_1_73' title='bbox 1179 671 1337 695; x_wconf 74' lang='lat' dir='ltr'>necesse</span> <span class='ocrx_word' id='word_1_74' title='bbox 1366 667 1452 696; x_wconf 89' lang='lat' dir='ltr'>erat</span> <span class='ocrx_word' id='word_1_75' title='bbox 1480 668 1526 696; x_wconf 88' lang='lat' dir='ltr'>ut</span> <span class='ocrx_word' id='word_1_76' title='bbox 1552 675 1592 697; x_wconf 87' lang='lat' dir='ltr'>se</span> <span class='ocrx_word' id='word_1_77' title='bbox 1621 674 1760 697; x_wconf 89' lang='lat' dir='ltr'>eorum</span> 
     </span>
     <span class='ocr_line' id='line_1_9' title="bbox 68 714 1759 767; baseline 0.002 -16"><span class='ocrx_word' id='word_1_78' title='bbox 68 714 192 752; x_wconf 88' lang='lat' dir='ltr'>furori</span> <span class='ocrx_word' id='word_1_79' title='bbox 218 715 505 753; x_wconf 88' lang='lat' dir='ltr'>subducerent.</span> <span class='ocrx_word' id='word_1_80' title='bbox 535 716 640 765; x_wconf 87' lang='lat' dir='ltr'>Ergo</span> <span class='ocrx_word' id='word_1_81' title='bbox 666 724 884 766; x_wconf 86' lang='lat' dir='ltr'>praetextu</span> <span class='ocrx_word' id='word_1_82' title='bbox 911 715 1069 752; x_wconf 71' lang='lat' dir='ltr'>vitandi</span> <span class='ocrx_word' id='word_1_83' title='bbox 1097 716 1246 753; x_wconf 85' lang='lat' dir='ltr'>calores</span> <span class='ocrx_word' id='word_1_84' title='bbox 1273 717 1463 763; x_wconf 86' lang='lat' dir='ltr'>urbanos,</span> <span class='ocrx_word' id='word_1_85' title='bbox 1490 727 1531 756; x_wconf 88' lang='lat' dir='ltr'>et</span> <span class='ocrx_word' id='word_1_86' title='bbox 1557 719 1650 767; x_wconf 82' lang='lat' dir='ltr'>quia</span> <span class='ocrx_word' id='word_1_87' title='bbox 1676 719 1759 767; x_wconf 83' lang='lat' dir='ltr'>jam</span> 
     </span>
     <span class='ocr_line' id='line_1_10' title="bbox 67 773 1760 826; baseline 0.003 -16"><span class='ocrx_word' id='word_1_88' title='bbox 67 773 275 823; x_wconf 79' lang='lat' dir='ltr'>Anagniae</span> <span class='ocrx_word' id='word_1_89' title='bbox 302 773 416 823; x_wconf 86' lang='lat' dir='ltr'>jussu</span> <span class='ocrx_word' id='word_1_90' title='bbox 433 774 613 824; x_wconf 82' lang='lat' dir='ltr'>Gregorii</span> <span class='ocrx_word' id='word_1_91' title='bbox 643 775 703 812; x_wconf 90' lang='lat' dir='ltr'>XI</span> <span class='ocrx_word' id='word_1_92' title='bbox 729 789 868 814; x_wconf 88' lang='lat' dir='ltr'>earum</span> <span class='ocrx_word' id='word_1_93' title='bbox 896 788 1029 813; x_wconf 92' lang='lat' dir='ltr'>rerum</span> <span class='ocrx_word' id='word_1_94' title='bbox 1066 775 1411 824; x_wconf 84' lang='lat' dir='ltr'>comparationem</span> <span class='ocrx_word' id='word_1_95' title='bbox 1451 776 1629 814; x_wconf 82' lang='lat' dir='ltr'>fecerant</span> <span class='ocrx_word' id='word_1_96' title='bbox 1658 792 1760 826; x_wconf 86' lang='lat' dir='ltr'>quae</span> 
     </span>
     <span class='ocr_line' id='line_1_11' title="bbox 68 832 1761 883; baseline 0.002 -13"><span class='ocrx_word' id='word_1_97' title='bbox 68 832 313 871; x_wconf 85' lang='lat' dir='ltr'>necessariae</span> <span class='ocrx_word' id='word_1_98' title='bbox 345 841 479 871; x_wconf 79' lang='lat' dir='ltr'>essent</span> <span class='ocrx_word' id='word_1_99' title='bbox 509 834 561 871; x_wconf 88' lang='lat' dir='ltr'>ad</span> <span class='ocrx_word' id='word_1_100' title='bbox 591 833 896 883; x_wconf 86' lang='lat' dir='ltr'>transigendam</span> <span class='ocrx_word' id='word_1_101' title='bbox 928 833 1006 871; x_wconf 90' lang='lat' dir='ltr'>illic</span> <span class='ocrx_word' id='word_1_102' title='bbox 1037 842 1250 879; x_wconf 77' lang='lat' dir='ltr'>aestatem,</span> <span class='ocrx_word' id='word_1_103' title='bbox 1282 835 1481 883; x_wconf 89' lang='lat' dir='ltr'>paulatim</span> <span class='ocrx_word' id='word_1_104' title='bbox 1512 836 1562 872; x_wconf 92' lang='lat' dir='ltr'>ab</span> <span class='ocrx_word' id='word_1_105' title='bbox 1595 836 1761 873; x_wconf 86' lang='lat' dir='ltr'>Urbano</span> 
     </span>
     <span class='ocr_line' id='line_1_12' title="bbox 68 891 1760 944; baseline 0.002 -16"><span class='ocrx_word' id='word_1_106' title='bbox 68 891 333 938; x_wconf 86' lang='lat' dir='ltr'>discedentes,</span> <span class='ocrx_word' id='word_1_107' title='bbox 367 891 408 929; x_wconf 89' lang='lat' dir='ltr'>in</span> <span class='ocrx_word' id='word_1_108' title='bbox 441 906 528 930; x_wconf 87' lang='lat' dir='ltr'>eam</span> <span class='ocrx_word' id='word_1_109' title='bbox 564 893 705 932; x_wconf 89' lang='lat' dir='ltr'>urbem</span> <span class='ocrx_word' id='word_1_110' title='bbox 739 908 778 931; x_wconf 90' lang='lat' dir='ltr'>se</span> <span class='ocrx_word' id='word_1_111' title='bbox 813 893 1032 930; x_wconf 85' lang='lat' dir='ltr'>contulere.</span> <span class='ocrx_word' id='word_1_112' title='bbox 1069 893 1326 930; x_wconf 84' lang='lat' dir='ltr'>Adnotatum</span> <span class='ocrx_word' id='word_1_113' title='bbox 1360 902 1498 933; x_wconf 87' lang='lat' dir='ltr'>autem</span> <span class='ocrx_word' id='word_1_114' title='bbox 1531 903 1591 933; x_wconf 87' lang='lat' dir='ltr'>est</span> <span class='ocrx_word' id='word_1_115' title='bbox 1624 909 1760 944; x_wconf 85' lang='lat' dir='ltr'>supra,</span> 
     </span>
     <span class='ocr_line' id='line_1_13' title="bbox 66 950 1760 1003; baseline 0.002 -15"><span class='ocrx_word' id='word_1_116' title='bbox 66 965 105 1000; x_wconf 91' lang='lat' dir='ltr'>p.</span> <span class='ocrx_word' id='word_1_117' title='bbox 129 950 241 997; x_wconf 78' lang='lat'>1008,</span> <span class='ocrx_word' id='word_1_118' title='bbox 263 950 486 989; x_wconf 86' lang='lat' dir='ltr'>cardinales</span> <span class='ocrx_word' id='word_1_119' title='bbox 508 951 555 989; x_wconf 90' lang='lat' dir='ltr'>de</span> <span class='ocrx_word' id='word_1_120' title='bbox 578 952 772 1001; x_wconf 81' lang='lat' dir='ltr'>Agrifolio</span> <span class='ocrx_word' id='word_1_121' title='bbox 792 960 833 989; x_wconf 87' lang='lat' dir='ltr'>et</span> <span class='ocrx_word' id='word_1_122' title='bbox 854 952 1138 989; x_wconf 87' lang='lat' dir='ltr'>Pictavensem</span> <span class='ocrx_word' id='word_1_123' title='bbox 1158 952 1307 1001; x_wconf 86' lang='lat' dir='ltr'>primos</span> <span class='ocrx_word' id='word_1_124' title='bbox 1330 953 1449 990; x_wconf 86' lang='lat' dir='ltr'>fuisse</span> <span class='ocrx_word' id='word_1_125' title='bbox 1471 953 1538 1002; x_wconf 87' lang='lat' dir='ltr'>qui</span> <span class='ocrx_word' id='word_1_126' title='bbox 1558 953 1651 991; x_wconf 90' lang='lat' dir='ltr'>illuc</span> <span class='ocrx_word' id='word_1_127' title='bbox 1671 968 1760 1003; x_wconf 88' lang='lat' dir='ltr'>pro-</span> 
     </span>
     <span class='ocr_line' id='line_1_14' title="bbox 68 1009 1759 1062; baseline 0.002 -16"><span class='ocrx_word' id='word_1_128' title='bbox 68 1009 162 1048; x_wconf 82' lang='lat' dir='ltr'>fecti</span> <span class='ocrx_word' id='word_1_129' title='bbox 180 1018 288 1047; x_wconf 89' lang='lat' dir='ltr'>sunt.</span> <span class='ocrx_word' id='word_1_130' title='bbox 309 1010 531 1048; x_wconf 89' lang='lat' dir='ltr'>Menendus</span> <span class='ocrx_word' id='word_1_131' title='bbox 551 1019 690 1050; x_wconf 84' lang='lat' dir='ltr'>autem</span> <span class='ocrx_word' id='word_1_132' title='bbox 707 1011 919 1061; x_wconf 87' lang='lat' dir='ltr'>episcopus</span> <span class='ocrx_word' id='word_1_133' title='bbox 939 1010 1208 1048; x_wconf 87' lang='lat' dir='ltr'>Cordubensis</span> <span class='ocrx_word' id='word_1_134' title='bbox 1228 1011 1285 1048; x_wconf 90' lang='lat' dir='ltr'>ait</span> <span class='ocrx_word' id='word_1_135' title='bbox 1303 1010 1317 1033; x_wconf 79' lang='lat'>2</span> <span class='ocrx_word' id='word_1_136' title='bbox 1334 1011 1420 1062; x_wconf 88' lang='lat' dir='ltr'>illos</span> <span class='ocrx_word' id='word_1_137' title='bbox 1450 1012 1556 1049; x_wconf 87' lang='lat' dir='ltr'>Urbe</span> <span class='ocrx_word' id='word_1_138' title='bbox 1584 1027 1759 1061; x_wconf 87' lang='lat' dir='ltr'>egressos</span> 
     </span>
     <span class='ocr_line' id='line_1_15' title="bbox 66 1068 1760 1120; baseline 0.001 -14"><span class='ocrx_word' id='word_1_139' title='bbox 66 1083 149 1106; x_wconf 87' lang='lat' dir='ltr'>esse</span> <span class='ocrx_word' id='word_1_140' title='bbox 165 1068 207 1106; x_wconf 91' lang='lat' dir='ltr'>in</span> <span class='ocrx_word' id='word_1_141' title='bbox 222 1068 338 1106; x_wconf 90' lang='lat' dir='ltr'>initio</span> <span class='ocrx_word' id='word_1_142' title='bbox 355 1069 502 1107; x_wconf 89' lang='lat' dir='ltr'>mensis</span> <span class='ocrx_word' id='word_1_143' title='bbox 520 1070 615 1107; x_wconf 91' lang='lat' dir='ltr'>maii</span> <span class='ocrx_word' id='word_1_144' title='bbox 634 1086 640 1107; x_wconf 89' lang='lat'><strong>:</strong></span> <span class='ocrx_word' id='word_1_145' title='bbox 660 1070 708 1107; x_wconf 90' lang='lat' dir='ltr'>Et</span> <span class='ocrx_word' id='word_1_146' title='bbox 724 1070 923 1107; x_wconf 77' lang='lat' dir='ltr'>dicebatur</span> <span class='ocrx_word' id='word_1_147' title='bbox 938 1069 1070 1116; x_wconf 83' lang='lat' dir='ltr'>Rome,</span> <span class='ocrx_word' id='word_1_148' title='bbox 1087 1069 1234 1119; x_wconf 83' lang='lat' dir='ltr'>inquit,</span> <span class='ocrx_word' id='word_1_149' title='bbox 1259 1071 1358 1119; x_wconf 83' lang='lat' dir='ltr'>quod</span> <span class='ocrx_word' id='word_1_150' title='bbox 1373 1071 1592 1108; x_wconf 73' lang='lat' dir='ltr'>recedebant</span> <span class='ocrx_word' id='word_1_151' title='bbox 1609 1071 1760 1120; x_wconf 76' lang='lat' dir='ltr'>infirmi</span> 
     </span>
     <span class='ocr_line' id='line_1_16' title="bbox 67 1127 1758 1179; baseline 0.001 -14"><span class='ocrx_word' id='word_1_152' title='bbox 67 1127 252 1177; x_wconf 84' lang='lat' dir='ltr'>quoniam</span> <span class='ocrx_word' id='word_1_153' title='bbox 286 1128 366 1177; x_wconf 87' lang='lat' dir='ltr'>ipsi</span> <span class='ocrx_word' id='word_1_154' title='bbox 399 1137 508 1166; x_wconf 88' lang='lat' dir='ltr'>erant</span> <span class='ocrx_word' id='word_1_155' title='bbox 550 1129 707 1166; x_wconf 78' lang='lat' dir='ltr'>delicate</span> <span class='ocrx_word' id='word_1_156' title='bbox 750 1128 1043 1178; x_wconf 65' lang='lat' dir='ltr'>complexioni-3,</span> <span class='ocrx_word' id='word_1_157' title='bbox 1086 1137 1119 1166; x_wconf 89' lang='lat' dir='ltr'>et</span> <span class='ocrx_word' id='word_1_158' title='bbox 1159 1129 1301 1166; x_wconf 78' lang='lat' dir='ltr'>calores</span> <span class='ocrx_word' id='word_1_159' title='bbox 1345 1129 1587 1179; x_wconf 79' lang='lat' dir='ltr'>incipiebant</span> <span class='ocrx_word' id='word_1_160' title='bbox 1628 1131 1758 1168; x_wconf 83' lang='lat' dir='ltr'>Rome.</span> 
     </span>
     <span class='ocr_line' id='line_1_17' title="bbox 70 1187 1759 1235; baseline 0.001 -11"><span class='ocrx_word' id='word_1_161' title='bbox 70 1187 303 1225; x_wconf 87' lang='lat' dir='ltr'>Fernandus</span> <span class='ocrx_word' id='word_1_162' title='bbox 335 1187 457 1234; x_wconf 88' lang='lat' dir='ltr'>Petri,</span> <span class='ocrx_word' id='word_1_163' title='bbox 488 1188 663 1226; x_wconf 89' lang='lat' dir='ltr'>decanus</span> <span class='ocrx_word' id='word_1_164' title='bbox 694 1187 984 1235; x_wconf 85' lang='lat' dir='ltr'>Tirasoncnsis,</span> <span class='ocrx_word' id='word_1_165' title='bbox 1015 1188 1260 1226; x_wconf 87' lang='lat' dir='ltr'>confirmans</span> <span class='ocrx_word' id='word_1_166' title='bbox 1299 1189 1369 1225; x_wconf 90' lang='lat' dir='ltr'>hos</span> <span class='ocrx_word' id='word_1_167' title='bbox 1409 1189 1507 1226; x_wconf 87' lang='lat' dir='ltr'>duos</span> <span class='ocrx_word' id='word_1_168' title='bbox 1538 1189 1759 1227; x_wconf 88' lang='lat' dir='ltr'>cardinales</span> 
     </span>
     <span class='ocr_line' id='line_1_18' title="bbox 67 1245 1760 1296; baseline 0.001 -13"><span class='ocrx_word' id='word_1_169' title='bbox 67 1245 216 1296; x_wconf 89' lang='lat' dir='ltr'>primos</span> <span class='ocrx_word' id='word_1_170' title='bbox 243 1246 351 1284; x_wconf 87' lang='lat' dir='ltr'>Urbe</span> <span class='ocrx_word' id='word_1_171' title='bbox 375 1261 552 1295; x_wconf 83' lang='lat' dir='ltr'>egressos</span> <span class='ocrx_word' id='word_1_172' title='bbox 577 1262 674 1293; x_wconf 89' lang='lat' dir='ltr'>csse,</span> <span class='ocrx_word' id='word_1_173' title='bbox 699 1247 757 1284; x_wconf 91' lang='lat' dir='ltr'>ait</span> <span class='ocrx_word' id='word_1_174' title='bbox 780 1247 867 1284; x_wconf 90' lang='lat' dir='ltr'>illos</span> <span class='ocrx_word' id='word_1_175' title='bbox 884 1246 899 1268; x_wconf 83' lang='lat'><strong>3</strong></span> <span class='ocrx_word' id='word_1_176' title='bbox 922 1247 1128 1285; x_wconf 89' lang='lat' dir='ltr'>recessisse</span> <span class='ocrx_word' id='word_1_177' title='bbox 1161 1247 1209 1284; x_wconf 88' lang='lat' dir='ltr'>de</span> <span class='ocrx_word' id='word_1_178' title='bbox 1244 1247 1366 1284; x_wconf 80' lang='lat' dir='ltr'>Roma</span> <span class='ocrx_word' id='word_1_179' title='bbox 1391 1248 1441 1284; x_wconf 80' lang='lat' dir='ltr'>ad</span> <span class='ocrx_word' id='word_1_180' title='bbox 1463 1248 1694 1296; x_wconf 77' lang='lat' dir='ltr'>Anagniam</span> <span class='ocrx_word' id='word_1_181' title='bbox 1719 1248 1760 1284; x_wconf 88' lang='lat' dir='ltr'>in</span> 
     </span>
     <span class='ocr_line' id='line_1_19' title="bbox 67 1305 1760 1356; baseline 0.001 -14"><span class='ocrx_word' id='word_1_182' title='bbox 67 1305 144 1354; x_wconf 75' lang='lat' dir='ltr'>fine</span> <span class='ocrx_word' id='word_1_183' title='bbox 169 1305 312 1355; x_wconf 77' lang='lat' dir='ltr'>aprilis</span> <span class='ocrx_word' id='word_1_184' title='bbox 336 1314 405 1343; x_wconf 79' lang='lat' dir='ltr'>aut</span> <span class='ocrx_word' id='word_1_185' title='bbox 431 1305 473 1343; x_wconf 86' lang='lat' dir='ltr'>in</span> <span class='ocrx_word' id='word_1_186' title='bbox 498 1306 699 1356; x_wconf 85' lang='lat' dir='ltr'>principio</span> <span class='ocrx_word' id='word_1_187' title='bbox 725 1306 836 1344; x_wconf 88' lang='lat' dir='ltr'>maii.</span> <span class='ocrx_word' id='word_1_188' title='bbox 864 1306 1040 1343; x_wconf 88' lang='lat' dir='ltr'>Thomas</span> <span class='ocrx_word' id='word_1_189' title='bbox 1064 1306 1317 1352; x_wconf 88' lang='lat' dir='ltr'>Gundisalvi,</span> <span class='ocrx_word' id='word_1_190' title='bbox 1344 1307 1618 1344; x_wconf 86' lang='lat' dir='ltr'>thesaurarius</span> <span class='ocrx_word' id='word_1_191' title='bbox 1647 1308 1760 1344; x_wconf 82' lang='lat' dir='ltr'>Com-</span> 
     </span>
     <span class='ocr_line' id='line_1_20' title="bbox 65 1364 1758 1415; baseline 0.001 -14"><span class='ocrx_word' id='word_1_192' title='bbox 65 1364 330 1414; x_wconf 86' lang='lat' dir='ltr'>postellanus,</span> <span class='ocrx_word' id='word_1_193' title='bbox 349 1364 461 1403; x_wconf 87' lang='lat' dir='ltr'>istud</span> <span class='ocrx_word' id='word_1_194' title='bbox 479 1364 613 1415; x_wconf 90' lang='lat' dir='ltr'>ipsum</span> <span class='ocrx_word' id='word_1_195' title='bbox 632 1365 773 1412; x_wconf 80' lang='lat' dir='ltr'>tradit,</span> <span class='ocrx_word' id='word_1_196' title='bbox 794 1365 869 1403; x_wconf 90' lang='lat' dir='ltr'>nisi</span> <span class='ocrx_word' id='word_1_197' title='bbox 889 1365 998 1414; x_wconf 88' lang='lat' dir='ltr'>quod</span> <span class='ocrx_word' id='word_1_198' title='bbox 1018 1365 1075 1402; x_wconf 87' lang='lat' dir='ltr'>ait</span> <span class='ocrx_word' id='word_1_199' title='bbox 1095 1365 1180 1402; x_wconf 91' lang='lat' dir='ltr'>illos</span> <span class='ocrx_word' id='word_1_200' title='bbox 1200 1365 1405 1403; x_wconf 77' lang='lat' dir='ltr'>recessisse</span> <span class='ocrx_word' id='word_1_201' title='bbox 1425 1365 1465 1402; x_wconf 90' lang='grc'>111</span> <span class='ocrx_word' id='word_1_202' title='bbox 1485 1380 1618 1403; x_wconf 86' lang='lat' dir='ltr'>mense</span> <span class='ocrx_word' id='word_1_203' title='bbox 1639 1365 1758 1412; x_wconf 89' lang='lat' dir='ltr'>maio,</span> 
     </span>
     <span class='ocr_line' id='line_1_21' title="bbox 66 1423 1095 1474; baseline 0.001 -14"><span class='ocrx_word' id='word_1_204' title='bbox 66 1423 135 1461; x_wconf 88' lang='lat' dir='ltr'>sed</span> <span class='ocrx_word' id='word_1_205' title='bbox 158 1438 236 1460; x_wconf 88' lang='lat' dir='ltr'>non</span> <span class='ocrx_word' id='word_1_206' title='bbox 260 1424 480 1461; x_wconf 79' lang='lat' dir='ltr'>recordatur</span> <span class='ocrx_word' id='word_1_207' title='bbox 500 1424 536 1461; x_wconf 82' lang='lat' dir='ltr'>si</span> <span class='ocrx_word' id='word_1_208' title='bbox 560 1424 599 1461; x_wconf 85' lang='lat' dir='ltr'>in</span> <span class='ocrx_word' id='word_1_209' title='bbox 625 1425 715 1473; x_wconf 79' lang='lat' dir='ltr'>sine,</span> <span class='ocrx_word' id='word_1_210' title='bbox 739 1425 795 1461; x_wconf 65' lang='lat' dir='ltr'>vel</span> <span class='ocrx_word' id='word_1_211' title='bbox 818 1424 860 1461; x_wconf 88' lang='lat' dir='ltr'>in</span> <span class='ocrx_word' id='word_1_212' title='bbox 882 1424 1095 1474; x_wconf 79' lang='lat' dir='ltr'>principio,</span> 
     </span>
    </p>

    <p class='ocr_par' dir='ltr' id='par_1_4' title="bbox 66 1482 1761 1769">
     <span class='ocr_line' id='line_1_22' title="bbox 118 1482 1759 1532; baseline 0.001 -13"><span class='ocrx_word' id='word_1_213' title='bbox 118 1482 328 1532; x_wconf 85' lang='lat' dir='ltr'>Anagniae</span> <span class='ocrx_word' id='word_1_214' title='bbox 349 1483 623 1522; x_wconf 87' lang='lat' dir='ltr'>constitutum</span> <span class='ocrx_word' id='word_1_215' title='bbox 644 1483 873 1522; x_wconf 87' lang='lat' dir='ltr'>Guidonem</span> <span class='ocrx_word' id='word_1_216' title='bbox 893 1483 1024 1520; x_wconf 80' lang='lat' dir='ltr'>adivit</span> <span class='ocrx_word' id='word_1_217' title='bbox 1046 1483 1315 1532; x_wconf 67' lang='lat' dir='ltr'>Haynulphus</span> <span class='ocrx_word' id='word_1_218' title='bbox 1337 1483 1383 1520; x_wconf 91' lang='lat' dir='ltr'>de</span> <span class='ocrx_word' id='word_1_219' title='bbox 1405 1483 1529 1520; x_wconf 85' lang='lat' dir='ltr'>Gorsa</span> <span class='ocrx_word' id='word_1_220' title='bbox 1549 1483 1759 1532; x_wconf 82' lang='lat' dir='ltr'>episcopus</span> 
     </span>
     <span class='ocr_line' id='line_1_23' title="bbox 68 1541 1760 1592; baseline 0 -13"><span class='ocrx_word' id='word_1_221' title='bbox 68 1541 362 1588; x_wconf 83' lang='lat' dir='ltr'>Sistaricensis;</span> <span class='ocrx_word' id='word_1_222' title='bbox 399 1557 449 1580; x_wconf 85' lang='lat' dir='ltr'>cx</span> <span class='ocrx_word' id='word_1_223' title='bbox 483 1542 569 1592; x_wconf 88' lang='lat' dir='ltr'>ejus</span> <span class='ocrx_word' id='word_1_224' title='bbox 607 1557 671 1580; x_wconf 90' lang='lat' dir='ltr'>ore</span> <span class='ocrx_word' id='word_1_225' title='bbox 707 1542 868 1580; x_wconf 87' lang='lat' dir='ltr'>audivit</span> <span class='ocrx_word' id='word_1_226' title='bbox 903 1542 1127 1581; x_wconf 84' lang='lat' dir='ltr'>cardinales</span> <span class='ocrx_word' id='word_1_227' title='bbox 1163 1542 1340 1581; x_wconf 90' lang='lat' dir='ltr'>multum</span> <span class='ocrx_word' id='word_1_228' title='bbox 1376 1550 1599 1581; x_wconf 85' lang='lat' dir='ltr'>commotos</span> <span class='ocrx_word' id='word_1_229' title='bbox 1641 1542 1760 1579; x_wconf 82' lang='lat' dir='ltr'>fuisse</span> 
     </span>
     <span class='ocr_line' id='line_1_24' title="bbox 66 1600 1760 1651; baseline -0.001 -13"><span class='ocrx_word' id='word_1_230' title='bbox 66 1600 260 1639; x_wconf 89' lang='lat' dir='ltr'>adversus</span> <span class='ocrx_word' id='word_1_231' title='bbox 283 1601 497 1638; x_wconf 91' lang='lat' dir='ltr'>Urbanum</span> <span class='ocrx_word' id='word_1_232' title='bbox 518 1610 734 1651; x_wconf 88' lang='lat' dir='ltr'>propterea</span> <span class='ocrx_word' id='word_1_233' title='bbox 757 1602 864 1651; x_wconf 89' lang='lat' dir='ltr'>quod</span> <span class='ocrx_word' id='word_1_234' title='bbox 882 1600 897 1623; x_wconf 77' lang='lat'>‘²</span> <span class='ocrx_word' id='word_1_235' title='bbox 918 1601 1092 1650; x_wconf 86' lang='lat' dir='ltr'>injurias</span> <span class='ocrx_word' id='word_1_236' title='bbox 1121 1610 1154 1638; x_wconf 87' lang='lat' dir='ltr'>et</span> <span class='ocrx_word' id='word_1_237' title='bbox 1183 1602 1326 1638; x_wconf 82' lang='lat' dir='ltr'>damna</span> <span class='ocrx_word' id='word_1_238' title='bbox 1350 1601 1459 1638; x_wconf 82' lang='lat' dir='ltr'>illata</span> <span class='ocrx_word' id='word_1_239' title='bbox 1479 1615 1546 1650; x_wconf 82' lang='lat' dir='ltr'>per</span> <span class='ocrx_word' id='word_1_240' title='bbox 1564 1601 1760 1637; x_wconf 81' lang='lat' dir='ltr'>Romanos</span> 
     </span>
     <span class='ocr_line' id='line_1_25' title="bbox 67 1659 1761 1709; baseline 0 -13"><span class='ocrx_word' id='word_1_241' title='bbox 67 1659 168 1709; x_wconf 86' lang='lat' dir='ltr'>ipsis</span> <span class='ocrx_word' id='word_1_242' title='bbox 184 1660 456 1698; x_wconf 76' lang='lat' dir='ltr'>cardinalibus</span> <span class='ocrx_word' id='word_1_243' title='bbox 473 1675 551 1698; x_wconf 85' lang='lat' dir='ltr'>non</span> <span class='ocrx_word' id='word_1_244' title='bbox 567 1661 711 1698; x_wconf 67' lang='lat' dir='ltr'>vocatis</span> <span class='ocrx_word' id='word_1_245' title='bbox 726 1661 876 1698; x_wconf 79' lang='lat' dir='ltr'>remisit</span> <span class='ocrx_word' id='word_1_246' title='bbox 891 1669 924 1698; x_wconf 81' lang='lat' dir='ltr'>et</span> <span class='ocrx_word' id='word_1_247' title='bbox 939 1661 1121 1706; x_wconf 69' lang='lat' dir='ltr'>absolvit3</span> <span class='ocrx_word' id='word_1_248' title='bbox 1140 1661 1183 1697; x_wconf 91' lang='lat' dir='ltr'>de</span> <span class='ocrx_word' id='word_1_249' title='bbox 1199 1675 1271 1709; x_wconf 80' lang='lat' dir='ltr'>quo</span> <span class='ocrx_word' id='word_1_250' title='bbox 1288 1660 1502 1697; x_wconf 77' lang='lat' dir='ltr'>cardinalis</span> <span class='ocrx_word' id='word_1_251' title='bbox 1518 1659 1761 1697; x_wconf 65' lang='lat' dir='ltr'>Pictawensis</span> 
     </span>
     <span class='ocr_line' id='line_1_26' title="bbox 66 1718 1400 1769; baseline 0 -13"><span class='ocrx_word' id='word_1_252' title='bbox 66 1718 197 1766; x_wconf 82' lang='lat' dir='ltr'>michi,</span> <span class='ocrx_word' id='word_1_253' title='bbox 222 1720 376 1769; x_wconf 82' lang='lat' dir='ltr'>quando</span> <span class='ocrx_word' id='word_1_254' title='bbox 397 1720 459 1768; x_wconf 74' lang='lat' dir='ltr'>sui</span> <span class='ocrx_word' id='word_1_255' title='bbox 484 1720 526 1756; x_wconf 87' lang='lat' dir='ltr'>in</span> <span class='ocrx_word' id='word_1_256' title='bbox 548 1720 754 1769; x_wconf 81' lang='lat' dir='ltr'>Anagnia,</span> <span class='ocrx_word' id='word_1_257' title='bbox 776 1720 855 1768; x_wconf 77' lang='lat' dir='ltr'>suit</span> <span class='ocrx_word' id='word_1_258' title='bbox 877 1720 1093 1769; x_wconf 83' lang='lat' dir='ltr'>querelatus</span> <span class='ocrx_word' id='word_1_259' title='bbox 1115 1728 1148 1756; x_wconf 88' lang='lat' dir='ltr'>et</span> <span class='ocrx_word' id='word_1_260' title='bbox 1169 1719 1400 1756; x_wconf 76' lang='lat' dir='ltr'>admiratus.</span> 
     </span>
    </p>

    <p class='ocr_par' dir='ltr' id='par_1_5' title="bbox 63 1777 1760 2595">
     <span class='ocr_line' id='line_1_27' title="bbox 119 1777 1760 1829; baseline -0.001 -14"><span class='ocrx_word' id='word_1_261' title='bbox 119 1777 312 1827; x_wconf 86' lang='lat' dir='ltr'>Sequenti</span> <span class='ocrx_word' id='word_1_262' title='bbox 330 1793 467 1817; x_wconf 86' lang='lat' dir='ltr'>mense</span> <span class='ocrx_word' id='word_1_263' title='bbox 480 1779 700 1829; x_wconf 85' lang='lat' dir='ltr'>septembri</span> <span class='ocrx_word' id='word_1_264' title='bbox 712 1779 818 1817; x_wconf 90' lang='lat' dir='ltr'>idem</span> <span class='ocrx_word' id='word_1_265' title='bbox 836 1779 968 1816; x_wconf 85' lang='lat' dir='ltr'>Guido</span> <span class='ocrx_word' id='word_1_266' title='bbox 982 1793 1072 1816; x_wconf 88' lang='lat' dir='ltr'>cum</span> <span class='ocrx_word' id='word_1_267' title='bbox 1089 1778 1174 1816; x_wconf 87' lang='lat' dir='ltr'>aliis</span> <span class='ocrx_word' id='word_1_268' title='bbox 1191 1778 1462 1816; x_wconf 88' lang='lat' dir='ltr'>cardinalibus</span> <span class='ocrx_word' id='word_1_269' title='bbox 1476 1777 1594 1826; x_wconf 84' lang='lat' dir='ltr'>elegit</span> <span class='ocrx_word' id='word_1_270' title='bbox 1610 1790 1760 1826; x_wconf 88' lang='lat' dir='ltr'>papam</span> 
     </span>
     <span class='ocr_line' id='line_1_28' title="bbox 66 1836 1760 1888; baseline -0.001 -14"><span class='ocrx_word' id='word_1_271' title='bbox 66 1836 312 1876; x_wconf 85' lang='lat' dir='ltr'>Clementem</span> <span class='ocrx_word' id='word_1_272' title='bbox 331 1838 424 1885; x_wconf 88' lang='lat' dir='ltr'>VII,</span> <span class='ocrx_word' id='word_1_273' title='bbox 440 1852 462 1876; x_wconf 90' lang='lat' dir='ltr'>a</span> <span class='ocrx_word' id='word_1_274' title='bbox 481 1852 561 1887; x_wconf 90' lang='lat' dir='ltr'>quo</span> <span class='ocrx_word' id='word_1_275' title='bbox 577 1838 689 1875; x_wconf 73' lang='lat' dir='ltr'>brevi</span> <span class='ocrx_word' id='word_1_276' title='bbox 702 1847 844 1888; x_wconf 87' lang='lat' dir='ltr'>postea</span> <span class='ocrx_word' id='word_1_277' title='bbox 858 1838 1001 1875; x_wconf 91' lang='lat' dir='ltr'>missus</span> <span class='ocrx_word' id='word_1_278' title='bbox 1015 1846 1076 1876; x_wconf 88' lang='lat' dir='ltr'>est</span> <span class='ocrx_word' id='word_1_279' title='bbox 1091 1838 1247 1887; x_wconf 88' lang='lat' dir='ltr'>legatus</span> <span class='ocrx_word' id='word_1_280' title='bbox 1263 1837 1304 1874; x_wconf 94' lang='lat' dir='ltr'>in</span> <span class='ocrx_word' id='word_1_281' title='bbox 1318 1837 1564 1882; x_wconf 90' lang='lat' dir='ltr'>Flandriam,</span> <span class='ocrx_word' id='word_1_282' title='bbox 1580 1837 1760 1873; x_wconf 85' lang='lat' dir='ltr'>Braban-</span> 
     </span>
     <span class='ocr_line' id='line_1_29' title="bbox 64 1895 1758 1947; baseline -0.002 -14"><span class='ocrx_word' id='word_1_283' title='bbox 64 1895 179 1943; x_wconf 87' lang='lat' dir='ltr'>tiam,</span> <span class='ocrx_word' id='word_1_284' title='bbox 196 1896 396 1946; x_wconf 84' lang='lat' dir='ltr'>Angliam.</span> <span class='ocrx_word' id='word_1_285' title='bbox 414 1897 447 1934; x_wconf 90' lang='lat' dir='ltr'><strong>A</strong></span> <span class='ocrx_word' id='word_1_286' title='bbox 466 1897 669 1935; x_wconf 87' lang='lat' dir='ltr'>Clemente</span> <span class='ocrx_word' id='word_1_287' title='bbox 689 1897 812 1947; x_wconf 84' lang='lat' dir='ltr'>igitur</span> <span class='ocrx_word' id='word_1_288' title='bbox 828 1897 1027 1947; x_wconf 84' lang='lat' dir='ltr'>digressus</span> <span class='ocrx_word' id='word_1_289' title='bbox 1045 1896 1106 1934; x_wconf 91' lang='lat' dir='ltr'>die</span> <span class='ocrx_word' id='word_1_290' title='bbox 1123 1896 1264 1933; x_wconf 90' lang='lat' dir='ltr'>ultima</span> <span class='ocrx_word' id='word_1_291' title='bbox 1284 1895 1520 1941; x_wconf 79' lang='lat' dir='ltr'>decembris,</span> <span class='ocrx_word' id='word_1_292' title='bbox 1539 1895 1758 1941; x_wconf 84' lang='lat' dir='ltr'>Lutetiam,</span> 
     </span>
     <span class='ocr_line' id='line_1_30' title="bbox 64 1954 1758 2006; baseline -0.001 -14"><span class='ocrx_word' id='word_1_293' title='bbox 64 1963 111 1992; x_wconf 89' lang='lat' dir='ltr'>ut</span> <span class='ocrx_word' id='word_1_294' title='bbox 127 1969 248 2005; x_wconf 87' lang='lat' dir='ltr'>supra</span> <span class='ocrx_word' id='word_1_295' title='bbox 266 1970 304 2005; x_wconf 94' lang='lat' dir='ltr'>p.</span> <span class='ocrx_word' id='word_1_296' title='bbox 325 1956 425 1993; x_wconf 86' lang='lat'>1009</span> <span class='ocrx_word' id='word_1_297' title='bbox 442 1956 598 1994; x_wconf 67' lang='lat' dir='ltr'>dictum</span> <span class='ocrx_word' id='word_1_298' title='bbox 615 1964 689 2002; x_wconf 88' lang='lat' dir='ltr'>est,</span> <span class='ocrx_word' id='word_1_299' title='bbox 712 1956 881 1994; x_wconf 75' lang='lat' dir='ltr'>advenit</span> <span class='ocrx_word' id='word_1_300' title='bbox 897 1956 1019 2006; x_wconf 90' lang='lat' dir='ltr'>paulo</span> <span class='ocrx_word' id='word_1_301' title='bbox 1041 1964 1134 2005; x_wconf 86' lang='lat' dir='ltr'>post</span> <span class='ocrx_word' id='word_1_302' title='bbox 1156 1956 1324 2001; x_wconf 81' lang='lat' dir='ltr'>Pascha,</span> <span class='ocrx_word' id='word_1_303' title='bbox 1349 1954 1418 1991; x_wconf 86' lang='lat' dir='ltr'>ubi</span> <span class='ocrx_word' id='word_1_304' title='bbox 1443 1955 1542 1992; x_wconf 90' lang='lat' dir='ltr'>bene</span> <span class='ocrx_word' id='word_1_305' title='bbox 1565 1962 1758 2003; x_wconf 78' lang='lat' dir='ltr'>exceptus</span> 
     </span>
     <span class='ocr_line' id='line_1_31' title="bbox 63 2013 1758 2065; baseline -0.001 -14"><span class='ocrx_word' id='word_1_306' title='bbox 63 2013 143 2051; x_wconf 82' lang='lat' dir='ltr'>fuit</span> <span class='ocrx_word' id='word_1_307' title='bbox 167 2028 189 2052; x_wconf 88' lang='lat' dir='ltr'>a</span> <span class='ocrx_word' id='word_1_308' title='bbox 218 2014 369 2052; x_wconf 74' lang='lat' dir='ltr'>Kar-olo</span> <span class='ocrx_word' id='word_1_309' title='bbox 394 2015 427 2052; x_wconf 88' lang='lat' dir='ltr'>V</span> <span class='ocrx_word' id='word_1_310' title='bbox 453 2029 556 2064; x_wconf 87' lang='lat' dir='ltr'>rege.</span> <span class='ocrx_word' id='word_1_311' title='bbox 585 2016 701 2053; x_wconf 87' lang='lat' dir='ltr'>Hanc</span> <span class='ocrx_word' id='word_1_312' title='bbox 726 2015 830 2053; x_wconf 91' lang='lat' dir='ltr'>illius</span> <span class='ocrx_word' id='word_1_313' title='bbox 855 2014 1101 2065; x_wconf 82' lang='lat' dir='ltr'>legationem</span> <span class='ocrx_word' id='word_1_314' title='bbox 1127 2022 1327 2051; x_wconf 84' lang='lat' dir='ltr'>memorat</span> <span class='ocrx_word' id='word_1_315' title='bbox 1351 2013 1597 2051; x_wconf 84' lang='lat' dir='ltr'>Froissartus</span> <span class='ocrx_word' id='word_1_316' title='bbox 1632 2013 1675 2061; x_wconf 74' lang='lat' dir='ltr'>[t</span> <span class='ocrx_word' id='word_1_317' title='bbox 1702 2025 1758 2055; x_wconf 80' lang='grc' dir='ltr'>1Χ,</span> 
     </span>
     <span class='ocr_line' id='line_1_32' title="bbox 63 2072 1758 2123; baseline -0.002 -13"><span class='ocrx_word' id='word_1_318' title='bbox 63 2087 103 2123; x_wconf 89' lang='lat' dir='ltr'>p.</span> <span class='ocrx_word' id='word_1_319' title='bbox 132 2073 245 2123; x_wconf 80' lang='lat'>147],</span> <span class='ocrx_word' id='word_1_320' title='bbox 272 2088 362 2111; x_wconf 92' lang='lat' dir='ltr'>eum</span> <span class='ocrx_word' id='word_1_321' title='bbox 389 2074 555 2112; x_wconf 88' lang='lat' dir='ltr'>tradens</span> <span class='ocrx_word' id='word_1_322' title='bbox 582 2074 715 2112; x_wconf 83' lang='lat' dir='ltr'>virum</span> <span class='ocrx_word' id='word_1_323' title='bbox 742 2074 862 2112; x_wconf 85' lang='lat' dir='ltr'>fuissc</span> <span class='ocrx_word' id='word_1_324' title='bbox 886 2074 1061 2111; x_wconf 90' lang='lat' dir='ltr'>multum</span> <span class='ocrx_word' id='word_1_325' title='bbox 1084 2073 1310 2123; x_wconf 86' lang='lat' dir='ltr'>sapientem</span> <span class='ocrx_word' id='word_1_326' title='bbox 1328 2087 1373 2110; x_wconf 90' lang='lat' dir='ltr'>ac</span> <span class='ocrx_word' id='word_1_327' title='bbox 1395 2072 1649 2121; x_wconf 86' lang='lat' dir='ltr'>prudentem,</span> <span class='ocrx_word' id='word_1_328' title='bbox 1669 2079 1758 2108; x_wconf 88' lang='lat' dir='ltr'>tum</span> 
     </span>
     <span class='ocr_line' id='line_1_33' title="bbox 65 2130 1758 2181; baseline -0.002 -12"><span class='ocrx_word' id='word_1_329' title='bbox 65 2131 234 2170; x_wconf 89' lang='lat' dir='ltr'>doctum</span> <span class='ocrx_word' id='word_1_330' title='bbox 259 2141 300 2171; x_wconf 87' lang='lat' dir='ltr'>et</span> <span class='ocrx_word' id='word_1_331' title='bbox 328 2133 563 2171; x_wconf 90' lang='lat' dir='ltr'>facundum.</span> <span class='ocrx_word' id='word_1_332' title='bbox 592 2133 719 2171; x_wconf 85' lang='lat' dir='ltr'>Addit</span> <span class='ocrx_word' id='word_1_333' title='bbox 746 2133 856 2170; x_wconf 90' lang='lat' dir='ltr'>illum</span> <span class='ocrx_word' id='word_1_334' title='bbox 885 2148 904 2170; x_wconf 89' lang='lat' dir='ltr'>e</span> <span class='ocrx_word' id='word_1_335' title='bbox 934 2132 1102 2170; x_wconf 89' lang='lat' dir='ltr'>Francia</span> <span class='ocrx_word' id='word_1_336' title='bbox 1131 2132 1354 2181; x_wconf 86' lang='lat' dir='ltr'>digressum</span> <span class='ocrx_word' id='word_1_337' title='bbox 1380 2131 1498 2168; x_wconf 78' lang='lat' dir='ltr'>ivisse</span> <span class='ocrx_word' id='word_1_338' title='bbox 1525 2130 1567 2167; x_wconf 88' lang='lat' dir='ltr'>in</span> <span class='ocrx_word' id='word_1_339' title='bbox 1594 2130 1758 2166; x_wconf 89' lang='lat' dir='ltr'>Hanno-</span> 
     </span>
     <span class='ocr_line' id='line_1_34' title="bbox 66 2188 1758 2242; baseline -0.002 -14"><span class='ocrx_word' id='word_1_340' title='bbox 66 2190 175 2228; x_wconf 90' lang='lat' dir='ltr'>niam</span> <span class='ocrx_word' id='word_1_341' title='bbox 204 2199 245 2229; x_wconf 89' lang='lat' dir='ltr'>et</span> <span class='ocrx_word' id='word_1_342' title='bbox 272 2191 313 2228; x_wconf 91' lang='lat' dir='ltr'>in</span> <span class='ocrx_word' id='word_1_343' title='bbox 340 2192 624 2239; x_wconf 86' lang='lat' dir='ltr'>Brabantiam,</span> <span class='ocrx_word' id='word_1_344' title='bbox 651 2192 848 2242; x_wconf 80' lang='lat' dir='ltr'>cogitasse</span> <span class='ocrx_word' id='word_1_345' title='bbox 878 2192 1003 2230; x_wconf 88' lang='lat' dir='ltr'>etiam</span> <span class='ocrx_word' id='word_1_346' title='bbox 1023 2192 1070 2229; x_wconf 90' lang='lat' dir='ltr'>de</span> <span class='ocrx_word' id='word_1_347' title='bbox 1098 2191 1261 2237; x_wconf 88' lang='lat' dir='ltr'>Leodio,</span> <span class='ocrx_word' id='word_1_348' title='bbox 1283 2190 1352 2228; x_wconf 90' lang='lat' dir='ltr'>sed</span> <span class='ocrx_word' id='word_1_349' title='bbox 1382 2189 1574 2235; x_wconf 87' lang='lat' dir='ltr'>omisisse,</span> <span class='ocrx_word' id='word_1_350' title='bbox 1597 2188 1758 2225; x_wconf 87' lang='lat' dir='ltr'>rediisse</span> 
     </span>
     <span class='ocr_line' id='line_1_35' title="bbox 64 2248 1758 2300; baseline -0.002 -13"><span class='ocrx_word' id='word_1_351' title='bbox 64 2250 203 2300; x_wconf 88' lang='lat' dir='ltr'>itaque</span> <span class='ocrx_word' id='word_1_352' title='bbox 228 2251 471 2297; x_wconf 87' lang='lat' dir='ltr'>Tornacum,</span> <span class='ocrx_word' id='word_1_353' title='bbox 497 2251 589 2290; x_wconf 87' lang='lat' dir='ltr'>hinc</span> <span class='ocrx_word' id='word_1_354' title='bbox 609 2251 873 2297; x_wconf 86' lang='lat' dir='ltr'>Valencenas,</span> <span class='ocrx_word' id='word_1_355' title='bbox 894 2259 1100 2300; x_wconf 86' lang='lat' dir='ltr'>postremo</span> <span class='ocrx_word' id='word_1_356' title='bbox 1120 2250 1397 2294; x_wconf 89' lang='lat' dir='ltr'>Cameracum‚</span> <span class='ocrx_word' id='word_1_357' title='bbox 1422 2248 1491 2284; x_wconf 91' lang='lat' dir='ltr'>ubi</span> <span class='ocrx_word' id='word_1_358' title='bbox 1515 2248 1634 2296; x_wconf 88' lang='lat' dir='ltr'>longo</span> <span class='ocrx_word' id='word_1_359' title='bbox 1658 2255 1758 2283; x_wconf 89' lang='lat' dir='ltr'>tem-</span> 
     </span>
     <span class='ocr_line' id='line_1_36' title="bbox 65 2306 1759 2358; baseline -0.003 -12"><span class='ocrx_word' id='word_1_360' title='bbox 65 2323 160 2358; x_wconf 87' lang='lat' dir='ltr'>pore</span> <span class='ocrx_word' id='word_1_361' title='bbox 190 2309 352 2348; x_wconf 89' lang='lat' dir='ltr'>resedit.</span> <span class='ocrx_word' id='word_1_362' title='bbox 385 2310 488 2348; x_wconf 80' lang='lat' dir='ltr'>Sane</span> <span class='ocrx_word' id='word_1_363' title='bbox 519 2310 560 2347; x_wconf 92' lang='lat' dir='ltr'>in</span> <span class='ocrx_word' id='word_1_364' title='bbox 589 2310 725 2348; x_wconf 91' lang='lat' dir='ltr'>codice</span> <span class='ocrx_word' id='word_1_365' title='bbox 756 2309 834 2347; x_wconf 72' lang='grc'>814</span> <span class='ocrx_word' id='word_1_366' title='bbox 863 2309 1133 2347; x_wconf 90' lang='lat' dir='ltr'>bibliothecae</span> <span class='ocrx_word' id='word_1_367' title='bbox 1174 2307 1428 2345; x_wconf 86' lang='lat' dir='ltr'>Colbertinae</span> <span class='ocrx_word' id='word_1_368' title='bbox 1448 2306 1463 2328; x_wconf 82' lang='lat'>5</span> <span class='ocrx_word' id='word_1_369' title='bbox 1493 2314 1608 2343; x_wconf 83' lang='lat' dir='ltr'>extat</span> <span class='ocrx_word' id='word_1_370' title='bbox 1638 2319 1759 2341; x_wconf 80' lang='lat' dir='ltr'>sermo</span> 
     </span>
     <span class='ocr_line' id='line_1_37' title="bbox 64 2363 1759 2419; baseline -0.004 -14"><span class='ocrx_word' id='word_1_371' title='bbox 64 2367 191 2416; x_wconf 74' lang='lat' dir='ltr'>sactus</span> <span class='ocrx_word' id='word_1_372' title='bbox 225 2383 343 2418; x_wconf 86' lang='lat' dir='ltr'>super</span> <span class='ocrx_word' id='word_1_373' title='bbox 377 2377 410 2407; x_wconf 91' lang='lat' dir='ltr'>et</span> <span class='ocrx_word' id='word_1_374' title='bbox 443 2384 514 2419; x_wconf 85' lang='lat' dir='ltr'>pro</span> <span class='ocrx_word' id='word_1_375' title='bbox 547 2369 744 2406; x_wconf 84' lang='lat' dir='ltr'>sedatione</span> <span class='ocrx_word' id='word_1_376' title='bbox 779 2368 953 2406; x_wconf 87' lang='lat' dir='ltr'>moderni</span> <span class='ocrx_word' id='word_1_377' title='bbox 986 2367 1183 2405; x_wconf 81' lang='lat' dir='ltr'>scismatis</span> <span class='ocrx_word' id='word_1_378' title='bbox 1217 2381 1285 2416; x_wconf 89' lang='lat' dir='ltr'>per</span> <span class='ocrx_word' id='word_1_379' title='bbox 1319 2364 1681 2414; x_wconf 75' lang='lat' dir='ltr'>reverendissimum</span> <span class='ocrx_word' id='word_1_380' title='bbox 1717 2363 1759 2399; x_wconf 88' lang='lat' dir='ltr'>in</span> 
     </span>
     <span class='ocr_line' id='line_1_38' title="bbox 66 2422 1758 2477; baseline -0.003 -14"><span class='ocrx_word' id='word_1_381' title='bbox 66 2426 220 2464; x_wconf 73' lang='lat' dir='ltr'>Christo</span> <span class='ocrx_word' id='word_1_382' title='bbox 242 2436 392 2477; x_wconf 86' lang='lat' dir='ltr'>patrem</span> <span class='ocrx_word' id='word_1_383' title='bbox 414 2436 447 2465; x_wconf 88' lang='lat' dir='ltr'>et</span> <span class='ocrx_word' id='word_1_384' title='bbox 470 2428 673 2465; x_wconf 82' lang='lat' dir='ltr'>dominum</span> <span class='ocrx_word' id='word_1_385' title='bbox 697 2442 825 2465; x_wconf 88' lang='lat' dir='ltr'>meum</span> <span class='ocrx_word' id='word_1_386' title='bbox 848 2427 1051 2468; x_wconf 86' lang='lat' dir='ltr'>dominum</span> <span class='ocrx_word' id='word_1_387' title='bbox 1081 2426 1124 2464; x_wconf 87' lang='lat' dir='ltr'>G.</span> <span class='ocrx_word' id='word_1_388' title='bbox 1150 2425 1387 2462; x_wconf 77' lang='lat' dir='ltr'>cardinalem</span> <span class='ocrx_word' id='word_1_389' title='bbox 1411 2424 1691 2467; x_wconf 67' lang='lat' dir='ltr'>pictavensem,</span> <span class='ocrx_word' id='word_1_390' title='bbox 1717 2422 1758 2458; x_wconf 85' lang='lat' dir='ltr'>in</span> 
     </span>
     <span class='ocr_line' id='line_1_39' title="bbox 63 2481 1757 2535; baseline -0.004 -13"><span class='ocrx_word' id='word_1_391' title='bbox 63 2486 210 2535; x_wconf 78' lang='lat' dir='ltr'>synodo</span> <span class='ocrx_word' id='word_1_392' title='bbox 250 2486 523 2524; x_wconf 86' lang='lat' dir='ltr'>Cameracensi</span> <span class='ocrx_word' id='word_1_393' title='bbox 563 2502 668 2524; x_wconf 88' lang='lat' dir='ltr'>anno</span> <span class='ocrx_word' id='word_1_394' title='bbox 689 2486 855 2524; x_wconf 82' lang='lat' dir='ltr'>Domini</span> <span class='ocrx_word' id='word_1_395' title='bbox 896 2485 1102 2523; x_wconf 83' lang='lat' dir='ltr'>millesimo</span> <span class='ocrx_word' id='word_1_396' title='bbox 1140 2482 1499 2528; x_wconf 78' lang='lat' dir='ltr'>CCCLXXXIII‚</span> <span class='ocrx_word' id='word_1_397' title='bbox 1529 2481 1590 2518; x_wconf 86' lang='lat' dir='ltr'>die</span> <span class='ocrx_word' id='word_1_398' title='bbox 1629 2481 1757 2530; x_wconf 88' lang='lat' dir='ltr'>primo</span> 
     </span>
     <span class='ocr_line' id='line_1_40' title="bbox 65 2539 1758 2595; baseline -0.004 -13"><span class='ocrx_word' id='word_1_399' title='bbox 65 2545 240 2592; x_wconf 87' lang='lat' dir='ltr'>octobris,</span> <span class='ocrx_word' id='word_1_400' title='bbox 273 2545 528 2595; x_wconf 79' lang='lat' dir='ltr'>pontificatus</span> <span class='ocrx_word' id='word_1_401' title='bbox 551 2546 701 2583; x_wconf 82' lang='lat' dir='ltr'>domini</span> <span class='ocrx_word' id='word_1_402' title='bbox 732 2545 852 2583; x_wconf 86' lang='lat' dir='ltr'>nostri</span> <span class='ocrx_word' id='word_1_403' title='bbox 880 2544 1090 2582; x_wconf 86' lang='lat' dir='ltr'>Clementis</span> <span class='ocrx_word' id='word_1_404' title='bbox 1118 2557 1220 2593; x_wconf 88' lang='lat' dir='ltr'>pape</span> <span class='ocrx_word' id='word_1_405' title='bbox 1255 2542 1340 2579; x_wconf 84' lang='lat' dir='ltr'>VII</span> <span class='ocrx_word' id='word_1_406' title='bbox 1363 2555 1468 2579; x_wconf 81' lang='lat' dir='ltr'>anno</span> <span class='ocrx_word' id='word_1_407' title='bbox 1497 2540 1676 2577; x_wconf 84' lang='lat' dir='ltr'>secundo.</span> <span class='ocrx_word' id='word_1_408' title='bbox 1714 2539 1758 2576; x_wconf 89' lang='lat' dir='ltr'>In</span> 
     </span>
    </p>
   </div>
   <div class='ocr_carea' id='block_1_3' title="bbox 65 2709 1760 3070">
    <p class='ocr_par' dir='ltr' id='par_1_6' title="bbox 112 2709 936 2749">
     <span class='ocr_line' id='line_1_41' title="bbox 112 2709 936 2749; baseline 0 -8"><span class='ocrx_word' id='word_1_409' title='bbox 112 2709 144 2742; x_wconf 90' lang='lat'>1.</span> <span class='ocrx_word' id='word_1_410' title='bbox 172 2710 212 2743; x_wconf 89' lang='grc' dir='ltr'>Β.</span> <span class='ocrx_word' id='word_1_411' title='bbox 244 2710 301 2748; x_wconf 88' lang='grc' dir='ltr'>Ν.,</span> <span class='ocrx_word' id='word_1_412' title='bbox 330 2722 396 2743; x_wconf 88' lang='lat' dir='ltr'>ms.</span> <span class='ocrx_word' id='word_1_413' title='bbox 425 2710 520 2742; x_wconf 80' lang='lat' dir='ltr'>latin</span> <span class='ocrx_word' id='word_1_414' title='bbox 547 2710 676 2749; x_wconf 75' lang='lat'>11745,</span> <span class='ocrx_word' id='word_1_415' title='bbox 705 2709 768 2742; x_wconf 83' lang='lat' dir='ltr'>fol.</span> <span class='ocrx_word' id='word_1_416' title='bbox 796 2710 865 2742; x_wconf 84' lang='lat'>106</span> <span class='ocrx_word' id='word_1_417' title='bbox 892 2713 936 2741; x_wconf 89' lang='lat' dir='ltr'>r⁰.</span> 
     </span>
    </p>

    <p class='ocr_par' dir='ltr' id='par_1_7' title="bbox 113 2762 608 2802">
     <span class='ocr_line' id='line_1_42' title="bbox 113 2762 608 2802; baseline -0.002 -7"><span class='ocrx_word' id='word_1_418' title='bbox 113 2763 144 2795; x_wconf 86' lang='lat'>2.</span> <span class='ocrx_word' id='word_1_419' title='bbox 176 2762 243 2796; x_wconf 89' lang='lat' dir='ltr'>Ms.</span> <span class='ocrx_word' id='word_1_420' title='bbox 268 2763 352 2802; x_wconf 79' lang='lat' dir='ltr'>cite,</span> <span class='ocrx_word' id='word_1_421' title='bbox 377 2763 440 2796; x_wconf 80' lang='lat' dir='ltr'>fol.</span> <span class='ocrx_word' id='word_1_422' title='bbox 465 2763 534 2795; x_wconf 89' lang='lat'>138</span> <span class='ocrx_word' id='word_1_423' title='bbox 558 2767 608 2795; x_wconf 89' lang='lat' dir='ltr'>v0.</span> 
     </span>
    </p>

    <p class='ocr_par' dir='ltr' id='par_1_8' title="bbox 112 2815 603 2855">
     <span class='ocr_line' id='line_1_43' title="bbox 112 2815 603 2855; baseline -0.002 -6"><span class='ocrx_word' id='word_1_424' title='bbox 112 2817 144 2849; x_wconf 89' lang='lat'>3.</span> <span class='ocrx_word' id='word_1_425' title='bbox 175 2815 242 2849; x_wconf 90' lang='lat' dir='ltr'>Ms.</span> <span class='ocrx_word' id='word_1_426' title='bbox 269 2815 352 2855; x_wconf 78' lang='lat' dir='ltr'>cite,</span> <span class='ocrx_word' id='word_1_427' title='bbox 379 2815 440 2849; x_wconf 84' lang='lat' dir='ltr'>fol.</span> <span class='ocrx_word' id='word_1_428' title='bbox 467 2816 536 2848; x_wconf 87' lang='grc'>176</span> <span class='ocrx_word' id='word_1_429' title='bbox 560 2820 603 2848; x_wconf 87' lang='lat' dir='ltr'>r0.</span> 
     </span>
    </p>

    <p class='ocr_par' dir='ltr' id='par_1_9' title="bbox 112 2868 554 2908">
     <span class='ocr_line' id='line_1_44' title="bbox 112 2868 554 2908; baseline -0.002 -6"><span class='ocrx_word' id='word_1_430' title='bbox 112 2869 144 2902; x_wconf 83' lang='lat'>4.</span> <span class='ocrx_word' id='word_1_431' title='bbox 175 2868 242 2902; x_wconf 87' lang='lat' dir='ltr'>Ms.</span> <span class='ocrx_word' id='word_1_432' title='bbox 263 2868 347 2908; x_wconf 75' lang='lat' dir='ltr'>cite,</span> <span class='ocrx_word' id='word_1_433' title='bbox 366 2868 429 2902; x_wconf 80' lang='lat' dir='ltr'>fol.</span> <span class='ocrx_word' id='word_1_434' title='bbox 449 2869 493 2901; x_wconf 90' lang='lat'>75</span> <span class='ocrx_word' id='word_1_435' title='bbox 510 2872 554 2901; x_wconf 86' lang='lat' dir='ltr'>r0.</span> 
     </span>
    </p>

    <p class='ocr_par' dir='ltr' id='par_1_10' title="bbox 65 2913 1760 3070">
     <span class='ocr_line' id='line_1_45' title="bbox 113 2913 1760 2961; baseline -0.005 -7"><span class='ocrx_word' id='word_1_436' title='bbox 113 2922 145 2954; x_wconf 89' lang='lat'>5.</span> <span class='ocrx_word' id='word_1_437' title='bbox 165 2921 206 2954; x_wconf 90' lang='lat' dir='ltr'>B.</span> <span class='ocrx_word' id='word_1_438' title='bbox 228 2921 286 2961; x_wconf 90' lang='lat' dir='ltr'>N.‚</span> <span class='ocrx_word' id='word_1_439' title='bbox 315 2932 383 2954; x_wconf 86' lang='lat' dir='ltr'>ms.</span> <span class='ocrx_word' id='word_1_440' title='bbox 411 2921 507 2953; x_wconf 87' lang='lat' dir='ltr'>latin</span> <span class='ocrx_word' id='word_1_441' title='bbox 532 2921 637 2960; x_wconf 77' lang='lat'>1469,</span> <span class='ocrx_word' id='word_1_442' title='bbox 658 2921 720 2953; x_wconf 80' lang='lat' dir='ltr'>fol.</span> <span class='ocrx_word' id='word_1_443' title='bbox 741 2920 810 2952; x_wconf 83' lang='lat'>194</span> <span class='ocrx_word' id='word_1_444' title='bbox 828 2924 872 2952; x_wconf 86' lang='lat' dir='ltr'>r0.</span> <span class='ocrx_word' id='word_1_445' title='bbox 891 2938 939 2941; x_wconf 40' lang='lat'>*-</span> <span class='ocrx_word' id='word_1_446' title='bbox 956 2919 1005 2950; x_wconf 87' lang='lat' dir='ltr'>Le</span> <span class='ocrx_word' id='word_1_447' title='bbox 1024 2918 1191 2950; x_wconf 87' lang='lat' dir='ltr'>discours</span> <span class='ocrx_word' id='word_1_448' title='bbox 1211 2928 1231 2948; x_wconf 86' lang='lat' dir='ltr'>a</span> <span class='ocrx_word' id='word_1_449' title='bbox 1249 2917 1307 2949; x_wconf 78' lang='lat' dir='ltr'>ete</span> <span class='ocrx_word' id='word_1_450' title='bbox 1326 2914 1452 2958; x_wconf 75' lang='lat' dir='ltr'>publie</span> <span class='ocrx_word' id='word_1_451' title='bbox 1471 2926 1539 2957; x_wconf 90' lang='lat' dir='ltr'>par</span> <span class='ocrx_word' id='word_1_452' title='bbox 1560 2913 1598 2946; x_wconf 95' lang='lat' dir='ltr'>L.</span> <span class='ocrx_word' id='word_1_453' title='bbox 1620 2913 1760 2945; x_wconf 87' lang='lat' dir='ltr'>Salem-</span> 
     </span>
     <span class='ocr_line' id='line_1_46' title="bbox 65 2965 1756 3017; baseline -0.005 -10"><span class='ocrx_word' id='word_1_454' title='bbox 65 2973 144 3007; x_wconf 81' lang='lat' dir='ltr'>bier</span> <span class='ocrx_word' id='word_1_455' title='bbox 165 2974 260 3017; x_wconf 88' lang='lat' dir='ltr'>(voir</span> <span class='ocrx_word' id='word_1_456' title='bbox 281 2973 621 3016; x_wconf 84' lang='lat' dir='ltr'>Hefele-Leclercq,</span> <span class='ocrx_word' id='word_1_457' title='bbox 642 2973 806 3006; x_wconf 84' lang='lat' dir='ltr'>Histoire</span> <span class='ocrx_word' id='word_1_458' title='bbox 825 2973 884 3005; x_wconf 86' lang='lat' dir='ltr'>des</span> <span class='ocrx_word' id='word_1_459' title='bbox 903 2971 1066 3010; x_wconf 75' lang='lat' dir='ltr'>concites,</span> <span class='ocrx_word' id='word_1_460' title='bbox 1089 2969 1205 3008; x_wconf 87' lang='lat' dir='ltr'>Paris,</span> <span class='ocrx_word' id='word_1_461' title='bbox 1225 2969 1331 3008; x_wconf 83' lang='lat'>1915,</span> <span class='ocrx_word' id='word_1_462' title='bbox 1359 2974 1382 3001; x_wconf 89' lang='lat' dir='ltr'>t.</span> <span class='ocrx_word' id='word_1_463' title='bbox 1398 2980 1446 3006; x_wconf 85' lang='lat' dir='ltr'>VI,</span> <span class='ocrx_word' id='word_1_464' title='bbox 1464 2979 1499 3010; x_wconf 88' lang='lat' dir='ltr'>p.</span> <span class='ocrx_word' id='word_1_465' title='bbox 1520 2965 1756 3009; x_wconf 82' lang='lat'>1490-1509).</span> 
     </span>
     <span class='ocr_line' id='line_1_47' title="bbox 68 3019 1758 3070; baseline -0.005 -11"><span class='ocrx_word' id='word_1_466' title='bbox 68 3026 98 3059; x_wconf 97' lang='lat' dir='ltr'>Il</span> <span class='ocrx_word' id='word_1_467' title='bbox 117 3027 177 3059; x_wconf 77' lang='lat' dir='ltr'>fut</span> <span class='ocrx_word' id='word_1_468' title='bbox 197 3029 386 3070; x_wconf 80' lang='lat' dir='ltr'>prononce</span> <span class='ocrx_word' id='word_1_469' title='bbox 408 3038 483 3059; x_wconf 90' lang='lat' dir='ltr'>non</span> <span class='ocrx_word' id='word_1_470' title='bbox 504 3038 549 3058; x_wconf 85' lang='lat' dir='ltr'>en</span> <span class='ocrx_word' id='word_1_471' title='bbox 570 3027 675 3066; x_wconf 81' lang='lat'>1383,</span> <span class='ocrx_word' id='word_1_472' title='bbox 698 3025 792 3058; x_wconf 85' lang='lat' dir='ltr'>ainsi</span> <span class='ocrx_word' id='word_1_473' title='bbox 813 3037 884 3068; x_wconf 88' lang='lat' dir='ltr'>que</span> <span class='ocrx_word' id='word_1_474' title='bbox 905 3023 1135 3067; x_wconf 84' lang='lat' dir='ltr'>l&#39;indiquent</span> <span class='ocrx_word' id='word_1_475' title='bbox 1155 3023 1205 3055; x_wconf 86' lang='lat' dir='ltr'>les</span> <span class='ocrx_word' id='word_1_476' title='bbox 1226 3020 1466 3060; x_wconf 86' lang='lat' dir='ltr'>manuscrits,</span> <span class='ocrx_word' id='word_1_477' title='bbox 1484 3019 1577 3052; x_wconf 86' lang='lat' dir='ltr'>mais</span> <span class='ocrx_word' id='word_1_478' title='bbox 1598 3031 1644 3051; x_wconf 86' lang='lat' dir='ltr'>en</span> <span class='ocrx_word' id='word_1_479' title='bbox 1665 3019 1758 3052; x_wconf 88' lang='lat'>1380</span> 
     </span>
    </p>
   </div>
   <div class='ocr_carea' id='block_1_4' title="bbox 70 3079 490 3124">
    <p class='ocr_par' dir='ltr' id='par_1_11' title="bbox 70 3079 490 3124">
     <span class='ocr_line' id='line_1_48' title="bbox 70 3079 490 3124; baseline 0 -12"><span class='ocrx_word' id='word_1_480' title='bbox 70 3079 221 3122; x_wconf 75' lang='lat' dir='ltr'>(Valois,</span> <span class='ocrx_word' id='word_1_481' title='bbox 244 3087 270 3113; x_wconf 89' lang='lat' dir='ltr'>t.</span> <span class='ocrx_word' id='word_1_482' title='bbox 291 3092 314 3119; x_wconf 85' lang='lat'>1,</span> <span class='ocrx_word' id='word_1_483' title='bbox 336 3092 370 3124; x_wconf 90' lang='lat' dir='ltr'>p.</span> <span class='ocrx_word' id='word_1_484' title='bbox 394 3080 490 3121; x_wconf 85' lang='lat'>259).</span> 
     </span>
    </p>
   </div>
  </div>
 </body>
</html>
