2083 3458
138 255 290 310 [1051]
696 271 911 296 PAPARUM
948 271 1331 297 AVENIONENSJUM
1741 256 1820 297 567

124 353 178 390 ad
204 353 400 391 civitatem
428 352 586 400 Averse,
620 352 688 390 ubi
717 354 769 390 ad
796 367 955 402 presens
985 362 1199 392 morantur.
1233 354 1295 391 Ex
1325 354 1472 403 quibus
1502 355 1657 393 ultimis
1688 355 1821 394 verbis

124 419 243 460 patet
265 412 346 450 ista
370 411 522 461 scripta
548 425 632 450 esse
657 420 751 460 post
775 425 957 450 mensem
979 412 1217 461 januarium
1241 413 1336 450 anni
1363 412 1702 461 MCCCLXXIX,
1728 427 1821 452 cum

126 485 176 509 ex
213 471 359 508 ultima
397 470 570 519 epistola
610 471 880 508 cardinalium
922 471 1159 510 Italicorum
1204 472 1256 509 ad
1295 471 1511 509 Urbanum
1548 480 1709 510 constet
1754 487 1820 511 eos

124 529 247 567 fuisse
264 529 399 567 adhuc
415 529 526 578 apud
544 528 835 567 Talliacozium
853 529 915 567 die
934 544 1019 567 xv11
1035 529 1226 579 januarii,
1244 538 1285 568 et
1301 538 1396 569 ante
1414 531 1521 569 diem
1539 546 1596 568 xv
1611 532 1819 581 sequentis

123 588 272 626 mensis
290 588 467 637 augusti,
487 601 566 637 qua
585 587 687 625 obiit
703 588 919 626 cardinalis
937 589 985 626 de
1004 589 1173 627 Ursinis.

150 647 296 685 ,Anno
326 646 590 693 MCCCXCV,
621 660 714 684 cum
744 647 923 685 Joannes
953 648 1037 685 dux
1063 647 1343 695 Bituricensis,
1374 648 1585 698 Philippus
1634 649 1819 699 Burgun-

125 705 229 754 diae,
278 703 318 744 et
366 705 600 743 Ludovicus
650 705 951 744 Aurelianensis
1012 715 1255 756 quaererent
1294 707 1497 745 rationem
1552 708 1819 758 extinguendi

121 764 368 812 schismatis,
400 772 441 802 et
470 772 688 814 propterea
718 764 974 803 Avenionem
1003 764 1177 814 profecti
1207 773 1355 813 essent,
1386 779 1432 804 ac
1462 766 1525 804 die
1555 766 1685 816 prima
1715 766 1820 816 junii

121 823 347 862 cardinales
381 831 623 861 evocassent
655 823 696 860 in
729 823 848 861 aedes
883 823 995 861 ducis
1028 823 1307 868 Biturieensis,
1338 838 1560 875 eorumque
1592 826 1818 864 sententias

121 883 418 932 explorassent,
448 881 675 931 suscipiens
703 883 881 931 primam
917 882 1076 919 verbum
1113 882 1331 920 cardinalis
1358 884 1572 933 antiquior,
1601 884 1748 922 scilicet
1776 885 1820 921 de

122 941 338 989 Florentia,
372 949 419 978 ut
452 941 511 979 ait
544 940 810 979 continuator
844 940 1005 990 Nangii,
1041 955 1077 990 p.
1115 940 1202 988 137,
1235 942 1276 979 in
1310 949 1423 979 tomo
1456 950 1572 981 sexto
1607 942 1819 992 Spicilegii

123 1000 381 1048 Dachcriani,
405 1000 507 1038 dixit
527 1000 629 1050 quod
648 999 827 1038 Ecclesia
846 1008 927 1038 erat
949 1000 989 1037 in
1014 999 1210 1037 miseriori
1230 1008 1335 1038 stata
1356 1015 1473 1050 qaam
1495 1015 1669 1051 unquam
1689 1002 1819 1050 suerat

119 1074 144 1097 a
173 1067 343 1109 tempore
371 1059 499 1096 sancti
529 1058 639 1096 Petri
668 1059 934 1108 apostolorum
975 1058 1188 1108 principis.
1220 1059 1287 1096 Ad
1324 1060 1425 1109 qaod
1446 1060 1644 1097 adducens
1674 1061 1818 1098 malta-s·

120 1118 305 1166 rationes,
339 1118 495 1155 addidit
525 1118 628 1168 quod
658 1118 711 1155 ad
740 1117 964 1155 habendam
1008 1118 1195 1155 unionem
1225 1117 1432 1168 affectabat
1463 1119 1589 1156 modis
1631 1119 1817 1156 omnibus

116 1178 308 1225 laborare,
336 1191 514 1214 asserens
541 1177 585 1213 in
610 1176 851 1214 conscientia
876 1177 978 1226 qaod
1002 1176 1054 1214 ad
1078 1177 1360 1226 acquirendum
1388 1178 1518 1226 ipsam
1543 1177 1623 1215 sibi
1650 1178 1714 1215 via
1739 1192 1816 1216 ces-

113 1235 244 1274 sionis
265 1236 438 1274 sanctior
459 1244 494 1273 et
515 1235 732 1285 empeditior
753 1235 984 1285 apparebat.

168 1294 288 1333 Anno
330 1294 575 1342 MCCCCIV,
619 1295 682 1333 die
725 1302 873 1333 octava
915 1294 1172 1344 septembris,
1214 1295 1325 1344 apud
1367 1295 1620 1333 Avenionem
1661 1295 1813 1345 scripto

115 1355 319 1404 prompsit
353 1354 605 1393 sententiam
640 1367 757 1393 suam
793 1354 897 1391 circa
933 1354 1150 1392 electiones
1188 1353 1344 1391 Urbani
1379 1354 1497 1400 sexti,
1535 1367 1656 1403 quem
1691 1362 1814 1393 vocat

112 1413 407 1464 apostaticum,
443 1412 766 1460 schismaticum,
801 1413 1022 1459 intrusum,
1057 1421 1098 1450 et
1133 1412 1351 1451 Clementis
1386 1413 1563 1463 septimi,
1601 1427 1722 1462 quem
1755 1414 1815 1451 ait

113 1472 237 1511 fuisse
264 1485 409 1511 verum
435 1480 603 1510 sanctae
633 1472 845 1509 Romanae
872 1485 918 1509 ac
946 1471 1186 1509 universalis
1215 1471 1419 1509 Ecclesiae
1446 1485 1652 1510 summum
1679 1473 1815 1521 ponti-

116 1531 234 1570 ficem
258 1539 299 1570 et
323 1539 546 1581 pastorem.
575 1531 706 1569 Extat
730 1531 830 1569 haec
854 1531 961 1569 illius
988 1531 1211 1569 declaratio
1236 1530 1277 1567 in
1301 1538 1415 1568 tomo
1442 1531 1586 1579 quinto
1611 1531 1815 1568 Historiae

114 1590 385 1628 universitatis
411 1589 672 1637 ParisiensiS,
699 1604 737 1639 p.
768 1604 848 1629 cx1.

166 1649 267 1699 Ejus
293 1649 420 1688 frater
443 1657 516 1687 aut
541 1657 649 1688 certe
674 1663 798 1698 nepos
824 1648 947 1687 fuisse
972 1648 1138 1687 videtur
1163 1648 1374 1698 Philippus
1399 1649 1447 1687 de
1472 1648 1660 1694 Corsinis,
1693 1662 1814 1698 quem

114 1709 347 1747 Ludovicus
388 1708 417 1755 I,
453 1723 525 1746 rex
562 1707 734 1755 Siciliae,
764 1708 805 1746 in
836 1721 1053 1746 numerum
1086 1707 1410 1746 consiliariorum
1441 1721 1607 1745 suorum
1639 1707 1815 1745 adscivit

112 1781 221 1806 anno
257 1766 623 1814 MCCCLXXXII‚
660 1767 724 1805 die
759 1767 905 1816 quinta
939 1766 1057 1815 junii,
1092 1766 1301 1816 assignata
1335 1766 1369 1804 ei
1404 1766 1597 1816 pensione
1632 1767 1739 1804 mille
1774 1774 1815 1804 et

113 1827 388 1865 ducentorum
413 1826 673 1873 florenorum,
697 1834 744 1863 ut
765 1826 914 1876 legitur
934 1826 976 1863 in
995 1826 1139 1863 Diario
1161 1825 1340 1875 episcopi
1363 1825 1635 1863 Carnotensis.

168 1885 210 1924 P.
231 1884 321 1933 375,
339 1885 406 1935 lig.
426 1884 487 1923 29.
508 1885 756 1923 APPARATU.
778 1885 831 1923 Le
848 1884 907 1923 roi
925 1885 974 1922 de
993 1885 1146 1922 France
1164 1884 1279 1921 avait
1297 1884 1372 1922 fait
1396 1884 1560 1922 decorer
1576 1892 1813 1933 somptueu-

113 1953 273 1983 sement
308 1945 379 1982 dix
413 1944 565 1994 galeres
601 1959 651 1982 en
683 1944 902 1982 l’honneur
935 1943 990 1981 du
1024 1957 1130 1994 pape
1164 1951 1206 1981 et
1240 1943 1308 1980 des
1343 1943 1570 1981 cardinaux
1601 1942 1813 1988 (Albanes-

113 2003 342 2051 Chevalier,
367 2003 484 2041 Actes
506 2003 684 2050 anciens,
709 2011 738 2042 t.
763 2017 790 2050 1,
814 2017 853 2053 p.
880 2002 954 2041 411
980 2010 1021 2041 et
1046 2002 1097 2041 M.
1125 2002 1246 2049 Prou,
1271 1993 1411 2049 Etade,
1436 2016 1474 2051 p.
1500 2001 1579 2050 80).

168 2062 211 2101 P.
240 2061 330 2110 376,
346 2062 413 2112 lig.
440 2062 473 2100 1.
499 2062 729 2100 AVINIO'NE.
750 2061 920 2112 D’apres
946 2062 982 2100 le
1003 2061 1108 2099 Petit
1132 2061 1349 2099 Thalamus
1370 2060 1811 2110 (Albanas-Chevalier,

113 2133 174 2173 op.
203 2121 282 2169 cit„
308 2129 338 2160 t.
364 2130 399 2169 1,·
418 2136 457 2172 p.
486 2120 550 2170 98)
579 2130 620 2160 et
644 2122 700 2160 les
733 2119 910 2158 Grandes
935 2120 1166 2170 chroniqaes
1191 2120 1236 2157 de
1261 2119 1413 2157 France
1440 2119 1517 2168 (ed.
1548 2118 1808 2165 Delachenal,

114 2188 144 2220 t.
174 2195 215 2226 11,
244 2195 284 2231 p.
317 2179 406 2229 146)
437 2180 625 2218 l’arrivee
655 2182 677 2218 a
707 2179 907 2218 Marseille
936 2187 1006 2217 eut
1033 2180 1113 2217 lieu
1141 2180 1177 2217 le
1208 2178 1254 2216 17
1284 2178 1534 2228 septembre3
1563 2177 1731 2215 l‘entre'e
1759 2191 1808 2215 en

113 2239 305 2289 Avignon
323 2240 360 2278 le
379 2238 443 2287 25,
464 2239 626 2289 d'apres
645 2239 684 2277 la
703 2239 901 2289 premiere
921 2253 1075 2285 source,
1096 2238 1198 2275 mais
1217 2238 1273 2275 les
1292 2238 1412 2275 livres
1433 2237 1482 2275 de
1501 2244 1684 2285 comptes
1705 2236 1753 2274 de
1771 2237 1809 2274 la

114 2298 317 2337 Chambre
336 2297 608 2349 Apostolique
627 2298 813 2336 donnent
830 2312 909 2335 une
927 2305 1044 2335 autre
1064 2297 1159 2334 date
1176 2312 1183 2333 :
1203 2296 1277 2333 Die
1294 2295 1364 2333 272
1378 2295 1609 2344 septembris
1625 2294 1810 2332 dominas

113 2365 241 2395 noster
259 2372 411 2407 papa...
436 2357 599 2395 intravit
620 2356 860 2394 Avinionem
880 2356 975 2394 liora
994 2369 1241 2405 vesperorum
1264 2355 1317 2403 (J.
1343 2354 1384 2393 P.
1410 2353 1569 2401 Kirsch,
1588 2353 1665 2390 Die
1684 2353 1809 2391 Rach-

110 2416 217 2464 lcehr,
239 2431 277 2466 p.
303 2416 381 2465 73).

166 2475 209 2514 P.
238 2474 328 2522 376,
355 2475 422 2524 lig.
452 2474 513 2514 12.
543 2474 816 2513 Desa-nucu.
845 2474 942 2512 Voir
970 2473 1128 2512 Denisse
1156 2472 1231 2521 (La
1256 2471 1483 2518 desolation,
1510 2478 1540 2509 t.
1567 2485 1607 2518 11,
1634 2485 1672 2519 p.
1701 2470 1807 2519 560).

167 2534 209 2572 Ρ.
231 2533 321 2579 376,
342 2534 408 2583 lig.
432 2533 493 2572 21.
514 2533 748 2572 Bssnssosco
767 2533 782 2556 1
801 2533 1090 2579 vel‘Bedoesco,
1110 2539 1234 2581 prout
1253 2531 1389 2580 placet
1407 2530 1594 2568 librariis.
1618 2529 1680 2575 Sic
1701 2529 1808 2567 enim

112 2592 261 2643 legitur
291 2592 333 2630 in
365 2593 492 2631 literis
528 2592 699 2631 Joannis
732 2592 835 2642 regis
871 2592 1122 2629 Francorum
1155 2590 1204 2627 de
1236 2588 1569 2628 immunitatibus
1604 2588 1808 2626 ditionum

109 2652 153 2690 in
189 2651 362 2690 dioecesi
399 2638 632 2689 Mimatensi
662 2650 959 2701 pertinentium
989 2650 1040 2687 ad
1072 2649 1334 2687 Guillelmum
1367 2647 1610 2694 Grimoardi‚
1646 2654 1808 2696 patrem

114 2710 271 2749 Urbani
290 2710 338 2757 V,
358 2718 399 2748 et
417 2709 459 2747 in
478 2717 731 2749 testamento
750 2709 908 2759 Anglici
927 2708 1106 2758 episcopi
1126 2706 1381 2745 Albanensis.
1404 2705 1580 2755 Longius
1600 2705 1742 2743 aberra
1751 2705 1808 2743 vit

110 2769 302 2816 Bzovius,
328 2782 393 2807 an.
422 2768 536 2816 1370,
569 2768 586 2817 ξ
611 2768 647 2817 4,
672 2768 857 2807 Beduam
883 2781 1048 2805 vocans.

167 2828 209 2867 P.
234 2827 323 2875 376,
346 2827 412 2877 lig.
437 2826 499 2866 30.
526 2827 744 2875 Quemco,
768 2825 1194 2872 Albanes-Chevalier,
1219 2832 1260 2862 ut
1279 2837 1325 2871 s.‚
1348 2838 1387 2873 p.
1411 2822 1499 2862 410.

161 2969 193 3003 1.
212 2968 266 3002 La
282 2968 380 3002 bulle
399 2967 603 3001 d’erection
620 2967 663 3001 de
679 2968 716 3001 la
732 2966 920 3010 collegiale
938 2966 981 2999 de
998 2965 1167 2998 Bedoues
1184 2969 1241 2998 est
1257 2964 1366 2998 datee
1384 2964 1434 2997 du
1450 2964 1470 2997 7
1488 2963 1682 2997 decembre
1700 2963 1804 2997 1363.

114 3022 143 3054 Il
165 3033 190 3065 y
211 3027 277 3054 eut
297 3020 354 3054 six
377 3019 577 3054 chanoines
599 3026 638 3054 et
660 3020 759 3053 deux
781 3020 922 3063 pretres
948 3017 1193 3061 (Lecacheux,
1216 3028 1251 3050 n.
1276 3016 1372 3060 901).
1395 3015 1485 3049 Voir
1506 3015 1605 3049 aussi
1627 3016 1807 3049 Albanes-

112 3074 307 3108 Chevalier
328 3074 446 3117 (Actes
463 3074 622 3113 ariciens,
643 3079 670 3106 t.
689 3085 713 3114 1,
733 3084 768 3117 p.
789 3071 981 3115 409-410);
1001 3071 1043 3104 A.
1064 3070 1218 3103 Salanet
1239 3069 1301 3112 (Le
1317 3069 1445 3112 college
1463 3070 1503 3102 de
1519 3069 1692 3110 Redones,
1713 3069 1805 3102 dans

111 3127 286 3161 Archives
315 3126 567 3166 Gevaudaises,
595 3132 620 3160 t.
645 3138 685 3159 111
712 3124 959 3170 (1915-1916),
985 3135 1020 3168 p.
1046 3122 1231 3166 107-120).
