2083 3458
286 220 366 260 770
934 234 1086 259 NOTAE
1121 234 1181 259 AD
1217 234 1344 259 vlTAs
1841 220 1990 276 [1246]

282 318 386 356 soria
409 318 595 368 ejusdem
616 318 917 357 universitatis.
942 319 1006 356 Ex
1026 333 1073 357 eo
1095 332 1192 356 vero
1215 317 1353 356 codice
1375 318 1511 356 editae
1534 326 1632 357 sunt
1654 333 1793 358 ornnes
1815 319 1857 357 in
1877 328 1993 358 tomo

283 386 431 427 quarto
464 378 670 416 Historiae
700 378 887 428 ejusdem
925 373 1221 425 Universitatis,
1254 392 1293 427 p.
1328 377 1417 425 705,
1451 377 1540 426 725,
1574 378 1662 417 785.
1696 378 1854 417 Priores
1888 379 1993 417 duae

282 436 459 487 scriptae
487 445 585 475 sunt
611 452 720 476 anno
744 437 1036 485 MCCCXCIV,
1061 437 1185 475 tertia
1214 451 1322 475 anno
1350 437 1554 487 sequenti.

337 497 554 535 AGAPITUS
588 496 802 536 COLUMNA
831 497 978 535 nobilis
1015 497 1242 544 Romanus,
1276 496 1339 534 vir
1370 497 1664 545 memorabilis,
1696 498 1830 537 factus
1866 498 1994 537 cardi-

282 556 383 594 nalis
417 557 471 594 ab
504 556 672 595 Urbano
704 550 761 595 VI
790 556 1037 596 deliberavit
1062 556 1321 607 aliquamdiu
1350 571 1403 594 an
1428 557 1711 596 assentiretur.
1751 558 1862 596 Haec
1897 567 1996 596 sunt

283 616 407 654 verba
444 615 645 666 Stephani
684 616 864 667 episcopi
904 616 1118 654 Tudertini
1152 616 1199 654 de
1231 615 1311 654 eo1
1336 631 1342 653 :
1371 616 1573 654 Dominus
1610 625 1737 654 noster
1773 617 1815 655 in
1849 617 1997 656 Sancta

282 675 424 713 Maria
454 676 499 714 de
534 676 783 714 Transtiberi
814 676 958 714 creavit
990 685 1024 714 et
1055 676 1147 726 fecit
1181 676 1340 713 XXIX
1375 676 1616 724 cardinales;
1655 677 1755 715 inter
1789 691 1884 727 quos
1918 677 1997 727 suit

282 735 468 773 dominus
492 735 698 785 Agapitus
722 736 766 773 de
790 735 1031 785 Columpna,
1055 735 1122 785 qui
1151 735 1314 773 omnino
1336 744 1536 786 acceptare
1561 744 1596 773 et
1621 736 1752 774 venire
1777 737 1995 785 recusabat,

281 796 489 844 allegando
525 796 628 845 quod
662 796 817 833 nolebat
851 810 892 833 se
932 795 1201 842 intromittere,
1234 796 1301 833 sed
1329 796 1479 833 volebat
1507 804 1609 833 stare
1641 796 1683 833 in
1716 810 1831 846 pace,
1865 805 1996 834 tamen

281 869 433 905 semper
464 854 616 893 dicebat
637 856 740 905 quod
760 856 937 893 credebat
959 855 1080 893 istum
1101 869 1181 892 esse
1205 869 1339 892 verum
1358 863 1393 893 et
1413 855 1666 893 verissimum
1688 870 1841 906 papam
1860 870 1931 906 pro
1954 870 1997 893 eo

282 915 384 964 quod
402 914 517 964 quasi
536 915 586 952 ab
608 914 796 952 omnibus
819 915 1096 953 cardinalibus
1116 914 1273 952 audivit
1295 923 1376 952 tam
1400 915 1443 952 in
1470 915 1573 952 Urbe
1594 930 1713 965 quam
1738 915 1780 953 in
1801 915 1997 965 Anagnia

283 975 404 1012 istum
427 988 508 1011 esse
539 988 673 1012 verum
709 989 874 1025 papam.
908 974 1074 1012 Nolente
1095 974 1226 1012 venire
1254 974 1413 1012 domino
1435 974 1612 1025 Agapito
1653 989 1720 1013 nec
1758 983 1995 1025 acceptante,

282 1042 369 1084 post
400 1034 544 1071 multas
575 1033 709 1072 literas
737 1034 910 1085 scriptas
937 1043 972 1072 et
1002 1035 1144 1072 multos
1178 1033 1319 1071 missos
1345 1034 1513 1071 nuncios
1537 1035 1589 1072 ad
1612 1048 1714 1081 eum,
1742 1035 1786 1072 de
1811 1035 1996 1073 mandato

285 1093 438 1132 domini
473 1093 597 1131 nostri
631 1094 804 1144 oportuit
840 1108 899 1132 me
933 1094 988 1131 ire
1013 1095 1066 1132 ad
1089 1108 1190 1132 eum.
1218 1093 1268 1131 Et
1298 1108 1356 1131 me
1387 1094 1430 1131 in
1457 1095 1654 1143 Zagarolo
1683 1094 1997 1144 existente,4ipse

285 1153 508 1191 convocavit
536 1154 854 1202 consanguineos
881 1168 975 1191 suos
1002 1162 1037 1191 ct
1064 1153 1266 1191 consuluit
1293 1167 1356 1190 eos
1388 1153 1484 1203 quid
1511 1162 1608 1191 esset
1634 1154 1828 1203 facturus,
1856 1162 1925 1192 aut
1951 1168 1997 1191 ne

286 1213 341 1250 ire
371 1213 553 1260 Romam,
583 1221 654 1251 aut
680 1227 880 1251 remanere
910 1214 1069 1252 ibidem.
1101 1213 1153 1251 Et
1180 1213 1313 1251 habito
1344 1212 1387 1250 de
1416 1227 1500 1250 sero
1534 1213 1700 1251 consilio
1723 1213 1773 1251 ab
1800 1213 1870 1261 eis,
1897 1214 1997 1251 bona

283 1272 386 1322 facie
412 1272 512 1311 discit
537 1272 682 1310 michi:
709 1273 810 1311 Cras
833 1274 878 1311 de
902 1287 1017 1311 mane
1040 1272 1281 1323 respondebo
1302 1272 1388 1310 tibi.
1408 1273 1467 1310 De
1488 1287 1616 1320 mane,
1639 1273 1753 1323 quasi
1776 1273 1819 1310 in
1837 1287 1996 1320 aurora,

285 1332 380 1369 dum
408 1346 516 1370 eram
545 1332 587 1369 in
616 1347 771 1370 camera
798 1341 832 1370 et
860 1333 1038 1370 dicebam
1065 1333 1215 1380 laudeS,
1246 1346 1351 1369 unus
1380 1332 1484 1369 venit
1512 1347 1557 1370 ex
1584 1341 1694 1382 parte
1723 1332 1876 1370 domini
1897 1333 1999 1383 quod

286 1407 383 1429 irem
411 1393 464 1429 ad
492 1406 593 1430 eum.
629 1392 780 1430 Tamen
811 1392 909 1442 ipse,
939 1400 1148 1442 postquam
1176 1392 1256 1440 fuit
1283 1392 1582 1442 pronuntiatus,
1609 1406 1762 1442 semper
1789 1392 1892 1431 stetit
1910 1392 1998 1430 sine

285 1452 449 1498 annulo,
479 1460 513 1489 et
541 1452 698 1489 nullum
725 1460 857 1490 actum
885 1452 1150 1502 episcopalem
1177 1451 1387 1490 exercebat.
1419 1451 1489 1488 Me
1511 1460 1624 1489 eunte
1650 1452 1702 1489 ad
1724 1466 1826 1500 eum,
1850 1451 1998 1502 incepit

285 1512 453 1561 plorare,
485 1520 518 1549 et
545 1511 674 1550 discit:
710 1512 884 1549 Domine
924 1511 1151 1558 Tudertine,
1182 1525 1251 1560 ego
1288 1511 1442 1560 confido
1481 1512 1525 1548 de
1562 1520 1594 1555 te
1631 1519 1821 1561 tanquam
1858 1512 1902 1549 de
1939 1526 1997 1549 me

287 1571 387 1620 ips0.
417 1571 496 1609 Isto
524 1585 639 1609 mane
665 1571 870 1619 celebravi,
897 1580 932 1609 et
954 1571 1045 1621 juro
1071 1585 1140 1621 per
1168 1571 1244 1608 ista
1269 1570 1475 1620 evangelia
1497 1571 1574 1608 Dei
1601 1571 1702 1621 quod
1727 1585 1794 1620 ego
1831 1579 1937 1609 teneo
1963 1579 1999 1609 et

286 1639 421 1680 reputo
456 1630 577 1668 istum
599 1631 825 1669 'Urbanum
856 1645 991 1669 verum
1021 1639 1056 1669 et
1087 1630 1339 1668 verissimum
1378 1645 1547 1680 papam;
1581 1631 1649 1668 sed
1679 1645 1751 1680 pro
1791 1646 1897 1669 nunc
1927 1645 2008 1680 ego,

287 1704 365 1727 non
387 1690 545 1727 intendo
567 1690 713 1728 intrare
734 1705 840 1728 mare
860 1705 1064 1740 magnum.
1088 1690 1233 1728 Statim
1254 1690 1341 1727 istis
1361 1690 1477 1727 dictis
1496 1690 1635 1727 recessi
1654 1690 1704 1728 ab
1724 1704 1779 1738 eo,
1804 1698 1838 1728 et
1860 1690 1997 1728 omnia

287 1749 445 1787 domino
471 1758 600 1788 nostro
625 1764 694 1800 per
719 1751 897 1788 ordinem
921 1750 1132 1800 reportavi.
1158 1750 1255 1787 Post
1278 1749 1344 1787 lzec
1368 1750 1542 1787 Romani
1568 1749 1761 1787 miserunt
1789 1750 1995 1788 ambascia-

287 1817 384 1846 tores
405 1823 539 1847 eorum
559 1810 611 1847 ad
632 1810 780 1847 dictum
802 1810 1009 1847 dominum
1029 1809 1255 1860 Agapitum
1277 1810 1379 1858 quod
1398 1809 1724 1859 contemplatione
1745 1809 1888 1859 populi
1912 1809 1997 1859 ipse

288 1868 437 1906 deberet
452 1877 651 1919 acceptare
667 1878 703 1907 et
719 1869 889 1908 Romam
906 1869 1048 1908 venire.
1070 1869 1121 1907 Et
1136 1883 1256 1919 super
1273 1868 1342 1906 lioc
1359 1876 1547 1906 venerunt
1562 1868 1855 1907 ambasciatores
1874 1869 1995 1919 impe-

287 1927 441 1974 ratoris,
469 1937 503 1966 et
529 1928 720 1966 miserunt
745 1930 910 1967 adeum
935 1943 980 1967 ex
1004 1937 1115 1979 parte
1142 1928 1404 1978 imperatoris.
1427 1928 1479 1966 Et
1495 1936 1588 1966 tunc
1607 1928 1691 1978 ipse
1711 1928 1940 1979 acceptavit,
1963 1936 1998 1966 et

288 1987 393 2025 venit
416 1988 598 2035 Romam,
625 1997 660 2026 et
684 1989 786 2038 cepit
810 1989 1020 2039 capellum,
1046 1997 1081 2026 et
1104 1988 1209 2025 stetit
1232 1996 1268 2025 et
1290 1996 1367 2025 stat
1391 1996 1581 2038 tanquam
1606 1988 1838 2026 cardinalis.
1866 1987 1995 2025 Addit

288 2047 465 2085 Thomas
498 2048 618 2085 Petra
641 2047 656 2070 2
676 2048 809 2088 eidem
831 2047 1010 2099 Agapito
1040 2048 1151 2098 apud
1174 2047 1417 2097 Zagarolum
1440 2047 1540 2085 talia
1563 2061 1585 2084 a
1607 2046 1813 2086 cardinale
1837 2047 1994 2086 Geben-

287 2106 403 2144 nensi
425 2107 608 2145 revelata
633 2107 756 2146 fuisse
780 2108 821 2145 in
845 2116 1001 2146 secreto
1026 2107 1074 2145 de
1098 2106 1382 2157 assumptione
1409 2107 1567 2145 Urbani
1598 2115 1757 2157 propter
1789 2121 1860 2157 que
1894 2107 1996 2145 idem

288 2166 473 2203 dominus
489 2167 693 2217 Agapitus
708 2167 924 2217 acceptavit
939 2167 1147 2217 capellum,
1164 2166 1268 2204 alias
1285 2180 1363 2204 non
1375 2174 1660 2216 acceptaturus
1679 2167 1726 2204 In
1738 2166 1994 2216 depositione

288 2225 429 2263 Alvari
452 2224 634 2274 Martini,
656 2235 750 2277 post
772 2226 1053 2266 narrationem
1076 2227 1124 2264 de
1147 2225 1424 2264 cardinalibus
1447 2226 1498 2263 ab
1523 2226 1692 2263 Urbano
1715 2225 1860 2264 creatis
1882 2234 1924 2264 et
1946 2225 1994 2264 de

288 2284 485 2323 electione
505 2286 741 2334 Clementis,
769 2286 826 2324 ita
855 2286 1004 2336 legitur
1020 2285 1036 2308 3
1055 2302 1062 2324 :
1084 2285 1188 2323 Cum
1204 2299 1378 2322 essemus
1396 2285 1439 2322 in
1458 2285 1597 2323 limine
1615 2299 1787 2323 recessus
1806 2285 1994 2323 delibera-

288 2344 417 2381 vimus
441 2344 567 2382 videre
590 2346 797 2383 dominum
820 2346 1044 2396 Agapitum
1067 2346 1111 2383 de
1134 2345 1361 2394 Columpna
1379 2344 1446 2394 qui
1467 2345 1597 2394 fuerat
1613 2345 1663 2382 ab
1687 2344 1849 2383 Urbano
1868 2344 1994 2382 cardi-

290 2403 395 2440 nalis
419 2413 569 2442 creatus
593 2413 627 2442 et
651 2406 828 2443 nondum
851 2413 1128 2455 acceptaverat,
1156 2404 1242 2442 licet
1265 2404 1439 2441 Romani
1464 2405 1565 2454 quod
1588 2412 1804 2454 acceptaret
1827 2404 1995 2441 multum

290 2462 498 2510 instarent3
517 2472 551 2501 et
569 2464 715 2502 ivimus
730 2465 988 2514 Zagarolum,
1008 2464 1076 2502 ubi
1095 2464 1180 2514 ipse
1196 2472 1289 2501 erat.
1315 2463 1393 2513 Qui
1417 2463 1463 2501 ob
1487 2464 1671 2501 honorem
1694 2463 1847 2501 domini
1871 2463 1994 2501 nostri

289 2522 405 2570 regis,
432 2523 546 2572 cujus
572 2524 711 2562 anima
736 2524 964 2573 requiescat,
990 2532 1025 2561 et
1049 2531 1206 2573 propter
1231 2523 1414 2560 honorem
1448 2522 1601 2560 domini
1628 2522 1752 2560 nostri
1777 2522 1880 2571 regis
1902 2530 1995 2560 tunc

290 2580 472 2629 infantis,
496 2582 560 2620 cui
581 2583 631 2620 ab
652 2584 783 2620 eodem
803 2597 960 2621 eramus
980 2583 1205 2633 specialiter
1225 2582 1499 2629 commendati,
1519 2582 1688 2619 multum
1705 2590 1903 2630 gratanter
1924 2595 1995 2619 nos

290 2640 431 2689 recepit
450 2641 492 2678 in
510 2642 596 2678 suis
614 2643 726 2679 domo
744 2651 778 2680 et
797 2657 943 2681 mensa.
965 2642 1017 2680 Et
1033 2657 1122 2680 cum
1140 2643 1184 2679 de
1204 2642 1369 2679 materia
1389 2641 1465 2679 ista
1485 2642 1740 2691 loqueremur,
1760 2641 1862 2679 dixit
1879 2640 1994 2678 nobis

289 2699 454 2747 qualiter
473 2700 661 2749 Romani,
682 2702 908 2751 specialiter
929 2701 990 2739 illi
1011 2703 1054 2739 de
1075 2701 1540 2751 Columpnffiinstabani
1558 2714 1677 2750 penes
1695 2715 1786 2738 eum
1806 2708 1848 2738 ut
1866 2700 1992 2742 cardi-

291 2758 469 2795 nalatum
495 2769 723 2810 acceptaret,
752 2770 785 2799 et
812 2762 913 2811 quod
939 2761 1124 2799 dominus
1159 2760 1427 2798 Gebennensis
1454 2768 1488 2797 et
1523 2760 1747 2797 cardinales
1773 2759 1931 2809 antiqui
1957 2758 1993 2796 ei

290 2818 515 2865 oppositum
536 2820 770 2868 suadebant,
792 2828 827 2858 et
845 2820 982 2869 arguit
1001 2821 1054 2858 ad
1074 2829 1277 2869 utramque
1298 2827 1474 2871 partem.>
1489 2819 1538 2856 In
1561 2819 1639 2868 fine
1661 2819 1814 2869 petebat
1832 2833 1857 2856 a
1878 2818 1993 2856 nobis

291 2875 384 2923 quid
412 2877 525 2914 nobis
554 2878 747 2917 videretur
774 2879 870 2929 quid
896 2888 993 2917 esset
1019 2879 1099 2917 sibi
1126 2879 1368 2928 jaciendum.
1391 2877 1593 2916 Dominus
1628 2878 1866 2916 Giennensis
1893 2877 1994 2915 discit

339 3007 369 3038 Ἰ.
404 3008 441 3040 U.
469 3008 525 3047 N„
549 3021 616 3042 ms.
641 3010 737 3042 latin
760 3010 890 3051 11745,
914 3012 977 3045 fol.
1001 3013 1045 3045 78
1067 3017 1110 3044 ΥΟ.

340 3062 369 3091 2.
402 3060 467 3093 ΜΞ.
494 3062 577 3101 cite,
603 3064 665 3095 l'ol.
692 3065 735 3096 97
759 3069 802 3097 ΓΟ.

337 3115 366 3144 23.
395 3113 459 3145 ΜΞ.
485 3114 568 3154 cite,
593 3116 653 3148 sol.
679 3117 747 3150 108
771 3122 821 3150 v0.
