2083 3458
85 185 210 240 [595]
612 199 830 224 PAPARUM
866 195 1253 224 AVENIONENSIUM
1725 181 1777 222 63

74 283 286 335 episcopus
314 281 617 329 Praenestinus,
645 281 709 320 cui
745 282 928 320 Clemens
954 281 990 318 V
1026 280 1287 319 commiserat
1323 279 1553 318 custodiam
1590 280 1776 330 Templa-

76 343 228 381 riorum
250 341 445 380 Franciae
466 341 650 391 adeoque
669 355 741 391 per
761 354 807 379 ea
829 348 1017 390 tempora
1037 339 1170 377 vitam
1194 339 1344 389 agebat
1365 338 1409 376 in
1429 352 1525 388 agro
1547 338 1775 377 parisiensi.

79 401 181 440 Vide
202 400 323 448 infra,
343 400 389 451 [t.
415 399 443 450 ι]
470 415 509 451 p.
529 400 591 438 30.

132 461 176 499 Ρ.
204 460 266 507 18,
290 459 358 509 lig.
386 459 449 498 23.
478 460 729 497 HANNONJE.
756 459 854 496 Voir
877 458 932 497 les
959 457 1189 496 conditions
1216 458 1271 495 du
1297 456 1475 506 mariage
1501 464 1614 494 entre
1641 456 1777 503 Louis,

77 527 212 559 comte
230 519 278 558 de
297 519 504 557 Clermont
522 527 562 556 et
580 518 628 556 de
645 518 683 555 la
703 518 880 565 Marche,
899 525 939 556 et
957 517 1096 564 Marie‚
1115 530 1224 555 soeur
1242 517 1290 554 de
1309 516 1539 554 Guillaume
1558 515 1776 562 d'Avesne,

76 593 129 618 en
142 578 233 629 juin
260 578 359 617 1311
384 578 485 616 dans
519 577 889 615 Funck-Brentano
924 577 998 614 Les
1015 575 1188 626 origines
1210 576 1254 614 cle
1280 576 1318 613 la
1342 589 1476 625 guerre
1502 575 1546 612 de
1563 574 1660 612 Cent
1676 575 1776 621 Ans,

76 653 114 689 p.
135 637 240 687 590).

128 698 172 736 Ρ.
200 697 262 744 18,
286 696 354 746 lig.
380 695 442 734 27.
470 696 731 734 MEDIOLANI.
759 695 856 733 Voir
881 709 949 733 sur
973 695 1030 733 les
1055 694 1333 744 negociations
1360 694 1429 744 qui
1454 693 1718 744 precederent
1742 693 1777 731 le

73 763 410 802 couronnement,
428 755 594 802 Baluze,
614 763 643 793 t.
666 769 722 801 111,
744 769 782 805 p.
806 753 893 792 501.

131 815 174 854 P.
199 815 262 863 18,
285 814 352 864 lig.
378 814 440 853 29.
464 815 687 852 BLANCHA.
711 813 742 851 Il
766 813 857 851 faut
880 813 951 851 lire
973 812 1232 862 Marguerste,
1260 812 1329 862 qui
1352 819 1520 850 mourut
1542 811 1577 850 le
1602 811 1651 848 24
1675 810 1776 849 avril

77 875 190 914 1311.
217 874 402 913 Clement
425 874 460 911 V
486 873 659 911 accorda
684 882 770 911 une'
787 872 1030 922 indulgence
1054 872 1101 910 de
1128 871 1245 922 vingt
1268 871 1379 921 jours
1407 873 1428 909 a
1453 885 1555 910 ceux
1580 870 1649 920 qui
1674 870 1775 920 prie-

74 933 207 973 raient
223 948 327 984 pour
344 947 414 971 son
435 933 543 971 salut
563 932 627 981 (17
646 932 749 970 avril
768 931 884 979 1312)
904 940 945 970 et
962 946 1040 970 une
1059 932 1107 969 de
1126 931 1196 969 dix
1213 933 1235 969 a
1253 939 1347 969 tout
1364 933 1499 981 pretre
1518 929 1586 980 qui
1605 929 1776 968 celebre-

74 993 154 1032 rait
169 993 208 1031 la
225 1007 354 1031 messe
371 1006 474 1043 pour
489 992 524 1031 le
543 1006 659 1042 repos
678 992 726 1030 de
743 1005 817 1029 son
834 994 924 1029 ame
945 1005 1013 1029 sur
1028 990 1170 1029 l'autel
1188 990 1333 1041 qu'elle
1353 990 1401 1027 fit
1415 989 1544 1039 'eriger
1560 1003 1611 1028 en
1626 987 1778 1038 l’eglise

74 1053 144 1091 des
161 1052 396 1099 Precheurs‚
413 1053 435 1089 a
453 1051 565 1089 Paris
584 1051 649 1101 (29
665 1050 879 1089 decembre
897 1050 1012 1099 1312)
1027 1066 1034 1096 ;
1052 1050 1227 1087 Clement
1247 1050 1292 1097 V,
1310 1063 1349 1087 n.
1368 1049 1469 1087 7738
1485 1056 1526 1087 et
1542 1047 1656 1086 9131.

126 1111 170 1150 P.
205 1110 267 1158 19,
299 1110 367 1161 lig.
400 1110 434 1149 1.
468 1111 685 1148 Ancnmps
719 1110 918 1147 NARBON.
942 1109 1134 1159 Aegidius
1157 1108 1358 1155 Aisselini,
1392 1108 1488 1146 olim
1520 1106 1777 1158 praepositus

73 1170 265 1210 ecclesiae
290 1169 649 1217 Claromontensis,
674 1177 721 1207 ut
746 1169 866 1208 docet
891 1168 1064 1219 epistola
1091 1167 1269 1218 Philippi
1295 1168 1442 1214 Pulcri,
1474 1167 1576 1217 regis
1603 1167 1777 1204 Franco-

73 1244 177 1277 rum,
211 1230 262 1268 ad
296 1229 512 1268 Nicolaum
544 1243 697 1279 papam
734 1228 796 1266 III
830 1228 928 1266 data
952 1242 1069 1266 -anno
1102 1227 1496 1273 MCCLXXXVIII,
1531 1226 1580 1265 de
1613 1225 1776 1276 negotio

73 1288 365 1339 Arragoniae.1
396 1288 454 1327 De
482 1289 559 1326 hac
586 1302 706 1339 porro
735 1287 893 1338 Aegidii
920 1286 1190 1325 translatione
1228 1287 1280 1324 ad
1306 1286 1530 1325 Ecclesiam
1552 1286 1778 1323 Rothoma-

71 1362 235 1398 gensem
258 1347 313 1386 sic
336 1347 477 1386 scribit
499 1347 608 1386 idem
632 1347 896 1386 continuator
917 1346 1066 1396 Nangii
1094 1346 1140 1396 [t.
1160 1361 1186 1393 1,
1212 1361 1250 1396 p.
1271 1345 1362 1396 382]
1384 1361 1392 1383 ε
1417 1345 1504 1383 Hoc
1522 1345 1652 1382 eodem
1673 1357 1779 1382 anno

71 1407 176 1457 jacta
202 1407 366 1445 mutatio
404 1406 505 1444 inter
531 1406 874 1457 archiepiscopum
912 1405 1214 1443 Narbonensem
1240 1413 1273 1442 et
1295 1405 1658 1453 Rothomagensem,
1684 1417 1778 1440 nam

70 1481 160 1504 cum
196 1466 525 1516 Rothomagensis
562 1466 898 1516 archiepiscopus,
937 1465 1168 1502 Bernarclus
1206 1464 1377 1509 nomine,
1418 1478 1537 1514 nepos
1567 1462 1778 1501 Clementis

71 1540 214 1577 papae,
234 1534 392 1577 propter
412 1524 630 1576 juventutis
651 1539 747 1563 snae
772 1524 1025 1563 insolentiam
1045 1539 1133 1562 cum
1154 1524 1403 1561 Normannis
1423 1523 1625 1560 nobilibus
1643 1536 1778 1572 pacem

74 1585 215 1623 bonam
242 1599 321 1623 non
346 1584 513 1632 haberet,
540 1599 582 1622 eo
609 1585 800 1622 translato
829 1585 881 1622 ad
914 1583 1298 1634 archiepiscopatum
1325 1583 1636 1629 Narbonensem,
1658 1580 1778 1630 Aegi-

70 1644 183 1683 dium
206 1659 278 1695 pro
303 1652 395 1682 tunc
420 1644 734 1691 Narbonensem,
758 1643 1022 1694 praecipuum
1047 1642 1151 1692 regis
1169 1642 1460 1688 consiliarium,
1479 1642 1709 1692 prudentem
1736 1640 1778 1677 in

70 1703 306 1754 agibilibus,
322 1712 356 1742 et
378 1703 420 1741 in
442 1711 601 1754 utroque
619 1703 708 1753 jure
728 1703 980 1754 perimmuni
997 1702 1323 1751 Rothomagensis
1343 1700 1632 1752 archiepiscopi
1652 1708 1777 1737 trans-

71 1763 162 1801 tulit
194 1763 440 1812 dignitatem.

124 1822 294 1861 Occasio
318 1822 505 1873 postulat
529 1829 576 1859 ut
603 1821 799 1871 quoniam
825 1821 867 1859 in
892 1821 1144 1859 mentionem
1169 1820 1386 1858 incidimus
1412 1819 1535 1869 hujus
1561 1818 1652 1866 viri,
1678 1832 1777 1856 non-

72 1882 183 1920 nulla
198 1895 362 1932 quoque
377 1880 562 1920 dicamus
580 1881 628 1919 de
649 1880 737 1919 viro
751 1880 851 1919 item
870 1879 1125 1919 memorabili
1141 1879 1266 1918 fratre
1281 1878 1368 1929 ejus
1386 1879 1573 1929 Hugone,
1588 1877 1778 1928 episcopo

73 1940 251 1980 Ostiensi
269 1940 302 1988 2;
328 1940 398 1991 qui
421 1940 544 1990 vulgo
577 1948 752 1978 vocatur
776 1940 824 1978 de
846 1939 1049 1986 Billiomo,
1074 1938 1169 1989 quia
1190 1939 1249 1977 ita
1281 1939 1511 1977 vocabatur
1533 1945 1629 1975 ante
1653 1950 1778 1987 quam

75 2001 190 2039 fieret
205 2000 435 2039 cardinalis.
452 1999 791 2038 Praetermittam
808 2007 949 2037 autem
964 2013 1010 2037 ea
1027 2013 1132 2049 quae
1146 1998 1215 2036 alii
1232 1998 1419 2045 retulere,
1435 2012 1484 2036 ne
1506 2005 1646 2035 actum
1661 2009 1778 2045 agere

72 2059 226 2098 videar.
249 2059 369 2098 Anno
390 2058 709 2098 MCCLXXXII
731 2058 842 2097 facta
873 2058 1029 2097 solenni
1050 2057 1364 2108 congregatione
1386 2057 1602 2095 doctorum
1622 2055 1777 2093 theolo-

73 2132 216 2169 gorum
251 2118 557 2165 Parisiensium,
586 2117 630 2157 in
663 2132 744 2168 qua
779 2117 1013 2167 quaesitum
1047 2117 1098 2155 ab
1130 2116 1209 2155 illis
1237 2116 1341 2155 fuit:
1369 2116 1510 2154 Utrum
1528 2113 1676 2165 aliquis
1696 2127 1778 2151 vere

72 2177 278 2228 paenitens
294 2185 329 2215 et
344 2177 545 2227 consessus
562 2185 596 2215 et
611 2177 682 2215 rite
697 2177 902 2215 absolutus
917 2176 968 2215 ab
993 2191 1034 2214 eo
1059 2176 1126 2226 qui
1140 2184 1262 2227 potest
1283 2183 1456 2213 teneatur
1471 2175 1604 2212 eadem
1623 2179 1778 2223 peccata

122 2329 156 2362 1.
173 2328 263 2361 Voir
278 2328 428 2366 Baluze,
448 2334 473 2360 t.
490 2339 541 2366 111,
560 2339 594 2371 p.
614 2326 647 2359 6.
664 2346 712 2350 —
728 2327 811 2360 Ala
828 2326 1047 2370 biographie
1065 2327 1109 2359 de
1127 2324 1240 2358 Gilles
1257 2325 1413 2364 Aicelin,
1432 2324 1544 2358 ecrite
1562 2335 1630 2367 par
1647 2323 1685 2355 L.
1707 2323 1778 2355 De-

76 2381 154 2415 lisle
170 2381 262 2414 dans
278 2380 327 2414 H.
344 2381 399 2421 L.,
417 2387 444 2413 t.
462 2393 586 2420 xxxn,
604 2392 639 2424 p.
656 2379 827 2420 474-502‚
844 2380 869 2413 il
884 2380 968 2413 faut
983 2380 1133 2423 ajouter
1148 2380 1328 2422 quelques
1344 2378 1663 2421 renscignements
1679 2388 1779 2409 com-

76 2434 353 2478 plementaires.
377 2433 489 2467 Gilles
511 2434 595 2466 vint
615 2434 774 2467 feliciter
794 2433 965 2467 Clement
985 2433 1029 2473 V,
1052 2445 1197 2466 comme
1219 2434 1364 2475 envoye
1387 2432 1431 2464 de
1455 2430 1625 2473 Philippe
1646 2430 1678 2462 le
1700 2429 1776 2468 Bel,

77 2488 99 2520 a
117 2488 329 2526 Bordeaux,
345 2499 391 2521 en
409 2487 532 2531 juillet
551 2487 645 2520 1305
668 2487 802 2531 (Revue
819 2487 1027 2530 historiqae,
1049 2492 1075 2520 t.
1098 2499 1149 2519 XL
1172 2486 1306 2529 (1889),
1329 2497 1363 2528 p.
1386 2485 1430 2517 52
1451 2490 1488 2517 et
1508 2484 1656 2522 Baluze,
1679 2489 1705 2515 t.
1725 2494 1777 2522 111,

78 2552 113 2585 p.
130 2541 204 2586 48).
224 2541 254 2575 Il
270 2541 406 2574 assista
421 2541 479 2574 al’
486 2541 691 2574 assemblee
708 2541 752 2574 de
769 2539 888 2574 Tours
905 2552 951 2574 en
967 2540 1043 2573 mai
1059 2541 1152 2574 1308
1173 2539 1305 2583 (Picot,
1320 2538 1541 2571 Documents
1555 2536 1695 2578 relatiss
1705 2546 1780 2568 aua:

78 2586 182 2628 Etats
207 2594 408 2634 Generatim,
430 2606 466 2638 p.
488 2594 586 2637 493).
610 2592 729 2627 Finke
753 2593 973 2656 (mmmm
997 2599 1023 2627 t.
1044 2605 1082 2633 11
1105 2605 1140 2636 p.
1164 2592 1245 2635 147)
1272 2604 1292 2625 a
1314 2592 1436 2624 donne
1459 2602 1530 2622 une
1552 2589 1705 2646 analyse
1727 2589 1777 2621 du

80 2647 245 2681 discours
264 2659 313 2691 qu
319 2648 355 2680 ’il
372 2655 564 2691 prononca
581 2648 613 2681 le
633 2647 676 2680 29
694 2647 770 2680 mai
799 2648 905 2687 1308,
935 2658 956 2679 a
986 2645 1156 2685 Poitiers‚
1176 2658 1221 2679 en
1238 2647 1413 2688 presence
1433 2644 1476 2676 de
1496 2630 1665 2676 Clement
1682 2641 1715 2674 V
1741 2648 1779 2674 et

79 2701 172 2734 dans
190 2701 312 2745 lequel
331 2701 356 2734 il
374 2713 412 2734 se
432 2701 581 2735 declara
599 2701 785 2734 contraire
806 2712 880 2733 aux
900 2700 1117 2743 Templiers.
1140 2699 1251 2732 Gilles
1272 2697 1413 2730 Aicelin
1435 2698 1520 2739 gera
1540 2707 1608 2739 par
1626 2695 1780 2728 interim

79 2754 130 2787 les
150 2754 339 2788 fonctions
361 2755 406 2787 de
422 2754 535 2797 garde
549 2754 598 2787 du
619 2765 730 2787 sceau
752 2766 765 2784 ‹<
786 2755 836 2786 du
859 2755 901 2788 27
924 2753 1060 2787 fevrier
1080 2753 1186 2792 1310,
1209 2763 1256 2784 au
1279 2751 1398 2783 moins
1418 2750 1532 2793 jusqu
1539 2750 1598 2781 ’au
1619 2748 1712 2781 mois
1735 2748 1780 2781 de

82 2808 286 2841 novembre
304 2808 348 2840 de
365 2813 464 2840 cette
485 2809 606 2840 meme
625 2809 743 2841 annee
764 2814 801 2840 et
822 2814 909 2840 tout
926 2819 974 2839 au
992 2807 1074 2850 plus
1091 2805 1270 2849 jusqu’au
1292 2805 1409 2837 debut
1427 2803 1471 2835 de
1491 2803 1637 2834 l’annee
1655 2801 1745 2834 1311
1765 2813 1779 2831 »

87 2860 140 2901 (L.
156 2861 358 2900 Perrichet,
371 2861 427 2893 La
439 2862 574 2904 grande
585 2861 818 2894 chancellerie
830 2862 870 2893 de
882 2860 1033 2898 France,
1050 2871 1083 2902 p.
1100 2859 1179 2895 529,
1210 2858 1306 2898 530).

133 2915 163 2947 2.
182 2914 269 2948 Cree
286 2914 453 2947 cardinal
467 2914 500 2947 le
517 2914 561 2947 16
577 2914 650 2946 mai
668 2915 774 2953 1288,
791 2914 816 2946 il
831 2920 937 2955 recut
951 2913 1116 2946 l’eveche
1134 2911 1278 2944 d'Ostie
1295 2922 1339 2942 en
1356 2910 1447 2942 aofit
1464 2909 1557 2941 1294
1573 2914 1610 2941 et
1626 2913 1779 2940 mourut

82 2967 114 3000 le
133 2968 177 3001 28
197 2968 392 3001 decembre
411 2967 516 3000 1297.
536 2966 627 3000 Voir
644 2979 707 3000 sur
724 2967 775 3000 lui
794 2967 842 3000 H.
863 2967 918 3006 L.‚
939 2972 965 2999 t.
986 2977 1068 3005 ΧΧῙ,
1088 2977 1123 3008 p.
1144 2964 1271 3003 71-79;
1292 2964 1334 2996 A.
1356 2962 1478 3005 Lecoy
1499 2962 1542 2994 de
1561 2961 1596 2994 la
1614 2960 1778 3000 Marche,

82 3020 138 3053 La
160 3020 281 3054 chaire
311 3020 496 3063 francaise
520 3031 570 3053 aa
597 3013 736 3064 Moyen
759 3020 850 3063 Age,
879 3019 995 3058 Paris,
1022 3019 1128 3057 1886,
1156 3029 1191 3060 p.
1218 3016 1305 3054 513;
1332 3015 1480 3054 Archiv,
1508 3020 1535 3048 t.
1561 3026 1599 3054 11,
1626 3025 1662 3057 p.
1691 3014 1778 3054 209;

84 3072 214 3113 Euhel,
229 3073 460 3111 Hierarchia.
477 3079 504 3106 t.
518 3085 543 3113 1,
559 3085 594 3117 p.
611 3074 669 3113 11,
685 3074 730 3107 35
746 3079 784 3106 et
797 3073 860 3110 46;
879 3072 1032 3115 Digard,
1049 3083 1083 3104 n.
1101 3071 1181 3110 296,
1198 3070 1280 3109 301,
1297 3069 1401 3102 2431.
