2083 3458
308 202 388 242 918
955 214 1107 239 NOTAE
1141 214 1202 239 AD
1237 213 1365 239 vlTAs
1861 198 2014 255 [1406]

362 299 406 337 Ρ.
438 299 528 346 532,
560 297 626 347 lig.
660 298 722 336 33.
757 297 1082 335 CAMERACENSI.
1116 297 1267 335 Paulus
1300 296 1512 344 Aemilius,
1546 296 1617 347 qui
1653 298 1759 335 hanc
1799 297 2019 348 epistolam

307 358 483 405 viderat,
521 357 639 395 addit
675 356 788 393 illam
825 356 1024 407 scriptam
1060 371 1146 395 esse
1183 356 1236 394 ad
1273 356 1514 407 episcopum
1551 357 1901 396 Cameracensem.
1941 357 2019 396 Sed

307 418 371 456 hic
394 425 533 456 noster
554 431 647 455 eum
671 415 735 454 cui
755 415 911 466 scripta
932 423 994 454 est
1015 424 1140 454 vocat
1159 424 1331 454 tantum
1350 416 1626 466 professorem
1654 416 1871 467 utriusque
1902 417 2018 467 juris.

361 477 404 515 P.
431 477 521 524 533,
547 476 613 526 lig.
641 476 703 514 31.
731 475 1117 514 MCCCLXXVIII.
1146 476 1269 514 Error
1293 475 1374 513 fuit
1398 475 1671 526 typographi3
1697 491 1771 526 pro
1797 490 1879 526 quo
1903 491 2019 527 repo-

307 536 490 575 nendum
520 544 607 573 est:
640 534 1035 573 MCCCLXXVHII
1068 535 1171 585 (sic).

267 592 269 594 ’
362 596 405 634 Ρ.
427 595 517 643 533,
536 594 603 645 lig.
626 594 687 633 31.
719 594 873 632 MENSE
907 609 1148 632 SEPTEMBRI
1170 594 1233 632 die
1254 603 1405 633 octava
1421 594 1450 643 1,
1470 602 1518 632 ut
1539 594 1660 633 docet
1677 596 1858 633 Joannes
1881 595 2019 643 Fabri,

307 655 434 693 abbas
465 653 606 693 Sancti
635 653 807 692 Vedasti
835 653 1160 702 Attrebatensis,
1197 653 1240 692 in
1265 662 1383 692 tomo
1415 662 1565 704 quarto
1602 654 1809 692 Historiae
1852 655 2018 693 Univer-

308 715 399 753 tatis
422 714 572 762 Paris,
596 727 690 764 pag.
716 713 805 752 523.

362 774 405 813 P.
431 773 520 821 533,
544 773 611 824 lig.
637 773 699 812 35.
727 773 824 810 NON
859 787 970 811 ERAT
1001 788 1260 812 ADHEREND.
1297 773 1496 812 Odoricus
1524 773 1781 823 Raynaldus,
1809 787 1875 812 an.
1903 774 2018 821 1378,

313 833 329 883 ἓ
355 833 419 881 60,
446 834 571 871 refert
597 833 703 871 hanc
730 832 947 871 historiam
974 832 1102 871 Paulo
1130 832 1318 872 Aemilio.
1350 833 1431 871 Iste
1466 834 1656 871 noluerat
1683 833 1898 871 decernere
1924 841 2020 872 utra

304 907 399 944 pars
440 901 547 931 esset
587 891 742 939 melior,
782 891 981 942 litemque
1021 892 1245 942 reliquerat
1284 892 1522 931 indecisam.
1567 892 1621 930 At
1663 892 1905 942 Raynaldus
1945 908 2019 943 pro

306 952 427 991 solita
460 952 696 991 temeritate
728 966 802 990 sua
834 951 1011 1002 insurgit
1042 951 1084 990 in
1115 953 1192 991 hoc
1223 952 1312 991 loco
1344 952 1542 991 adversus
1575 952 1843 1002 tyrannidem
1877 952 2021 991 Karoli

305 1012 408 1062 regis
429 1020 470 1049 et
489 1011 754 1062 politicorum
775 1011 944 1059 Galliae,
966 1011 1062 1062 quia
1081 1020 1177 1063 post
1196 1011 1410 1062 negotium
1428 1011 1540 1050 istud
1560 1012 1602 1049 in
1621 1012 1793 1051 concilio
1814 1012 2019 1051 Ecclesiae

309 1071 543 1110 Gallicanae
578 1070 656 1120 (uti
686 1079 863 1109 vocatur
893 1070 936 1109 in
966 1071 1147 1110 secunda
1179 1071 1443 1122 responsione
1478 1071 1771 1110 Universitatis
1807 1071 1933 1110 Paris.
1967 1071 2020 1109 ad

306 1130 525 1182 epistolam
556 1130 685 1169 studii
715 1130 908 1169 Tolosani
939 1130 1051 1169 edita
1082 1131 1124 1169 in
1153 1139 1269 1170 tomo
1303 1131 1449 1181 quinto
1480 1131 1686 1169 Historiae
1724 1131 2019 1178 Universitatis‚

306 1206 345 1242 p.
366 1191 431 1239 43)
453 1190 740 1228 examinatum
759 1205 854 1228 cum
871 1205 1035 1228 summa
1054 1190 1282 1241 diligentia,
1304 1205 1385 1241 qua
1406 1191 1539 1240 major
1558 1191 1744 1229 adhiberi
1765 1206 1846 1228 ron
1865 1190 2019 1241 potuit,

307 1249 571 1290 crediderunt
605 1250 823 1288 Urbanum
855 1265 926 1300 per
958 1250 1045 1288 vim
1077 1259 1119 1289 et
1150 1251 1418 1300 tyrannidem
1454 1251 1737 1289 Romanorum
1785 1251 2019 1301 peryenisse

307 1309 360 1347 ad
389 1323 599 1348 summum
628 1309 856 1360 fastigium,
887 1309 1143 1348 Clementem
1171 1310 1307 1349 liberis
1339 1310 1515 1349 comitiis
1545 1311 1737 1355 electum,
1764 1310 1950 1360 adeoque
1985 1309 2020 1349 ei

305 1369 630 1407 adhaerendum.
654 1369 713 1407 De
733 1383 779 1408 ea
799 1384 840 1407 re
860 1368 916 1408 sic
935 1369 1138 1420 scriptum
1158 1378 1221 1408 est
1238 1370 1281 1408 in
1300 1370 1559 1421 expositione
1579 1370 1681 1408 facti
1700 1369 1857 1408 tradita
1877 1369 2021 1409 comiti

309 1428 526 1467 Flandriae
562 1443 634 1479 per
671 1429 877 1467 Joannem
915 1429 1039 1467 Fabri
1075 1429 1274 1468 abbatem
1311 1429 1453 1468 Sancti
1490 1429 1661 1468 Vedasti
1697 1428 2020 1477 Attrebatensis‚

307 1503 347 1539 p.
370 1488 460 1535 523,
481 1488 523 1526 in
543 1497 657 1526 tomo
679 1496 829 1538 quarto
850 1488 1056 1527 Historiae
1083 1489 1366 1527 Universitatis
1386 1490 1637 1527 Parisiensis
1655 1505 1667 1527 .·
1688 1490 1785 1527 Post
1805 1503 1875 1539 que
1896 1489 2019 1526 domi—

308 1562 385 1586 nus
406 1562 472 1586 rex
490 1548 570 1598 fuit
590 1562 659 1598 per
679 1548 801 1586 dictos
822 1548 992 1586 nuncios
1011 1549 1064 1586 ad
1081 1557 1234 1599 partem
1256 1549 1496 1599 informatus
1515 1557 1550 1587 et
1570 1549 1672 1599 quod
1697 1548 1872 1587 dominis
1892 1549 2020 1586 cardi—

309 1607 471 1645 nalibus
502 1607 699 1645 adhereret
730 1607 958 1657 requisitus,
991 1609 1122 1646 volens
1156 1608 1199 1646 in
1229 1609 1298 1646 hoc
1330 1609 1484 1658 negotio
1516 1617 1666 1647 mature
1697 1608 1900 1659 procedere
1932 1622 2020 1646 con—

308 1667 457 1705 vocavit
494 1667 791 1704 multitudinem
827 1668 1069 1717 prelatorum
1106 1676 1140 1705 et
1178 1683 1415 1718 magnorum
1452 1669 1681 1706 clericorum
1717 1668 1783 1706 sui
1821 1667 1933 1717 regni
1971 1668 2023 1705 ad

307 1734 482 1764 octavam
506 1727 609 1764 diem
633 1726 780 1764 mensis
804 1727 1058 1776 septembris,
1078 1742 1208 1765 coram
1232 1728 1376 1778 quibus
1393 1727 1539 1778 exponi
1559 1728 1651 1778 jecit
1668 1727 1848 1765 seriatim
1864 1741 1936 1777 que
1953 1742 2022 1778 per

308 1786 480 1836 prefatos
508 1786 676 1823 nuncios
703 1785 738 1823 ei
764 1787 924 1836 fuerant
949 1787 1147 1837 explicata
1174 1802 1325 1825 necnon
1354 1787 1655 1837 informationes
1683 1801 1781 1837 quas
1806 1801 1927 1837 super
1953 1787 2023 1824 hoc

304 1845 409 1894 facto
438 1845 670 1892 habuerant,
702 1846 747 1883 de
777 1845 922 1895 quibus
951 1847 1193 1896 premissum
1222 1856 1305 1895 est,
1327 1846 1607 1897 requisivitque
1638 1846 1760 1884 dictos
1789 1846 1959 1897 prelatos
1989 1854 2024 1884 et

308 1904 465 1942 clericos
498 1905 599 1954 quod
640 1904 682 1942 in
713 1905 785 1942 hac
817 1905 983 1943 materia
1012 1906 1093 1943 sibi
1125 1907 1339 1944 consilium
1371 1907 1508 1944 darent
1540 1907 1635 1956 quid
1664 1914 1761 1944 esset
1795 1914 1970 1953 acturus,
1989 1913 2024 1943 et

310 1964 405 2014 quid
429 1963 545 2001 dictis
571 1964 731 2001 nunciis
760 1964 1012 2003 dominorum
1036 1966 1306 2003 cardinalium
1331 1980 1607 2015 responsurus.
1635 1966 1732 2003 Post
1755 1966 1917 2015 longam
1942 1964 2020 2003 dis-

309 2023 531 2061 cussionem
550 2031 584 2060 et
605 2023 705 2060 inter
725 2032 950 2062 convocatos
971 2025 1308 2075 disceptationem,
1330 2025 1418 2063 licet
1438 2026 1565 2075 major
1585 2033 1619 2063 et
1637 2025 1776 2063 sanior
1795 2039 1890 2075 pars
1911 2039 2019 2062 voca-

308 2090 434 2120 torum
460 2090 600 2120 teneret
626 2082 806 2120 dominos
832 2083 1055 2122 cardinales
1080 2093 1233 2135 partem
1258 2085 1452 2123 sustinere
1478 2085 1669 2135 potiorem
1694 2085 1739 2122 de
1762 2084 1863 2134 jure,
1889 2092 2019 2122 tamen

309 2141 402 2191 quia
434 2141 586 2179 domini
619 2142 841 2180 cardinales
873 2143 1032 2181 domino
1063 2145 1146 2193 regi
1169 2144 1497 2194 significaverant
1526 2159 1566 2182 se
1594 2144 1783 2198 quosdam
1813 2158 2018 2194 processus

309 2209 483 2251 patentes
510 2201 685 2250 jacturos
714 2210 747 2239 et
776 2202 936 2240 domino
966 2204 1048 2253 regi
1079 2204 1284 2251 missuros,
1316 2218 1409 2254 quos
1439 2218 1505 2242 rex
1534 2204 1711 2241 nondum
1746 2211 1953 2253 receperat,
1985 2211 2019 2240 et

309 2274 355 2298 ne
383 2260 425 2297 in
451 2268 556 2298 tanto
583 2261 736 2310 negotio
763 2262 886 2299 nimis
912 2263 1106 2300 videretur
1126 2263 1328 2313 festinare,
1356 2264 1492 2301 datum
1508 2263 1587 2313 suit
1606 2263 1765 2301 domino
1785 2270 1915 2300 nostro
1933 2262 2016 2310 regi

309 2319 521 2357 consilium
549 2321 650 2369 quod
676 2335 746 2370 pro
774 2329 866 2359 tunc
892 2336 931 2359 se
959 2336 1039 2359 non
1066 2323 1351 2370 determinaret,
1379 2324 1446 2360 sed
1472 2323 1600 2360 adhuc
1633 2322 1805 2372 differret
1830 2336 1870 2359 se
1899 2322 2015 2359 deter-

311 2378 475 2416 minare.
513 2379 564 2417 Et
598 2379 656 2417 sic
689 2380 769 2429 fuit
803 2381 970 2430 prefatis
1007 2382 1168 2420 nunciis
1204 2382 1456 2420 dominorum
1492 2381 1763 2420 cardinalium
1799 2395 1870 2431 pro
1906 2389 2016 2431 parte

308 2437 460 2475 domini
482 2438 585 2487 regis
605 2439 798 2488 presentis
817 2440 975 2490 publice
995 2456 1064 2491 per
1084 2456 1124 2479 os
1145 2441 1298 2479 domini
1319 2442 1475 2479 abbatis
1503 2441 1640 2479 Sancti
1661 2440 1834 2487 Vedasti,
1850 2440 2017 2478 doctoris

310 2497 559 2545 decretorum,
589 2497 632 2535 in
659 2513 813 2537 camera
840 2514 988 2549 magna
1014 2501 1159 2551 palatii
1187 2515 1433 2551 responsum.
1467 2501 1586 2538 Hunc
1614 2501 1764 2548 locum,
1792 2496 2016 2537 tamenetsi

310 2556 530 2604 prolixum,
556 2557 704 2595 referre
729 2558 887 2608 placuit
912 2559 1132 2610 integrum,
1152 2569 1199 2598 ut
1224 2561 1395 2611 planum
1424 2561 1498 2598 fiat
1522 2559 1622 2597 nihil
1647 2559 1689 2597 in
1709 2558 2014 2609 Galliapraeci-

311 2614 493 2663 pitanter
527 2624 668 2653 actum
702 2632 787 2656 esse
823 2617 864 2656 in
899 2619 974 2657 hac
1011 2633 1147 2667 causa,
1183 2620 1254 2658 sed
1289 2628 1454 2658 maturo
1490 2619 1742 2668 decoctoque
1788 2617 1957 2667 judicio.
1998 2617 2013 2655 I

311 2687 431 2720 nunc,
462 2674 690 2723 Raynalde,
717 2685 758 2714 et
784 2678 1193 2717 maledicentissimas
1220 2687 1381 2729 satyras
1408 2678 1537 2717 scribe
1564 2678 1760 2716 adversus
1787 2677 2014 2727 principem

311 2732 659 2781 sapientissimum
684 2743 902 2786 totamque
930 2746 1094 2787 gentem
1122 2738 1334 2777 Gallicam.

387 2792 444 2828 {es
465 2793 672 2841 postulare
693 2794 858 2834 videtur
876 2804 924 2834 ut
944 2797 1141 2846 quoniam
1160 2797 1202 2835 in
1221 2797 1477 2848 expositione
1498 2811 1595 2834 mox
1621 2796 1792 2833 laudata
1813 2795 2013 2845 scriptum

314 2857 374 2886 cst
400 2851 598 2899 majorem
624 2860 664 2890 et
690 2854 893 2893 saniorem
918 2864 1081 2905 partem
1106 2871 1249 2895 eorum
1275 2857 1345 2907 qui
1370 2856 1411 2893 in
1437 2863 1646 2894 conventu
1671 2855 1739 2892 illo
1765 2862 1883 2892 erant
1908 2853 2011 2892 exis·

314 2909 478 2946 tinuisse
516 2911 740 2950 cardinales
778 2923 940 2963 partem
962 2915 1203 2954 sustinuisse
1241 2916 1458 2966 potiorem,
1482 2915 1530 2953 de
1567 2914 1613 2952 iis
1652 2928 1815 2965 quoque
1841 2927 2011 2963 agamus

362 3042 523 3129 ‘liogisez
546 3047 603 3085 11,
629 3049 793 3092 quoique
816 3051 1052 3086 l'assemblee
1076 3053 1130 3085 ait
1152 3054 1212 3086 ete
1235 3054 1456 3096 convoquee
1480 3063 1576 3095 pour
1597 3051 1629 3084 le
1653 3052 1673 3084 8
1693 3050 1751 3093 (Ν.
1770 3049 1911 3089 valois,
1935 3055 1962 3083 t.
1985 3062 2008 3091 1,

314 3106 347 3137 p.
423 3097 431 3106 ‘
446 3102 468 3138 ).
