2083 3458
84 188 208 243 [815]
610 203 826 228 PAPARUM
862 201 1246 228 AVENIONENSIUM
1688 187 1771 228 319

125 287 243 324 Anno
276 286 446 324 MCCCL
478 286 588 336 apud
622 286 876 325 Avenionem
908 287 948 324 in
988 286 1155 325 ecclesia
1191 286 1366 324 fratrum
1399 285 1602 325 Minorum
1634 300 1771 324 conse-

71 345 202 384 cravit
224 345 359 383 virum
383 359 429 383 ea
452 352 700 394 tempestate
726 346 1010 384 doctissimum
1033 346 1234 384 Thomam
1255 344 1596 383 Bradwardinum
1619 344 1771 383 archie-

71 404 284 455 piscopum
313 403 662 451 Cantuariensem,
692 404 884 443 adstante
914 404 1068 442 solenni
1097 404 1365 442 cardinalium
1395 418 1561 449 corona3
1584 403 1771 453 Antiqui-

68 471 161 501 tates
193 463 390 500 Ecclesiae
422 462 692 510 Britannicae,
727 478 765 512 p.
801 463 876 501 243
909 472 950 501 et
984 463 1221 501 Franciscus
1256 462 1476 501 Godwinus
1509 462 1551 500 in
1583 462 1770 512 Catalogo

66 522 451 572 archiepiscoporum
478 521 846 569 Cantiiariensium‚
885 523 938 572 [p.
969 522 1081 571 111].
1110 522 1211 560 Vide
1238 521 1364 560 etiam
1392 522 1574 560 Pitseum
1600 521 1642 559 in
1667 521 1769 559 libro

61 581 120 618 De
151 580 373 618 illustribus
404 580 577 629 Angliae
607 579 879 629 scriptoribus,
913 596 950 630 p.
985 581 1073 628 470,
1106 581 1176 618 ubi
1217 589 1512 619 commemorat
1547 580 1588 618 in
1628 579 1769 630 primis

68 654 168 690 opus
190 639 295 677 illius
318 639 512 677 adversus
536 638 789 688 Pelagianos,
813 640 922 689 quod
945 654 1052 677 anno
1076 640 1339 677 MDCXVIII
1361 639 1401 677 in
1423 640 1555 678 lucem
1577 639 1770 677 emissum

68 706 129 737 est
151 712 173 736 a
196 698 284 736 viro
307 697 542 736 doctissimo
569 697 743 735 Henrico
768 698 932 743 Savilio,
957 698 1072 747 cujus
1104 713 1200 736 vero
1232 698 1312 736 duo
1347 706 1486 737 vetera
1519 698 1768 748 exemplaria

71 771 163 795 mss.
195 765 340 795 extant
367 756 409 794 in
437 756 684 794 bibliotheca
714 756 947 794 Colbertina
967 758 993 795 1.

123 816 279 854 Eodem
302 830 409 853 anno
433 815 604 853 MCCCL
626 815 902 853 Bertrandum
926 816 1047 854 fuisse
1070 816 1252 865 legatum
1274 816 1315 853 in
1339 816 1472 854 Sicilia
1496 824 1613 866 patet
1636 831 1686 854 ex
1708 815 1768 854 his

71 889 174 925 quae
196 875 427 913 referuntur
450 875 501 911 ab
525 874 699 912 Odorico
724 874 940 923 Raynaldo
963 875 1015 912 ad
1038 888 1102 912 an.
1129 874 1241 922 1350,
1272 875 1288 923 ἓ
1311 874 1333 912 5
1356 883 1396 913 et
1418 875 1696 924 sequentibus.

123 934 211 982 Quo
234 934 377 972 eodem
399 947 520 980 anno,
545 947 638 971 cum
662 933 805 971 Petrus
829 933 1008 971 Gomesii
1023 933 1071 971 de
1088 933 1274 981 Barroso,
1292 933 1504 984 episcopus
1523 934 1769 981 Sabinensis,

69 994 109 1030 in
133 993 290 1030 caelum
321 992 502 1038 abiisset,
524 993 601 1031 iste
624 992 875 1030 Bertrandus
906 992 941 1030 ei
963 992 1214 1030 substitutus
1239 1000 1300 1030 est
1311 992 1339 1039 ²,
1374 1001 1421 1030 ut
1443 1001 1561 1042 patet
1583 1007 1633 1031 ex
1658 993 1768 1031 bulla

68 1052 285 1090 Clementis
311 1052 367 1089 VI
392 1052 514 1102 paulo
539 1059 634 1089 ante
658 1051 841 1089 laudata.
867 1050 969 1088 Ordo
994 1051 1198 1089 Romanus
1223 1051 1355 1089 editus
1380 1051 1421 1088 in
1454 1059 1566 1089 tomo
1591 1052 1768 1089 secundo

69 1110 204 1148 NIusei
226 1110 370 1158 Italici,
389 1125 427 1160 p.
448 1110 522 1148 437
543 1126 549 1147 :
567 1110 739 1147 Domino
757 1109 953 1147 cardinali
971 1110 1259 1156 Ebredunensi,
1279 1110 1345 1159 qui
1363 1119 1443 1148 erat
1459 1111 1600 1148 absens
1617 1125 1641 1148 a
1658 1110 1768 1148 curia

67 1170 222 1219 quando
241 1169 320 1219 fuit
339 1177 488 1207 creatus
508 1169 717 1219 episcopus
739 1168 987 1216 Sabinensis,
1011 1169 1054 1206 in
1074 1183 1249 1217 regressu
1269 1182 1340 1206 suo
1360 1183 1429 1219 per
1448 1184 1598 1219 papam
1623 1169 1770 1207 anulus

67 1243 145 1266 non
158 1228 238 1277 fuit
251 1229 286 1266 ei
301 1229 427 1266 datus.
445 1228 546 1266 Vide
562 1228 687 1266 etiam
704 1228 926 1267 Odoricum
944 1228 1221 1277 Raynaldum,
1237 1242 1301 1265 an.
1321 1227 1433 1269 1349,
1457 1228 1473 1276 ᾗ
1489 1228 1511 1265 3
1527 1236 1567 1266 et
1583 1228 1768 1275 an.1350,

72 1287 88 1335 ξ
108 1287 130 1325 5
149 1295 190 1326 et
208 1287 270 1326 23.

119 1346 237 1385 Anno
275 1346 506 1385 MCCCLIV
543 1346 605 1384 die
651 1346 781 1396 prima
816 1345 906 1395 julii
951 1346 1153 1396 quasdam
1188 1345 1495 1383 Constitutiones
1531 1346 1659 1384 edidit
1695 1360 1767 1395 pro

66 1405 354 1444 reformatione
384 1414 424 1443 et
462 1405 614 1443 salubri
644 1404 900 1443 ordinatione
931 1405 1134 1443 Ecclesiae
1151 1405 1426 1443 Ruthenensis
1453 1405 1493 1442 in
1519 1404 1756 1454 Aquitania,

64 1463 106 1502 in
126 1464 265 1514 primis
287 1479 383 1503 vero
405 1464 508 1502 circa
525 1464 834 1502 distributiones
849 1464 1087 1503 reddituum
1104 1463 1469 1502 ecclesiasticorum
1484 1463 1590 1502 inter
1605 1463 1767 1501 canoni-

65 1537 131 1561 cos
155 1531 388 1573 praesentes
413 1531 454 1561 et
477 1524 680 1561 absentes.
708 1523 861 1561 Earum
884 1523 959 1561 hoc
984 1531 1045 1561 est
1067 1522 1232 1560 initium
1249 1524 1264 1545 ³
1290 1539 1297 1561 :
1328 1523 1572 1560 Bertranclus
1607 1522 1766 1560 misera-

65 1582 168 1619 tione
199 1582 337 1620 divina
362 1582 575 1632 >episcopus
608 1581 857 1629 Sabinensis,
889 1590 1045 1619 sanctae
1076 1582 1279 1620 Romanae
1310 1581 1506 1619 Ecclesiae
1537 1581 1766 1627 cardinalis,

64 1641 291 1690 reformator
316 1649 350 1679 et
376 1641 576 1679 ordinator
602 1641 799 1679 Ecclesiae
826 1640 1103 1688 Rutlienensis,
1131 1656 1154 1678 a
1182 1641 1278 1679 Sede
1303 1640 1519 1691 apostolica
1546 1641 1767 1691 deputatu&

64 1701 116 1737 ad
139 1708 369 1750 perpetuam
394 1700 449 1738 rei
477 1700 717 1738 memoriam.

117 1759 230 1797 Obiit
250 1773 358 1798 anno
379 1759 588 1798 MCCCLV
610 1759 672 1797 die
698 1773 771 1796 xx1
797 1758 973 1797 octobris
998 1758 1109 1809 apud
1130 1758 1398 1805 Avenionem,
1414 1767 1461 1797 ut
1483 1758 1632 1808 legitur
1660 1758 1763 1796 infra

66 1817 110 1867 [t.
124 1818 166 1868 1],
180 1833 218 1868 p.
232 1818 320 1857 332.
336 1814 633 1872 NesciOJautem
644 1818 815 1857 ubinam
825 1826 915 1855 tum
928 1819 1135 1868 sepultum
1150 1817 1273 1856 fuerit
1284 1818 1370 1867 ejus
1385 1832 1542 1867 corpus.
1561 1817 1664 1855 Illud
1676 1825 1765 1854 tan-

64 1884 154 1915 tum
170 1885 333 1916 constat
348 1878 596 1916 translatum
611 1885 754 1927 postea
770 1877 891 1915 fuisse
909 1877 950 1914 in
964 1891 1116 1915 novam
1131 1876 1341 1916 ecclesiam
1368 1877 1507 1915 Sancti
1530 1876 1727 1914 Desiderii
1738 1875 1766 1923 4,

64 1950 188 1985 quarn
214 1944 449 1975 executores
477 1936 717 1975 testamenti
742 1935 828 1986 ejus
856 1936 904 1974 de
931 1950 1038 1974 novo
1064 1935 1352 1983 aedificarunt,
1377 1950 1485 1974 anno
1513 1935 1765 1981 MCCCLIX,

63 2003 238 2033 exeunte
263 1995 500 2045 septembri,
526 2003 573 2032 ut
600 1995 719 2033 docet
745 1995 964 2033 canonicus
989 1994 1218 2033 Bunnensis
1244 1994 1350 2033 infra
1387 1995 1432 2045 [t.
1460 1994 1502 2044 1],
1525 2009 1564 2045 p.
1592 1994 1680 2032 339.

116 2054 246 2104 Vulgo
286 2054 466 2092 traditur
505 2068 596 2092 eam
636 2053 848 2093 ecclesiam
888 2053 1107 2092 fundatam
1147 2053 1269 2093 fuisse
1310 2054 1362 2092 ab
1401 2053 1481 2092 isto
1520 2052 1762 2091 Bertrando.

63 2112 325 2162 Cogitaverat
352 2113 384 2151 is
414 2113 579 2163 quidem
608 2113 656 2151 de
684 2113 897 2151 fundanda
926 2112 1091 2151 ecclesia
1121 2112 1334 2163 collegiata
1362 2112 1433 2151 sed
1460 2112 1570 2163 apud
1599 2112 1763 2150 Villam-

63 2185 229 2219 novam,
256 2186 337 2210 non
364 2187 460 2210 vero
487 2172 598 2222 apud
625 2171 892 2210 Avenionem,
922 2172 1073 2210 Verum
1100 2186 1193 2210 cum
1217 2171 1283 2210 ille
1309 2171 1474 2210 interim
1500 2185 1550 2210 ex
1575 2171 1651 2208 hac
1677 2169 1764 2208 vita

61 2231 247 2269 sublatus
272 2231 429 2278 fuisset,
453 2238 689 2269 executores
714 2230 815 2280 ejus,
841 2230 988 2281 quibus
1011 2230 1097 2281 ipse
1121 2230 1338 2269 arbitrium
1363 2230 1531 2269 dederat
1555 2228 1764 2268 ecclesiam

60 2288 172 2327 illam
200 2287 444 2328 instituendi
472 2290 583 2340 apud
613 2289 916 2327 Villamnovam
946 2290 1003 2327 vel
1029 2289 1143 2337 alibi,
1172 2297 1289 2340 prout
1315 2289 1372 2327 eis
1401 2288 1529 2338 magis
1556 2287 1765 2338 empediens

106 2427 138 2460 1.
161 2427 201 2460 Β.
228 2425 284 2466 N.‚
307 2438 393 2459 mss.
416 2426 529 2459 latins
551 2425 646 2460 3152
665 2433 703 2459 et
724 2425 829 2459 3153.

108 2481 137 2513 2.
161 2479 211 2512 Le
231 2480 253 2512 4
273 2480 477 2513 novembre
498 2479 591 2513 1348
616 2479 761 2522 (Eubel,
783 2479 1013 2519 Hierarchia,
1036 2485 1062 2512 t.
1082 2491 1106 2518 1,
1129 2491 1163 2523 p.
1186 2479 1259 2522 17).
1291 2478 1460 2511 Clement
1488 2477 1539 2510 VI
1570 2489 1761 2521 prononqa

54 2544 104 2566 un
124 2532 290 2566 discours
308 2544 346 2565 ce
366 2533 452 2576 jour
470 2534 590 2566 meme
609 2532 738 2576 (Paris,
755 2532 1019 2576 Bibliotheque
1037 2531 1410 2570 Sainte-Genevieve,
1427 2542 1494 2564 ms.
1511 2529 1593 2570 240,
1610 2529 1672 2563 fol.
1690 2530 1760 2563 444

57 2586 118 2629 ΡΟ).
142 2604 192 2609 —
217 2585 285 2619 Les
312 2585 582 2619 constitutions
607 2586 807 2629 synodales
834 2585 926 2629 qu'il
952 2586 1078 2618 donna
1098 2585 1119 2618 ὲ.
1143 2596 1211 2618 son
1228 2576 1348 2628 Eglise
1375 2585 1419 2617 de
1446 2583 1582 2616 Sabine
1609 2589 1676 2616 ont
1701 2584 1760 2617 ete

58 2638 274 2683 imprimees
295 2650 364 2682 par
384 2638 561 2682 Calogera
586 2638 768 2682 (Raccolta
788 2638 1000 2682 d’opuscoli,
1023 2637 1169 2677 Venise‚
1191 2638 1298 2677 1739,
1321 2643 1347 2670 t.
1371 2649 1438 2677 xx,
1462 2648 1497 2680 p.
1520 2636 1658 2679 41-55).

102 2694 134 2725 3.
163 2691 286 2725 Gallia
304 2692 516 2731 christiana,
539 2698 564 2725 t.
585 2704 623 2731 11⁷
644 2693 711 2726 col.
735 2692 803 2725 219
827 2691 968 2734 (L'acte
988 2697 1045 2724 est
1065 2691 1153 2724 date
1172 2690 1218 2723 ici
1239 2691 1282 2723 de
1303 2689 1425 2733 1353).

104 2745 138 2778 4.
163 2744 240 2778 Son
263 2744 440 2788 epitaphe
464 2756 501 2778 se
527 2751 659 2778 trouve
686 2746 778 2778 dans
805 2745 844 2778 F.
872 2744 1069 2778 Duchesne
1097 2744 1273 2786 (Histoire
1296 2743 1337 2776 de
1368 2747 1446 2775 tous
1478 2742 1527 2775 les
1558 2742 1762 2775 cardinaux

55 2797 228 2841 srancois,
245 2803 271 2830 t.
286 2810 323 2837 11,
340 2810 375 2841 p.
392 2798 474 2841 324)
493 2804 531 2831 et
545 2797 741 2831 Ciaconius
760 2798 799 2841 (t.
814 2809 852 2837 11,
869 2798 936 2831 col.
953 2797 1050 2840 474).
1065 2815 1114 2819 -
1127 2795 1197 2829 Sur
1210 2796 1245 2828 la
1259 2795 1470 2835 fondation,
1487 2794 1568 2828 voir
1581 2795 1762 2828 Albanes·

59 2850 265 2890 Chevalier,
297 2850 419 2884 Gallia
442 2850 655 2884 Christiana
679 2851 890 2890 novissima,
916 2856 942 2883 t.
969 2861 1031 2889 vn,
1057 2861 1091 2883 n.
1117 2849 1336 2882 1319-1321.
1361 2867 1410 2871 ——
1431 2847 1503 2881 Sur
1524 2848 1556 2880 le
1581 2847 1762 2887 cardinal,

61 2903 141 2937 voir
162 2903 202 2937 L.
227 2903 394 2943 Menai-d,
417 2903 582 2937 Histoire
603 2904 662 2937 cles
683 2905 828 2947 coeques
850 2904 891 2936 de
912 2903 1050 2942 Nimes‘,
1074 2902 1128 2935 La
1158 2901 1278 2944 Haye,
1302 2902 1407 2940 1737,
1432 2907 1457 2933 t.
1480 2913 1518 2940 11,
1542 2912 1576 2944 p.
1601 2901 1758 2934 146-148

63 2956 228 3000 (analyse
250 2957 293 2989 de
314 2961 382 2989 s'on
402 2957 642 3000 testament);
666 2957 843 2995 Daumet,
865 2955 1126 2995 Introduction,
1149 2966 1184 2998 p.
1207 2966 1304 2993 Lxx;
1327 2953 1472 2986 Denisse
1493 2959 1530 2986 et
1551 2953 1758 2994 Chatelain,

59 3009 345 3049 Cleartularium,
372 3015 397 3042 t.
422 3021 459 3049 11,
486 3021 522 3053 p.
547 3010 634 3049 756;
659 3009 825 3042 Annales
849 3020 1042 3048 servorum,
1069 3007 1238 3040 centuria
1264 3007 1314 3047 ΙΙ,
1338 3007 1401 3040 lib.
1431 3007 1458 3046 I,
1485 3018 1566 3050 cap.
1592 3018 1657 3045 xv,
1685 3012 1710 3040 t.
1734 3019 1759 3046 1,

60 3074 95 3106 p.
126 3063 206 3096 291.
