2083 3458
273 258 353 299 ’780
921 270 1074 296 ΝοΤΑΕ
1108 270 1169 295 AD
1204 271 1333 296 V1TAs
1830 257 1984 314 [1258]

270 368 401 399 trema
421 360 546 397 verba
566 358 785 397 cardinalis
804 366 957 409 putans
976 357 1026 395 de
1044 372 1084 395 se
1104 356 1215 396 dicta
1234 371 1334 405 esse,
1353 371 1399 395 ea
1418 356 1602 395 reddidit
1620 358 1826 409 episcopo,
1845 359 1982 399 dicens

270 419 383 457 illum
400 433 516 468 agere
533 418 757 469 pueriliter.
775 417 949 455 Addidit
964 431 1056 455 eum
1073 416 1187 466 loqui
1201 425 1249 454 ut
1265 431 1463 466 magnum
1479 417 1735 468 episcopum,
1751 418 1821 457 sed
1834 433 1981 469 parum

270 487 503 517 reverenter
523 492 617 528 erga
640 493 694 525 se,
718 477 789 527 qui
808 485 916 516 esset
937 476 1169 515 cardinalis.
1194 476 1248 514 Et
1269 490 1366 515 mox
1388 476 1568 516 multum
1590 478 1862 526 exclamavit,
1879 479 1982 518 adeo

268 547 315 576 ut
333 537 459 578 etiam
477 552 585 588 papa
604 545 744 588 posset
762 536 917 575 audire.
939 536 1154 587 Heiclvero
1172 535 1388 586 episcopus
1406 550 1481 586 pro
1499 550 1572 574 sua
1591 537 1796 576 modestia
1816 538 1983 577 veniam

269 598 319 635 ab
350 612 395 636 eo
425 597 561 647 petiit,
591 605 632 635 et
663 596 859 635 obtinuit.
891 596 1088 635 Adferam
1117 604 1259 635 autem
1289 609 1452 635 rursum
1482 595 1571 646 ipsa
1602 596 1727 635 verba
1758 612 1809 635 ex
1835 598 1982 636 Diario

280 657 333 707 [p.
355 657 431 695 313
444 657 470 707 ]:
492 657 622 707 Apres
641 657 775 694 disner
792 671 841 693 en
859 657 897 694 Za
915 656 1096 694 chambre
1115 656 1167 693 du
1185 669 1289 705 pape
1308 655 1485 693 Cusence
1504 670 1562 693 me
1582 656 1661 694 dist
1678 656 1780 706 qu’il
1796 657 1914 695 seroit
1936 659 1981 696 de

270 725 395 754 nostre
413 716 557 754 traitie.
577 717 624 753 Je
642 716 670 753 li
688 715 750 753 dis
768 732 775 754 :
797 716 845 754 Je
862 730 909 753 ne
924 717 999 763 sce,
1017 718 1042 753 a
1058 724 1158 752 nous
1175 729 1222 752 ne
1237 714 1335 752 cient
1349 729 1436 765 pas.
1459 715 1496 752 Il
1509 715 1567 753 dit
1584 732 1590 753 :
1609 715 1654 753 Si
1668 716 1758 765 fait,
1773 731 1871 766 quar
1886 731 1980 755 vous

269 791 315 813 ne
338 777 467 813 voulez
489 790 584 813 vous
606 775 768 825 obliger.
796 776 843 813 Je
866 775 928 813 dis
951 789 1021 825 que
1043 774 1079 811 si
1100 774 1271 824 saisieris
1293 774 1403 812 ainsi
1427 789 1498 824 que
1521 775 1656 813 traitie'
1676 776 1801 824 estoit,
1830 777 1933 814 mais
1955 780 1980 815 ὰ

269 835 427 873 messit-e
449 835 542 873 Othe
564 835 695 883 tenoit,
718 834 785 885 qui
808 835 840 873 le
861 834 991 872 traitie'
1011 835 1149 872 acorde'
1170 834 1354 881 debatoit,
1375 842 1410 871 et
1429 848 1501 884 que
1521 849 1559 872 ce
1576 835 1763 873 sambloit
1775 836 1853 885 fait
1874 836 1978 874 d’en-

266 896 366 944 sant.
389 895 441 932 Le
462 895 644 932 cardinal
664 895 797 945 prinst
817 898 841 932 ἀ.
860 909 929 944 soy
950 894 1003 932 les
1024 894 1193 944 par-oles,
1216 901 1250 931 et
1269 908 1341 943 que
1359 893 1397 943 je
1419 894 1451 931 le
1472 894 1672 944 appelloie
1692 895 1844 944 enfant,
1866 904 1901 933 et
1920 911 1979 934 me

269 955 345 992 dist
362 969 432 1004 que
449 969 487 992 ce
503 954 620 992 estoie
634 954 673 1004 je
690 954 757 1004 qui
775 954 891 992 estoie
907 954 1059 1004 enjant,
1077 962 1112 991 et
1128 967 1199 1003 que
1214 953 1251 1003 je
1268 953 1422 1003 parloie
1439 968 1585 991 comme
1604 969 1659 991 un
1677 955 1806 1003 grand
1820 969 1977 1005 evesque

268 1023 301 1052 et
323 1014 403 1052 mal
423 1022 696 1052 reveremment
718 1018 742 1052 a
763 1029 819 1051 un
840 1013 1034 1052 cardinal.
1049 1013 1111 1059 *Et
1132 1013 1198 1063 fist
1220 1013 1342 1050 moult
1363 1013 1512 1062 grande
1533 1014 1795 1052 exclamation
1814 1014 1977 1065 jusques

266 1088 319 1111 au
341 1088 458 1126 pape.
486 1074 533 1111 Je
555 1074 668 1124 parle'
690 1074 722 1111 le
744 1074 837 1124 plus
860 1073 1159 1111 courtoisement
1181 1087 1252 1123 que
1272 1073 1310 1122 je
1332 1087 1445 1123 pem,
1470 1081 1505 1110 et
1526 1073 1555 1110 li
1578 1073 1665 1123 prie'
1687 1074 1854 1124 pardon.
1883 1075 1921 1112 Il
1945 1075 1978 1113 le

266 1134 488 1184 pardonna.

320 1193 452 1231 Anno
468 1191 874 1240 MCCCLXXXVIL
896 1192 961 1231 die
984 1207 1073 1229 xxn
1096 1191 1356 1242 septembris,
1385 1192 1529 1230 eadem
1559 1190 1687 1230 Maria
1712 1192 1850 1243 regina
1879 1193 1975 1232 Sici-

265 1252 341 1290 Iiae
367 1252 525 1302 vigilias
553 1261 813 1290 mortuorum
839 1252 882 1289 in
909 1251 1190 1290 anniversario
1217 1250 1418 1290 Ludovici
1444 1251 1546 1301 regis
1574 1251 1713 1291 mariti
1740 1252 1801 1290 sui
1828 1253 1974 1291 decan-

266 1311 345 1350 tari
363 1311 459 1351 fecit
476 1327 548 1362 per
563 1312 803 1363 episcopum
820 1312 1115 1350 Carnotensem
1133 1311 1245 1361 apud
1263 1310 1529 1349 Cartusianos
1544 1311 1823 1351 Villaenovae.
1850 1313 1973 1351 [nter-

266 1371 375 1410 {uere
407 1371 632 1410 cardinales
666 1370 985 1419 Ebredunensis,
1016 1370 1264 1409 Cusentinus
1295 1378 1336 1409 et
1366 1370 1415 1408 de
1439 1371 1614 1420 Tureyo.
1640 1371 1841 1410 Postridie
1864 1372 1973 1410 idem

267 1431 481 1469 cardinalis
508 1431 556 1469 de
582 1432 742 1481 Tureyo
768 1430 993 1470 celebravit
1017 1429 1185 1469 missam
1210 1430 1321 1481 apud
1346 1430 1511 1469 eosdem
1537 1430 1831 1479 Cartusienses,
1857 1446 1970 1482 prae-

266 1490 450 1529 sentibus
477 1490 666 1529 omnibus
694 1490 970 1529 cardinalibus
1007 1490 1211 1541 [Journal,
1236 1504 1276 1540 p.
1303 1489 1421 1540 421].

322 1550 393 1589 Die
416 1550 509 1589 dein
532 1565 636 1588 xxvi
658 1550 796 1600 regina
818 1550 941 1601 pedes
963 1549 1041 1588 ivit
1063 1549 1319 1588 Avenionem
1341 1549 1393 1586 ad
1416 1563 1568 1599 papam
1590 1558 1638 1587 ut
1659 1549 1694 1588 ei
1721 1549 1971 1599 significaret

266 1618 467 1659 quantam
486 1610 574 1660 ipsa
594 1610 791 1661 pecuniae
811 1613 1017 1649 summam
1037 1609 1201 1647 mittere
1221 1617 1360 1659 posset
1379 1608 1421 1646 in
1440 1623 1611 1658 regnum
1633 1609 1968 1660 Neapolitanum.

267 1669 384 1717 Quod
409 1669 496 1720 ipsa
522 1669 558 1708 ei
582 1669 688 1707 dixit
713 1669 880 1709 remotis
906 1669 1087 1717 arbitris,
1113 1668 1270 1706 nemine
1294 1677 1420 1718 preter
1445 1668 1553 1718 ipsos
1578 1669 1676 1706 duos
1699 1669 1897 1717 audiente,
1922 1679 1969 1708 ut

266 1737 385 1766 notat
426 1728 640 1780 episcopus
674 1728 936 1767 Carnotensis
981 1729 1184 1779 [Mur-nal,
1217 1743 1256 1778 p.
1290 1727 1406 1778 424]
1442 1728 1590 1766 Postea
1623 1742 1717 1767 cum
1751 1728 1969 1767 consiliarii

264 1802 395 1838 papae
419 1796 460 1826 et
482 1788 644 1838 reginae
667 1789 719 1826 ad
743 1803 809 1827 eos
833 1788 1113 1836 accessissent,
1138 1802 1245 1838 papa
1270 1802 1336 1826 eos
1358 1788 1495 1837 jurare
1520 1787 1616 1826 fecit
1638 1802 1759 1838 super
1780 1802 1969 1827 canonem

266 1848 382 1885 misse
412 1856 445 1885 et
475 1862 609 1886 sacras
640 1848 830 1898 reliquias
861 1847 1024 1886 silentio
1055 1863 1095 1886 se
1127 1862 1222 1901 esse·
1244 1855 1426 1886 tecturos
1467 1861 1552 1887 rem
1592 1847 1731 1897 magni
1766 1848 1968 1886 momenti

265 1921 389 1956 quam
424 1921 517 1947 cum
550 1907 626 1946 illis
662 1907 965 1946 communicare
999 1907 1182 1954 Volebat,
1217 1915 1258 1945 et
1291 1906 1766 1946 excommunicationem
1794 1907 1893 1957 jecit
1925 1907 1968 1945 in

262 1967 506 2014 revelantes,
536 1975 577 2005 et
605 1967 874 2017 jurejurando
904 1982 970 2005 eos
1001 1966 1140 2017 adegit
1170 1966 1351 2017 polliceri
1379 1981 1420 2004 se
1450 1966 1609 2016 integra
1642 1966 1720 2004 fide
1751 1966 1967 2005 consilium

265 2026 432 2064 daturos
458 2027 506 2064 de
530 2026 733 2065 remediis.
760 2027 914 2065 Eorum
937 2041 1034 2064 vero
1059 2026 1129 2076 qui
1151 2026 1340 2075 juravere
1364 2026 1464 2064 haec
1488 2033 1585 2063 sunt
1609 2025 1777 2064 nomina
1803 2042 1810 2064 :
1836 2026 1965 2065 cardi-

264 2086 373 2123 nales
402 2085 660 2133 Cusentinus,
688 2086 736 2125 de
763 2087 924 2135 Tureyo
950 2094 991 2124 et
1017 2085 1287 2133 Vivariensis3
1314 2084 1495 2136 episcopi
1514 2084 1775 2124 Carnotensis
1801 2093 1843 2124 et
1868 2085 1965 2123 Ani-

263 2144 425 2192 ciensis3
463 2145 709 2185 camerarius
746 2160 892 2196 papae,
930 2145 1221 2184 mareschallus
1258 2159 1405 2195 papae,
1446 2144 1718 2194 Raymundus
1750 2145 1964 2193 Bernardi,

264 2212 304 2241 et
334 2205 513 2242 „Ioannes
544 2205 592 2243 de
621 2205 857 2252 Bellavalle,
887 2205 1011 2254 vulgo
1039 2204 1236 2243 Beauval.
1268 2204 1397 2242 Addit
1426 2203 1640 2254 episcopus
1669 2204 1929 2243 Carnotensis
1956 2221 1963 2243 :

263 2264 338 2300 Res
365 2264 536 2301 revalata
562 2264 641 2313 fuit
668 2272 769 2302 certa
796 2264 908 2314 ligua
936 2279 1007 2314 que
1034 2272 1168 2302 contra
1195 2263 1401 2302 dominam
1428 2263 1733 2301 machinabatur
1760 2271 1794 2301 et
1830 2272 1964 2302 contra

262 2338 422 2372 papam.
449 2324 559 2361 Haec
579 2332 748 2363 tantum
770 2355 778 2362 .

314 2382 431 2420 Anno
460 2382 873 2421 MCCCLXXXVIII
903 2382 966 2421 die
995 2382 1200 2422 dominica
1226 2382 1360 2432 prima
1387 2381 1540 2429 martii,
1568 2381 1610 2419 in
1636 2381 1736 2420 urbe
1764 2382 1961 2422 Cenoma-

261 2441 387 2489 nensi,
413 2456 493 2491 quo
517 2442 656 2492 regina
679 2442 809 2492 pridie
834 2442 1075 2489 advenerat,
1100 2442 1301 2491 sigillatae
1326 2441 1494 2479 fuerunt
1519 2441 1570 2478 ab
1595 2440 1786 2491 episcopo
1812 2442 1961 2480 Carno-

258 2500 363 2538 tensi
392 2500 611 2540 facultates
640 2501 692 2539 ab
721 2515 767 2540 ea
797 2515 1011 2540 concessae
1041 2501 1317 2540 cardinalibus
1348 2495 1629 2548 Ambianensi,
1662 2500 1961 2549 Ebredunensi‚

261 2559 494 2607 Cusentino,
529 2561 577 2599 de
612 2561 787 2610 Tureyo,
822 2560 1129 2611 archiepiscopo
1164 2559 1394 2598 Arelatensi
1427 2568 1468 2598 et
1504 2559 1676 2609 Georgio
1711 2560 1759 2597 de
1800 2558 1960 2608 Marlio,

260 2618 380 2667 vulgo
404 2618 542 2667 Marle,
564 2619 746 2669 itemque
772 2620 1021 2669 Raymundo
1042 2619 1254 2667 Bernardi,
1276 2634 1350 2670 pro
1371 2619 1592 2657 tractando
1614 2627 1655 2656 et
1677 2619 1959 2657 concludendo

259 2691 393 2714 coram
413 2692 519 2728 papa
539 2679 804 2717 matrimonio
824 2679 1023 2718 Ludovici
1046 2680 1100 2726 II,
1119 2678 1221 2729 regis
1241 2678 1414 2725 Siciliae,
1434 2686 1474 2716 et
1495 2678 1708 2716 Yolandae
1730 2677 1835 2716 filiae
1855 2677 1958 2728 regis

260 2736 513 2785 Arragonum
540 2752 633 2777 cum
658 2738 802 2788 legatis
831 2753 931 2788 quos
958 2738 1068 2778 idem
1093 2753 1165 2776 rex
1191 2737 1359 2778 miserat
1386 2737 1654 2776 Avenionem.
1693 2737 1784 2775 Duo
1818 2745 1957 2775 autem

258 2795 483 2843 diplmnata
513 2796 688 2845 sigillata
718 2806 815 2835 sunt
843 2806 1013 2848 propter
1041 2812 1131 2836 eam
1161 2811 1343 2844 causam,
1372 2810 1502 2834 unum
1532 2796 1771 2835 absolutum
1800 2796 1956 2846 absque

260 2854 336 2890 ulla
356 2855 645 2902 reservatione,
665 2855 775 2894 aliud
794 2865 840 2894 ut
859 2857 900 2894 id
921 2857 1036 2895 fieret
1054 2857 1168 2895 salvo
1188 2870 1388 2894 consensu
1406 2855 1508 2905 regis
1530 2855 1725 2893 Franciae
1743 2863 1785 2893 et
1803 2855 1956 2893 ducum

257 2912 516 2951 Uiturirrnsis
539 2923 579 2952 et
600 2915 861 2964 Burgundiae
894 2916 1097 2966 [Journal,
1118 2931 1158 2966 p.
1182 2915 1297 2965 511}

310 2971 463 3009 Jimlem
505 2987 612 3011 anno
656 2974 845 3012 Nicolaus
888 2975 1104 3013 cardinalis
1146 2973 1392 3013 Cusentinus
1435 2982 1595 3011 creatus
1636 2981 1698 3011 est
1738 2972 1951 3023 episcopus

257 3029 494 3068 Albanensis
517 3040 610 3080 post
633 3033 862 3081 Anglicum,
884 3034 954 3083 qui
975 3033 1077 3072 obiit
1099 3033 1161 3072 die
1184 3048 1284 3071 xvnl
1306 3032 1457 3083 aprilis.

307 3088 423 3125 Anno
463 3089 749 3139 MCCCXCIV,
784 3092 846 3130 die
888 3107 1053 3131 xxxvm
1086 3092 1344 3143 septembris,
1375 3090 1566 3130 interfuit
1602 3090 1791 3129 electioni
1822 3091 1951 3129 Bene—

254 3145 350 3182 dicti
376 3147 497 3195 XIII,
520 3157 560 3186 et
582 3150 633 3186 ab
656 3165 701 3187 eo
724 3151 888 3189 recessit
911 3165 1019 3190 anno
1043 3150 1380 3198 MCCCXCVIII,
1402 3159 1450 3188 ut
1473 3151 1593 3189 docet
1616 3149 1767 3189 Surita.
