2083 3458
75 239 197 295 [582]
600 255 818 280 PAPARUM
853 251 1240 280 AVENIONENSIUM
1712 236 1766 277 43

118 341 160 379 P.
177 338 294 389 3‚lig.
313 339 372 378 19.
402 339 619 377 NICOLAUS
647 339 695 377 de
721 337 950 377 Freauvilla
976 337 1252 383 Normannus,
1278 336 1326 374 de
1349 349 1429 386 quo
1454 335 1634 374 dicemus
1658 334 1764 373 infra

64 414 137 438 suo
152 400 252 437 loco.

119 459 161 498 P.
190 458 227 505 3,
252 457 320 508 lig.
348 457 409 496 20.
441 457 616 505 QUIDAM
644 471 869 495 ANGLICUS.
897 456 1075 493 Thomas
1103 454 1274 494 Jorzius.
1306 452 1369 492 Sic
1395 453 1504 492 enim
1530 461 1766 492 constanter

66 525 238 557 vocatur
258 517 301 554 in
321 516 529 555 veteribus
551 515 653 554 actis
674 515 837 554 illorum
858 523 1111 565 temporum3
1135 514 1246 563 quod
1267 512 1393 551 etiam
1415 512 1585 563 agnovit
1604 512 1766 558 Baleus,

67 584 221 616 centur.
251 591 306 623 1v,
341 589 429 626 cap.
465 590 645 623 LXXXIX,
680 590 748 622 xc,
783 574 972 624 quamvis
994 574 1080 624 ipse
1113 587 1207 611 eum
1236 571 1354 610 malit
1386 585 1532 610 vocare
1566 571 1767 609 Thomam

68 637 207 686 Joyce.
222 635 299 674 Sed
311 635 388 674 hac
404 634 652 673 auctoritate
666 641 816 684 spreta,
831 634 1010 671 ,Ioannes
1026 631 1289 670 nihilominus
1304 630 1463 669 Pitseus
1479 645 1572 669 eum
1587 630 1768 681 appellat

67 696 268 734 Thomam
287 693 479 732 Jorsium.
502 693 640 732 Fuisse
661 693 829 731 natione
846 692 1063 742 Anglicum
1085 705 1223 729 omnes
1247 689 1524 737 consentiunt,
1542 697 1582 728 et
1602 688 1767 727 institu—

66 763 157 793 tum
178 754 353 792 fratrum
376 753 712 791 praedicatorum
734 751 964 802 arripuisse,
980 765 1027 790 ac
1049 750 1225 801 priorem
1247 763 1387 788 eorum
1410 747 1704 799 provincialem
1725 748 1767 786 in

67 813 212 863 Anglia
239 812 361 850 fuisse
388 812 606 862 scripserat
632 811 845 850 Ciaconius
884 811 927 862 [t.
955 825 996 857 11,
1036 810 1109 848 col.
1137 808 1237 859 374]
1268 808 1383 846 illum
1409 809 1485 846 hoc
1523 807 1770 857 magistratu

68 873 256 911 functum
281 886 353 922 per
377 885 505 910 annos
532 879 701 921 septem.
730 871 808 908 Sed
835 869 1055 908 Godwinus
1073 868 1132 906 ait
1160 868 1214 919 [p.
1234 867 1333 918 791]
1355 881 1449 906 eum
1473 866 1516 905 in
1540 867 1616 905 hoc
1641 865 1770 904 videri

68 933 242 982 lapsum,
264 945 356 969 cum
376 930 579 968 Walterus
600 929 945 976 Winterburnius,
967 928 1031 966 cui
1051 929 1228 966 Thomas
1247 927 1289 965 in
1309 941 1355 965 eo
1375 940 1542 964 munere
1562 924 1770 973 successit,

68 992 173 1029 hanc
197 989 454 1041 provinciam
479 1004 562 1028 non
588 988 823 1040 deposuerit
849 996 944 1026 ante
973 1001 1097 1037 quam
1126 987 1241 1025 fieret
1267 985 1498 1033 cardinalis,
1526 985 1637 1035 quod
1663 998 1771 1023 anno

69 1050 266 1089 MCCCIV
288 1048 472 1099 contigit.
495 1049 647 1087 Verum
665 1048 897 1086 Bernardus
919 1046 1130 1093 Guidonis,
1150 1045 1313 1084 illorum
1343 1044 1509 1083 omnino
1537 1052 1771 1094 temporum

70 1109 255 1160 scriptor,
289 1108 406 1147 nobis
440 1107 557 1146 testis
591 1115 653 1146 est
686 1108 889 1145 Thomam
912 1106 1033 1144 fuisse
1062 1105 1239 1156 priorem
1266 1103 1560 1155 provincialem
1588 1102 1771 1153 Angliae,

71 1168 186 1207 annis
209 1175 379 1218 septem.
406 1167 626 1205 Doctorem
647 1181 784 1205 sacrae
806 1165 1036 1215 theologiae
1059 1179 1152 1203 eum
1174 1171 1327 1202 vocant
1347 1163 1457 1202 idem
1477 1162 1710 1201 Bernardus
1732 1169 1773 1200 et

71 1228 247 1266 Thomas
280 1226 610 1276 Walsinghamus
651 1226 695 1276 [t.
728 1241 754 1273 1,
786 1240 825 1276 p.
860 1224 974 1275 108]
1009 1225 1156 1262 Postea
1190 1222 1373 1261 Eduardi
1408 1223 1437 1270 I,
1469 1221 1572 1272 regis
1604 1220 1774 1272 Angliae

43 1297 46 1299 ’
72 1286 276 1326 confessor
298 1285 430 1324 evasit
452 1286 595 1324 eodem
618 1299 725 1324 anno
749 1299 830 1335 quo
851 1284 1045 1322 laudatus
1068 1283 1190 1333 paulo
1213 1290 1309 1320 ante
1332 1282 1537 1320 Walterus
1559 1287 1773 1332 promotus

72 1354 132 1385 est
155 1346 206 1384 ad
231 1345 477 1395 dignitatem
500 1344 791 1383 cardinalatus.
818 1344 872 1381 Et
894 1357 1002 1381 anno
1025 1341 1213 1392 sequenti
1236 1341 1425 1388 MCCCV,
1450 1340 1513 1379 die
1537 1355 1594 1378 xv
1617 1340 1773 1378 decem-

71 1405 167 1452 bris,
189 1405 322 1443 factus
349 1412 410 1443 est
436 1418 459 1442 a
486 1404 692 1442 Clemente
714 1404 748 1440 V
774 1403 988 1454 presbyter
1014 1401 1230 1440 cardinalis
1256 1400 1369 1438 tituli
1389 1401 1563 1438 Sanctae
1586 1398 1774 1445 Sabinae,

72 1472 166 1516 post
187 1472 362 1502 mortem
381 1463 573 1502 videlicet
592 1462 775 1510 Walteri,
797 1462 866 1512 qui
887 1461 950 1500 die
972 1476 1076 1499 XXIV
1096 1459 1338 1511 septembris
1359 1459 1545 1510 proxime
1564 1456 1775 1509 praeteriti

74 1531 301 1563 excesserat
324 1537 344 1561 e
367 1522 484 1561 vivis.
511 1522 676 1560 Erravit
699 1530 840 1560 autem
863 1520 1131 1570 Waddingus‚
1154 1534 1219 1558 an.
1244 1519 1358 1566 1310,
1387 1518 1404 1567 ἓ
1425 1518 1461 1565 2,
1482 1518 1660 1556 scribens
1684 1531 1776 1555 eum

73 1582 205 1634 primo
223 1582 381 1621 factum
399 1582 521 1620 fuisse
541 1581 788 1620 cardinalem
806 1579 918 1618 tituli
937 1581 1112 1618 Sanctae
1132 1578 1293 1625 Luciae,
1309 1586 1349 1616 et
1367 1585 1461 1628 post
1479 1585 1655 1615 mortem
1670 1575 1777 1613 Wal-

74 1642 164 1690 teri,
190 1643 363 1680 Sanctae
395 1641 583 1680 Sabinae.
611 1641 682 1679 Vir
712 1639 1121 1679 maledicentissimus
1154 1639 1334 1676 Joannes
1359 1637 1520 1684 Baleus,
1543 1644 1698 1675 centur.
1721 1650 1777 1682 lv,

76 1716 163 1752 cap.
196 1716 375 1748 LXXXIX,
405 1700 465 1739 ait
493 1715 587 1739 eum
616 1707 832 1738 numerata
862 1698 1051 1750 pontifici
1089 1697 1263 1748 pecunia
1293 1704 1521 1735 mercatum
1551 1710 1635 1734 esse
1670 1695 1778 1732 hunc

76 1761 285 1808 honorem,
311 1768 351 1799 et
375 1760 427 1798 ab
452 1774 498 1798 eo
524 1759 588 1798 die
610 1758 864 1810 intrepidum
889 1756 1132 1796 Antichristi
1157 1756 1331 1794 militem
1355 1755 1527 1803 factum,
1551 1754 1707 1801 rostris,
1732 1760 1779 1790 ut

76 1819 206 1867 aiunt,
222 1827 263 1858 et
277 1819 481 1869 unguibus
499 1818 790 1869 injustissimas
806 1817 1007 1868 quasdam
1027 1815 1235 1854 ambitiosi
1253 1814 1461 1866 pontificis
1481 1828 1623 1853 causas
1643 1812 1779 1851 defen-

78 1879 182 1918 disse
206 1893 299 1928 erga
325 1879 558 1916 Romanos·
573 1878 724 1916 Contra
750 1878 929 1916 Joannes
955 1876 1114 1914 Pitseus
1139 1889 1233 1913 eum
1257 1873 1521 1913 commendat
1545 1873 1594 1911 de
1619 1885 1779 1910 morum

79 1937 296 1988 gravitate,
316 1937 518 1988 religionis
540 1937 791 1987 integritate,
814 1936 924 1974 vitae
946 1934 1195 1982 innocentia,
1218 1942 1259 1972 et
1280 1932 1520 1972 eruditionis
1543 1930 1778 1977 eminentia,

79 2012 125 2035 ac
145 2005 361 2048 propterea
382 2005 601 2035 evocatum
621 2011 644 2034 a
666 1996 872 2034 Clemente
894 1995 926 2032 V
949 1995 1197 2044 Lugdunum
1217 2000 1258 2031 et
1278 1993 1329 2031 ab
1351 2007 1396 2031 eo
1418 1992 1576 2030 factum
1597 1990 1779 2029 cardina-

78 2057 170 2095 lem.
204 2056 306 2094 Cum
335 2070 432 2094 vero
461 2064 605 2106 postea
646 2055 858 2105 Philippus
894 2054 947 2091 IV
975 2068 1047 2092 rex
1088 2053 1338 2091 Francorum
1384 2050 1624 2089 memoriam
1659 2048 1779 2087 Boni-

81 2115 176 2154 facii
190 2116 294 2153 VIII
311 2123 535 2163 accusaret,
551 2115 729 2153 Thomas
745 2128 767 2152 a
784 2114 991 2152 Clemente
1005 2127 1087 2151 una
1104 2126 1196 2150 cum
1213 2112 1334 2149 Petro
1350 2110 1398 2148 de
1412 2109 1574 2160 Capella
1590 2108 1778 2158 episcopo

82 2174 362 2222 Praenestino,
383 2174 627 2224 Berengario
650 2173 810 2212 Fredoli
831 2172 1020 2223 episcopo
1042 2171 1286 2217 Tusculano,
1309 2177 1350 2208 et
1373 2169 1541 2208 Nicolao
1563 2168 1611 2206 de
1635 2168 1780 2204 Freau-

82 2233 177 2272 villa
207 2233 446 2284 presbytero
478 2233 681 2271 cardinale
710 2231 824 2270 tituli
853 2231 994 2271 Sancti
1025 2229 1192 2268 Eusebii
1221 2229 1431 2279 delegatus
1459 2235 1520 2266 est
1544 2235 1591 2264 ut
1621 2225 1781 2264 audiret

83 2300 207 2331 testes
246 2292 315 2342 qui
352 2293 687 2343 producebantur
723 2291 919 2329 adversus
957 2290 1147 2328 eumdem
1183 2288 1456 2334 Bonffacium,
1495 2294 1542 2324 ut
1579 2293 1696 2336 patet
1733 2297 1783 2321 ex

84 2351 339 2390 Collectaneis
358 2352 402 2389 de
420 2351 587 2389 discidio
605 2351 779 2401 ejusdem
797 2349 1002 2399 Bonisacii
1022 2356 1055 2386 et
1070 2347 1257 2398 Philippi
1276 2347 1391 2396 regis,
1408 2361 1447 2396 p.
1464 2344 1538 2383 562
1555 2353 1595 2383 et
1614 2357 1782 2393 sequen-

84 2410 208 2449 tibus.
235 2411 392 2448 Eodem
417 2424 525 2448 anno
550 2418 598 2448 ut
634 2409 831 2449 Odoricus
869 2408 1109 2458 Raynaldus
1148 2406 1288 2457 [1310,
1317 2406 1333 2454 ἓ
1355 2404 1428 2455 16]
1454 2403 1597 2449 tradit,
1630 2403 1672 2440 in
1705 2402 1783 2439 Ita-

84 2469 181 2508 liam
205 2469 350 2508 missus
375 2477 436 2508 est
458 2469 511 2507 ad
535 2469 822 2533 excipiendum
846 2466 1164 2506 HenricumVII
1188 2465 1490 2516 imperatorem.
1507 2462 1621 2501 Obiit
1644 2468 1783 2498 autem

86 2528 128 2566 in
149 2528 293 2567 itinere
316 2529 368 2566 ad
392 2543 486 2567 eum
508 2528 783 2579 proficiscens,
806 2527 850 2566 in
872 2525 1079 2565 Sabaudia
1108 2525 1314 2571 nimirum,
1338 2531 1386 2560 ut
1418 2529 1541 2572 putat
1564 2519 1784 2559 Godwinus

89 2587 142 2639 [p.
177 2587 283 2638 791].
322 2588 368 2625 In
397 2587 500 2625 libro
541 2586 840 2636 Obligationum
879 2585 1035 2624 archivi
1079 2582 1269 2622 Vaticani
1312 2582 1560 2619 adnotatum
1598 2586 1659 2617 est
1692 2591 1785 2616 eum

87 2660 193 2685 anno
229 2646 408 2685 MCCCX
435 2647 617 2697 legatum
647 2645 806 2684 factum
837 2645 880 2683 in
907 2652 1017 2683 certa
1053 2651 1169 2694 parte
1207 2641 1361 2687 Italiae,
1392 2640 1441 2678 de
1472 2652 1642 2677 romana
1675 2636 1785 2675 curia

88 2705 314 2744 discessisse
346 2705 388 2743 in
419 2705 667 2755 legationem
699 2704 763 2743 die
795 2718 885 2742 xxv
917 2702 1109 2750 octobris,
1133 2709 1173 2740 et
1196 2701 1259 2738 die
1295 2714 1366 2737 X111
1398 2696 1605 2747 sequentis
1638 2695 1786 2733 mensis

88 2764 344 2803 decembris
333 2779 377 2802 1n
396 2763 540 2803 itinere
563 2778 659 2802 suae
682 2763 896 2813 legationis
921 2761 1079 2800 obiisse.
1085 2761 1099 2783 1
1121 2761 1330 2798 Hactenus
1360 2765 1500 2795 autem
1523 2756 1688 2805 ignotus
1708 2753 1786 2791 fuit

88 2823 222 2862 locus
212 2838 254 2861 in
269 2837 349 2873 quo
360 2831 550 2864 mortuus
566 2831 640 2870 est,
657 2836 779 2872 quem
792 2821 1023 2860 Bernardus
1038 2818 1259 2858 Gnidonis
1250 2832 1291 2854 ln
1307 2831 1424 2867 opere
1442 2815 1551 2865 quod
1573 2812 1787 2863 descripsit

89 2974 258 3007 Historia
285 2973 527 3011 bibliothecae,
556 2978 582 3005 t.
608 2984 632 3012 1,
660 2984 695 3015 p.
724 2972 786 3004 12-
790 2972 852 3011 16;
880 2971 1030 3008 Baluze,
1059 2966 1311 3004 Miscellanea‚
1340 2971 1367 2997 t.
1393 2976 1444 3003 iv,
1473 2975 1507 3007 p.
1527 2964 1607 3003 617,
1628 2962 1724 3006 618).
1745 2980 1793 2984 —

91 3026 238 3060 Gentile
257 3026 317 3059 fut
337 3026 455 3070 grand
475 3025 706 3069 penitencier
729 3024 903 3068 (Clamant
925 3023 967 3062 V,
989 3033 1024 3055 n.
1047 3020 1167 3063 2649).

140 3081 172 3114 1.
197 3080 356 3113 Cle'ment
380 3079 423 3119 V,
445 3079 672 3122 Appendice,
696 3089 731 3121 p.
755 3077 824 3110 229
846 3082 884 3109 et
904 3076 986 3109 321.
1009 3093 1057 3097 —
1078 3073 1145 3106 Les
1168 3072 1286 3104 bulles
1310 3070 1373 3113 qui
1395 3070 1565 3102 donnent
1587 3069 1608 3101 a
1630 3069 1793 3101 Thomas

93 3133 182 3166 Jorz
196 3145 252 3166 ses
268 3132 446 3176 pouvoirs
461 3138 548 3165 sont
564 3132 614 3164 du
630 3132 649 3164 8
666 3131 819 3164 octobre
836 3129 929 3163 1310
949 3127 1123 3171 (Cle‘ment
1141 3125 1182 3164 V
1200 3136 1235 3157 n.
1255 3124 1365 3157 6341-
1352 3122 1491 3166 -.6369)
