2083 3458
282 233 365 276 296
930 245 1082 271 NOTAE
1117 245 1178 270 AD
1212 245 1340 270 vlTAs
1863 229 1987 284 [794]

279 334 421 372 simam
442 333 620 383 proximo
638 332 944 381 subsequentem.
967 329 1248 367 Excellentem
1266 336 1484 379 propterea
1506 328 1750 379 magistrum
1767 329 1809 367 in
1833 329 1990 367 theolo-

281 393 343 443 gia
371 407 463 431 eum
489 400 612 430 vocat
639 392 783 429 Petrus
808 388 1027 427 Bertrandi
1054 387 1284 435 cardinalis,
1312 401 1434 439 supra
1458 402 1498 439 p.
1528 388 1616 436 784,
1642 388 1848 439 professus
1875 402 1916 426 se
1942 402 1992 426 ex

280 452 415 490 libello
440 451 526 501 ejus
548 451 607 488 De
631 449 783 499 origine
806 447 1132 498 jurisdictionum
1150 447 1164 470 1
1188 446 1391 497 accepisse
1415 447 1642 486 maximam
1663 456 1827 498 partem
1850 461 1991 485 eorum

282 525 385 561 quae
401 525 508 548 anno
525 508 816 548 MCCCXXIX
832 507 938 545 dixit
954 521 1091 545 coram
1105 520 1197 556 rege
1213 506 1404 557 Philippo
1419 506 1491 554 VI,
1506 521 1581 557 pro
1600 506 1835 545 defensione
1854 506 1991 545 Eccle-

280 570 361 608 siae
382 568 627 608 Gallicanae.
650 568 829 606 Jacobus
850 580 1012 616 quoque
1030 566 1247 616 presbyter
1266 565 1482 604 cardinalis
1503 566 1540 605 S.
1562 566 1722 605 Priscae
1743 565 1830 616 (qui
1846 573 1991 616 postea

281 629 359 667 fuit
385 627 632 667 Benedictus
660 641 769 677 papa
800 626 901 675 XII)
932 625 1043 676 apud
1072 624 1296 664 Odoricum
1325 625 1604 675 Raynaldum,
1634 639 1699 665 an.
1732 625 1846 673 1333,
1882 625 1899 675 ἓ
1927 625 1991 673 48,

281 702 373 726 eum
396 695 519 725 vocat
542 687 746 725 famosum
769 693 810 723 et
832 684 1053 735 antiquum
1075 684 1320 734 magistrum
1341 684 1383 722 in
1404 684 1626 734 theologia.

334 747 374 784 P.
405 746 492 794 181,
518 746 584 796 lig.
614 746 673 784 11.
703 745 831 783 FECIT
856 758 1128 783 TRACTATUM.
1158 744 1289 782 Extat
1322 744 1433 794 apud
1459 743 1683 782 Odoricum
1710 744 1990 794 Raynaldum,

280 820 344 844 an.
371 805 484 853 1333,
515 805 531 854 ἓ
554 805 616 852 49,
639 804 709 842 ubi
731 803 968 842 inscribitur
989 803 1167 841 Libellus
1188 803 1366 854 episcopi
1388 803 1609 841 Meldensis
1628 803 1654 843 ².

331 865 374 903 P.
397 865 484 912 181,
503 864 569 914 lig.
591 864 651 902 11.
671 864 847 902 CONTRA
868 877 1106 901 OPINIONEM
1127 863 1359 901 JOHANNIS.
1381 862 1562 901 Jacobus
1588 862 1806 901 cardinalis
1826 862 1863 901 S.
1886 862 1990 900 Pris-

280 938 348 962 cae
367 923 382 945 3
409 940 416 961 :
442 924 551 961 Bone
576 922 758 961 memorie
779 922 1001 960 Durandus
1036 922 1247 973 episcopus
1271 922 1506 970 Melclensis,
1531 922 1710 972 famosus
1734 930 1768 960 et
1802 921 1993 971 antiquus

280 983 464 1032 magister
482 983 525 1020 in
540 982 746 1031 theologia,
759 976 832 1032 ‘qui
847 996 968 1032 super
984 982 1088 1020 dicta
1104 981 1269 1019 materia
1289 981 1477 1030 scribens,
1496 990 1530 1019 et
1547 982 1648 1020 illud
1666 982 1768 1032 quod
1781 981 1994 1031 scripserat
2045 976 2048 979 ’

279 1042 434 1080 mittens
453 1042 552 1080 dicto
571 1042 729 1079 domino
748 1054 851 1091 pape
870 1041 1130 1091 conatusjuit
1147 1041 1342 1079 ostendere
1361 1042 1462 1091 quod
1479 1055 1584 1079 error
1601 1049 1683 1079 erat
1700 1055 1869 1079 asserere
1893 1029 1994 1090 quoii

278 1101 375 1139 clicte
398 1101 530 1139 anime
554 1116 578 1139 a
601 1115 716 1139 carne
739 1101 903 1138 resolute
926 1109 960 1138 et
982 1109 1148 1151 purgate
1172 1114 1249 1138 non
1275 1100 1447 1138 viderent
1470 1100 1649 1139 divinam
1672 1100 1883 1138 essentiam
1905 1107 1994 1137 ante

277 1160 595 1198 resurrectionem
618 1169 651 1198 et
671 1160 871 1210 judicium
895 1161 1083 1209 generale.
1109 1160 1191 1210 Que
1212 1159 1412 1209 scriptura
1433 1174 1504 1210 per
1525 1160 1673 1198 dictum
1695 1159 1901 1197 dominum
1923 1173 1993 1208 pa·

277 1234 370 1269 pam
395 1219 540 1266 tradita
561 1220 641 1269 suit
663 1220 715 1257 ad
741 1219 953 1257 videndum
977 1219 1182 1270 aliquibus
1205 1219 1408 1268 magistris
1436 1219 1480 1257 in
1505 1219 1709 1268 theologia.
1736 1218 1867 1257 Movit
1885 1217 1994 1256 enim

277 1279 357 1316 ista
378 1279 563 1317 Durandi
581 1278 754 1317 audacia
772 1278 897 1317 bilem
912 1293 1045 1329 papae
1064 1278 1236 1317 Joannis
1255 1278 1371 1329 cujus
1388 1278 1504 1328 jussu
1522 1278 1675 1329 scripta
1693 1278 1780 1328 ejus
1799 1277 1993 1316 acerrime

279 1338 459 1376 discussa
484 1338 607 1376 fuisse
632 1352 655 1375 a
678 1337 880 1387 theologis
895 1337 912 1360 4
937 1338 1006 1388 qui
1029 1338 1072 1376 in
1094 1337 1310 1388 pontificia
1345 1337 1456 1376 curia
1480 1338 1756 1377 versabantur
1788 1337 1993 1387 colligitur

280 1412 328 1435 cx
347 1397 522 1436 Odorico
543 1397 774 1447 Raynaldo,
794 1411 859 1435 an.
882 1397 996 1445 1333,
1022 1398 1039 1446 ἓ
1057 1397 1119 1437 58.

331 1457 374 1495 Ρ.
399 1457 487 1504 181,
508 1456 575 1507 lig.
600 1457 660 1495 12.
687 1457 791 1495 FmT
822 1471 1009 1496 CITATUS.
1043 1456 1157 1495 Vidit
1188 1456 1268 1495 ista
1300 1456 1499 1495 Odoricus
1535 1457 1791 1506 Raynaldus,
1826 1455 1896 1507 qui
1931 1455 1991 1493 ait

280 1515 523 1555 Durandum
545 1524 763 1566 propterea
788 1530 956 1566 gravem
977 1530 1146 1567 passum
1169 1531 1254 1555 esse
1276 1515 1490 1564 invidiam,
1515 1530 1538 1553 a
1560 1515 1758 1566 pontifice
1781 1515 1989 1562 nimirum,

278 1575 380 1613 adeo
408 1584 455 1613 ut
484 1575 609 1614 etiam
638 1590 661 1613 a
692 1575 787 1614 fidei
816 1590 980 1614 censore
1008 1575 1051 1613 in
1077 1575 1142 1625 jus
1171 1584 1358 1624 vocatus,
1390 1575 1600 1613 Gallorum
1628 1575 1731 1625 regis
1759 1573 1991 1626 patrocinio

280 1642 414 1673 tectus
444 1635 568 1673 fuerit
585 1634 612 1673 5.

333 1693 375 1732 P.
402 1694 488 1742 181,
511 1694 577 1744 lig.
604 1695 663 1732 17.
688 1694 753 1731 AD
773 1709 1145 1732 EXHORTATIONEM
1168 1709 1359 1742 AMICOR.,
1375 1693 1417 1731 id
1438 1702 1512 1742 est,
1527 1694 1747 1732 Bertrandi
1770 1694 1818 1732 de
1835 1694 1989 1743 Pogeto

280 1752 496 1791 cardinalis
519 1762 560 1792 et
583 1761 811 1792 ceterorum
826 1753 1223 1804 consanguineorum
1242 1753 1436 1792 suorum6
1449 1761 1498 1790 ut
1519 1753 1649 1791 tradit
1670 1754 1850 1791 Joannes
1866 1752 1989 1790 Villa-

278 1826 367 1860 nus,
393 1812 462 1851 lib.
491 1812 553 1850 XI
580 1827 667 1863 cap.
696 1827 771 1850 xix
800 1812 1029 1862 [Muratori,
1079 1820 1108 1852 t.
1137 1828 1223 1860 xm,
1251 1813 1324 1852 col.
1354 1812 1458 1863 764).
1486 1813 1523 1850 Ε
1556 1812 1614 1850 cio
1642 1805 1733 1862 fece,
1760 1812 1926 1850 secundo
1953 1811 1989 1848 si

280 1870 395 1918 disse,
414 1871 488 1921 piu
504 1887 573 1921 per
594 1872 866 1921 injestamento
888 1873 948 1910 del
964 1872 1165 1910 cardinale
1188 1873 1253 1910 dal
1269 1873 1455 1921 Poggetto
1472 1886 1543 1909 suo
1568 1872 1700 1922 nipote
1717 1886 1735 1909 e
1752 1872 1796 1909 cle
1819 1871 1873 1921 gli
1899 1870 1990 1909 altri

276 1930 366 1968 suoi
389 1931 558 1981 parenti,
584 1931 758 1969 accioche
782 1946 861 1969 non
885 1931 1047 1969 morisse
1070 1946 1141 1969 con
1165 1932 1292 1982 quella
1314 1931 1548 1982 sospettione
1571 1946 1589 1969 e
1611 1931 1734 1981 fama,
1759 1930 1824 1969 che
1848 1931 1898 1968 cla
1919 1943 1991 1968 suo

329 2115 360 2147 1.
391 2112 461 2146 Sur
481 2114 513 2146 le
536 2113 647 2147 traite
667 2113 722 2146 De
742 2114 884 2156 origine
897 2112 1207 2156 jurisdictionum,
1224 2124 1280 2146 ses
1302 2124 1388 2145 mss.
1406 2118 1444 2145 et
1465 2123 1521 2145 ses
1539 2111 1712 2152 editions,
1731 2111 1811 2145 voir
1833 2112 1875 2146 O.
1892 2111 1990 2145 Mar-

281 2167 336 2200 tin
362 2167 612 2209 (L'assemble'e
633 2168 673 2200 de
696 2166 901 2200 Vincennes
922 2178 966 2199 en
986 2166 1091 2206 1329,
1116 2166 1230 2206 Paris,
1254 2166 1360 2207 1909,
1383 2177 1417 2209 p.
1443 2164 1579 2208 64-68).

329 2221 358 2254 2.
383 2221 428 2253 Ce
450 2221 562 2254 traite
583 2220 701 2253 existe
722 2220 789 2253 ala
802 2220 1061 2263 bibliotheque
1074 2219 1269 2260 Vaficane,
1295 2219 1498 2252 Vaticanus
1517 2218 1622 2259 4006,
1644 2218 1707 2251 fol.
1724 2219 1793 2252 307
1806 2218 1925 2252 B-213
1945 2219 1987 2251 Β.

284 2273 434 2306 Riualdi
453 2274 539 2306 n'en
559 2286 579 2306 a
599 2274 721 2307 donne'
742 2285 813 2317 que
833 2274 895 2306 des
916 2273 1074 2306 extraits
1098 2273 1230 2316 (Rewue
1248 2273 1433 2306 d’histoire
1450 2272 1724 2315 ecclesiastique,
1745 2278 1771 2305 t.
1794 2284 1828 2305 Vl
1853 2271 1988 2315 (1905),

282 2339 315 2370 p.
342 2327 437 2370 792).

329 2381 362 2413 3.
384 2380 432 2413 Le
451 2380 628 2413 memoire
658 2381 701 2413 de
719 2380 883 2423 Jacques
913 2379 1103 2419 Fournier,
1133 2381 1215 2413 eote
1247 2379 1449 2413 Vaticanus
1466 2378 1561 2412 4006
1586 2378 1649 2412 fol.
1679 2379 1746 2412 225
1766 2378 1885 2412 G—307
1903 2379 1946 2417 A,
1968 2390 1988 2412 a

286 2435 343 2466 ete
368 2434 521 2476 analyse
541 2446 608 2477 par
627 2433 732 2467 J.-M.
753 2433 865 2466 Vidal
888 2433 1023 2476 (article
1041 2434 1117 2472 cite,
1139 2445 1173 2477 p.
1196 2432 1383 2476 792-795).

331 2488 362 2519 4.
386 2486 530 2519 Denisse
551 2493 588 2519 et
608 2486 815 2526 Chatelain,
838 2486 1123 2526 Chartularium,
1145 2493 1171 2520 t.
1192 2498 1229 2525 11,
1250 2498 1285 2519 n.
1308 2486 1376 2519 975
1400 2485 1690 2530 (proces-verbal
1711 2485 1754 2518 de
1778 2485 1813 2518 la
1832 2485 1988 2519 reunion

284 2546 394 2571 immo
415 2552 482 2583 par
502 2541 563 2572 des
584 2540 814 2583 theologiens
835 2540 855 2571 a
874 2540 1061 2583 Avignon,
1083 2540 1133 2572 les
1154 2540 1185 2578 6,
1207 2540 1226 2572 7
1247 2545 1285 2572 et
1304 2539 1348 2572 15
1368 2539 1580 2582 septembre
1600 2538 1721 2582 1333).

334 2595 363 2626 5.
384 2593 465 2636 Mgr
476 2594 519 2626 A.
537 2593 662 2626 Pelzer
677 2605 697 2625 a
713 2593 839 2637 public
855 2593 886 2625 le
899 2599 1056 2637 rapport
1068 2604 1138 2636 que
1156 2592 1313 2625 Durand
1325 2592 1474 2635 redigea
1486 2603 1532 2624 en
1547 2592 1640 2625 1326
1654 2603 1744 2624 avec
1761 2591 1845 2635 cinq
1862 2598 1987 2624 autres

290 2646 516 2689 theologicus
537 2646 802 2679 relativcment
822 2646 842 2678 a
864 2647 926 2679 des
949 2645 1095 2679 articles
1116 2645 1274 2678 extraits
1297 2646 1359 2678 des
1381 2656 1528 2677 oeuvres
1551 2645 1594 2677 de
1617 2645 1827 2678 Guillaume
1849 2645 1989 2678 Occam

290 2698 420 2733 (Reme
443 2699 626 2732 d’histoire
656 2699 929 2742 ecclesiastique,
955 2705 981 2732 t.
1017 2711 1111 2732 xvm
1139 2698 1272 2741 (1922),
1297 2710 1332 2742 p.
1359 2697 1544 2741 249-270).
1570 2698 1620 2731 Le
1645 2698 1684 2731 P.
1710 2698 1945 2731 Mandonnet
1968 2710 1989 2731 a

286 2752 386 2794 pai-le
405 2752 495 2784 d‘un
513 2753 555 2785 de
574 2764 628 2785 ses
648 2764 829 2795 ouvrages
848 2752 962 2796 dirige
980 2758 1108 2786 contre
1125 2751 1225 2784 saint
1243 2752 1406 2784 Thomas
1425 2750 1592 2794 d’Aquin
1612 2751 1744 2794 (Revue
1760 2751 1819 2784 des
1834 2752 1989 2785 scien-ces

287 2804 589 2848 philosophiques‚
609 2806 713 2845 1913,
734 2818 767 2849 p.
789 2805 910 2849 65-67)
931 2812 969 2838 et
986 2805 1033 2839 M.
1055 2805 1231 2839 Glorieux
1249 2805 1340 2837 d’un
1357 2804 1547 2848 Quodlibet
1565 2805 1702 2837 datant
1719 2805 1763 2837 de
1783 2804 1878 2838 Noel
1895 2804 1988 2838 1312

292 2857 353 2888 {Lu
378 2858 571 2890 litterature
591 2859 863 2901 quodlibetique,
890 2858 1000 2898 Kain,
1024 2859 1129 2898 1925,
1153 2870 1187 2902 p.
1212 2858 1397 2901 107-108).
1419 2857 1465 2890 Ce
1489 2857 1634 2890 dernier
1655 2863 1790 2890 auteur
1810 2869 1856 2890 en
1877 2869 1899 2890 a
1918 2857 1989 2890 fait

289 2911 514 2942 sauss-vinem
531 2923 581 2943 un
596 2913 736 2955 evaque
753 2913 796 2944 de
811 2912 962 2952 Mendc;
978 2912 1002 2944 il
1016 2912 1099 2944 faut
1112 2911 1176 2944 lire
1192 2911 1328 2944 Meaux
1347 2910 1502 2953 (Mollat‚
1518 2923 1553 2943 n.
1571 2910 1715 2954 24658).
1732 2910 1803 2943 Sur
1817 2910 1986 2951 Durand,

287 2963 366 2994 ‘voir
388 2963 431 2996 ll.
453 2964 506 3001 L„
528 2970 553 2996 1.
576 2976 712 3004 xxxw,
734 2977 768 3007 p.
791 2966 875 3004 6383
897 2971 923 2998 t.
945 2977 1069 3004 xxxv,
1090 2976 1124 3008 p.
1145 2965 1226 2998 304.

337 3016 366 3047 6.
397 3016 539 3048 §.stolas
562 3017 592 3048 lc
617 3017 748 3050 Minori
758 3024 789 3049 te
812 3019 970 3061 pretend
993 3018 1084 3061 qu’il
1105 3029 1142 3051 se
1164 3019 1329 3051 retracta
1350 3029 1360 3050 .·
1384 3017 1553 3050 inductus
1573 3028 1637 3060 per
1657 3017 1852 3050 nonnullos
1872 3017 1989 3050 cardi—

289 3068 385 3099 nales·
408 3074 436 3099 «Ἰ
459 3070 549 3100 alios
573 3070 665 3101 viros
689 3071 862 3103 notabiles·
889 3071 940 3113 (B.
968 3071 1024 3110 N..
1042 3083 1109 3103 ms.
1134 3071 1227 3103 latin
1243 3069 1347 3109 5154,
1364 3069 1427 3103 fol.
1446 3070 1514 3104 298
1533 3074 1573 3102 v⁰
1594 3075 1632 3103 et
1653 3070 1702 3103 H.
1718 3070 1772 3109 L..
1797 3076 1823 3103 t.
1848 3081 1986 3105 xxxw.

291 3132 321 3162 μ,
344 3122 437 3161 621).
