2083 3458
123 250 276 309 [1012]
639 272 855 300 PAPARUM
890 276 1273 305 AVENIONENSIUM
1723 265 1805 308 529

109 354 255 392 sacello
275 354 396 404 quod
404 363 466 393 est
482 370 608 406 prope
625 356 798 406 januam
817 360 1021 406 ecclesiae,
1041 360 1082 397 in
1101 362 1285 410 sepulcro
1304 375 1400 400 sane
1419 361 1644 403 admodum
1662 379 1799 415 sump-

107 421 226 451 tuoso
243 421 369 462 atque
386 414 618 463 magnifico,
638 416 748 464 quod
766 425 827 454 est
844 432 893 454 ex
911 432 1128 466 marmore,
1146 428 1186 457 et
1204 420 1356 459 multas
1374 429 1534 458 statuas
1552 421 1690 462 habet.

160 472 290 510 Extat
318 473 360 511 in
390 473 556 512 archivo
587 475 771 524 ejusdem
802 477 958 525 collegii
990 477 1026 516 S.
1069 477 1267 516 Martialis
1307 487 1604 519 testamentum
1637 481 1720 520 lab
1751 498 1796 521 eo

105 532 318 571 conditum
339 546 446 570 anno
467 534 682 572 millesimo
704 534 948 583 CCCXCIV‚
972 537 1034 574 die
1060 537 1203 574 XXIV
1222 517 1486 588 septembris;
1507 539 1548 576 in
1576 553 1657 589 quo
1685 541 1795 580 here-

100 592 196 630 dem
212 605 332 630 suum
346 593 389 630 in
405 591 521 630 bonis
538 594 719 642 paternis
738 595 954 633 constituit
972 596 1175 634 „Ioannem
1193 597 1241 635 de
1260 598 1456 646 Agrifolio
1474 598 1643 639 fratrem
1660 614 1793 649 suum,

101 652 143 690 in
160 651 302 689 ceteris
319 651 425 689 idem
445 652 671 701 collegium.

155 710 426 760 Raynulphus
461 711 510 749 de
541 712 687 758 Gorsa,
715 694 930 750 cardinalis
962 713 1251 763 Sistaricensis,
1283 715 1324 753 in
1356 715 1610 765 depositione
1645 732 1717 755 sua
1751 719 1792 756 in

95 783 220 809 causa
244 769 475 810 schismatis
500 771 620 809 docet
642 771 759 809 istius
786 772 990 811 Guillelmi
1016 773 1230 811 cardinalis
1255 774 1418 812 affinem
1449 775 1572 813 fuisse
1597 776 1790 815 Pontium

95 828 272 876 Beraldi,
295 829 429 868 virum
451 843 623 880 magnae
646 830 779 869 famae
802 831 1022 880 magnique
1043 832 1233 880 nominis,
1258 841 1303 870 ut
1325 833 1555 872 videbimus
1577 834 1695 875 infra.

150 888 369 935 Sororium,
406 888 447 926 id
484 897 558 937 est,
595 890 740 927 sororis
778 890 987 937 maritum,
1024 890 1206 929 habebat
1241 891 1517 931 Bertrandum
1553 893 1601 932 de
1638 894 1787 943 Gallat‚

95 956 142 986 ut
162 955 342 986 testatur
366 948 603 987 Fernandus
628 949 752 996 Petri,
776 949 953 987 decanus
977 949 1269 996 Tirasonensis‚
1301 951 1342 988 in
1374 951 1628 1001 depositione
1651 967 1722 992 sua
1744 953 1759 976 ²
1776 964 1787 992 ':

88 1007 207 1045 Dixit
238 1008 339 1056 quod
371 1008 492 1046 nescit
521 1008 558 1045 si
590 1008 811 1046 cardinales
844 1009 902 1046 vel
925 1008 1106 1046 Romani
1138 1010 1377 1058 deputarunt
1411 1010 1686 1060 infrascriptos
1717 1027 1788 1061 pro

92 1066 281 1114 custodia,
309 1067 483 1105 videlicet
505 1067 735 1117 episcopum
762 1067 1021 1105 Tiburtinum
1046 1077 1079 1106 et
1098 1069 1305 1106 dominum
1332 1069 1593 1107 Laurentium
1617 1071 1661 1107 de
1687 1071 1786 1109 San-

92 1126 194 1174 guis.
216 1125 267 1164 Et
287 1126 370 1175 ipse
388 1127 495 1164 testis
514 1127 613 1165 vidit
630 1141 692 1164 eos
710 1135 812 1164 stare
830 1127 882 1164 aa'v
899 1127 1116 1165 custodiam
1136 1128 1199 1164 die
1214 1127 1317 1176 jovis
1335 1129 1545 1167 electionis,
1568 1129 1619 1167 Et
1637 1130 1787 1168 videtur

84 1185 169 1222 sibi
187 1186 289 1235 quod
304 1185 423 1223 etiam
439 1186 519 1235 suit
537 1185 745 1236 deputatus
764 1187 815 1224 acl
832 1186 1049 1224 custodiam
1068 1187 1278 1235 episcopus
1296 1187 1548 1226 Tudertinus,
1566 1188 1619 1225 Et
1636 1188 1787 1227 videtur

88 1244 180 1292 sibi,
203 1253 244 1282 ut
262 1245 428 1293 audivit,
450 1245 551 1295 quod
568 1246 686 1284 etiam
705 1254 787 1293 erat
805 1247 857 1283 ad
874 1245 1092 1283 custodiam
1113 1246 1358 1283 Bertrandus
1378 1247 1421 1283 de
1447 1245 1589 1294 Gallat,
1610 1248 1785 1285 sororius

86 1303 306 1341 cardinalis
322 1304 366 1341 de
381 1304 595 1354 Agrifolio,
612 1313 646 1343 et
661 1305 802 1342 Petrus
818 1306 862 1342 de
878 1305 1043 1343 Martis.
1066 1305 1215 1341 Tamen
1231 1306 1275 1342 cle
1291 1305 1358 1342 hoc
1374 1319 1451 1342 non
1468 1314 1523 1343 est
1540 1305 1630 1342 bene
1645 1315 1780 1346 certus,

88 1363 188 1401 Vide
212 1362 338 1400 Notas
359 1363 412 1401 ad
437 1363 484 1414 [t.
511 1378 523 1401 1
553 1363 607 1414 ]p.
633 1364 720 1402 443.

141 1421 182 1461 P.
216 1421 305 1469 361,
335 1423 402 1472 lig.
436 1422 497 1462 25.
531 1423 682 1461 Socms
716 1438 766 1460 ET
798 1437 1051 1461 FAMILiAms.
1085 1422 1186 1461 Vide
1219 1424 1495 1472 fragmentum
1528 1437 1577 1461 ex
1608 1424 1779 1473 epistola

88 1481 244 1520 Urbani
269 1482 302 1519 V
326 1482 378 1519 ad
401 1496 536 1531 regem
561 1482 832 1532 Arragonum,
858 1497 980 1532 supra
1004 1497 1043 1532 p.
1070 1481 1158 1520 904.

139 1541 181 1579 Ρ.
210 1540 299 1589 361,
327 1542 393 1591 lig.
423 1541 485 1580 29.
513 1541 636 1579 BONE
678 1556 806 1581 FAME.
838 1542 1065 1591 Postquam
1093 1541 1201 1579 hunc
1238 1542 1386 1589 locum,
1421 1541 1461 1579 in
1502 1555 1582 1591 quo
1610 1541 1778 1580 mirifice

81 1600 279 1638 laudatur
309 1600 548 1639 Guillelmus
581 1601 628 1639 de
660 1601 856 1651 Agrifolio
885 1601 1035 1650 junior,
1063 1601 1278 1650 descripsit
1307 1600 1506 1638 Odoricus
1539 1600 1778 1649 Raynaldus

83 1659 122 1697 in
139 1660 471 1698 suis'Annalibus
497 1660 578 1710 [an.
599 1660 713 1707 1367,
738 1660 754 1708 ἓ
771 1659 792 1697 2
806 1660 833 1710 ],
848 1661 1014 1698 demum
1030 1660 1169 1697 addit:
1185 1659 1231 1697 Si
1247 1674 1344 1709 quas
1360 1667 1441 1696 tum
1460 1659 1493 1695 is
1511 1659 1669 1697 virtutes
1684 1674 1779 1708 prae

78 1732 120 1755 se
139 1719 297 1767 serebat,
321 1720 418 1757 diro*
427 1728 560 1768 postea
578 1720 736 1768 flagitio
758 1719 1017 1769 labefactavit.
1045 1719 1151 1757 Inter
1171 1719 1407 1767 praecipuos
1427 1718 1533 1754 enim
1553 1717 1778 1756 schismatis

80 1778 375 1827 antesignanos,
402 1779 637 1816 Clementem
660 1779 1038 1828 pseudopontificem
1061 1786 1228 1825 secutus,
1252 1777 1328 1814 Dei
1353 1777 1570 1814 Ecclesiam
1592 1778 1777 1814 acerrime

76 1838 339 1886 oppugnavit,
366 1838 423 1876 uti
444 1852 516 1875 suo
538 1839 618 1876 loco
640 1838 876 1887 lugebimus.
904 1837 1080 1876 Homine
1102 1837 1294 1886 imperito
1317 1849 1530 1885 nunquam
1554 1836 1776 1885 quicquam

75 1895 285 1946 injustius.
316 1897 513 1936 Odoricus
543 1898 784 1946 Raynaldus
811 1911 958 1947 parum
985 1904 1172 1934 attentus
1200 1896 1252 1933 ad
1281 1895 1611 1934 observationem
1643 1896 1773 1933 sancti

79 1955 279 1994 Antonini
311 1957 605 2007 archiepiscopi
639 1957 877 2003 Florentini,
911 1969 1035 2005 quam
1066 1955 1151 2005 ipse
1183 1968 1248 1993 an.
1284 1954 1397 2001 1386,
1429 1953 1445 2002 ξ
1476 1953 1538 2000 11,
1559 1953 1774 2003 descripsit

64 2014 291 2065 integram,
314 2024 495 2054 atrocem
517 2017 672 2065 stylum
694 2016 734 2053 in
756 2016 832 2053 hoc
855 2015 1071 2053 Guillelmo
1094 2014 1238 2063 defigit
1260 2014 1354 2063 quia
1376 2021 1513 2063 partes
1538 2012 1694 2050 Urbani
1716 2012 1771 2050 VI

72 2073 267 2122 deseruit,
313 2089 432 2125 quem
464 2075 645 2125 putabat
686 2075 793 2113 vitio
822 2089 894 2125 per
923 2087 1129 2113 summam
1159 2073 1352 2122 injuriam
1396 2086 1594 2121 occupare
1633 2072 1769 2109 sedem

76 2132 198 2173 Petri.
225 2134 381 2172 Eodem
402 2134 491 2184 jure
514 2135 650 2173 virum
672 2134 1022 2183 sapientissimum
1049 2133 1246 2170 Karolum
1272 2131 1464 2181 quintum
1486 2144 1621 2179 regem
1646 2130 1768 2168 Fran—

69 2206 211 2230 corum
246 2207 393 2232 vocare
427 2194 530 2232 solet
562 2184 802 2242 tyrannum,
838 2193 933 2242 quia
967 2200 1062 2242 post
1104 2204 1268 2229 causam
1305 2190 1480 2228 duarum
1522 2189 1766 2227 electionum

72 2259 232 2290 mature
264 2260 304 2290 et
335 2260 525 2291 accurate
557 2252 784 2291 discussam
816 2251 972 2289 Urbani
1003 2259 1140 2300 partes
1173 2249 1364 2296 deseruit,
1398 2248 1572 2285 hominis
1605 2247 1765 2295 ebriosi,

69 2310 216 2358 insani,
245 2311 399 2359 furiosi,
426 2312 688 2351 immanitate
716 2311 894 2358 barbari,
922 2318 969 2347 ut
995 2323 1088 2348 eum
1116 2309 1344 2358 depingunt
1371 2308 1496 2345 etiam
1522 2307 1549 2344 ii
1577 2307 1645 2355 qui
1673 2319 1764 2344 eum

69 2369 362 2420 fortunamque
383 2370 469 2421 ejus
492 2370 704 2409 fovebant.
728 2370 924 2407 Condono
944 2370 1085 2418 itaque
1107 2368 1215 2405 hunc
1237 2374 1547 2416 praeposterum
1569 2365 1762 2403 aflectum

66 2428 404 2478 malesanumque
423 2429 625 2479 judicium
646 2429 802 2466 homini
823 2428 1026 2478 impeiito.
1053 2428 1202 2464 Contra
1226 2425 1479 2474 Augustinus
1503 2423 1699 2461 Oldoinus
1722 2424 1763 2461 in

67 2487 266 2524 Athenaeo
285 2501 459 2536 romano,
477 2503 516 2538 p.
538 2488 627 2535 288,
647 2488 706 2525 ait
724 2488 832 2525 hunc
856 2487 1105 2525 cardinalem
1128 2485 1176 2523 de
1195 2483 1392 2532 Agrifolio
1414 2483 1535 2520 fuisse
1558 2496 1700 2530 genere
1722 2490 1762 2520 et

66 2547 220 2584 virtute
240 2546 432 2594 nobilem,
454 2547 588 2585 famae
607 2547 887 2596 honestaeque
908 2544 1229 2583 conversationis
1248 2543 1461 2580 illustrem.
1488 2541 1600 2578 Idem
1620 2548 1760 2578 tamen

63 2605 104 2642 in
127 2605 203 2643 hoc
226 2613 334 2643 errat
358 2605 467 2655 quod
490 2606 524 2644 ei
547 2606 695 2644 tribuit
717 2606 934 2655 epistolam
957 2604 1008 2640 ad
1033 2602 1252 2640 monachos
1278 2601 1517 2638 Lezatenses
1541 2599 1697 2637 editam
1718 2599 1759 2636 in

63 2671 176 2701 tomo
201 2678 272 2701 xm
303 2663 456 2702 Galliae
478 2664 717 2702 christianae
751 2665 905 2713 [Instr.‚
934 2663 1008 2701 col.
1036 2661 1133 2710 179]
1155 2674 1278 2710 quam
1296 2667 1453 2697 certum
1476 2665 1539 2696 est
1561 2658 1758 2707 scriptam

63 2737 147 2761 esse
165 2736 187 2760 a
205 2723 422 2761 Guillelmo
440 2723 488 2762 de
506 2723 629 2762 Aura.
650 2723 752 2761 Vide
770 2736 892 2772 supra
910 2736 947 2771 p.
967 2721 1055 2758 822.

114 2781 156 2820 P.
188 2781 278 2830 362,
307 2782 374 2831 lig.
407 2781 441 2821 2.
477 2782 682 2825 INTRAVIT
713 2795 843 2819 MARE.
877 2780 1090 2828 Philippus
1123 2777 1325 2824 Labbeus,
1355 2789 1442 2825 par.
1479 2775 1541 2812 ΙΙΙ
1573 2774 1754 2814 Clzronol.

62 2930 131 2973 (ed.
159 2930 197 2964 F.
226 2929 348 2970 Ehrle,
374 2942 409 2974 p.
436 2930 532 2974 114).
557 2949 605 2953 —
628 2930 717 2963 Voir
739 2931 775 2963 la
799 2928 1016 2972 biographie
1042 2928 1085 2960 de
1111 2926 1321 2974 Guillaume
1347 2924 1381 2956 d
1386 2923 1634 2967 Aigrefeuille,
1662 2924 1754 2957 dans

56 2982 310 3016 Dictionnaire
335 2983 520 3017 d’histoire
545 2989 577 3016 et
603 2984 644 3016 de
664 2983 879 3026 geographie
896 2975 1755 3022 ecclesiastiques‚t.1‚col.1117-11193voit·

52 3036 158 3069 aussi
179 3036 307 3069 Donet
326 3036 360 3068 d'
365 3036 476 3080 Arcq,
498 3035 693 3069 collection
711 3037 752 3069 de
769 3046 911 3074 sceauoe,
933 3040 958 3067 t.
979 3031 1031 3072 11l
1054 3044 1088 3065 n.
1111 3032 1215 3066 6195.

107 3089 139 3123 1.
167 3089 316 3129 Baluze,
344 3095 371 3122 t.
396 3100 447 3130 ιν,
475 3100 509 3132 p.
537 3088 618 3122 365.

107 3143 138 3175 2.
168 3142 208 3175 B.
234 3141 292 3182 N.,
315 3153 382 3175 ms.
406 3141 500 3174 latin
521 3141 651 3181 11745,
675 3141 736 3174 fol.
762 3141 830 3173 172
852 3144 895 3174 r0.
