2083 3458
212 257 291 299 716
858 266 1010 291 NOTAE
1043 265 1104 290 AD
1139 265 1267 291 VITAs
1657 243 1659 247 Α
1771 250 1914 305 [1197]

206 363 364 406 propter
391 366 573 403 guerram
601 365 718 401 quam
744 349 917 399 faciebat
942 348 1150 399 prefectuS,
1178 349 1246 386 sed
1272 348 1394 386 nescit
1419 348 1454 386 si
1472 357 1554 387 erat
1579 349 1734 387 amicus
1761 349 1818 387 vel
1845 348 1925 387 ini—

208 415 333 453 micus
360 412 482 463 primi
513 410 633 449 electi.
657 409 769 447 Dicit
793 417 924 446 tamen
949 408 1051 458 quod
1083 407 1182 445 vidit
1206 408 1411 446 mulierem
1444 408 1604 458 prefecti
1629 409 1751 447 Rome
1785 417 1926 459 quarta

206 475 263 512 vel
285 473 423 524 quinta
443 470 671 521 septimana
692 477 779 519 post
799 483 916 505 suam
938 467 1176 515 electionem,
1211 476 1245 505 et
1279 467 1481 505 dicebatur
1504 469 1606 518 quod
1625 477 1830 519 pepererat
1852 468 1925 516 ibi,

206 542 240 571 et
262 534 362 583 quod
382 531 510 581 aliqui
532 529 756 567 cardinales
777 528 937 577 fuerant
957 527 1023 564 sui
1046 535 1277 577 compatres,
1301 536 1335 565 et
1356 527 1475 565 etiam
1499 527 1568 565 iste
1589 528 1748 578 primus
1770 528 1924 575 electus,

207 602 248 631 ut
276 591 443 630 audivit.
475 591 619 627 Frater
649 588 842 638 Angelus,
874 586 1070 637 generalis
1101 586 1289 626 minister
1318 586 1471 625 ordinis
1502 586 1722 634 Minorum,
1751 587 1924 626 interro-

210 661 327 701 gatus
356 665 478 700 super
505 648 719 686 additione
747 646 967 684 undecima
996 660 1113 684 casus
1142 646 1264 696 primi
1292 646 1426 693 electi,
1453 646 1496 684 in
1524 661 1605 696 qua
1633 647 1836 697 scriptum
1863 654 1926 685 est

206 710 469 749 inimicitiam
496 708 596 746 dicti
623 706 823 758 praefecti
849 705 972 744 fuisse
1000 714 1146 745 notam
1161 714 1203 744 et
1229 705 1438 744 notoriam
1459 706 1605 745 statim
1622 706 1664 744 in
1690 705 1925 757 primordiis

208 769 425 809 creationis
459 767 630 814 Urbani,
662 765 876 816 respondit
894 765 909 788 1
928 766 1030 815 quod
1059 765 1215 803 audivit
1245 773 1287 803 ut
1314 765 1357 803 in
1387 765 1589 803 additione
1623 766 1857 813 continetur,
1894 773 1928 803 et

207 830 318 868 addit
353 829 478 867 aliam
514 840 691 874 causam,
729 825 824 876 quia
873 839 1033 862 umorem
1069 825 1231 875 prefecti
1277 825 1430 863 tenebat
1465 834 1677 863 arestatam
1723 825 1767 862 in
1809 825 1926 863 Urbe.

204 891 263 927 De
296 898 466 939 tempore
512 901 584 937 quo
629 885 708 935 fuit
754 893 858 922 mota
906 883 1126 922 inimicitia
1170 884 1319 936 notorie
1354 884 1454 922 inter
1499 885 1648 923 dictum
1689 885 1851 922 electum
1895 891 1927 921 et

208 949 435 1000 prefectum,
481 946 583 984 dixit
613 946 715 995 quod
755 944 835 994 fuit
866 958 987 994 usque
1030 945 1082 982 ad
1127 944 1225 981 duos
1269 958 1420 981 menses
1461 945 1519 982 Vel
1548 944 1653 982 circa
1691 959 1715 982 a.
1758 953 1928 994 tempore

210 1007 475 1047 coronationis
504 1005 599 1043 dicti
628 1005 747 1042 electi.
783 1004 880 1042 Item
908 1004 1019 1041 addit
1047 1004 1149 1054 quod
1177 1003 1296 1041 credit
1337 1018 1460 1041 unam
1501 1018 1663 1042 causam
1692 1003 1774 1041 odii
1803 1004 1929 1053 fuisse

211 1069 310 1106 inter
336 1066 654 1105 Bartliolomeum
674 1073 707 1102 et
732 1064 945 1114 prefectum
973 1061 1093 1101 Urbis
1120 1062 1214 1113 quia
1240 1063 1367 1101 dictus
1394 1063 1582 1101 Urbanus
1608 1063 1760 1101 tenebat
1785 1063 1929 1101 dictam

211 1142 368 1165 uxorem
385 1125 544 1177 prefecti
563 1119 785 1171 arestatam,
806 1132 848 1161 ut
863 1123 1051 1173 superius
1066 1123 1151 1173 jam
1169 1123 1282 1161 discit.
1302 1123 1354 1161 Et
1371 1123 1437 1173 qui
1456 1123 1628 1173 loquitur
1643 1123 1722 1173 fuit
1741 1123 1929 1160 mediator

171 1192 173 1194 ’
211 1187 401 1225 dimissus
436 1200 504 1236 per
539 1185 845 1235 predecessorem
879 1197 998 1220 suum
1035 1183 1314 1231 (Leonardum
1350 1183 1398 1221 de
1436 1183 1615 1233 Giffono>
1654 1184 1698 1220 de
1733 1183 1929 1220 voluntate

216 1246 370 1285 Urbani
407 1246 506 1283 inter
540 1244 717 1281 eumdem
751 1251 785 1280 et
819 1242 1022 1280 dominam
1056 1242 1339 1292 prefectissam.
1377 1242 1454 1280 Sed
1487 1243 1532 1280 de
1566 1242 1797 1280 liberatione
1832 1242 1930 1279 dicte

210 1306 431 1356 prefectisse
455 1305 607 1342 nullam
630 1303 758 1353 potuit
782 1302 952 1352 gratiam
975 1302 1159 1340 obtinere.
1186 1302 1321 1341 Aliam
1345 1302 1571 1341 discordiae
1596 1316 1734 1341 eorum
1761 1315 1929 1340 causam

210 1366 330 1404 affert
352 1364 588 1403 Bonifacius
614 1363 661 1401 de
686 1362 903 1400 Amanatis
928 1362 969 1399 in
991 1362 1326 1411 responsionibus
1351 1361 1432 1400 suis
1457 1377 1578 1412 super
1602 1362 1783 1400 articulis
1808 1360 1930 1412 primi

210 1425 339 1464 electi.
367 1425 646 1473 Interrogatus
669 1422 777 1461 enim
797 1437 918 1472 super
938 1421 1149 1459 additione
1172 1421 1344 1469 decima,
1365 1421 1407 1459 in
1428 1435 1508 1471 qua
1529 1421 1727 1472 scriptum
1750 1418 1929 1459 est'civi-

209 1482 341 1524 tatem
373 1483 674 1521 Viterbiensem
706 1482 828 1520 fuisse
860 1490 1046 1531 tempore
1078 1481 1222 1520 mortis
1257 1481 1440 1531 Gregorii
1471 1490 1512 1520 et
1543 1490 1688 1531 postea
1719 1481 1761 1518 in
1792 1489 1929 1531 potes-

209 1553 296 1582 tate
330 1542 535 1588 Francisci
566 1542 613 1580 de
635 1541 748 1588 Vico,
779 1541 978 1591 praefecti
1010 1540 1146 1588 Urbis,
1169 1540 1324 1579 inimici
1344 1540 1466 1591 primi
1495 1541 1628 1588 electi,
1659 1539 1930 1591 respondens2

212 1604 311 1642 dixit
333 1604 433 1653 quod
453 1602 591 1640 civitas
617 1600 877 1639 Viterbiensis
899 1600 1103 1649 regebatur
1123 1615 1192 1650 per
1212 1601 1360 1638 dictum
1380 1600 1606 1650 prefectum,
1629 1609 1662 1638 et
1683 1601 1784 1650 quod
1803 1599 1930 1637 dictus

212 1663 521 1709 Bartholomeus,
544 1661 743 1698 stantibus
765 1660 893 1697 adhuc
915 1660 1190 1697 cardinalibus
1214 1660 1257 1697 in
1285 1660 1401 1707 Urbe,
1426 1668 1589 1698 conatus
1610 1660 1689 1709 fuit
1712 1659 1930 1709 infringere

211 1737 346 1773 pacem
361 1722 506 1771 factam
522 1735 609 1758 cum
626 1720 725 1757 dicto
740 1720 906 1770 prefecto
921 1734 990 1769 per
1005 1719 1212 1757 dominum
1234 1719 1479 1769 Gregorium,
1496 1728 1531 1757 et
1542 1720 1640 1769 jam,
1659 1728 1700 1757 ut
1714 1719 1928 1766 dicebatur,

212 1782 400 1819 habuerat
420 1789 538 1832 certos
559 1788 745 1817 tractatus
768 1779 810 1816 in
837 1779 1010 1817 Viterbio
1031 1793 1102 1828 pro
1124 1779 1346 1816 reductione
1367 1779 1465 1817 dicte
1486 1779 1658 1817 civitatis
1678 1780 1730 1817 ad
1750 1773 1929 1816 obedien-

213 1842 309 1879 tiam
351 1854 509 1877 romane
542 1839 725 1877 Ecclesie.
763 1839 835 1876 His
870 1847 1146 1877 consentanea
1179 1847 1276 1876 sunt
1310 1852 1413 1888 quae
1448 1839 1496 1877 de
1540 1853 1678 1877 eorum
1713 1838 1929 1877 inimicitia

213 1900 424 1951 respondit
447 1900 573 1937 frater
596 1898 834 1945 Menendus,
860 1898 1010 1935 ordinis
1035 1898 1253 1944 Minorum,
1277 1898 1491 1948 episcopus
1516 1898 1802 1936 Cordubensis.
1827 1898 1929 1936 Cum

213 1960 320 1999 enim
356 1959 526 1997 dixisset
561 1958 695 1996 varios
733 1957 855 1995 fuisse
894 1957 1048 1996 Romae
1085 1972 1266 1996 rumores
1303 1958 1379 1995 sub
1414 1966 1578 2008 tempus
1616 1957 1759 1997 mortis
1795 1971 1928 2008 papae

214 2019 407 2069 Gregorii,
431 2016 632 2055 videlicet3
654 2025 810 2067 propter
830 2017 1055 2067 prefectum,
1079 2017 1146 2067 qui
1169 2031 1248 2054 non
1263 2025 1343 2054 erat
1360 2017 1501 2066 firmus
1524 2017 1567 2054 in
1581 2032 1677 2067 pace
1693 2032 1810 2067 quam
1831 2025 1928 2054 trac-

212 2087 357 2117 tavei-ai
378 2093 466 2116 cum
487 2092 596 2127 papa
619 2076 803 2126 Gregorio
825 2085 982 2126 propter
1004 2076 1171 2113 Ursinos
1193 2084 1226 2113 et
1241 2076 1568 2126 Columpnenses,
1592 2085 1734 2127 postea
1757 2076 1929 2114 interro-

214 2147 330 2188 gatus
356 2152 477 2188 super
493 2137 636 2175 eadem
653 2136 810 2176 decima
835 2135 1046 2174 additione
1068 2135 1281 2185 respondit
1304 2135 1564 2174 inimicitiam
1588 2136 1695 2173 inter
1713 2136 1929 2173 Urbanum

212 2207 252 2236 et
275 2197 530 2248 praefectum
552 2196 646 2234 hinc
670 2204 804 2234 ortam
827 2210 911 2233 esse
935 2195 1029 2245 quia
1056 2195 1320 2232 Viterbienses
1342 2196 1561 2232 tractabant
1582 2203 1719 2233 secrete
1741 2195 1929 2245 quomodo

211 2258 441 2307 expellerent
479 2256 692 2306 prefectum
727 2263 834 2293 extra
876 2255 1097 2292 Viterbium
1133 2263 1166 2292 et
1202 2263 1510 2292 converterentur
1545 2255 1596 2292 ad
1617 2249 1859 2302 'Urbanum,
1896 2262 1930 2292 et

213 2316 455 2366 scripserunt
479 2307 578 2353 dicto
602 2329 705 2365 pape
730 2315 831 2364 quod
855 2314 1017 2351 mitteret
1039 2314 1119 2351 sibi
1143 2314 1300 2364 aliquas
1325 2322 1454 2363 gentes
1478 2328 1690 2352 armorum.
1718 2314 1795 2364 Qui
1821 2313 1930 2351 misit

216 2390 279 2413 eas
295 2376 387 2413 sibi.
410 2376 559 2412 Tamen
575 2382 760 2412 tractatus
779 2388 858 2410 non
871 2374 951 2422 fuit
968 2373 1120 2422 finitus.
1139 2374 1190 2411 Et
1205 2388 1250 2411 ea:
1266 2374 1334 2411 lioc
1350 2382 1623 2411 remanserunt
1638 2374 1738 2411 clare
1756 2372 1927 2411 inimici.

216 2435 383 2473 Missum
411 2435 462 2472 ab
492 2434 660 2472 Urbano
683 2433 805 2471 fuisse
828 2433 1085 2471 Bernardum
1106 2433 1154 2471 de
1181 2433 1218 2470 la
1243 2433 1334 2471 Sala
1357 2432 1566 2471 testatur4
1586 2433 1628 2470 in
1655 2432 1735 2471 suis
1763 2446 1928 2483 respon-

215 2494 395 2532 sionibus
421 2493 658 2531 Fernandus
684 2493 807 2540 Petri,
825 2492 1002 2531 decanus
1027 2492 1305 2530 Tirasonensis
1325 2508 1331 2529 :
1356 2492 1621 2541 Interrogatus
1643 2506 1762 2542 super
1782 2492 1837 2539 X,
1860 2491 1928 2528 XI

176 2582 179 2586 .
214 2553 487 2591 additionibus
509 2553 609 2590 dimit
627 2567 666 2589 se
687 2553 834 2589 credere
855 2552 956 2602 quod
975 2560 1168 2601 regeretur
1188 2552 1291 2589 dicta
1311 2551 1450 2589 civitas
1475 2551 1735 2589 Viterbiensis
1755 2565 1823 2601 per
1842 2565 1928 2601 pre—

213 2613 372 2661 fectum,·
389 2613 455 2649 sed
471 2612 506 2649 si
525 2620 605 2650 erat
624 2611 813 2649 inimicus
830 2611 954 2661 primi
972 2611 1078 2648 electi
1097 2611 1197 2649 diatit
1215 2612 1317 2661 quod
1333 2611 1483 2648 videtur
1502 2611 1582 2649 sibi
1601 2611 1702 2661 quod
1719 2618 1929 2660 antequam

216 2686 346 2708 omnes
379 2671 599 2709 cardinales
640 2672 853 2708 recederent
885 2671 928 2708 de
960 2671 1087 2708 Roma
1125 2670 1210 2720 jam
1249 2678 1330 2708 erat
1370 2670 1556 2720 publicus
1601 2669 1790 2707 inimicus
1835 2669 1928 2707 dicti

217 2731 503 2780 archiepiscopi
528 2730 731 2768 Barensis.
758 2730 809 2767 Et
832 2730 951 2767 credit
975 2730 1076 2780 quod
1100 2729 1247 2780 incepit
1272 2730 1348 2767 ista
1373 2729 1590 2767 inimicitia
1615 2729 1658 2766 in
1683 2729 1761 2778 fine
1784 2728 1929 2779 aprilis

218 2790 272 2826 vel
296 2790 339 2826 de
364 2804 492 2826 mense
517 2790 628 2827 maii.
655 2790 705 2827 Et
729 2789 883 2827 audivit
907 2790 1008 2839 quod
1031 2789 1158 2827 dictus
1182 2789 1505 2839 archiepiscopus
1530 2789 1689 2826 miserat
1713 2788 1812 2826 dicto
1837 2796 1927 2825 tem—

217 2863 306 2897 pore
336 2849 540 2886 dominum
570 2849 820 2886 Bernardum
850 2849 894 2886 de
923 2849 962 2886 la
993 2849 1090 2886 Sala
1120 2849 1163 2885 in
1193 2848 1448 2898 capitaneum
1485 2848 1707 2886 Gasconum
1737 2862 1825 2885 cum
1853 2861 1931 2885 sua

262 2992 277 3023 ‚a

287 3019 293 3025 .
326 2993 389 3025 ΜΞ.
418 2994 501 3027 cite.
529 2994 589 3027 fol.
618 2995 686 3028 182
712 3000 754 3027 r0.

328 3046 391 3078 Ma.
423 3047 505 3085 cito,
538 3048 597 3080 fol.
633 3049 697 3080 185
726 3053 768 3081 1¹0.

289 3125 294 3130 .
327 3098 391 3131 Ms.
426 3100 509 3135 cite,
544 3100 604 3132 sol.
639 3102 706 3133 137
738 3106 781 3134 1¹⁰.

289 3177 295 3183 .
328 3152 393 3183 MS.
421 3152 504 3192 cite,
533 3144 593 3185 fol.
623 3154 690 3186 '172
717 3159 758 3186 ro.

264 3046 293 3181 ΦΕΩ-13
