2083 3458
301 244 381 285 790
954 253 1105 278 NOTAE
1140 253 1200 278 AD
1235 252 1363 278 VITAS
1598 288 1602 290 Α
1859 238 2015 294 [1269]

300 345 438 383 deinde
465 343 614 380 volebat
640 341 771 379 venire
797 339 1049 389 Anagniam,
1077 347 1208 377 tamen
1236 352 1314 375 non
1339 338 1483 388 fecerat
1508 338 1590 386 hoc,
1618 339 1686 377 sed
1712 338 1783 377 ivit
1812 339 2012 388 Tiburim,

300 413 333 442 et
356 412 564 455 postquam
583 409 746 439 steterat
774 399 973 447 Tiburim,
1000 413 1079 436 non
1102 399 1233 448 fuerat
1256 412 1381 438 ausus
1408 398 1463 435 ire
1487 398 1725 448 Anagniam
1750 413 1821 448 pro
1845 413 1887 436 eo
1912 400 2018 450 quod

301 478 406 502 unus
427 463 658 512 capellanus
677 474 790 507 suus,
812 459 880 510 qui
901 467 1059 497 vocatur
1083 458 1288 496 Johannes
1308 457 1471 507 Alfonsi
1495 459 1538 495 de
1560 458 1720 496 Metina
1746 459 1790 496 de
1811 459 2014 506 Rivoseco,

302 523 402 561 dixit
420 522 513 569 sibi,
535 536 624 559 cum
643 528 740 558 esset
762 519 949 557 Tibur-im
968 532 1058 556 cum
1077 518 1208 568 primo
1228 518 1356 564 electO,
1379 518 1481 567 quod
1498 526 1777 568 apportaverat
1797 517 1864 556 isti
1883 518 2016 569 primo

301 584 413 620 electo
437 596 560 619 unam
582 581 762 618 cedulam
783 594 828 617 ex
850 587 960 629 parte
982 578 1161 628 episcopi
1185 577 1528 627 Pampilonensis,
1553 577 1596 615 in
1619 592 1695 627 qua
1717 577 1912 616 scribebat
1932 577 2013 616 sibi

302 643 403 693 quod
431 656 510 679 non
540 641 610 678 iret
639 639 877 688 Anagniam
905 647 938 676 et
966 638 1152 675 recederet
1189 637 1309 675 citius
1338 651 1457 686 quam
1485 645 1614 687 posset
1642 638 1687 674 de
1719 637 1877 685 Tiburi,
1907 637 2015 676 alias

302 710 397 739 esset
423 709 562 750 captus
589 715 613 737 a
637 699 906 737 societatibus.

357 762 400 799 P.
420 761 510 808 477,
528 760 594 809 lig.
617 759 678 798 12.
700 759 952 796 AVINIONEM
974 771 1188 794 PERVENIT
1208 755 1270 794 die
1290 755 1487 805 vigesima
1502 755 1620 806 junii,
1637 764 1684 794 ut
1702 756 1845 795 scribit
1861 756 2014 804 Surita,

304 821 372 859 lib.
396 836 423 858 X
447 820 598 858 Annal.
622 819 821 867 Arragon,
845 832 933 868 cap.
959 832 1076 855 XXIV.
1102 817 1254 854 Verum
1276 831 1327 854 eX
1348 815 1408 853 his
1433 830 1537 865 quae
1559 830 1683 866 supra
1704 831 1745 866 p.
1771 816 1871 854 1252
1901 816 2013 855 dicta

304 889 400 919 sunt
425 888 589 919 constat
613 878 728 917 illum
752 877 939 916 nondum
963 875 1178 915 advenisse
1205 875 1462 913 Avenionem
1487 875 1550 913 die
1575 890 1666 913 XXV
1690 876 1878 926 ejusdem
1901 890 2012 915 men-

303 941 355 979 sis
374 940 402 979 ¹.

359 1001 402 1038 P.
431 1000 521 1046 477,
549 998 615 1048 lig.
646 998 705 1036 14.
730 997 873 1036 SEXTO
916 1010 1162 1042 DEFUNCTO,
1187 994 1357 1044 Aegidio
1386 994 1590 1044 Aysselini
1618 994 1666 1033 de
1687 1009 1768 1045 quo
1789 995 1884 1034 vide
1908 1009 2014 1046 quae

305 1059 483 1097 diximus
510 1072 633 1108 supra
658 1072 697 1108 p.
724 1057 814 1095 957.
1032 1050 1035 1052 .

356 1119 399 1157 P.
424 1118 515 1166 478,
538 1118 605 1167 lig.
631 1118 693 1155 14.
720 1117 938 1161 FECITQUE
964 1128 1220 1153 PnocEssns.
1246 1113 1347 1152 Vide
1372 1113 1671 1152 Theodericum
1694 1128 1716 1152 a
1742 1114 1875 1162 Niem,
1899 1114 1968 1153 lib.
1997 1114 2012 1152 I

299 1180 358 1216 De
382 1178 604 1225 schismate,
631 1191 720 1227 cap.
746 1191 804 1214 IX.

357 1239 400 1277 P.
421 1238 512 1284 478,
531 1237 597 1287 lig.
619 1236 682 1275 29.
706 1237 971 1273 lMMANITER.
995 1233 1211 1272 Horrenda
1231 1241 1328 1271 sunt
1348 1247 1452 1283 quae
1473 1233 1521 1271 de
1542 1233 1787 1272 crudelitate
1808 1241 1850 1271 et
1868 1233 2013 1273 imma-

303 1298 435 1336 nitate
469 1296 627 1335 Urbani
658 1296 714 1333 VI
746 1297 981 1334 referuntur
1007 1308 1029 1331 a
1053 1293 1304 1332 Theoderico
1337 1292 1384 1331 de
1414 1292 1532 1331 Niem
1556 1292 1625 1331 lib.
1656 1293 1752 1330 IDe
1788 1293 2014 1340 schismate,

303 1372 392 1408 cap.
415 1372 472 1404 IV,
498 1372 566 1404 vn,
592 1371 676 1403 VIII,
701 1370 854 1402 XXXIII,
878 1369 978 1400 XLv,
1000 1369 1021 1391 L
1045 1368 1127 1403 sq.;
1154 1368 1219 1390 LVI
1243 1367 1325 1403 sq.;
1345 1360 1386 1390 et
1409 1352 1450 1389 in
1472 1361 1660 1391 tractatu
1684 1367 1738 1400 VI,
1763 1367 1852 1403 cap.
1875 1367 2013 1400 XXXII,

303 1432 458 1464 XXXIX,
490 1415 675 1453 Nemoris
707 1415 883 1453 unioniS.
917 1415 1035 1452 Hanc
1065 1414 1116 1451 Ob
1146 1426 1314 1452 causam
1343 1411 1592 1450 Trithemius
1622 1411 1663 1449 in
1693 1412 1888 1450 Chronico
1916 1412 2014 1449 Hir-

302 1476 526 1526 saugiensi,
540 1484 572 1514 t.
587 1491 628 1522 11,
646 1490 684 1525 p.
702 1475 792 1521 291,
814 1475 985 1524 loquens
1011 1473 1059 1511 de
1084 1481 1215 1510 morte
1240 1472 1343 1521 ejus,
1359 1471 1418 1509 ait
1437 1488 1444 1509 :
1462 1471 1673 1509 Flentibus
1695 1471 1839 1522 paucis
1855 1480 2016 1509 mortem

304 1537 389 1586 ejus
418 1544 577 1586 propter
606 1534 799 1572 duritiam
820 1542 854 1571 et
878 1533 1151 1579 rusticitatem,
1177 1532 1321 1581 quibus
1352 1531 1483 1580 gravis
1513 1539 1547 1569 et
1572 1531 1831 1569 inexorabilis
1860 1540 1894 1569 et
1922 1545 2012 1569 aus-

306 1605 407 1634 terus
443 1589 625 1633 nimium*
659 1594 865 1632 videbatur
897 1607 978 1630 esse
1020 1592 1265 1630 mortalibus.
1304 1590 1508 1629 Eumdem
1541 1591 1735 1629 Albertus
1773 1591 2014 1638 Krantzius,

306 1656 375 1694 lib.
397 1670 455 1703 IX,
479 1655 668 1704 Metrop.,
691 1668 779 1704 cap.
802 1668 829 1701 I,
851 1668 890 1690 n.
914 1652 1005 1699 210,
1027 1659 1152 1690 vocat
1172 1651 1307 1689 virum
1330 1664 1515 1698 saevum,
1539 1651 1760 1698 crudelem,
1781 1650 2013 1689 inexorabi—

307 1716 399 1762 lem,
431 1729 607 1764 eumque
638 1728 709 1764 per
742 1727 906 1751 omnem
936 1711 1156 1750 saevitiam
1187 1710 1329 1749 scribit
1359 1710 1669 1748 administrasse
1701 1725 1761 1749 res
1794 1710 2041 1757 Ecclesiae.-

312 1776 398 1813 Hoc
425 1773 712 1813 testimonium
740 1773 788 1811 de
816 1787 861 1811 eo
889 1771 1099 1822 perhibuit
1129 1770 1249 1820 Hugo
1277 1769 1494 1808 cardinalis
1523 1770 1571 1808 de
1598 1769 1814 1808 Britannia
1841 1769 2012 1808 interro-

309 1843 427 1885 gatus
455 1848 477 1871 a
505 1833 648 1883 legatis
677 1832 779 1882 regis
807 1832 1007 1870 Castellae
1029 1831 1044 1853 2
1071 1847 1078 1868 :
1110 1831 1209 1868 Item
1235 1830 1337 1867 dixit
1364 1829 1406 1867 in
1433 1843 1521 1867 vera
1547 1829 1787 1867 conscientia
1812 1843 1887 1867 sua
1913 1829 2017 1880 quod

307 1903 396 1932 ante
423 1894 647 1942 ingressum
672 1891 868 1930 conclavis
894 1905 963 1929 nec
995 1899 1084 1941 post
1108 1904 1316 1939 nunquam
1341 1889 1480 1927 habuit
1517 1888 1559 1926 in
1586 1897 1710 1926 mente
1744 1888 2013 1926 consentiendi

312 1954 353 1991 in
379 1968 464 1990 eum
494 1967 561 1990 nec
586 1952 757 2001 eligendi
784 1965 886 1998 eum,
914 1965 982 1988 nec
1007 1950 1127 1988 etiam
1152 1964 1241 1987 cum
1266 1957 1363 1986 esset
1389 1949 1431 1986 in
1458 1948 1885 1996 conclave-nominavit
1909 1962 2012 1994 eum,

310 2013 403 2063 quia
431 2012 683 2061 cognoscebat
710 2026 800 2048 eum
829 2011 930 2061 quod
957 2018 1053 2047 esset
1081 2009 1358 2047 melancolicus
1386 2017 1420 2046 et
1445 2008 1624 2057 furiosus
1653 2008 1776 2046 homo,
1809 2008 2013 2047 Eumdem

310 2072 432 2111 fuisse
460 2071 546 2109 vini
573 2079 802 2110 amatorem
829 2077 1008 2108 testatus
1036 2077 1098 2107 est
1123 2067 1377 2107 Bertrandus
1406 2067 1623 2106 cardinalis
1652 2066 1942 2105 Glandatensis
1959 2066 1975 2089 3
2002 2083 2009 2105 :

316 2133 410 2170 Item
430 2131 530 2169 dizit
549 2132 650 2181 quod
670 2130 731 2168 die
750 2129 1017 2167 coronationis
1038 2129 1107 2166 iste
1126 2127 1346 2166 cardinalis
1366 2136 1399 2165 et
1417 2127 1545 2177 aliqui
1564 2127 1639 2165 alii
1660 2127 1906 2164 intraverunt
1924 2141 2014 2165 eum

312 2192 377 2229 illo
396 2191 439 2228 in
457 2192 628 2241 quadam
646 2204 800 2227 camera
818 2189 887 2226 ubi
905 2197 987 2226 erat
1003 2188 1083 2226 sibi
1100 2196 1288 2238 paratum
1305 2188 1357 2224 ad
1382 2187 1606 2234 bibendum,
1625 2194 1659 2224 et
1677 2187 1778 2236 quod
1797 2186 1866 2224 iste
1886 2186 2013 2224 cardi-

312 2251 417 2288 nalis
442 2250 591 2288 biberat
611 2249 809 2296 similiter,
833 2248 928 2298 quia
949 2256 1060 2285 erant
1082 2247 1219 2297 magni
1242 2247 1400 2293 calores,
1421 2254 1455 2283 et
1477 2246 1577 2296 quod
1597 2246 1748 2284 dixerat
1771 2245 1838 2283 isti
1854 2245 2018 2295 quidam

311 2310 431 2357 alius,
460 2310 605 2347 scilicet
634 2308 819 2346 dominus
848 2309 891 2345 de
920 2307 1140 2345 Britannia
1168 2305 1400 2353 cardinaliS,
1430 2305 1497 2355 qui
1527 2305 1656 2343 noluit
1686 2305 1813 2343 bibere
1842 2305 1912 2343 illa
1939 2305 2016 2352 die,

312 2370 411 2419 quod
428 2377 507 2407 octo
526 2369 679 2406 vicibus
698 2368 859 2406 bibisset
877 2367 940 2404 ille
956 2366 1148 2405 Barensis
1167 2365 1233 2404 illo
1248 2374 1340 2403 tunc
1353 2373 1565 2414 antequam
1579 2364 1729 2402 exirent
1746 2364 1860 2402 illum
1875 2365 2016 2411 locum,

313 2437 345 2466 et
363 2429 463 2478 quod
481 2428 632 2465 dixerat
650 2428 813 2477 quidam
832 2427 1018 2473 medicus,
1039 2426 1106 2476 qui
1125 2434 1206 2463 erat
1223 2425 1449 2475 episcopuS,
1469 2433 1638 2474 tempore
1658 2423 1810 2461 domini
1837 2423 2015 2472 Gregorii

314 2489 414 2538 quod
436 2488 499 2525 ille
521 2487 712 2525 Berensis
734 2488 778 2524 de
800 2486 953 2524 duobus
976 2500 1055 2522 non
1076 2493 1226 2535 poterat
1247 2484 1368 2522 vitare
1390 2498 1531 2531 unum,
1555 2484 1613 2521 vel
1633 2483 1735 2533 quod
1755 2491 1853 2520 esset
1872 2483 2018 2520 stultus

315 2548 357 2584 in
375 2547 497 2600 brevi,
519 2547 576 2584 wel
596 2547 697 2596 quod
717 2546 905 2595 deficeret,
928 2545 1022 2595 quia
1039 2559 1246 2594 nunquam
1261 2543 1436 2581 cessabat
1455 2543 1582 2580 bibere
1596 2551 1630 2580 et
1645 2542 1770 2580 nichil
1783 2542 2015 2580 comedebat.

315 2606 553 2644 Fernandus
578 2605 792 2656 episcopus
818 2604 1079 2654 Legionensis
1104 2604 1145 2641 in
1170 2618 1242 2641 sua
1268 2602 1533 2653 depositione·
1549 2610 1728 2640 testatus
1753 2609 1816 2640 est
1839 2616 1880 2639 se
1904 2601 2017 2651 apud

315 2665 558 2714 Anagniam,
579 2664 649 2702 ubi
669 2673 769 2702 tunc
789 2673 907 2702 erant
928 2663 1167 2710 cardinales,
1189 2662 1394 2700 audivisse
1415 2662 1431 2684 4
1449 2662 1499 2699 ab
1519 2661 1724 2711 aliquibus
1742 2660 2020 2710 familiaribus

315 2725 564 2762 dominorum
584 2723 854 2761 cardinalium
875 2724 999 2760 multa
1020 2723 1135 2760 verba
1158 2722 1364 2759 inhonesta
1385 2729 1419 2758 et
1440 2721 1652 2770 nephanda
1673 2721 1717 2757 de
1737 2720 1838 2757 dicto
1860 2719 2019 2757 domino

316 2799 435 2833 papa,
464 2784 635 2821 vocando
663 2797 751 2820 eum
778 2782 933 2820 ebrium
960 2780 996 2819 et
1017 2782 1188 2831 fatuum.
1220 2782 1401 2818 Fatuum
1428 2780 1552 2829 vulgo
1580 2779 1867 2818 existimatum
1894 2778 2019 2817 fuisse

315 2842 511 2880 evincunt
538 2842 776 2880 testimonia
806 2841 977 2879 „Ioannis
1007 2841 1054 2879 de
1084 2839 1487 2887 Crosso‘cardinalis‚
1519 2838 1675 2877 Nicolai
1704 2837 1907 2888 Mesquini
1935 2852 2018 2876 car·

390 3010 396 3016 .
428 2984 532 3016 Liscz
558 2985 588 3016 lc
617 2985 660 3016 20
685 2984 767 3027 juin
797 2984 854 3026 (N.
883 2983 1022 3023 Valois,
1049 2995 1106 3026 op.
1134 2983 1206 3022 cit.,
1235 2988 1260 3015 t.
1287 2994 1312 3022 1,
1341 2994 1375 3026 p.
1404 2982 1485 3021 175,
1513 2987 1602 3013 note
1628 2980 1678 3024 3).

428 3037 466 3069 13.
499 3037 554 3075 N,
584 3049 648 3070 ms.
677 3037 772 3069 latin
798 3037 929 3076 11745,
955 3036 1018 3069 fol.
1046 3037 1089 3069 37
1118 3040 1168 3069 v0.

428 3089 493 3122 ΜΞ.
527 3090 610 3129 cite,
643 3090 704 3129 fol,
736 3091 780 3123 36
812 3095 861 3123 νο.
1194 3106 1197 3108 ·

392 3168 397 3174 .
430 3142 495 3175 Ms.
529 3143 612 3182 cite,
645 3144 706 3176 fol.
740 3144 808 3176 214
839 3148 889 3176 νο.

364 2984 395 3174 „mo-2
