2083 3458
286 215 367 255 708
639 223 641 226 ’
937 231 1089 257 NOTAE
1124 232 1183 256 AD
1219 231 1346 256 VITAS
1850 214 1994 271 [1895]

286 312 339 349 Et
360 311 436 349 iste
459 311 590 358 testis,
615 326 707 349 cum
729 312 891 350 audiret
914 312 1024 351 dicta
1047 313 1186 361 verba,
1210 313 1436 362 vidensque
1458 313 1741 352 turbationem
1765 313 1920 352 domini
1942 313 2002 352 sui

285 371 516 418 cardinalis,
540 371 770 421 segregavit
793 386 886 410 eum
910 367 1132 420 modicum,
1156 381 1198 411 et
1221 373 1326 410 dixit
1349 372 1426 411 sibi
1450 389 1458 411 :
1485 373 1590 421 Quid
1614 382 1675 411 est
1698 374 1788 421 hoc,
1812 373 2002 412 domine?

285 431 417 478 Quare
442 431 566 468 vultis
591 445 740 481 ponere
765 446 836 469 vos
860 440 902 470 et
924 446 996 470 nos
1023 447 1160 471 omnes
1186 432 1284 470 alios
1309 432 1526 471 servitores
1551 442 1708 471 vestros
1732 433 1775 471 in
1796 432 2002 483 periculo?

285 490 427 528 Melius
450 498 512 528 est
533 498 579 528 ut
602 490 765 528 vadatis
788 491 840 528 ad
862 491 978 541 pejus
1004 492 1228 530 finiendum
1254 492 1363 542 quod
1386 492 1490 530 male
1512 492 1720 543 incepistis
1745 506 1870 543 quam
1892 492 2003 542 quod

284 549 448 600 ponatis
472 564 543 587 vos
568 558 609 588 et
632 564 703 588 nos
728 550 827 588 alios
850 550 892 588 in
914 551 1094 601 periculo
1117 551 1274 590 mortis.
1299 552 1470 599 Tamen,
1495 552 1672 599 domine,
1696 552 1728 590 si
1751 552 1867 590 vobis
1890 552 2002 591 vide-

283 618 364 656 tur,
385 609 596 647 retineatis
618 609 717 647 istos
741 610 949 649 Romanos
972 611 1036 649 hic
1056 620 1097 650 et
1118 611 1278 650 faciatis
1301 611 1454 662 pulsari
1475 625 1720 662 campanam
1741 612 1794 649 ad
1813 611 2002 650 insellan-
2040 628 2045 632 ·

284 669 382 706 dum
401 668 610 716 animalia7
631 677 671 707 et
690 684 764 719 ego
782 669 850 708 ibo
868 670 948 709 isto
968 671 1103 709 medio
1122 671 1174 708 ad
1195 680 1376 709 castrum
1397 671 1536 709 Sancti
1556 671 1699 721 Angeli
1719 671 1770 708 ad
1790 671 2004 709 sciendum
2048 685 2052 689 ⁴

283 728 557 768 intentionem
585 729 855 767 cardinalium
885 730 955 779 qui
981 730 1038 768 ibi
1065 739 1175 769 sunt.
1206 731 1260 769 Et
1288 731 1532 781 placuerunt
1558 731 1637 769 ista
1666 731 1792 769 verba
1821 730 2002 778 domino⁷

283 796 323 826 et
357 788 575 825 mandavit
608 788 685 826 sibi
719 789 829 838 quod
862 789 921 827 ita
955 785 1121 828 faceret.
1159 790 1213 828 Et
1247 804 1338 828 cum
1373 790 1548 828 intraret
1584 799 1779 837 castrum,
1816 790 2004 828 obviavit

282 847 426 885 abbati
456 847 503 886 de
535 848 670 895 Sitria,
702 848 771 898 qui
801 849 1078 888 descendebat
1107 850 1155 888 de
1193 850 1400 900 loquendo
1430 864 1520 888 cum
1560 850 1679 888 dictis
1711 849 2002 896 cardinalibus,

281 915 334 954 et,
364 915 411 945 ut
439 907 645 946 intellexit
672 907 758 958 ipse
787 923 858 958 per
887 909 1017 947 dictos
1049 910 1274 948 cardinales
1314 909 1383 959 qui
1420 918 1538 948 erant
1565 910 1607 947 in
1645 918 1793 957 castro,
1830 917 2003 947 venerat

282 966 415 1005 dictus
436 967 563 1005 abbas
584 967 637 1006 ad
655 967 948 1017 requirendum
968 984 1033 1007 ecs
1054 984 1105 1007 ex
1123 978 1240 1019 parte
1261 969 1361 1007 dicti
1379 969 1675 1019 archiepiscopi
1695 969 1805 1019 quod
1823 969 1931 1007 irent
1949 969 2002 1006 ad

281 1026 484 1076 palatium
504 1027 557 1064 ad
575 1027 913 1065 intronizandum
933 1043 1040 1066 eum.
1063 1029 1117 1066 Et
1137 1029 1325 1079 exposita
1345 1029 1586 1066 ambaxiata
1606 1044 1677 1079 per
1696 1029 1832 1079 ipsum
1850 1036 2002 1067 testem

280 1101 330 1124 ex
356 1094 472 1136 parte
500 1086 656 1125 domini
681 1087 756 1134 sui7
783 1087 905 1126 iidem
934 1088 1159 1127 cardinales
1186 1088 1488 1139 responderunt
1515 1089 1625 1138 quod
1651 1088 1684 1127 si
1710 1088 1844 1127 dictus
1872 1087 2001 1126 cardi-

280 1145 381 1183 nalis
409 1146 603 1184 credebat
629 1161 668 1184 se
694 1161 812 1197 posse
837 1147 893 1185 ire
919 1163 1056 1186 secure
1083 1148 1135 1185 ad
1162 1148 1317 1186 dictum
1345 1148 1548 1198 palatium
1573 1148 1658 1186 sine
1683 1147 1865 1198 periculo
1891 1147 2002 1197 quod

283 1205 460 1243 Romani
482 1205 558 1243 sibi
585 1220 668 1243 non
684 1216 894 1255 necarant,
912 1207 1184 1246 consulebant
1200 1208 1234 1246 ei
1252 1208 1361 1257 quod
1383 1207 1474 1255 iret,
1499 1207 1594 1257 quia
1610 1207 1687 1258 ipsi
1710 1207 1794 1257 jam
1819 1207 2002 1245 fecerant

280 1265 611 1315 procuratorium
631 1265 709 1303 sibi
729 1274 770 1304 et
790 1266 877 1304 aliis
900 1267 1175 1305 cardinalibus
1198 1267 1267 1317 qui
1288 1276 1405 1305 erant
1427 1267 1556 1306 Rome
1576 1267 1618 1305 in
1638 1267 1718 1305 suis
1740 1266 1928 1317 hospitiis
1949 1266 2002 1303 ad

280 1324 645 1363 inthronizandum
673 1325 831 1364 dictum
855 1327 1224 1377 archiepiscopum,
1250 1336 1291 1365 et
1315 1342 1436 1377 super
1460 1327 1536 1366 hoc
1561 1327 1789 1365 mittebant
1812 1326 1865 1364 ad
1889 1326 2001 1376 pala-

284 1384 386 1421 tium
420 1384 657 1435 episcopum
695 1385 985 1425 Sarlatensem.
1024 1387 1128 1425 Item
1164 1387 1358 1425 dixerunt
1393 1386 1493 1425 dicti
1526 1386 1752 1425 cardinales
1786 1386 1855 1424 isti
1887 1385 2000 1432 testi,

280 1452 328 1481 ut
352 1444 430 1482 sibi
454 1444 632 1491 videtur,
661 1445 771 1495 quod
795 1445 881 1495 jam
906 1446 983 1496 ipsi
1008 1446 1135 1485 etiam
1160 1447 1325 1485 fuerant
1350 1446 1537 1496 requisiti
1561 1461 1633 1497 per
1657 1446 1933 1484 bandarenses
1960 1453 2002 1483 et

282 1503 471 1542 officiales
504 1504 727 1552 Romanos,
757 1514 798 1543 et
827 1506 937 1555 quod
966 1506 1125 1544 exirent
1153 1506 1328 1544 libenter
1357 1506 1405 1544 de
1435 1515 1569 1545 castro
1598 1499 1657 1543 ad
1677 1505 1894 1556 palatium,
1924 1503 2001 1542 nisi

281 1563 391 1612 quod
413 1563 666 1602 dubitabant
687 1564 734 1603 de
755 1565 921 1615 populo.
945 1566 999 1603 Et
1020 1565 1125 1603 dixit
1146 1566 1256 1616 quod
1276 1566 1341 1604 hic
1362 1566 1472 1604 dicta
1493 1566 1658 1604 fuerant
1678 1565 1755 1603 sibi
1774 1565 1901 1603 verba
1922 1578 2000 1614 que

281 1636 404 1673 supra
433 1623 540 1660 dixit
569 1624 617 1661 de
646 1624 875 1662 munitione
906 1625 1042 1663 castri.
1074 1626 1128 1663 Et
1157 1633 1249 1664 cum
1279 1625 1390 1664 dicto
1418 1640 1614 1676 responso
1642 1640 1827 1663 reversus
1857 1632 1919 1663 est
1947 1623 2000 1661 ad

281 1682 493 1719 dominum
517 1697 637 1720 suum
659 1683 907 1722 cardinalem
932 1685 980 1723 de
1005 1685 1133 1722 Luna.
1160 1685 1237 1733 Qui
1258 1685 1402 1723 statim
1424 1685 1631 1735 equitavit
1652 1693 1694 1724 et
1714 1684 1792 1722 ivit
1813 1684 1866 1721 ad
1887 1683 2000 1734 pala-

281 1741 400 1788 tium,
427 1742 495 1779 ubi
517 1742 677 1781 invenit
693 1743 850 1781 dictum
866 1744 1220 1794 archiepiscopum
1237 1753 1445 1795 gerentem
1460 1760 1500 1783 se
1515 1744 1601 1794 jam
1616 1759 1689 1795 pro
1704 1744 1847 1791 electo,
1863 1757 1936 1794 pro
1952 1757 1999 1781 eo

281 1801 391 1850 quod
413 1801 520 1839 vidit
540 1802 605 1840 ille
627 1802 743 1840 testis
768 1803 877 1853 quod
893 1804 1143 1853 portabatur
1164 1804 1241 1842 sibi
1258 1804 1439 1845 fimbria:
1458 1805 1567 1855 quod
1584 1819 1666 1842 non
1682 1810 1965 1842 consueverat.
1984 1817 1998 1836 *³

334 1861 465 1899 Testis
489 1861 566 1899 iste
590 1876 672 1899 non
695 1870 756 1900 est
779 1862 1008 1912 singularis.
1035 1863 1246 1901 Habemus
1271 1864 1379 1902 0111111
1403 1864 1542 1911 alium,
1566 1863 1759 1902 videlicet
1780 1862 1999 1909 Buchium,

281 1920 350 1969 qui
376 1920 455 1958 fuit
480 1921 847 1960 comestabularius
873 1931 1058 1973 tempore
1085 1923 1303 1961 conclavis.
1335 1924 1370 1961 Is
1397 1938 1490 1973 ergo
1516 1924 1572 1961 de'
1590 1937 1635 1961 ea
1660 1938 1701 1961 re
1726 1923 1782 1961 sic
1808 1921 1999 1972 deposuit

279 1979 442 2028 juratus
461 1979 476 2002 1
501 1996 508 2018 :
537 1980 634 2018 Item
658 1981 758 2019 dixit
781 1982 883 2031 quod
904 1982 988 2020 alia
1010 1983 1072 2020 die
1095 1983 1246 2020 veneris
1268 1991 1355 2033 post
1376 1983 1522 2032 factam
1545 1982 1767 2020 electionem
1792 1982 1861 2020 iste
1893 1981 2000 2019 testis

282 2038 352 2077 ivit
378 2040 430 2076 ad
456 2040 662 2078 dominum
689 2041 931 2079 cardinalem
959 2042 1002 2079 de
1029 2042 1147 2079 Luna,
1173 2057 1219 2080 ex
1244 2051 1355 2092 parte
1381 2057 1485 2093 pape
1512 2043 1613 2093 quod
1639 2042 1785 2079 veniret
1810 2041 1862 2079 ad
1888 2041 1998 2091 pala-

280 2098 392 2137 tium.
419 2099 469 2137 Et
493 2099 556 2136 ille
580 2100 798 2138 cardinalis
821 2101 1032 2139 excusabat
1053 2116 1093 2139 Se
1117 2102 1160 2139 cle
1193 2102 1393 2140 veniendo.
1423 2103 1535 2139 Tunc
1557 2117 1667 2152 papa
1691 2101 1791 2139 dixit
1815 2100 1881 2138 isti
1914 2099 1999 2137 testi

280 2158 381 2208 quod
405 2158 545 2196 diceret
569 2160 669 2197 dicto
695 2160 892 2198 cardinali
919 2162 1020 2211 quod
1044 2161 1190 2199 veniret
1212 2161 1346 2199 statim
1369 2170 1402 2199 et
1427 2162 1590 2199 erederet
1613 2161 1706 2199 sibi.
1734 2161 1785 2198 Et
1809 2174 1897 2198 cum
1924 2159 2000 2197 ista

280 2217 446 2265 audivit,
484 2226 576 2256 tunc
611 2220 768 2268 paravit
802 2234 841 2257 se
877 2221 928 2257 ad
963 2220 1198 2258 veniendum
1234 2221 1360 2259 dictus
1396 2221 1627 2259 cardinalis.
1669 2221 1782 2259 Idem
1817 2227 1997 2258 testatur

282 2277 408 2316 etiam
428 2278 605 2316 Thomas
627 2279 675 2317 de
696 2279 927 2326 Amanatis,
948 2280 1278 2331 archiepiscopus
1301 2281 1599 2331 Neapolitanus
1620 2280 1634 2302 2
1655 2296 1662 2318 :
1684 2280 1735 2318 Et
1754 2279 1864 2317 valde
1891 2278 1997 2316 tarde

281 2336 385 2374 venit
410 2337 594 2374 dominus
619 2339 662 2375 cle
686 2338 817 2386 Luna,
843 2347 876 2376 et
899 2348 980 2377 erat
1001 2340 1085 2389 jam
1111 2340 1305 2378 meridies.

337 2396 420 2434 Ista
436 2405 544 2435 recte
561 2398 782 2435 cohaerent
798 2412 891 2436 cum
906 2398 951 2436 iis
970 2413 1073 2448 quae
1089 2399 1213 2437 refert
1228 2399 1403 2437 Alvarus
1420 2399 1601 2446 Martini,
1617 2399 1763 2438 missus
1782 2398 1956 2439 Romam
1973 2410 1996 2434 a

282 2456 455 2502 Joanne‚
493 2471 583 2506 rege
623 2457 835 2505 Castellae‚
873 2458 925 2495 ad
962 2458 1251 2508 inquirendam
1287 2458 1508 2497 veritatem
1545 2472 1688 2496 eorum
1726 2471 1829 2507 quae
1866 2455 1995 2495 conti-

281 2523 424 2564 gerant
444 2515 486 2552 in
506 2515 703 2554 electione
726 2517 895 2555 Urbani.
920 2517 1026 2557 Nam
1043 2532 1135 2556 cum
1157 2518 1327 2556 dixisset
1348 2533 1388 2556 se
1410 2532 1500 2556 cum
1523 2517 1632 2556 socio
1652 2517 1772 2555 ivisse
1794 2516 1845 2554 ad
1868 2515 1995 2554 cardi-

282 2574 416 2613 nalem
437 2574 474 2612 S.
497 2575 607 2613 Petri
627 2576 1015 2616 commendaturum
1035 2577 1069 2615 ei
1090 2591 1256 2617 causam
1277 2577 1435 2615 Guterii
1455 2577 1634 2615 Gometii
1653 2575 1833 2627 episcopi
1853 2575 1995 2613 Palen-

281 2633 371 2680 tini,
393 2648 513 2683 quem
534 2634 644 2674 idem
662 2650 733 2673 rex
753 2636 994 2685 postulabat
1014 2636 1223 2686 aggregari
1243 2650 1357 2675 sacro
1378 2636 1646 2675 cardinalium
1669 2635 1849 2685 collegio,
1869 2634 1996 2672 istum

282 2707 377 2730 vero
398 2689 481 2731 'sibi
509 2693 657 2732 dixisse
685 2694 784 2733 istos
813 2695 967 2745 legatos
995 2695 1138 2745 regios,
1168 2710 1343 2745 quorum
1370 2696 1454 2746 ipse
1482 2711 1586 2734 unus
1614 2704 1715 2742 erat,
1744 2695 1886 2734 missos
1915 2707 1997 2731 non

282 2767 365 2789 esse
391 2752 442 2790 ad
467 2767 620 2802 papam
646 2754 875 2801 Urbanum,
901 2755 971 2793 sed
996 2755 1047 2792 ad
1074 2755 1327 2804 &eg-orium,
1353 2755 1537 2805 adeoque
1563 2754 1661 2793 alios
1688 2753 1996 2804 quamprimum

281 2811 521 2859 mittendos,
542 2820 632 2850 tum
653 2827 730 2862 que
750 2827 902 2863 papam
923 2814 1039 2851 facile
1067 2814 1149 2864 regi
1178 2829 1466 2853 concessurum
1494 2814 1797 2865 promotionem
1816 2811 1996 2862 episcopi

284 2870 487 2908 Palentini
518 2871 569 2908 ad
601 2872 917 2920 cardinalatum,
950 2873 1116 2912 demum
1147 2872 1295 2911 addit3
1326 2890 1333 2912 :
1366 2874 1479 2924 Quod
1516 2873 1610 2923 quia
1648 2873 1762 2910 nobis
1793 2871 1997 2910 videbatur

328 3005 359 3038 1.
392 3004 458 3037 Ms.
490 3004 665 3044 cite,¹fol.
697 2978 736 3038 51
768 3011 811 3040 10.

329 3059 358 3091 2.
391 3057 457 3090 Ms.
484 3058 567 3098 cite,
593 3058 654 3091 fol.
680 3060 725 3091 44
749 3064 791 3092 r0.

327 3112 359 3143 3.
391 3110 456 3143 ΜΞ,
479 3111 563 3151 cite,
585 3111 645 3145 fol.
667 3113 735 3146 107
757 3117 806 3145 v0.
