2083 3458
142 170 291 226 [1168]
660 187 876 212 PAPARUM
910 187 1294 213 AVENIONENSIUM
1741 172 1821 214 687

131 268 238 306 viam
260 268 463 315 cessionis,
486 283 611 317 quam
631 277 696 307 tot
716 269 791 307 viri
812 270 1015 320 sapientes
1038 278 1078 308 et
1098 270 1251 308 literati
1271 270 1604 320 approbaverant
1625 279 1826 320 tanquam

132 327 337 366 meliorem
366 336 407 365 et
436 328 682 375 breviorem,
712 329 928 379 praecipue
958 343 1050 367 cum
1079 330 1163 379 ipse
1193 344 1286 367 cum
1315 330 1456 368 ceteris
1486 330 1528 367 in
1557 330 1740 368 conclavi
1768 330 1825 368 ita

127 386 394 436 jurejurando
419 387 663 436 promiserit,
690 396 730 425 et
754 397 901 437 postea
923 388 1073 426 electus
1100 388 1418 427 confirmaverit.
1443 389 1680 427 Orationem
1699 389 1825 428 cardi-

127 446 230 483 nalis
253 445 537 484 Ambianensis
561 447 722 496 excepit
746 447 829 484 dux
852 447 1130 494 Bituricensis,
1154 456 1195 485 et
1218 448 1441 486 cardinales
1466 448 1612 486 debitis
1637 448 1825 486 laudibus

127 513 169 543 et
190 504 327 554 gratiis
348 514 587 555 prosecutus
609 514 684 544 est.
707 506 812 544 Tum
833 506 1042 544 decretum
1063 515 1109 544 ut
1131 506 1193 544 die
1214 507 1333 545 lunae
1354 507 1542 556 sequenti
1561 507 1682 545 iidem
1705 508 1825 546 duces

127 572 169 602 et
198 563 420 602 cardinales
450 564 612 602 adirent
639 564 691 601 ad
719 565 987 603 Benedictum
1017 565 1133 615 eique
1163 565 1215 603 ab
1242 565 1360 604 initio
1388 581 1448 604 res
1478 566 1827 616 quemadmodum

129 631 241 673 gesta
261 632 348 661 erat
367 632 631 673 exponerent.
654 624 730 661 Sed
749 624 790 661 id
811 624 976 673 quidem
995 633 1082 662 tum
1103 625 1347 663 Benedictus
1367 625 1500 664 elusit.
1522 626 1668 664 Postea
1688 634 1828 663 tamen

128 682 192 720 die
221 682 340 732 jovis,
373 691 519 720 octava
549 682 651 731 julii,
683 697 821 721 omnes
851 683 893 720 in
923 698 1082 722 camera
1112 684 1343 733 paramenti
1373 684 1482 722 fuere
1513 698 1604 723 cum
1634 698 1756 734 papa,
1787 692 1828 722 et

131 746 272 780 caus‘as
300 755 483 780 accessus
511 741 573 779 sui
599 741 652 779 ad
678 756 772 781 eum
798 742 983 790 retulere.
1012 743 1081 780 sed
1109 743 1272 781 frustra.
1302 744 1336 781 Is
1360 743 1466 781 enim
1486 743 1617 781 noluit
1634 743 1826 793 amplecti

129 814 221 839 eam
241 800 365 847 viam,
388 801 565 840 multum
589 809 728 839 tamen
750 810 1005 839 contestatus
1028 817 1068 840 se
1092 802 1278 840 omnibus
1302 802 1431 840 modis
1454 802 1765 840 rationabilibus
1788 810 1829 840 et

129 860 310 898 honestis
340 860 535 898 daturum
565 874 731 909 operam
759 869 806 898 ut
835 860 931 898 nnio
963 860 1077 899 fieret
1104 860 1146 898 in
1175 869 1316 899 sancta
1349 861 1526 899 Ecclesia
1559 861 1644 899 Dei.
1679 862 1724 899 In
1753 862 1828 899 hoc

129 933 249 969 porro
276 928 496 966 conventu,
523 927 684 969 praeter
710 928 790 957 tres
818 920 939 958 duces
967 928 1007 957 et
1034 920 1271 967 cardinales,
1299 920 1470 958 aderant
1496 921 1675 970 episcopi
1702 921 1828 958 Silva-

129 978 344 1025 nectensis,
369 978 650 1025 pictaviensis,
674 987 714 1016 et
734 978 1050 1026 Attrebatensis,
1069 987 1109 1016 et
1127 979 1259 1028 plures
1279 988 1504 1029 magnates.
1528 980 1589 1017 Ita
1612 994 1684 1029 ego
1707 979 1828 1029 scrip-

128 1046 219 1076 tum
243 1038 327 1075 vidi
350 1037 391 1075 in
415 1037 543 1075 veteri
568 1038 703 1075 codice
729 1052 801 1076 nis.
828 1038 984 1076 archivi
1006 1038 1103 1087 regii
1128 1038 1360 1076 parisiensis
1380 1038 1407 1076 1.
1428 1052 1431 1055 ·

184 1097 307 1134 Haud
327 1097 385 1134 ita
408 1097 538 1136 multo
560 1105 653 1147 post
674 1097 881 1146 perlatum
901 1105 962 1135 est
983 1097 1035 1134 ad
1056 1111 1191 1146 regem
1213 1098 1323 1146 quod
1345 1097 1558 1135 cardinalis
1582 1097 1827 1136 Ambianen-

128 1155 181 1194 sis
208 1171 289 1193 non
318 1156 485 1194 occultis
514 1156 688 1194 consiliis
716 1170 809 1195 cum
837 1156 1014 1194 Martino
1042 1156 1089 1194 de
1118 1156 1253 1203 Salva,
1281 1156 1484 1194 cardinale
1513 1156 1829 1206 Pampilonensi,

129 1215 296 1254 addicto
324 1215 511 1265 partibus
540 1215 752 1253 Benedicti
781 1215 969 1265 agitabat
997 1223 1043 1252 ut
1072 1215 1295 1253 cardinales
1322 1216 1547 1254 retraheret
1573 1229 1596 1253 a
1625 1215 1829 1253 sententia

131 1288 252 1324 quam
289 1274 392 1312 circa
428 1274 537 1312 viam
573 1274 762 1313 cessionis
796 1282 1083 1324 prompserant
1117 1288 1251 1312 coram
1283 1275 1466 1313 ducibus.
1499 1275 1587 1322 Qua
1621 1275 1669 1312 de
1702 1289 1742 1312 re
1777 1273 1828 1311 ad

128 1334 319 1372 eumdem
345 1333 592 1371 cardinalem
619 1333 877 1383 gravissimas
903 1334 1040 1371 literas
1067 1333 1181 1371 dedit
1205 1333 1313 1371 idem
1338 1348 1420 1372 rex.
1450 1334 1556 1381 Quas
1584 1347 1676 1371 cum
1702 1332 1828 1371 cardi·

132 1393 234 1431 nalis
261 1393 498 1443 accepisset,
527 1393 766 1443 videretque
794 1408 833 1431 se
869 1401 910 1431 et
949 1392 1297 1431 existimationem
1335 1407 1451 1430 suam
1490 1393 1608 1439 laedi,
1650 1392 1829 1430 obtinuit

132 1466 155 1490 a
173 1452 445 1491 cardinalibus
464 1461 511 1490 ut
527 1452 603 1503 ipsi
622 1466 761 1490 omnes
778 1452 898 1491 simul
915 1460 955 1489 et
973 1451 1210 1501 singillatim
1227 1452 1448 1490 scriberent
1465 1452 1517 1489 ad
1534 1465 1667 1501 regem
1685 1451 1829 1489 falsam

134 1511 254 1550 fuisse
274 1526 365 1550 eam
385 1512 552 1558 famam,
573 1520 614 1549 et
635 1511 881 1549 cardinalem
902 1511 1016 1548 illum
1036 1511 1088 1548 ab
1108 1526 1154 1549 eo
1174 1519 1356 1561 tempore
1379 1526 1458 1560 quo
1479 1511 1599 1549 duces
1620 1510 1828 1548 Avenione

133 1571 389 1609 decesserant
413 1585 572 1621 semper
596 1571 791 1609 mansisse
817 1578 1078 1608 constantem
1102 1570 1143 1607 in
1168 1571 1344 1608 tenenda
1372 1570 1436 1608 via
1463 1569 1650 1608 cessionis
1675 1570 1828 1618 absque

132 1631 212 1668 ulla
238 1630 468 1669 mutatione
494 1639 567 1668 aut
592 1630 834 1668 variatione.
862 1630 1012 1667 Eorum
1039 1629 1177 1667 literae
1201 1638 1347 1667 extant
1371 1629 1412 1667 in
1433 1629 1576 1667 eodem
1597 1628 1730 1667 codice
1754 1642 1828 1666 ms.

132 1689 287 1728 archivi
308 1689 405 1739 regii
428 1689 664 1727 Parisiensis
681 1688 708 1727 ².

185 1748 304 1786 Anno
331 1749 664 1796 MCCCXCVIII,
692 1762 820 1798 quum
846 1749 990 1786 Petrus
1017 1748 1065 1786 de
1092 1747 1246 1785 Alliaco
1273 1747 1416 1785 missus
1443 1756 1548 1785 esset
1578 1746 1830 1784 Avenionem

133 1821 156 1846 a
171 1822 261 1858 rege
276 1816 318 1846 et
331 1808 384 1845 ab
401 1808 579 1846 Ecclesia
609 1807 807 1857 gallicana
822 1816 869 1845 ut
882 1807 1153 1845 Benedictum
1167 1821 1327 1844 rursum
1342 1807 1574 1844 hortaretur
1589 1806 1640 1843 ad
1656 1805 1830 1855 amplec-

133 1867 304 1905 tendam
327 1867 438 1904 viam
464 1867 666 1914 cessionis,
692 1875 733 1905 et
757 1866 866 1905 idem
889 1866 1134 1904 Benedictus
1160 1866 1201 1903 in
1226 1866 1537 1915 congregatione
1563 1864 1829 1903 cardinalium

133 1940 225 1965 eum
253 1926 492 1974 audivisset,
519 1940 647 1976 eoque
674 1941 831 1975 egresso
858 1925 1158 1972 consistorium,
1186 1924 1407 1963 cardinales
1436 1924 1705 1962 deliberarent
1732 1923 1828 1973 quid

133 1985 339 2035 agendum
356 1994 474 2033 esset,
496 1985 742 2035 quibusdam
762 1984 1094 2023 existimantibus
1115 1998 1235 2033 grave
1255 1984 1480 2023 admodum
1499 1983 1726 2032 durumque
1745 1996 1829 2020 esse

134 2059 228 2083 eum
250 2045 490 2095 pontificem
514 2045 738 2095 deprimere
763 2058 885 2094 quem
907 2043 983 2094 ipsi
1007 2043 1242 2090 erexissent,
1267 2042 1551 2081 Ambianensis
1576 2041 1680 2079 dixit
1703 2040 1830 2079 videri

134 2104 210 2142 sibi
246 2103 482 2154 impositam
519 2103 685 2154 singulis
723 2103 906 2153 ipsorum
941 2117 1024 2141 esse
1062 2102 1349 2141 necessitatem
1385 2101 1634 2151 obsequendi
1670 2100 1829 2150 regibus

136 2163 329 2201 Franciae
358 2171 398 2201 et
427 2163 667 2201 Germaniae
696 2162 737 2200 in
764 2163 839 2200 hac
867 2162 1039 2200 materia
1068 2161 1349 2207 concordibus,
1378 2174 1470 2200 cum
1497 2173 1637 2198 eorum
1665 2159 1751 2196 vita
1778 2158 1830 2196 ab

135 2222 210 2260 illis
229 2222 443 2272 penderet3
462 2236 558 2260 sane
576 2221 746 2271 transigi
760 2235 844 2259 rem
857 2236 972 2271 posse
989 2221 1144 2267 melius,
1159 2220 1191 2258 si
1206 2220 1311 2258 solus
1328 2235 1398 2257 rex
1413 2218 1652 2257 Germaniae
1670 2225 1830 2267 urgeret

135 2281 247 2320 viam
263 2281 466 2329 cessionis,
487 2281 665 2319 Francus
683 2281 734 2318 ab
752 2294 798 2319 ea
816 2280 1059 2326 abstineret3
1078 2293 1220 2318 verum
1237 2287 1403 2316 tantum
1418 2279 1556 2316 abesse
1572 2286 1618 2315 ut
1639 2277 1702 2315 ille
1720 2276 1831 2314 viam

138 2340 326 2379 cessionis
350 2341 541 2390 reprobet
564 2348 611 2378 ut
634 2339 761 2378 etiam
784 2353 875 2378 eam
897 2339 1084 2389 imperet,
1109 2338 1367 2387 mineturque
1391 2352 1431 2375 se
1455 2336 1758 2387 prohibiturum
1781 2349 1830 2373 ne

137 2399 361 2438 cardinales
384 2400 574 2437 fruantur
593 2399 792 2437 reditibus
814 2411 981 2436 suorum
1002 2397 1306 2443 beneficiorum,
1326 2396 1479 2445 absque
1506 2395 1666 2445 quibus,
1682 2394 1830 2444 inquit,

136 2472 218 2496 non
238 2472 453 2508 possumus
476 2458 625 2496 vivere.
649 2459 754 2496 Tum
775 2457 827 2495 ad
843 2456 1113 2495 Benedictum
1130 2470 1346 2494 conversus
1365 2471 1373 2493 ε
1391 2470 1406 2490 <(
1424 2455 1574 2492 Verum
1591 2462 1665 2500 est,
1683 2452 1832 2502 inquit,

137 2517 369 2555 beatissime
402 2525 533 2567 pater,
568 2516 834 2555 sanctitatem
866 2524 1044 2554 vestram
1079 2529 1101 2552 a
1135 2514 1250 2552 nobis
1284 2514 1456 2552 electam
1489 2521 1529 2551 et
1561 2512 1832 2551 constitutam

137 2576 259 2614 fuisse
281 2576 323 2613 in
345 2576 445 2614 Sede
467 2576 707 2626 apostolica,
729 2576 798 2614 sed
821 2589 866 2613 ea
889 2583 1029 2612 tamen
1050 2573 1282 2612 conditione
1304 2573 1466 2622 adjecta
1488 2580 1534 2609 ut
1556 2571 1698 2610 eadem
1720 2584 1832 2609 sanc-

138 2635 236 2673 titas
259 2643 396 2673 vestra
418 2635 520 2673 serio
542 2635 699 2673 laboret
720 2649 793 2684 pro
815 2633 1102 2672 reformatione
1130 2641 1171 2670 et
1192 2632 1341 2669 unione
1365 2630 1554 2677 Ecclesie,
1577 2630 1696 2668 sicuti
1721 2629 1834 2680 polli-

141 2695 221 2733 cita
250 2702 324 2732 est.
355 2694 549 2731 Vestrum
576 2702 637 2732 est
666 2693 721 2732 sic
750 2692 950 2731 moderari
980 2700 1094 2729 actus
1125 2699 1280 2729 vestros
1309 2698 1356 2727 ut
1384 2690 1436 2727 ad
1464 2689 1690 2727 reddendas
1719 2687 1835 2726 vobis

139 2753 289 2804 gratias
315 2761 540 2791 teneamur.
568 2753 708 2790 Melius
734 2752 842 2790 enim
866 2751 1050 2790 animum
1074 2758 1255 2787 vestrum
1282 2748 1408 2787 nostis
1432 2762 1557 2798 quam
1578 2747 1692 2785 nobis
1712 2755 1832 2785 notus

140 2827 224 2851 esse
254 2811 396 2862 possit.
428 2827 441 2846 >v
474 2812 575 2850 Cum
606 2810 821 2849 cardinalis
852 2809 1137 2849 Ambianensis
1171 2809 1290 2846 finem
1322 2807 1482 2846 dicendi
1512 2807 1684 2854 fecisset,
1717 2806 1837 2845 ceteri

189 2947 221 2980 1.
243 2947 382 2979 Baluze
406 2946 445 2989 (t.
466 2958 517 2985 ιν,
539 2958 573 2990 p.
596 2946 678 2989 400)
703 2951 741 2978 et
759 2946 897 2979 Archiv
920 2945 959 2988 (t.
983 2957 1016 2983 v,
1038 2956 1074 2988 p.
1096 2943 1194 2986 419).

190 3001 221 3033 2.
243 2999 425 3032 Archives
457 2999 676 3032 Nationales
709 2999 759 3041 (J.
783 2998 864 3038 518,
895 2998 956 3031 fol.
981 2999 1049 3030 212
1069 2997 1114 3040 r0)
1139 3002 1177 3030 et
1197 2997 1367 3029 Martene
1393 2995 1653 3040 (Amplissima
1671 2995 1840 3035 collectio,

141 3059 167 3086 t.
197 3065 260 3092 vn,
290 3053 356 3086 col.
387 3052 574 3095 530-548).
