2083 3458
286 242 367 283 760
934 255 1086 280 NOTAE
1121 255 1181 279 AD
1216 255 1344 280 V1TAs
1839 238 1991 295 [1236]

283 340 457 388 electum,
473 339 702 389 jurisdictio
719 348 753 377 et
769 347 939 389 potestas
957 339 1008 376 ad
1025 339 1095 377 hoc
1111 353 1150 376 se
1167 337 1353 387 extendit,
1371 338 1467 388 quia
1484 352 1553 376 nec
1568 352 1614 376 ex
1630 338 1794 388 antiquo
1812 352 1881 376 nec
1898 352 1994 376 novo

281 399 443 446 juribus
461 399 597 437 haberi
616 399 768 436 videtur
786 399 888 448 quod
905 398 1129 436 cardinales
1147 398 1205 436 vel
1222 397 1467 436 camerarius
1484 412 1589 448 pape
1606 398 1748 436 habeat
1769 405 1996 448 potestatem

283 459 530 496 discernendi
556 459 598 495 in
622 472 716 496 casu
742 457 934 496 discordie
959 458 1059 495 inter
1081 458 1305 496 cardinales
1328 458 1373 495 de
1397 458 1594 506 electione,
1616 466 1651 496 et
1674 457 1812 495 minus
1835 457 1878 495 in
1900 471 1996 495 casu

284 518 326 555 in
355 533 428 568 quo
457 518 588 556 electio
617 517 793 567 alicujus
822 532 892 568 per
915 518 1139 555 cardinales
1166 517 1404 556 concorditer
1427 518 1470 555 in
1492 532 1645 568 papam
1665 517 1888 561 *consecrati
1906 525 1994 567 post

282 579 444 627 longum
463 580 617 627 tempus
640 578 682 615 in
703 577 873 615 dubium
892 585 1148 625 revocaretur,
1168 578 1236 615 sed
1255 577 1370 616 babet
1387 578 1517 615 solum
1536 585 1764 627 potestatem
1783 591 1846 614 eos
1869 577 1994 615 inclu-

282 638 400 688 dendi
427 646 460 675 et
486 637 643 675 tenendi
672 637 714 674 in
742 637 933 684 conclavi,
960 637 1081 675 etiam
1108 637 1151 675 in
1178 651 1282 688 pane
1307 645 1343 675 et
1368 652 1486 687 aqua,
1514 638 1633 675 donec
1661 636 1994 675 concordaverint.

284 697 346 734 Ad
368 711 472 747 quae
493 697 550 735 ita
572 697 796 746 respondet
817 697 1096 736 Clementinus
1120 713 1128 735 :
1151 697 1409 735 Camerarius
1429 697 1544 735 habet
1562 711 1607 735 ecc
1625 711 1698 734 suo
1718 696 1843 746 officio
1863 710 1993 747 proce·
2013 715 2015 717 ·

283 749 369 794 dere
388 765 521 795 contra
539 757 764 803 detentores,
785 756 972 794 violentos
991 765 1255 807 occupatores,
1275 765 1308 795 et
1327 765 1581 807 usurpatores
1603 757 1794 794 bonorum
1808 755 1993 794 Ecclesie.

284 816 334 854 Et
358 816 401 853 in
423 816 626 866 proposito
649 830 744 854 casu
766 830 812 854 esc
835 817 972 854 multis
996 831 1067 867 que
1089 825 1367 867 apparuerunt
1400 816 1540 854 babuit
1571 816 1829 854 vehementem
1860 815 1993 866 suspiss

283 875 433 913 cionem
468 876 569 926 quod
602 875 927 926 archiepiscopus
961 876 1156 915 Barensis
1186 884 1269 915 erat
1304 876 1480 926 injustus
1515 877 1686 914 detentor
1719 884 1753 914 et
1787 883 1995 926 occupa-tor

286 936 475 973 bonorum
490 936 681 983 Ecclesie3
699 944 734 974 et
748 936 1010 974 accusabatur
1025 936 1106 974 sibi
1121 951 1242 987 super
1256 936 1338 975 hoc.
1357 936 1486 987 Quare
1503 937 1547 974 de
1562 950 1633 973 suo
1649 936 1774 986 officio
1791 935 1995 973 ordinario

284 995 417 1045 posuit
433 1010 522 1033 eum
539 996 657 1033 citare
675 1010 805 1033 coram
821 1010 861 1032 se
878 996 923 1033 de
939 995 1009 1034 hoc
1025 1010 1324 1047 responsurum,
1343 997 1446 1034 sicut
1462 1004 1496 1033 et
1510 996 1614 1046 fecit,
1634 997 1691 1033 vel
1706 996 1844 1033 saltem
1866 994 1996 1045 potuit

279 1055 419 1103 facere.
446 1055 496 1092 Et
520 1056 614 1105 quia
637 1055 962 1105 archiepiscopus
986 1052 1130 1094 citatus
1149 1056 1322 1106 legitime
1344 1056 1576 1106 contempsit
1599 1056 1743 1103 venire,
1765 1055 1995 1093 examinare

283 1115 410 1164 potuit
429 1123 537 1152 testes
557 1130 675 1165 super
693 1115 943 1153 accusatione
963 1124 996 1153 et
1013 1116 1256 1166 suspicione.
1277 1116 1328 1153 Et
1346 1116 1381 1153 si
1402 1115 1551 1153 inventi
1569 1124 1664 1153 sunt
1682 1124 1793 1153 testes
1811 1114 1995 1164 legitimi,

283 1188 358 1212 non
383 1175 648 1224 repulsibiles,
671 1176 890 1213 secundum
910 1175 1081 1224 formam
1100 1175 1206 1225 juris
1229 1177 1477 1226 deponentes,
1499 1175 1736 1213 sententiare
1758 1175 1887 1225 potuit
1907 1188 1997 1211 eum

285 1233 481 1283 injustum
521 1235 752 1272 detentorem
791 1234 976 1274 Ecclesie.
1018 1236 1084 1273 Ad
1122 1251 1241 1286 quam
1279 1236 1571 1274 conclusionem
1610 1235 1785 1284 legitimo
1812 1247 1996 1285 processu

278 1293 469 1342 judiciali
503 1295 729 1332 conclusam
762 1294 940 1344 sequitur
973 1295 1319 1346 archiepiscopum
1353 1297 1570 1334 Barensem
1604 1309 1683 1332 non
1717 1308 1797 1332 esse
1830 1287 2000 1344 papamJ

286 1353 416 1402 Igitur
439 1354 644 1403 publicata
666 1354 862 1392 sententia
885 1355 1062 1405 predicta
1085 1356 1310 1403 camerarii,
1335 1356 1572 1406 sufficienter
1594 1363 1649 1392 est
1673 1355 1730 1392 vel
1752 1362 1848 1392 esset
1873 1354 1996 1392 decla·

283 1421 413 1450 ratum
430 1422 464 1451 et
481 1428 562 1451 esse
581 1414 731 1452 deberet
748 1414 936 1452 omnibus
957 1414 1071 1452 illum
1090 1429 1169 1453 non
1188 1430 1268 1453 esse
1286 1431 1452 1466 papam,
1472 1424 1550 1453 esto
1568 1416 1687 1453 etiam
1705 1414 1807 1465 quod
1824 1427 1995 1452 camera-

280 1473 369 1509 rius
394 1473 436 1510 in
460 1488 554 1519 casu
579 1473 772 1511 discordie
794 1474 895 1523 facte
920 1474 963 1512 in
987 1474 1169 1512 electione
1193 1490 1239 1513 em
1263 1475 1388 1525 officio
1413 1489 1493 1513 non
1517 1475 1673 1513 haberet
1695 1481 1923 1525 potestatem
1952 1473 1997 1510 de

284 1532 425 1570 directo
445 1541 479 1570 et
497 1533 716 1582 formaliter
734 1534 947 1581 judicandi
967 1543 1002 1572 et
1022 1534 1271 1573 discernendi
1292 1536 1397 1573 hunc
1418 1535 1476 1573 wel
1497 1535 1611 1572 illum
1631 1548 1713 1572 esse
1732 1534 1790 1572 vel
1810 1547 1890 1571 non
1915 1545 1996 1570 esse

281 1606 444 1641 papam.
474 1593 604 1630 Extat
629 1593 671 1630 in
696 1593 834 1632 codice
859 1593 938 1631 843
962 1594 1104 1633 Sancti
1130 1595 1305 1633 Victoris
1334 1591 1586 1642 parisiensis,
1613 1603 1654 1633 et
1688 1593 1729 1631 in
1754 1593 1893 1632 codice
1918 1591 1997 1631 811

282 1650 556 1690 bibliothecae
576 1653 835 1691 Colbertinae
853 1652 880 1691 1.

338 1711 380 1749 P.
405 1711 495 1759 470,
519 1712 585 1761 lig.
612 1712 673 1751 29.
701 1713 855 1750 OMNES
881 1713 1007 1751 etiam
1035 1714 1143 1761 Itali,
1168 1714 1238 1764 qui
1262 1713 1483 1753 Clementis
1517 1713 1760 1753 electionem
1792 1712 1995 1763 approba-

282 1779 380 1808 runt
399 1770 428 1817 ²,
444 1779 491 1809 ut
505 1771 672 1821 ipsimet
688 1773 800 1822 apud
815 1772 1033 1820 Bzovium,
1049 1788 1116 1813 an.
1135 1774 1252 1821 1378,
1275 1775 1291 1823 ἓ
1309 1774 1373 1822 18,
1388 1782 1600 1813 testantur
1614 1773 1656 1811 in
1673 1773 1781 1811 calce
1797 1771 1996 1823 epistolae

283 1829 459 1880 scriptae
482 1831 535 1868 ad
561 1832 791 1879 Urbanum,
814 1832 886 1869 ubi
908 1832 986 1870 ista
1011 1833 1205 1882 leguntur
1228 1834 1276 1872 de
1300 1834 1498 1872 electione
1523 1832 1744 1872 Clementis
1770 1848 1777 1871 :
1802 1831 1881 1870 Cui
1903 1831 1994 1868 elec-

283 1889 383 1927 tioni
402 1904 471 1939 per
491 1905 561 1927 nos
582 1905 661 1928 non
680 1891 807 1929 esctitit
826 1893 1125 1932 contradictum.
1148 1893 1419 1942 Cognovimus
1438 1893 1545 1931 enim
1565 1901 1599 1931 et
1618 1892 1891 1943 reputavimus
1909 1890 1995 1940 ejus

280 1949 505 1987 electionem
532 1965 613 1987 esse
640 1952 893 1998 canonicam3
923 1952 1016 1990 vide
1045 1967 1167 2003 supra
1197 1968 1235 2004 p.
1268 1953 1369 1991 1098
1397 1961 1597 1991 extrema.

338 2009 379 2046 P.
411 2009 502 2056 470,
531 2009 598 2059 lig.
629 2010 691 2049 30.
726 2011 822 2049 UNo
855 2026 1065 2060 EXCEPTO,
1098 2012 1314 2051 Francisco
1345 2013 1393 2051 de
1424 2010 1758 2059 Thebaldeschis,
1788 2009 1994 2049 cardinale

282 2067 423 2105 Sancti
444 2069 568 2117 Petri,
590 2070 660 2120 qui
679 2071 803 2120 paulo
824 2079 920 2109 ante
942 2071 1163 2111 Clementis
1183 2072 1427 2111 electionem
1446 2072 1566 2111 rebus
1586 2070 1778 2110 humanis
1799 2068 1995 2115 excessit3

283 2127 375 2165 vide
403 2142 540 2178 supra,
567 2144 607 2179 p.
638 2129 751 2168 1034.
921 2122 925 2129 “

337 2187 379 2224 P.
407 2188 497 2235 471,
523 2188 589 2238 lig.
619 2189 653 2227 1.
683 2190 953 2228 ELEGERUNT
980 2191 1113 2229 CLEM.
1143 2192 1287 2229 Modus
1315 2191 1525 2230 electionis
1552 2191 1639 2240 ejus
1666 2190 1721 2228 sic
1748 2188 1995 2227 describitur

280 2245 321 2282 in
342 2246 598 2296 depositione
620 2249 731 2286 Petri
752 2249 800 2287 de
823 2250 981 2297 Crosso,
1002 2250 1300 2302 archiepiscopi
1328 2260 1419 2290 tum
1441 2250 1697 2302 Arelatensis
1712 2258 1753 2287 et
1782 2246 1995 2287 camerarii

277 2319 408 2355 papae
430 2306 445 2328 3
468 2323 475 2344 ε
504 2308 601 2345 Item
623 2309 724 2357 quod
745 2317 820 2346 tres
841 2310 1066 2347 cardinales
1094 2310 1241 2348 Ytalici
1263 2319 1508 2348 accesserunt
1528 2310 1580 2348 ad
1600 2310 1737 2347 villam
1758 2309 1996 2346 Fundorum

279 2378 398 2413 super
424 2374 590 2405 tractatu
615 2368 829 2415 electionis,
857 2377 891 2406 et
917 2369 1082 2418 quilibet
1108 2370 1288 2420 ipsorum
1314 2370 1565 2420 presumebat
1591 2370 1693 2419 quod
1717 2368 1924 2418 eligeretur
1951 2365 1994 2403 in

281 2438 442 2473 papam.
465 2425 516 2463 Et
534 2441 624 2464 cum
643 2442 724 2465 una
745 2428 807 2465 (lie
826 2442 959 2465 omnes
979 2428 1203 2467 cardinales
1222 2438 1257 2467 et
1277 2430 1338 2466 illi
1364 2438 1438 2467 tres
1464 2429 1612 2467 Ytalici
1635 2428 1827 2466 intrarent
1845 2425 1993 2464 consis-

280 2483 438 2530 torium,
461 2485 530 2522 iste
550 2487 794 2524 camerarius
813 2487 1054 2526 custodiebat
1073 2496 1241 2538 portam.
1264 2489 1315 2526 Et
1334 2498 1426 2526 tunc
1446 2488 1548 2527 dixit
1567 2488 1753 2526 dominus
1774 2484 1994 2525 cardinalis

281 2542 570 2581 Lemovicensis
587 2546 746 2583 domino
765 2547 963 2584 cardinali
981 2548 1213 2586 Florentino
1231 2550 1332 2598 quod
1351 2548 1541 2598 inciperet
1556 2547 1882 2598 propositionem,
1899 2543 1994 2595 quia

331 2661 361 2693 1.
395 2661 431 2693 Β.
456 2663 513 2699 N..
533 2675 599 2697 ms.
620 2665 733 2697 latins
754 2665 882 2705 14644,
904 2667 965 2699 fol.
990 2668 1055 2699 142
1075 2673 1108 2700 r0
1125 2674 1163 2700 et
1183 2667 1288 2706 1463,
1309 2669 1372 2701 fol.
1393 2669 1438 2701 74
1456 2669 1553 2701 r0-85
1575 2673 1625 2700 v0.
1647 2666 1864 2709 L'Epistola
1881 2665 1995 2697 Pacis

284 2713 325 2743 ds»
352 2714 467 2747 chri
491 2717 534 2749 de
560 2718 815 2760 Langcnstein
837 2731 857 2751 a
880 2722 938 2753 ete
962 2721 1075 2753 ecrite
1099 2727 1204 2753 entre
1229 2722 1259 2754 le
1284 2723 1302 2754 7
1327 2728 1365 2754 et
1388 2722 1419 2754 le
1444 2722 1488 2754 24
1511 2721 1587 2753 mai
1612 2721 1703 2754 1379
1731 2718 1885 2763 (Valois‚
1918 2724 1945 2751 t.
1969 2729 1995 2757 1,

284 2778 314 2808 p.
339 2768 435 2809 1324).
464 2768 538 2801 Ello
561 2782 580 2802 a
603 2773 660 2804 ete
683 2773 831 2815 publii-³0
853 2773 1233 2816 fragmentairement
1255 2787 1322 2818 par
1345 2775 1404 2807 Du
1425 2775 1584 2818 Boulay‚
1608 2774 1779 2807 Historia
1804 2771 1994 2806 Universi-

282 2820 365 2851 lulis
392 2821 631 2861 parisiensis,
661 2832 686 2857 t.
715 2838 764 2864 iv,
793 2838 827 2868 p.
857 2827 1016 2860 574-578
1043 2833 1081 2860 et
1107 2828 1357 2860 entierement
1386 2829 1406 2860 a
1436 2828 1667 2866 Helmstadt,
1696 2838 1742 2859 en
1769 2824 1991 2858 ‘1778—1779.

283 2873 351 2903 5111·
366 2873 414 2904 lm·
430 2887 527 2910 mss..
548 2877 625 2918 voii·
644 2878 685 2910 Α.
704 2878 830 2911 Knecr
846 2880 927 2922 (Die
946 2881 1177 2923 Entstelzung
1190 2882 1249 2914 der
1268 2882 1512 2914 Ix'onziliaren
1534 2881 1684 2913 Theorie
1701 2891 1765 2912 zur
1789 2878 1995 2912 Geschichte

283 2926 350 3009 flesl
370 2928 566 2997 ῥ’)(ςΙιιᾏκ-ιηαε,
604 2931 730 2970 Home,
763 2933 868 2972 1893,
901 2945 934 2976 p.
968 2935 1024 2977 65)
1058 2940 1096 2966 ct
1126 2934 1494 2967 Denisse-Cl‘iatelain
1536 2934 1838 2977 (Clearcularimm
1883 2937 1909 2964 t.
1939 2943 1991 2970 111,

283 2989 313 3008 n.
362 2981 456 3021 529),

334 3033 361 3062 ζ’,
401 3033 442 3063 11.»Υ
469 3039 746 3077 ιψριὉιινὲ-Γνιι1
776 3039 1011 3077 tacitcnicnt,
1039 3052 1100 3073 car
1123 3041 1166 3073 ils
1191 3053 1234 3073 nc
1262 3044 1436 3073 veterent
1461 3052 1526 3084 pas
1556 3040 1708 3083 (Valois,
1733 3051 1790 3083 op.
1817 3040 1889 3078 cit„
1916 3045 1942 3071 t.
1968 3050 1994 3078 1,

299 3097 314 3113 ι,
349 3085 392 3113 (Ἣ)
414 3112 419 3117 .

283 3097 291 3123 l
332 3140 361 3168 35.
396 3089 431 3169 lt.
462 3139 516 3173 N„
544 3153 607 3173 ¹115.
634 3143 727 3174 latin
753 3144 882 3183 11745,
908 3145 969 3178 sol.
995 3147 1038 3179 63
1064 3151 1113 3180 VO.
