<?xml version="1.0" encoding="UTF-8"?>
<!DOCTYPE html PUBLIC "-//W3C//DTD XHTML 1.0 Transitional//EN"
    "http://www.w3.org/TR/xhtml1/DTD/xhtml1-transitional.dtd">
<html xmlns="http://www.w3.org/1999/xhtml" xml:lang="en" lang="en">
 <head>
  <title>
</title>
<meta http-equiv="Content-Type" content="text/html;charset=utf-8" />
  <meta name='ocr-system' content='tesseract 3.04.00' />
  <meta name='ocr-capabilities' content='ocr_page ocr_carea ocr_par ocr_line ocrx_word'/>
</head>
<body>
  <div class='ocr_page' id='page_1' title='image "./vitaepaparumaven02balu_0600.png"; bbox 0 0 2083 3458; ppageno 0'>
   <div class='ocr_carea' id='block_1_1' title="bbox 250 196 1960 252">
    <p class='ocr_par' dir='ltr' id='par_1_1' title="bbox 250 196 1960 252">
     <span class='ocr_line' id='line_1_1' title="bbox 250 196 1960 252; baseline 0 -16"><span class='ocrx_word' id='word_1_1' title='bbox 250 197 330 237; x_wconf 69' lang='lat'>:390</span> <span class='ocrx_word' id='word_1_2' title='bbox 896 213 1047 238; x_wconf 68' lang='lat' dir='ltr'><strong>NOTAE</strong></span> <span class='ocrx_word' id='word_1_3' title='bbox 1082 213 1141 237; x_wconf 88' lang='lat' dir='ltr'>AD</span> <span class='ocrx_word' id='word_1_4' title='bbox 1177 213 1303 238; x_wconf 77' lang='lat' dir='ltr'>VITAs</span> <span class='ocrx_word' id='word_1_5' title='bbox 1808 196 1960 252; x_wconf 74' lang='grc'>[1446]</span> 
     </span>
    </p>
   </div>
   <div class='ocr_carea' id='block_1_2' title="bbox 248 285 2032 348">
    <p class='ocr_par' dir='ltr' id='par_1_2' title="bbox 248 285 2032 348">
     <span class='ocr_line' id='line_1_2' title="bbox 248 285 2032 348; baseline 0.001 -14"><span class='ocrx_word' id='word_1_6' title='bbox 248 297 598 335; x_wconf 72' lang='lat' dir='ltr'>MCCCLXXXII</span> <span class='ocrx_word' id='word_1_7' title='bbox 623 306 664 335; x_wconf 80' lang='lat' dir='ltr'>et</span> <span class='ocrx_word' id='word_1_8' title='bbox 690 298 887 335; x_wconf 84' lang='lat' dir='ltr'>decennio</span> <span class='ocrx_word' id='word_1_9' title='bbox 912 306 1020 348; x_wconf 83' lang='lat' dir='ltr'>post,</span> <span class='ocrx_word' id='word_1_10' title='bbox 1046 306 1093 335; x_wconf 89' lang='lat' dir='ltr'>ut</span> <span class='ocrx_word' id='word_1_11' title='bbox 1118 297 1297 345; x_wconf 84' lang='lat' dir='ltr'>videtur,</span> <span class='ocrx_word' id='word_1_12' title='bbox 1323 298 1533 336; x_wconf 88' lang='lat' dir='ltr'>extinctus</span> <span class='ocrx_word' id='word_1_13' title='bbox 1558 306 1632 336; x_wconf 86' lang='lat' dir='ltr'>est.</span> <span class='ocrx_word' id='word_1_14' title='bbox 1661 297 1826 336; x_wconf 82' lang='lat' dir='ltr'>Etenim</span> <span class='ocrx_word' id='word_1_15' title='bbox 1853 311 1962 335; x_wconf 86' lang='lat' dir='ltr'>anno</span> <span class='ocrx_word' id='word_1_16' title='bbox 2022 285 2032 347; x_wconf 48' lang='lat' dir='ltr'><strong><em>f</em></strong></span> 
     </span>
    </p>
   </div>
   <div class='ocr_carea' id='block_1_3' title="bbox 245 356 2015 3131">
    <p class='ocr_par' dir='ltr' id='par_1_3' title="bbox 245 356 2015 3131">
     <span class='ocr_line' id='line_1_3' title="bbox 248 356 1959 407; baseline 0.001 -14"><span class='ocrx_word' id='word_1_17' title='bbox 248 356 507 393; x_wconf 71' lang='lat' dir='ltr'>MCCCXCH</span> <span class='ocrx_word' id='word_1_18' title='bbox 531 364 690 394; x_wconf 84' lang='lat' dir='ltr'>tutores</span> <span class='ocrx_word' id='word_1_19' title='bbox 714 356 802 394; x_wconf 88' lang='lat' dir='ltr'>dati</span> <span class='ocrx_word' id='word_1_20' title='bbox 825 365 924 394; x_wconf 86' lang='lat' dir='ltr'>sunt</span> <span class='ocrx_word' id='word_1_21' title='bbox 947 357 1201 406; x_wconf 75' lang='lat' dir='ltr'>Raymundo</span> <span class='ocrx_word' id='word_1_22' title='bbox 1223 364 1265 395; x_wconf 85' lang='lat' dir='ltr'>et</span> <span class='ocrx_word' id='word_1_23' title='bbox 1288 357 1411 394; x_wconf 91' lang='lat' dir='ltr'>Petro</span> <span class='ocrx_word' id='word_1_24' title='bbox 1436 356 1528 395; x_wconf 82' lang='lat' dir='ltr'>filiis</span> <span class='ocrx_word' id='word_1_25' title='bbox 1551 357 1639 407; x_wconf 85' lang='lat' dir='ltr'>ejus</span> <span class='ocrx_word' id='word_1_26' title='bbox 1661 356 1959 406; x_wconf 85' lang='lat' dir='ltr'>impuberibus.</span> 
     </span>
     <span class='ocr_line' id='line_1_4' title="bbox 247 407 2015 464; baseline -0.001 -11"><span class='ocrx_word' id='word_1_27' title='bbox 247 416 436 453; x_wconf 84' lang='lat' dir='ltr'>Ceterum</span> <span class='ocrx_word' id='word_1_28' title='bbox 460 416 650 464; x_wconf 83' lang='lat' dir='ltr'>quamvis</span> <span class='ocrx_word' id='word_1_29' title='bbox 672 416 729 453; x_wconf 91' lang='lat' dir='ltr'>illi</span> <span class='ocrx_word' id='word_1_30' title='bbox 751 416 825 453; x_wconf 90' lang='lat' dir='ltr'>soli</span> <span class='ocrx_word' id='word_1_31' title='bbox 845 416 1114 454; x_wconf 78' lang='lat' dir='ltr'>nominentur</span> <span class='ocrx_word' id='word_1_32' title='bbox 1134 416 1175 453; x_wconf 95' lang='lat' dir='ltr'>in</span> <span class='ocrx_word' id='word_1_33' title='bbox 1195 416 1299 454; x_wconf 84' lang='lat' dir='ltr'>actis</span> <span class='ocrx_word' id='word_1_34' title='bbox 1321 415 1369 454; x_wconf 88' lang='lat' dir='ltr'>de</span> <span class='ocrx_word' id='word_1_35' title='bbox 1389 416 1524 454; x_wconf 89' lang='lat' dir='ltr'>tutela</span> <span class='ocrx_word' id='word_1_36' title='bbox 1544 430 1699 464; x_wconf 84' lang='lat' dir='ltr'>eorum,</span> <span class='ocrx_word' id='word_1_37' title='bbox 1721 423 1881 454; x_wconf 85' lang='lat' dir='ltr'>certum</span> <span class='ocrx_word' id='word_1_38' title='bbox 1901 423 1963 454; x_wconf 86' lang='lat' dir='ltr'>est</span> <span class='ocrx_word' id='word_1_39' title='bbox 2010 407 2015 462; x_wconf 60' lang='lat' dir='ltr'>j*</span> 
     </span>
     <span class='ocr_line' id='line_1_5' title="bbox 246 472 2009 524; baseline 0.001 -13"><span class='ocrx_word' id='word_1_40' title='bbox 246 483 387 512; x_wconf 88' lang='lat' dir='ltr'>tamen</span> <span class='ocrx_word' id='word_1_41' title='bbox 414 474 587 512; x_wconf 85' lang='lat' dir='ltr'>Joannis</span> <span class='ocrx_word' id='word_1_42' title='bbox 617 474 720 512; x_wconf 85' lang='lat' dir='ltr'>filias</span> <span class='ocrx_word' id='word_1_43' title='bbox 748 483 789 513; x_wconf 87' lang='lat' dir='ltr'>et</span> <span class='ocrx_word' id='word_1_44' title='bbox 816 474 1058 524; x_wconf 86' lang='lat' dir='ltr'>Raymundi</span> <span class='ocrx_word' id='word_1_45' title='bbox 1084 489 1131 513; x_wconf 90' lang='lat' dir='ltr'>ac</span> <span class='ocrx_word' id='word_1_46' title='bbox 1158 475 1269 513; x_wconf 90' lang='lat' dir='ltr'>Petri</span> <span class='ocrx_word' id='word_1_47' title='bbox 1295 489 1452 513; x_wconf 88' lang='lat' dir='ltr'>sorores</span> <span class='ocrx_word' id='word_1_48' title='bbox 1480 475 1604 513; x_wconf 87' lang='lat' dir='ltr'>fuisse</span> <span class='ocrx_word' id='word_1_49' title='bbox 1631 476 1839 513; x_wconf 81' lang='lat' dir='ltr'>Joannam</span> <span class='ocrx_word' id='word_1_50' title='bbox 1865 483 1962 513; x_wconf 89' lang='lat' dir='ltr'>ante</span> <span class='ocrx_word' id='word_1_51' title='bbox 2008 472 2009 502; x_wconf 55' lang='lat' dir='ltr'>l</span> 
     </span>
     <span class='ocr_line' id='line_1_6' title="bbox 246 533 1962 584; baseline 0 -13"><span class='ocrx_word' id='word_1_52' title='bbox 246 547 400 571; x_wconf 87' lang='lat' dir='ltr'>annum</span> <span class='ocrx_word' id='word_1_53' title='bbox 445 533 706 571; x_wconf 79' lang='lat' dir='ltr'>MCCCXCII</span> <span class='ocrx_word' id='word_1_54' title='bbox 747 542 923 584; x_wconf 79' lang='lat' dir='ltr'>nuptam</span> <span class='ocrx_word' id='word_1_55' title='bbox 968 534 1188 573; x_wconf 91' lang='lat' dir='ltr'>Guillelmo</span> <span class='ocrx_word' id='word_1_56' title='bbox 1225 534 1273 572; x_wconf 89' lang='lat' dir='ltr'>de</span> <span class='ocrx_word' id='word_1_57' title='bbox 1311 534 1497 572; x_wconf 86' lang='lat' dir='ltr'>Favariis</span> <span class='ocrx_word' id='word_1_58' title='bbox 1543 534 1639 582; x_wconf 84' lang='lat' dir='ltr'>filio,</span> <span class='ocrx_word' id='word_1_59' title='bbox 1686 542 1734 572; x_wconf 90' lang='lat' dir='ltr'>ut</span> <span class='ocrx_word' id='word_1_60' title='bbox 1769 534 1962 581; x_wconf 68' lang='lat' dir='ltr'>arbitror,</span> 
     </span>
     <span class='ocr_line' id='line_1_7' title="bbox 245 592 1964 644; baseline 0.001 -14"><span class='ocrx_word' id='word_1_61' title='bbox 245 592 465 631; x_wconf 83' lang='lat' dir='ltr'>Bertrandi</span> <span class='ocrx_word' id='word_1_62' title='bbox 499 592 548 631; x_wconf 87' lang='lat' dir='ltr'>de</span> <span class='ocrx_word' id='word_1_63' title='bbox 589 592 743 631; x_wconf 88' lang='lat' dir='ltr'>Favars</span> <span class='ocrx_word' id='word_1_64' title='bbox 777 602 818 631; x_wconf 88' lang='lat' dir='ltr'>et</span> <span class='ocrx_word' id='word_1_65' title='bbox 858 593 1054 632; x_wconf 89' lang='lat' dir='ltr'>Galienae</span> <span class='ocrx_word' id='word_1_66' title='bbox 1089 593 1137 632; x_wconf 90' lang='lat' dir='ltr'>de</span> <span class='ocrx_word' id='word_1_67' title='bbox 1171 594 1377 641; x_wconf 87' lang='lat' dir='ltr'>Chanaco,</span> <span class='ocrx_word' id='word_1_68' title='bbox 1413 593 1603 633; x_wconf 90' lang='lat' dir='ltr'>Helidem</span> <span class='ocrx_word' id='word_1_69' title='bbox 1636 601 1814 644; x_wconf 89' lang='lat' dir='ltr'>nuptam</span> <span class='ocrx_word' id='word_1_70' title='bbox 1854 607 1964 631; x_wconf 89' lang='lat' dir='ltr'>anno</span> 
     </span>
     <span class='ocr_line' id='line_1_8' title="bbox 248 651 1964 703; baseline 0.001 -15"><span class='ocrx_word' id='word_1_71' title='bbox 248 651 524 689; x_wconf 71' lang='lat' dir='ltr'>MCCCXCIV</span> <span class='ocrx_word' id='word_1_72' title='bbox 560 652 711 689; x_wconf 89' lang='lat' dir='ltr'>Joanni</span> <span class='ocrx_word' id='word_1_73' title='bbox 747 653 796 691; x_wconf 89' lang='lat' dir='ltr'>de</span> <span class='ocrx_word' id='word_1_74' title='bbox 831 653 1125 703; x_wconf 85' lang='lat' dir='ltr'>Pompadorio,</span> <span class='ocrx_word' id='word_1_75' title='bbox 1161 661 1202 691; x_wconf 90' lang='lat' dir='ltr'>et</span> <span class='ocrx_word' id='word_1_76' title='bbox 1236 652 1479 700; x_wconf 79' lang='lat' dir='ltr'>Antoniam,</span> <span class='ocrx_word' id='word_1_77' title='bbox 1514 667 1640 703; x_wconf 88' lang='lat' dir='ltr'>quam</span> <span class='ocrx_word' id='word_1_78' title='bbox 1674 652 1832 702; x_wconf 80' lang='lat' dir='ltr'>reperio</span> <span class='ocrx_word' id='word_1_79' title='bbox 1867 660 1964 690; x_wconf 89' lang='lat' dir='ltr'>ante</span> 
     </span>
     <span class='ocr_line' id='line_1_9' title="bbox 245 711 1965 763; baseline 0.001 -14"><span class='ocrx_word' id='word_1_80' title='bbox 245 724 402 749; x_wconf 84' lang='lat' dir='ltr'>annum</span> <span class='ocrx_word' id='word_1_81' title='bbox 422 711 557 749; x_wconf 89' lang='lat' dir='ltr'>MCCC</span> <span class='ocrx_word' id='word_1_82' title='bbox 567 711 720 749; x_wconf 81' lang='lat' dir='ltr'>XCVII</span> <span class='ocrx_word' id='word_1_83' title='bbox 743 712 866 750; x_wconf 88' lang='lat' dir='ltr'>fuisse</span> <span class='ocrx_word' id='word_1_84' title='bbox 885 714 1058 750; x_wconf 83' lang='lat' dir='ltr'>uxorem</span> <span class='ocrx_word' id='word_1_85' title='bbox 1079 712 1266 763; x_wconf 79' lang='lat' dir='ltr'>Hugonis</span> <span class='ocrx_word' id='word_1_86' title='bbox 1288 711 1495 762; x_wconf 81' lang='lat' dir='ltr'>Peregrini</span> <span class='ocrx_word' id='word_1_87' title='bbox 1515 712 1720 750; x_wconf 86' lang='lat' dir='ltr'>domicelli</span> <span class='ocrx_word' id='word_1_88' title='bbox 1739 711 1896 749; x_wconf 89' lang='lat' dir='ltr'>domini</span> <span class='ocrx_word' id='word_1_89' title='bbox 1916 711 1965 750; x_wconf 88' lang='lat' dir='ltr'>de</span> 
     </span>
     <span class='ocr_line' id='line_1_10' title="bbox 246 770 2015 821; baseline 0.001 -14"><span class='ocrx_word' id='word_1_90' title='bbox 246 771 401 809; x_wconf 87' lang='lat' dir='ltr'>Vicano</span> <span class='ocrx_word' id='word_1_91' title='bbox 432 770 543 820; x_wconf 85' lang='lat' dir='ltr'>apud</span> <span class='ocrx_word' id='word_1_92' title='bbox 575 771 794 810; x_wconf 79' lang='lat' dir='ltr'>Cadurcos.</span> <span class='ocrx_word' id='word_1_93' title='bbox 830 771 1106 821; x_wconf 78' lang='lat' dir='ltr'>Raymundus</span> <span class='ocrx_word' id='word_1_94' title='bbox 1137 771 1305 810; x_wconf 89' lang='lat' dir='ltr'>videtur</span> <span class='ocrx_word' id='word_1_95' title='bbox 1337 771 1638 821; x_wconf 83' lang='lat' dir='ltr'>aliquantisper</span> <span class='ocrx_word' id='word_1_96' title='bbox 1669 771 1882 809; x_wconf 79' lang='lat' dir='ltr'>dubitasse</span> <span class='ocrx_word' id='word_1_97' title='bbox 1913 784 1966 808; x_wconf 88' lang='lat' dir='ltr'>an</span> <span class='ocrx_word' id='word_1_98' title='bbox 2013 785 2015 807; x_wconf 63' lang='lat' dir='ltr'>l</span> 
     </span>
     <span class='ocr_line' id='line_1_11' title="bbox 245 830 1965 880; baseline -0.001 -12"><span class='ocrx_word' id='word_1_99' title='bbox 245 830 417 868; x_wconf 86' lang='lat' dir='ltr'>seculari</span> <span class='ocrx_word' id='word_1_100' title='bbox 449 830 621 868; x_wconf 88' lang='lat' dir='ltr'>militiae</span> <span class='ocrx_word' id='word_1_101' title='bbox 653 845 738 868; x_wconf 86' lang='lat' dir='ltr'>sese</span> <span class='ocrx_word' id='word_1_102' title='bbox 763 831 987 879; x_wconf 83' lang='lat' dir='ltr'>addiceret,</span> <span class='ocrx_word' id='word_1_103' title='bbox 1020 845 1073 869; x_wconf 88' lang='lat' dir='ltr'>an</span> <span class='ocrx_word' id='word_1_104' title='bbox 1104 845 1202 870; x_wconf 89' lang='lat' dir='ltr'>Vero</span> <span class='ocrx_word' id='word_1_105' title='bbox 1242 831 1444 869; x_wconf 69' lang='lat' dir='ltr'>clericali.⁴</span> <span class='ocrx_word' id='word_1_106' title='bbox 1477 831 1522 868; x_wconf 93' lang='lat' dir='ltr'>In</span> <span class='ocrx_word' id='word_1_107' title='bbox 1559 830 1672 868; x_wconf 71' lang='lat' dir='ltr'>Actis</span> <span class='ocrx_word' id='word_1_108' title='bbox 1704 830 1856 880; x_wconf 86' lang='lat' dir='ltr'>quippe</span> <span class='ocrx_word' id='word_1_109' title='bbox 1889 831 1965 868; x_wconf 90' lang='lat' dir='ltr'>cel-</span> 
     </span>
     <span class='ocr_line' id='line_1_12' title="bbox 246 889 1967 940; baseline 0.001 -14"><span class='ocrx_word' id='word_1_110' title='bbox 246 889 446 928; x_wconf 90' lang='lat' dir='ltr'>berrimae</span> <span class='ocrx_word' id='word_1_111' title='bbox 474 889 581 928; x_wconf 86' lang='lat' dir='ltr'>illius</span> <span class='ocrx_word' id='word_1_112' title='bbox 612 890 942 940; x_wconf 74' lang='lat' dir='ltr'>congregationis</span> <span class='ocrx_word' id='word_1_113' title='bbox 973 890 1179 928; x_wconf 84' lang='lat' dir='ltr'>Ecclesiae</span> <span class='ocrx_word' id='word_1_114' title='bbox 1218 890 1455 928; x_wconf 85' lang='lat' dir='ltr'>Gallicanae</span> <span class='ocrx_word' id='word_1_115' title='bbox 1492 890 1627 928; x_wconf 88' lang='lat' dir='ltr'>factae</span> <span class='ocrx_word' id='word_1_116' title='bbox 1667 890 1831 928; x_wconf 83' lang='lat' dir='ltr'>Parisiis</span> <span class='ocrx_word' id='word_1_117' title='bbox 1857 903 1967 927; x_wconf 89' lang='lat' dir='ltr'>anno</span> 
     </span>
     <span class='ocr_line' id='line_1_13' title="bbox 248 948 1965 999; baseline 0.001 -14"><span class='ocrx_word' id='word_1_118' title='bbox 248 948 570 987; x_wconf 84' lang='lat' dir='ltr'>MCCCXCVIII</span> <span class='ocrx_word' id='word_1_119' title='bbox 608 964 681 999; x_wconf 89' lang='lat' dir='ltr'>pro</span> <span class='ocrx_word' id='word_1_120' title='bbox 719 949 1026 988; x_wconf 81' lang='lat' dir='ltr'>substractione</span> <span class='ocrx_word' id='word_1_121' title='bbox 1065 949 1326 988; x_wconf 86' lang='lat' dir='ltr'>obedientiae</span> <span class='ocrx_word' id='word_1_122' title='bbox 1364 949 1553 988; x_wconf 86' lang='lat' dir='ltr'>facienda</span> <span class='ocrx_word' id='word_1_123' title='bbox 1589 949 1816 987; x_wconf 85' lang='lat' dir='ltr'>Benedicto</span> <span class='ocrx_word' id='word_1_124' title='bbox 1856 948 1965 986; x_wconf 83' lang='lat' dir='ltr'>XIII</span> 
     </span>
     <span class='ocr_line' id='line_1_14' title="bbox 247 1008 1965 1059; baseline 0.001 -14"><span class='ocrx_word' id='word_1_125' title='bbox 247 1008 403 1058; x_wconf 83' lang='lat' dir='ltr'>reperio</span> <span class='ocrx_word' id='word_1_126' title='bbox 440 1008 737 1057; x_wconf 84' lang='lat' dir='ltr'>Raymundum</span> <span class='ocrx_word' id='word_1_127' title='bbox 776 1009 824 1047; x_wconf 92' lang='lat' dir='ltr'>de</span> <span class='ocrx_word' id='word_1_128' title='bbox 861 1010 1057 1057; x_wconf 84' lang='lat' dir='ltr'>Cosnaco,</span> <span class='ocrx_word' id='word_1_129' title='bbox 1091 1009 1356 1048; x_wconf 88' lang='lat' dir='ltr'>licentiatum</span> <span class='ocrx_word' id='word_1_130' title='bbox 1389 1009 1431 1046; x_wconf 90' lang='lat' dir='ltr'>in</span> <span class='ocrx_word' id='word_1_131' title='bbox 1457 1008 1629 1059; x_wconf 81' lang='lat' dir='ltr'>legibus,</span> <span class='ocrx_word' id='word_1_132' title='bbox 1666 1009 1700 1047; x_wconf 91' lang='lat' dir='ltr'>ei</span> <span class='ocrx_word' id='word_1_133' title='bbox 1728 1008 1965 1046; x_wconf 82' lang='lat' dir='ltr'>interfuisse</span> 
     </span>
     <span class='ocr_line' id='line_1_15' title="bbox 248 1067 1965 1119; baseline -0.001 -14"><span class='ocrx_word' id='word_1_134' title='bbox 248 1076 294 1105; x_wconf 86' lang='lat' dir='ltr'>ut</span> <span class='ocrx_word' id='word_1_135' title='bbox 321 1067 524 1106; x_wconf 83' lang='lat' dir='ltr'>vicarium</span> <span class='ocrx_word' id='word_1_136' title='bbox 552 1068 663 1106; x_wconf 85' lang='lat' dir='ltr'>Petri</span> <span class='ocrx_word' id='word_1_137' title='bbox 691 1068 740 1106; x_wconf 87' lang='lat' dir='ltr'>de</span> <span class='ocrx_word' id='word_1_138' title='bbox 770 1068 953 1107; x_wconf 87' lang='lat' dir='ltr'>Cosnaco</span> <span class='ocrx_word' id='word_1_139' title='bbox 981 1068 1163 1119; x_wconf 86' lang='lat' dir='ltr'>episcopi</span> <span class='ocrx_word' id='word_1_140' title='bbox 1191 1067 1436 1107; x_wconf 88' lang='lat' dir='ltr'>Tutelensis.</span> <span class='ocrx_word' id='word_1_141' title='bbox 1467 1068 1617 1106; x_wconf 85' lang='lat' dir='ltr'>Postea</span> <span class='ocrx_word' id='word_1_142' title='bbox 1644 1081 1817 1106; x_wconf 87' lang='lat' dir='ltr'>uxorem</span> <span class='ocrx_word' id='word_1_143' title='bbox 1844 1067 1965 1105; x_wconf 83' lang='lat' dir='ltr'>duxit</span> 
     </span>
     <span class='ocr_line' id='line_1_16' title="bbox 247 1126 1967 1178; baseline -0.001 -13"><span class='ocrx_word' id='word_1_144' title='bbox 247 1140 297 1165; x_wconf 84' lang='lat' dir='ltr'>ex</span> <span class='ocrx_word' id='word_1_145' title='bbox 321 1126 451 1166; x_wconf 87' lang='lat' dir='ltr'>veteri</span> <span class='ocrx_word' id='word_1_146' title='bbox 475 1127 696 1166; x_wconf 87' lang='lat' dir='ltr'>nobilitate</span> <span class='ocrx_word' id='word_1_147' title='bbox 721 1127 1050 1178; x_wconf 76' lang='lat' dir='ltr'>petragoricensi</span> <span class='ocrx_word' id='word_1_148' title='bbox 1074 1141 1216 1167; x_wconf 90' lang='lat' dir='ltr'>eorum</span> <span class='ocrx_word' id='word_1_149' title='bbox 1242 1127 1311 1177; x_wconf 89' lang='lat' dir='ltr'>qui</span> <span class='ocrx_word' id='word_1_150' title='bbox 1337 1127 1583 1166; x_wconf 85' lang='lat' dir='ltr'>dicebantur</span> <span class='ocrx_word' id='word_1_151' title='bbox 1607 1126 1657 1165; x_wconf 90' lang='lat' dir='ltr'>de</span> <span class='ocrx_word' id='word_1_152' title='bbox 1679 1127 1890 1176; x_wconf 82' lang='lat' dir='ltr'>Baynaco,</span> <span class='ocrx_word' id='word_1_153' title='bbox 1916 1141 1967 1165; x_wconf 79' lang='lat' dir='ltr'>ex</span> 
     </span>
     <span class='ocr_line' id='line_1_17' title="bbox 249 1180 1966 1238; baseline -0.001 -15"><span class='ocrx_word' id='word_1_154' title='bbox 249 1200 330 1236; x_wconf 85' lang='lat' dir='ltr'>qua</span> <span class='ocrx_word' id='word_1_155' title='bbox 366 1187 508 1236; x_wconf 84' lang='lat' dir='ltr'>genuit</span> <span class='ocrx_word' id='word_1_156' title='bbox 545 1180 708 1225; x_wconf 79' lang='lat' dir='ltr'>Heliam</span> <span class='ocrx_word' id='word_1_157' title='bbox 745 1187 793 1226; x_wconf 91' lang='lat' dir='ltr'>de</span> <span class='ocrx_word' id='word_1_158' title='bbox 829 1187 1029 1236; x_wconf 89' lang='lat' dir='ltr'>Cosnaco,</span> <span class='ocrx_word' id='word_1_159' title='bbox 1064 1201 1185 1238; x_wconf 90' lang='lat' dir='ltr'>quem</span> <span class='ocrx_word' id='word_1_160' title='bbox 1223 1201 1333 1225; x_wconf 88' lang='lat' dir='ltr'>anno</span> <span class='ocrx_word' id='word_1_161' title='bbox 1369 1186 1744 1225; x_wconf 88' lang='lat' dir='ltr'>MCCCCXXXIII</span> <span class='ocrx_word' id='word_1_162' title='bbox 1779 1194 1821 1225; x_wconf 92' lang='lat' dir='ltr'>et</span> <span class='ocrx_word' id='word_1_163' title='bbox 1855 1199 1966 1223; x_wconf 91' lang='lat' dir='ltr'>anno</span> 
     </span>
     <span class='ocr_line' id='line_1_18' title="bbox 250 1245 1966 1296; baseline -0.001 -13"><span class='ocrx_word' id='word_1_164' title='bbox 250 1245 561 1284; x_wconf 85' lang='lat' dir='ltr'>MCCCCXLIV</span> <span class='ocrx_word' id='word_1_165' title='bbox 584 1254 750 1285; x_wconf 85' lang='lat' dir='ltr'>constat</span> <span class='ocrx_word' id='word_1_166' title='bbox 774 1247 898 1285; x_wconf 87' lang='lat' dir='ltr'>fuisse</span> <span class='ocrx_word' id='word_1_167' title='bbox 921 1246 1135 1284; x_wconf 88' lang='lat' dir='ltr'>dominum</span> <span class='ocrx_word' id='word_1_168' title='bbox 1160 1246 1209 1285; x_wconf 91' lang='lat' dir='ltr'>de</span> <span class='ocrx_word' id='word_1_169' title='bbox 1232 1246 1415 1286; x_wconf 88' lang='lat' dir='ltr'>Cosnaco</span> <span class='ocrx_word' id='word_1_170' title='bbox 1437 1260 1561 1296; x_wconf 89' lang='lat' dir='ltr'>seque</span> <span class='ocrx_word' id='word_1_171' title='bbox 1583 1260 1752 1284; x_wconf 86' lang='lat' dir='ltr'>vocasse</span> <span class='ocrx_word' id='word_1_172' title='bbox 1773 1245 1966 1284; x_wconf 85' lang='lat' dir='ltr'>heredem</span> 
     </span>
     <span class='ocr_line' id='line_1_19' title="bbox 247 1304 1968 1355; baseline 0 -13"><span class='ocrx_word' id='word_1_173' title='bbox 247 1306 522 1343; x_wconf 90' lang='lat' dir='ltr'>universalem</span> <span class='ocrx_word' id='word_1_174' title='bbox 550 1306 617 1343; x_wconf 86' lang='lat' dir='ltr'>avi</span> <span class='ocrx_word' id='word_1_175' title='bbox 643 1306 705 1344; x_wconf 86' lang='lat' dir='ltr'>sui</span> <span class='ocrx_word' id='word_1_176' title='bbox 730 1306 902 1344; x_wconf 83' lang='lat' dir='ltr'>Bosonis</span> <span class='ocrx_word' id='word_1_177' title='bbox 931 1306 979 1344; x_wconf 88' lang='lat' dir='ltr'>de</span> <span class='ocrx_word' id='word_1_178' title='bbox 996 1306 1206 1355; x_wconf 88' lang='lat' dir='ltr'>Baynaco.</span> <span class='ocrx_word' id='word_1_179' title='bbox 1237 1306 1376 1344; x_wconf 90' lang='lat' dir='ltr'>Helias</span> <span class='ocrx_word' id='word_1_180' title='bbox 1403 1320 1454 1343; x_wconf 83' lang='lat' dir='ltr'>ex</span> <span class='ocrx_word' id='word_1_181' title='bbox 1479 1305 1690 1343; x_wconf 87' lang='lat' dir='ltr'>Ludovica</span> <span class='ocrx_word' id='word_1_182' title='bbox 1718 1305 1766 1343; x_wconf 94' lang='lat' dir='ltr'>de</span> <span class='ocrx_word' id='word_1_183' title='bbox 1793 1304 1968 1344; x_wconf 84' lang='lat' dir='ltr'>Gimello</span> 
     </span>
     <span class='ocr_line' id='line_1_20' title="bbox 252 1364 1966 1414; baseline -0.001 -12"><span class='ocrx_word' id='word_1_184' title='bbox 252 1364 333 1402; x_wconf 84' lang='lat' dir='ltr'>filia</span> <span class='ocrx_word' id='word_1_185' title='bbox 368 1365 568 1403; x_wconf 89' lang='lat' dir='ltr'>Guidonis</span> <span class='ocrx_word' id='word_1_186' title='bbox 603 1365 651 1403; x_wconf 91' lang='lat' dir='ltr'>de</span> <span class='ocrx_word' id='word_1_187' title='bbox 686 1365 860 1404; x_wconf 86' lang='lat' dir='ltr'>Gimello</span> <span class='ocrx_word' id='word_1_188' title='bbox 895 1374 936 1403; x_wconf 92' lang='lat' dir='ltr'>et</span> <span class='ocrx_word' id='word_1_189' title='bbox 970 1366 1159 1403; x_wconf 88' lang='lat' dir='ltr'>Joannae</span> <span class='ocrx_word' id='word_1_190' title='bbox 1193 1365 1242 1403; x_wconf 91' lang='lat' dir='ltr'>de</span> <span class='ocrx_word' id='word_1_191' title='bbox 1277 1365 1532 1403; x_wconf 89' lang='lat' dir='ltr'>Malomonte</span> <span class='ocrx_word' id='word_1_192' title='bbox 1565 1365 1747 1414; x_wconf 86' lang='lat' dir='ltr'>suscepit</span> <span class='ocrx_word' id='word_1_193' title='bbox 1781 1365 1966 1411; x_wconf 80' lang='lat' dir='ltr'>Petrum,</span> 
     </span>
     <span class='ocr_line' id='line_1_21' title="bbox 249 1424 1967 1474; baseline -0.001 -13"><span class='ocrx_word' id='word_1_194' title='bbox 249 1424 515 1462; x_wconf 87' lang='lat' dir='ltr'>Guillelmum</span> <span class='ocrx_word' id='word_1_195' title='bbox 563 1425 819 1463; x_wconf 86' lang='lat' dir='ltr'>matrimonii</span> <span class='ocrx_word' id='word_1_196' title='bbox 866 1424 1032 1463; x_wconf 87' lang='lat' dir='ltr'>vinculo</span> <span class='ocrx_word' id='word_1_197' title='bbox 1080 1424 1354 1474; x_wconf 87' lang='lat' dir='ltr'>conjunctum</span> <span class='ocrx_word' id='word_1_198' title='bbox 1400 1438 1509 1462; x_wconf 89' lang='lat' dir='ltr'>anno</span> <span class='ocrx_word' id='word_1_199' title='bbox 1557 1424 1826 1462; x_wconf 88' lang='lat' dir='ltr'>MCCCCLIV</span> <span class='ocrx_word' id='word_1_200' title='bbox 1874 1436 1967 1461; x_wconf 90' lang='lat' dir='ltr'>cum</span> 
     </span>
     <span class='ocr_line' id='line_1_22' title="bbox 250 1483 1966 1534; baseline 0 -14"><span class='ocrx_word' id='word_1_201' title='bbox 250 1483 474 1521; x_wconf 86' lang='lat' dir='ltr'>Catharina</span> <span class='ocrx_word' id='word_1_202' title='bbox 500 1484 679 1533; x_wconf 87' lang='lat' dir='ltr'>Faydita</span> <span class='ocrx_word' id='word_1_203' title='bbox 706 1484 790 1523; x_wconf 86' lang='lat' dir='ltr'>filia</span> <span class='ocrx_word' id='word_1_204' title='bbox 812 1493 854 1523; x_wconf 89' lang='lat' dir='ltr'>et</span> <span class='ocrx_word' id='word_1_205' title='bbox 876 1484 1025 1523; x_wconf 85' lang='lat' dir='ltr'>herede</span> <span class='ocrx_word' id='word_1_206' title='bbox 1050 1483 1251 1534; x_wconf 84' lang='lat' dir='ltr'>Stephani</span> <span class='ocrx_word' id='word_1_207' title='bbox 1277 1483 1445 1533; x_wconf 64' lang='lat' dir='ltr'>Fayditi</span> <span class='ocrx_word' id='word_1_208' title='bbox 1469 1483 1517 1521; x_wconf 91' lang='lat' dir='ltr'>de</span> <span class='ocrx_word' id='word_1_209' title='bbox 1540 1483 1665 1521; x_wconf 87' lang='lat' dir='ltr'>Briva</span> <span class='ocrx_word' id='word_1_210' title='bbox 1690 1483 1846 1521; x_wconf 91' lang='lat' dir='ltr'>domini</span> <span class='ocrx_word' id='word_1_211' title='bbox 1870 1483 1966 1520; x_wconf 83' lang='lat' dir='ltr'>Bor-</span> 
     </span>
     <span class='ocr_line' id='line_1_23' title="bbox 250 1542 1966 1593; baseline 0 -14"><span class='ocrx_word' id='word_1_212' title='bbox 250 1542 411 1590; x_wconf 80' lang='lat' dir='ltr'>darum,</span> <span class='ocrx_word' id='word_1_213' title='bbox 432 1543 693 1581; x_wconf 84' lang='lat' dir='ltr'>Anthonium</span> <span class='ocrx_word' id='word_1_214' title='bbox 712 1544 979 1591; x_wconf 83' lang='lat' dir='ltr'>monachum,</span> <span class='ocrx_word' id='word_1_215' title='bbox 996 1543 1267 1593; x_wconf 83' lang='lat' dir='ltr'>Margaritam</span> <span class='ocrx_word' id='word_1_216' title='bbox 1284 1557 1456 1581; x_wconf 83' lang='lat' dir='ltr'>uxorem</span> <span class='ocrx_word' id='word_1_217' title='bbox 1472 1542 1694 1581; x_wconf 85' lang='lat' dir='ltr'>Bertrandi</span> <span class='ocrx_word' id='word_1_218' title='bbox 1709 1542 1809 1580; x_wconf 87' lang='lat' dir='ltr'>alias</span> <span class='ocrx_word' id='word_1_219' title='bbox 1827 1542 1966 1591; x_wconf 84' lang='lat' dir='ltr'>Hugo—</span> 
     </span>
     <span class='ocr_line' id='line_1_24' title="bbox 250 1601 1967 1653; baseline 0 -14"><span class='ocrx_word' id='word_1_220' title='bbox 250 1602 311 1639; x_wconf 91' lang='lat' dir='ltr'>nis</span> <span class='ocrx_word' id='word_1_221' title='bbox 339 1601 387 1640; x_wconf 88' lang='lat' dir='ltr'>de</span> <span class='ocrx_word' id='word_1_222' title='bbox 415 1602 541 1640; x_wconf 90' lang='lat' dir='ltr'>Turre</span> <span class='ocrx_word' id='word_1_223' title='bbox 569 1602 726 1640; x_wconf 87' lang='lat' dir='ltr'>domini</span> <span class='ocrx_word' id='word_1_224' title='bbox 753 1602 894 1641; x_wconf 84' lang='lat' dir='ltr'>Sancti</span> <span class='ocrx_word' id='word_1_225' title='bbox 923 1603 1048 1650; x_wconf 82' lang='lat' dir='ltr'>Justi⁷</span> <span class='ocrx_word' id='word_1_226' title='bbox 1076 1611 1117 1641; x_wconf 90' lang='lat' dir='ltr'>et</span> <span class='ocrx_word' id='word_1_227' title='bbox 1142 1603 1373 1640; x_wconf 85' lang='lat' dir='ltr'>Blancham</span> <span class='ocrx_word' id='word_1_228' title='bbox 1400 1610 1578 1653; x_wconf 86' lang='lat' dir='ltr'>nuptam</span> <span class='ocrx_word' id='word_1_229' title='bbox 1605 1602 1759 1640; x_wconf 82' lang='lat' dir='ltr'>Joanni</span> <span class='ocrx_word' id='word_1_230' title='bbox 1787 1601 1967 1651; x_wconf 75' lang='lat' dir='ltr'>Faydito</span> 
     </span>
     <span class='ocr_line' id='line_1_25' title="bbox 250 1661 1967 1712; baseline 0.001 -14"><span class='ocrx_word' id='word_1_231' title='bbox 250 1661 419 1699; x_wconf 87' lang='lat' dir='ltr'>domino</span> <span class='ocrx_word' id='word_1_232' title='bbox 452 1661 501 1699; x_wconf 88' lang='lat' dir='ltr'>de</span> <span class='ocrx_word' id='word_1_233' title='bbox 535 1662 696 1700; x_wconf 82' lang='lat' dir='ltr'>Tersac.</span> <span class='ocrx_word' id='word_1_234' title='bbox 734 1662 879 1700; x_wconf 82' lang='lat' dir='ltr'>Petrus</span> <span class='ocrx_word' id='word_1_235' title='bbox 915 1662 963 1700; x_wconf 91' lang='lat' dir='ltr'>de</span> <span class='ocrx_word' id='word_1_236' title='bbox 998 1663 1182 1700; x_wconf 90' lang='lat' dir='ltr'>Cosnaco</span> <span class='ocrx_word' id='word_1_237' title='bbox 1217 1676 1239 1700; x_wconf 89' lang='lat' dir='ltr'>a</span> <span class='ocrx_word' id='word_1_238' title='bbox 1273 1670 1393 1712; x_wconf 89' lang='lat' dir='ltr'>patre</span> <span class='ocrx_word' id='word_1_239' title='bbox 1430 1661 1549 1700; x_wconf 89' lang='lat' dir='ltr'>Helia</span> <span class='ocrx_word' id='word_1_240' title='bbox 1582 1661 1870 1711; x_wconf 85' lang='lat' dir='ltr'>emancipatus</span> <span class='ocrx_word' id='word_1_241' title='bbox 1905 1668 1967 1699; x_wconf 86' lang='lat' dir='ltr'>est</span> 
     </span>
     <span class='ocr_line' id='line_1_26' title="bbox 249 1720 1967 1771; baseline 0 -13"><span class='ocrx_word' id='word_1_242' title='bbox 249 1734 358 1758; x_wconf 88' lang='lat' dir='ltr'>anno</span> <span class='ocrx_word' id='word_1_243' title='bbox 392 1720 644 1758; x_wconf 86' lang='lat' dir='ltr'>MCCCCLII</span> <span class='ocrx_word' id='word_1_244' title='bbox 676 1721 905 1771; x_wconf 83' lang='lat' dir='ltr'>eodemque</span> <span class='ocrx_word' id='word_1_245' title='bbox 937 1735 1046 1759; x_wconf 89' lang='lat' dir='ltr'>anno</span> <span class='ocrx_word' id='word_1_246' title='bbox 1081 1735 1253 1760; x_wconf 85' lang='lat' dir='ltr'>uxorem</span> <span class='ocrx_word' id='word_1_247' title='bbox 1279 1721 1400 1761; x_wconf 88' lang='lat' dir='ltr'>duxit</span> <span class='ocrx_word' id='word_1_248' title='bbox 1431 1720 1689 1759; x_wconf 85' lang='lat' dir='ltr'>Ludovicam</span> <span class='ocrx_word' id='word_1_249' title='bbox 1718 1720 1767 1759; x_wconf 90' lang='lat' dir='ltr'>de</span> <span class='ocrx_word' id='word_1_250' title='bbox 1795 1720 1967 1758; x_wconf 85' lang='lat' dir='ltr'>Noalliis</span> 
     </span>
     <span class='ocr_line' id='line_1_27' title="bbox 254 1779 1969 1830; baseline 0.001 -14"><span class='ocrx_word' id='word_1_251' title='bbox 254 1779 381 1818; x_wconf 84' lang='lat' dir='ltr'>liliam</span> <span class='ocrx_word' id='word_1_252' title='bbox 412 1780 615 1818; x_wconf 86' lang='lat' dir='ltr'>Francisci</span> <span class='ocrx_word' id='word_1_253' title='bbox 644 1780 692 1818; x_wconf 85' lang='lat' dir='ltr'>de</span> <span class='ocrx_word' id='word_1_254' title='bbox 722 1780 893 1819; x_wconf 90' lang='lat' dir='ltr'>Noalliis</span> <span class='ocrx_word' id='word_1_255' title='bbox 931 1789 972 1818; x_wconf 90' lang='lat' dir='ltr'>et</span> <span class='ocrx_word' id='word_1_256' title='bbox 1000 1781 1250 1830; x_wconf 79' lang='lat' dir='ltr'>Margaritae</span> <span class='ocrx_word' id='word_1_257' title='bbox 1287 1781 1335 1819; x_wconf 90' lang='lat' dir='ltr'>de</span> <span class='ocrx_word' id='word_1_258' title='bbox 1373 1780 1633 1818; x_wconf 82' lang='lat' dir='ltr'>Roffinhaco.</span> <span class='ocrx_word' id='word_1_259' title='bbox 1672 1779 1884 1818; x_wconf 83' lang='lat' dir='ltr'>Ludovica</span> <span class='ocrx_word' id='word_1_260' title='bbox 1919 1779 1969 1817; x_wconf 87' lang='lat' dir='ltr'>de</span> 
     </span>
     <span class='ocr_line' id='line_1_28' title="bbox 251 1839 1968 1885; baseline 0 -9"><span class='ocrx_word' id='word_1_261' title='bbox 251 1853 452 1877; x_wconf 87' lang='lat' dir='ltr'>consensu</span> <span class='ocrx_word' id='word_1_262' title='bbox 488 1840 599 1877; x_wconf 90' lang='lat' dir='ltr'>Petri</span> <span class='ocrx_word' id='word_1_263' title='bbox 635 1840 712 1877; x_wconf 83' lang='lat' dir='ltr'>viri</span> <span class='ocrx_word' id='word_1_264' title='bbox 747 1840 809 1878; x_wconf 87' lang='lat' dir='ltr'>sui</span> <span class='ocrx_word' id='word_1_265' title='bbox 845 1840 1032 1878; x_wconf 90' lang='lat' dir='ltr'>condidit</span> <span class='ocrx_word' id='word_1_266' title='bbox 1067 1848 1371 1879; x_wconf 90' lang='lat' dir='ltr'>testamentum</span> <span class='ocrx_word' id='word_1_267' title='bbox 1406 1854 1516 1877; x_wconf 89' lang='lat' dir='ltr'>anno</span> <span class='ocrx_word' id='word_1_268' title='bbox 1551 1839 1968 1885; x_wconf 75' lang='lat' dir='ltr'>MCCCCLXXXVI,</span> 
     </span>
     <span class='ocr_line' id='line_1_29' title="bbox 250 1898 1968 1948; baseline -0.001 -12"><span class='ocrx_word' id='word_1_269' title='bbox 250 1898 293 1935; x_wconf 92' lang='lat' dir='ltr'>in</span> <span class='ocrx_word' id='word_1_270' title='bbox 309 1912 391 1947; x_wconf 85' lang='lat' dir='ltr'>quo</span> <span class='ocrx_word' id='word_1_271' title='bbox 406 1898 466 1936; x_wconf 88' lang='lat' dir='ltr'>ita</span> <span class='ocrx_word' id='word_1_272' title='bbox 484 1899 754 1937; x_wconf 84' lang='lat' dir='ltr'>nominantur</span> <span class='ocrx_word' id='word_1_273' title='bbox 770 1913 912 1937; x_wconf 89' lang='lat' dir='ltr'>eorum</span> <span class='ocrx_word' id='word_1_274' title='bbox 926 1899 1058 1947; x_wconf 79' lang='lat' dir='ltr'>liberi,</span> <span class='ocrx_word' id='word_1_275' title='bbox 1077 1899 1319 1937; x_wconf 87' lang='lat' dir='ltr'>Guillelmus</span> <span class='ocrx_word' id='word_1_276' title='bbox 1341 1899 1404 1936; x_wconf 90' lang='lat' dir='ltr'>III</span> <span class='ocrx_word' id='word_1_277' title='bbox 1420 1899 1463 1936; x_wconf 93' lang='lat' dir='ltr'>in</span> <span class='ocrx_word' id='word_1_278' title='bbox 1478 1899 1636 1948; x_wconf 73' lang='lat' dir='ltr'>primis,</span> <span class='ocrx_word' id='word_1_279' title='bbox 1653 1907 1745 1936; x_wconf 92' lang='lat' dir='ltr'>tum</span> <span class='ocrx_word' id='word_1_280' title='bbox 1761 1898 1968 1936; x_wconf 80' lang='lat' dir='ltr'>Antonius</span> 
     </span>
     <span class='ocr_line' id='line_1_30' title="bbox 251 1957 1971 2008; baseline 0 -14"><span class='ocrx_word' id='word_1_281' title='bbox 251 1958 478 1996; x_wconf 86' lang='lat' dir='ltr'>monachus</span> <span class='ocrx_word' id='word_1_282' title='bbox 514 1958 680 2008; x_wconf 73' lang='lat' dir='ltr'>Nlajoris</span> <span class='ocrx_word' id='word_1_283' title='bbox 715 1958 956 1996; x_wconf 86' lang='lat' dir='ltr'>monasterii</span> <span class='ocrx_word' id='word_1_284' title='bbox 989 1958 1238 1997; x_wconf 89' lang='lat' dir='ltr'>Turonensis</span> <span class='ocrx_word' id='word_1_285' title='bbox 1272 1967 1314 1997; x_wconf 93' lang='lat' dir='ltr'>et</span> <span class='ocrx_word' id='word_1_286' title='bbox 1346 1958 1475 1996; x_wconf 87' lang='lat' dir='ltr'>abbas</span> <span class='ocrx_word' id='word_1_287' title='bbox 1508 1958 1687 1996; x_wconf 89' lang='lat' dir='ltr'>Beaniae</span> <span class='ocrx_word' id='word_1_288' title='bbox 1720 1958 1761 1995; x_wconf 94' lang='lat' dir='ltr'>in</span> <span class='ocrx_word' id='word_1_289' title='bbox 1795 1957 1971 1996; x_wconf 88' lang='lat' dir='ltr'>dioecesi</span> 
     </span>
     <span class='ocr_line' id='line_1_31' title="bbox 253 2017 1970 2068; baseline 0 -14"><span class='ocrx_word' id='word_1_290' title='bbox 253 2017 515 2065; x_wconf 75' lang='lat' dir='ltr'>Santonensi‚</span> <span class='ocrx_word' id='word_1_291' title='bbox 530 2017 786 2055; x_wconf 87' lang='lat' dir='ltr'>Bertrandus</span> <span class='ocrx_word' id='word_1_292' title='bbox 806 2018 1033 2055; x_wconf 88' lang='lat' dir='ltr'>monachus</span> <span class='ocrx_word' id='word_1_293' title='bbox 1054 2017 1300 2056; x_wconf 85' lang='lat' dir='ltr'>Sanctorum</span> <span class='ocrx_word' id='word_1_294' title='bbox 1324 2017 1451 2068; x_wconf 82' lang='lat' dir='ltr'>Sergii</span> <span class='ocrx_word' id='word_1_295' title='bbox 1472 2025 1514 2055; x_wconf 91' lang='lat' dir='ltr'>et</span> <span class='ocrx_word' id='word_1_296' title='bbox 1527 2017 1680 2055; x_wconf 87' lang='lat' dir='ltr'>Bacchi</span> <span class='ocrx_word' id='word_1_297' title='bbox 1701 2017 1813 2067; x_wconf 90' lang='lat' dir='ltr'>apud</span> <span class='ocrx_word' id='word_1_298' title='bbox 1841 2017 1970 2055; x_wconf 84' lang='lat' dir='ltr'>Julio-</span> 
     </span>
     <span class='ocr_line' id='line_1_32' title="bbox 251 2075 1970 2127; baseline 0.001 -14"><span class='ocrx_word' id='word_1_299' title='bbox 251 2090 419 2126; x_wconf 86' lang='lat' dir='ltr'>magum</span> <span class='ocrx_word' id='word_1_300' title='bbox 451 2077 771 2126; x_wconf 83' lang='lat' dir='ltr'>Andegavorum</span> <span class='ocrx_word' id='word_1_301' title='bbox 806 2085 847 2115; x_wconf 91' lang='lat' dir='ltr'>et</span> <span class='ocrx_word' id='word_1_302' title='bbox 890 2077 1151 2127; x_wconf 86' lang='lat' dir='ltr'>praepositus</span> <span class='ocrx_word' id='word_1_303' title='bbox 1193 2077 1242 2115; x_wconf 91' lang='lat' dir='ltr'>de</span> <span class='ocrx_word' id='word_1_304' title='bbox 1287 2076 1543 2124; x_wconf 85' lang='lat' dir='ltr'>Ladornaco,</span> <span class='ocrx_word' id='word_1_305' title='bbox 1578 2076 1745 2114; x_wconf 88' lang='lat' dir='ltr'>Carolus</span> <span class='ocrx_word' id='word_1_306' title='bbox 1777 2076 1889 2127; x_wconf 84' lang='lat' dir='ltr'>prior</span> <span class='ocrx_word' id='word_1_307' title='bbox 1921 2075 1970 2114; x_wconf 88' lang='lat' dir='ltr'>de</span> 
     </span>
     <span class='ocr_line' id='line_1_33' title="bbox 253 2135 1972 2186; baseline 0 -13"><span class='ocrx_word' id='word_1_308' title='bbox 253 2136 426 2174; x_wconf 89' lang='lat' dir='ltr'>Croissia</span> <span class='ocrx_word' id='word_1_309' title='bbox 459 2145 501 2174; x_wconf 91' lang='lat' dir='ltr'>et</span> <span class='ocrx_word' id='word_1_310' title='bbox 533 2136 787 2174; x_wconf 88' lang='lat' dir='ltr'>consiliarius</span> <span class='ocrx_word' id='word_1_311' title='bbox 819 2136 953 2185; x_wconf 82' lang='lat' dir='ltr'>regius</span> <span class='ocrx_word' id='word_1_312' title='bbox 985 2136 1026 2173; x_wconf 89' lang='lat' dir='ltr'>in</span> <span class='ocrx_word' id='word_1_313' title='bbox 1058 2137 1320 2186; x_wconf 90' lang='lat' dir='ltr'>parlamento</span> <span class='ocrx_word' id='word_1_314' title='bbox 1350 2135 1659 2185; x_wconf 80' lang='lat' dir='ltr'>Burdegalensi,</span> <span class='ocrx_word' id='word_1_315' title='bbox 1694 2135 1828 2173; x_wconf 85' lang='lat' dir='ltr'>Guido</span> <span class='ocrx_word' id='word_1_316' title='bbox 1860 2135 1972 2185; x_wconf 89' lang='lat' dir='ltr'>prior</span> 
     </span>
     <span class='ocr_line' id='line_1_34' title="bbox 253 2194 1970 2243; baseline -0.001 -10"><span class='ocrx_word' id='word_1_317' title='bbox 253 2195 302 2233; x_wconf 90' lang='lat' dir='ltr'>de</span> <span class='ocrx_word' id='word_1_318' title='bbox 330 2195 559 2243; x_wconf 79' lang='lat' dir='ltr'>Vezunnes‚</span> <span class='ocrx_word' id='word_1_319' title='bbox 590 2195 847 2243; x_wconf 81' lang='lat' dir='ltr'>Franciscus,</span> <span class='ocrx_word' id='word_1_320' title='bbox 877 2196 1115 2233; x_wconf 89' lang='lat' dir='ltr'>Leonardus</span> <span class='ocrx_word' id='word_1_321' title='bbox 1161 2203 1203 2233; x_wconf 91' lang='lat' dir='ltr'>et</span> <span class='ocrx_word' id='word_1_322' title='bbox 1231 2195 1390 2233; x_wconf 84' lang='lat' dir='ltr'>Petrus.</span> <span class='ocrx_word' id='word_1_323' title='bbox 1429 2195 1532 2232; x_wconf 89' lang='lat' dir='ltr'>Tum</span> <span class='ocrx_word' id='word_1_324' title='bbox 1586 2208 1728 2234; x_wconf 84' lang='lat' dir='ltr'>eorum</span> <span class='ocrx_word' id='word_1_325' title='bbox 1759 2194 1865 2233; x_wconf 85' lang='lat' dir='ltr'>filiae</span> <span class='ocrx_word' id='word_1_326' title='bbox 1893 2195 1970 2232; x_wconf 89' lang='lat' dir='ltr'>hoc</span> 
     </span>
     <span class='ocr_line' id='line_1_35' title="bbox 254 2254 1968 2304; baseline -0.001 -12"><span class='ocrx_word' id='word_1_327' title='bbox 254 2254 395 2292; x_wconf 87' lang='lat' dir='ltr'>ordine</span> <span class='ocrx_word' id='word_1_328' title='bbox 417 2263 809 2301; x_wconf 86' lang='lat' dir='ltr'>commemorantur,</span> <span class='ocrx_word' id='word_1_329' title='bbox 833 2254 1044 2292; x_wconf 83' lang='lat' dir='ltr'>Ludovica</span> <span class='ocrx_word' id='word_1_330' title='bbox 1066 2262 1197 2304; x_wconf 88' lang='lat' dir='ltr'>nupta</span> <span class='ocrx_word' id='word_1_331' title='bbox 1220 2254 1387 2291; x_wconf 90' lang='lat' dir='ltr'>domino</span> <span class='ocrx_word' id='word_1_332' title='bbox 1409 2254 1457 2292; x_wconf 90' lang='lat' dir='ltr'>de</span> <span class='ocrx_word' id='word_1_333' title='bbox 1477 2255 1515 2291; x_wconf 91' lang='lat' dir='ltr'>la</span> <span class='ocrx_word' id='word_1_334' title='bbox 1535 2254 1722 2298; x_wconf 84' lang='lat' dir='ltr'>Bastida‚</span> <span class='ocrx_word' id='word_1_335' title='bbox 1745 2254 1968 2303; x_wconf 82' lang='lat' dir='ltr'>Margarita</span> 
     </span>
     <span class='ocr_line' id='line_1_36' title="bbox 255 2312 1971 2364; baseline 0 -14"><span class='ocrx_word' id='word_1_336' title='bbox 255 2322 385 2364; x_wconf 89' lang='lat' dir='ltr'>nupta</span> <span class='ocrx_word' id='word_1_337' title='bbox 408 2314 589 2364; x_wconf 87' lang='lat' dir='ltr'>primum</span> <span class='ocrx_word' id='word_1_338' title='bbox 613 2314 804 2364; x_wconf 86' lang='lat' dir='ltr'>Philippo</span> <span class='ocrx_word' id='word_1_339' title='bbox 829 2313 1076 2352; x_wconf 90' lang='lat' dir='ltr'>condomino</span> <span class='ocrx_word' id='word_1_340' title='bbox 1100 2314 1148 2352; x_wconf 89' lang='lat' dir='ltr'>de</span> <span class='ocrx_word' id='word_1_341' title='bbox 1173 2314 1327 2351; x_wconf 75' lang='lat' dir='ltr'>Sancto</span> <span class='ocrx_word' id='word_1_342' title='bbox 1349 2313 1561 2360; x_wconf 87' lang='lat' dir='ltr'>Amantio,</span> <span class='ocrx_word' id='word_1_343' title='bbox 1586 2312 1733 2351; x_wconf 87' lang='lat' dir='ltr'>deinde</span> <span class='ocrx_word' id='word_1_344' title='bbox 1757 2313 1971 2351; x_wconf 88' lang='lat' dir='ltr'>Ludovico</span> 
     </span>
     <span class='ocr_line' id='line_1_37' title="bbox 255 2372 1969 2423; baseline -0.001 -13"><span class='ocrx_word' id='word_1_345' title='bbox 255 2373 512 2411; x_wconf 89' lang='lat' dir='ltr'>Combarello</span> <span class='ocrx_word' id='word_1_346' title='bbox 543 2373 711 2411; x_wconf 92' lang='lat' dir='ltr'>domino</span> <span class='ocrx_word' id='word_1_347' title='bbox 741 2373 945 2411; x_wconf 89' lang='lat' dir='ltr'>Gibanelli</span> <span class='ocrx_word' id='word_1_348' title='bbox 975 2387 1026 2411; x_wconf 83' lang='lat' dir='ltr'>ex</span> <span class='ocrx_word' id='word_1_349' title='bbox 1055 2381 1174 2423; x_wconf 81' lang='lat' dir='ltr'>gente</span> <span class='ocrx_word' id='word_1_350' title='bbox 1205 2386 1310 2421; x_wconf 75' lang='lat' dir='ltr'>quae</span> <span class='ocrx_word' id='word_1_351' title='bbox 1340 2372 1516 2422; x_wconf 91' lang='lat' dir='ltr'>protulit</span> <span class='ocrx_word' id='word_1_352' title='bbox 1547 2372 1766 2421; x_wconf 77' lang='lat' dir='ltr'>Hugonem</span> <span class='ocrx_word' id='word_1_353' title='bbox 1796 2372 1969 2410; x_wconf 85' lang='lat' dir='ltr'>Comba-</span> 
     </span>
     <span class='ocr_line' id='line_1_38' title="bbox 255 2428 1969 2482; baseline -0.001 -12"><span class='ocrx_word' id='word_1_354' title='bbox 255 2434 397 2470; x_wconf 86' lang='lat' dir='ltr'>rellum</span> <span class='ocrx_word' id='word_1_355' title='bbox 431 2433 668 2482; x_wconf 88' lang='lat' dir='ltr'>episcopum</span> <span class='ocrx_word' id='word_1_356' title='bbox 702 2428 979 2479; x_wconf 81' lang='lat' dir='ltr'>Tutelensem,</span> <span class='ocrx_word' id='word_1_357' title='bbox 1011 2433 1302 2474; x_wconf 69' lang='lat' dir='ltr'>Biterrensem,</span> <span class='ocrx_word' id='word_1_358' title='bbox 1336 2440 1377 2469; x_wconf 94' lang='lat' dir='ltr'>et</span> <span class='ocrx_word' id='word_1_359' title='bbox 1410 2431 1728 2479; x_wconf 75' lang='lat' dir='ltr'>Pictaviensem,</span> <span class='ocrx_word' id='word_1_360' title='bbox 1762 2431 1969 2469; x_wconf 84' lang='lat' dir='ltr'>Joannam</span> 
     </span>
     <span class='ocr_line' id='line_1_39' title="bbox 256 2490 1970 2530; baseline -0.001 -2"><span class='ocrx_word' id='word_1_361' title='bbox 256 2505 424 2529; x_wconf 87' lang='lat' dir='ltr'>uxorem</span> <span class='ocrx_word' id='word_1_362' title='bbox 449 2492 649 2530; x_wconf 83' lang='lat' dir='ltr'>Gabrielis</span> <span class='ocrx_word' id='word_1_363' title='bbox 673 2492 722 2530; x_wconf 89' lang='lat' dir='ltr'>de</span> <span class='ocrx_word' id='word_1_364' title='bbox 745 2492 880 2530; x_wconf 82' lang='lat' dir='ltr'>Millac</span> <span class='ocrx_word' id='word_1_365' title='bbox 902 2492 1058 2529; x_wconf 88' lang='lat' dir='ltr'>domini</span> <span class='ocrx_word' id='word_1_366' title='bbox 1081 2492 1130 2529; x_wconf 90' lang='lat' dir='ltr'>de</span> <span class='ocrx_word' id='word_1_367' title='bbox 1152 2491 1344 2529; x_wconf 87' lang='lat' dir='ltr'>Vernolio</span> <span class='ocrx_word' id='word_1_368' title='bbox 1365 2491 1407 2528; x_wconf 87' lang='lat' dir='ltr'>in</span> <span class='ocrx_word' id='word_1_369' title='bbox 1429 2491 1603 2529; x_wconf 90' lang='lat' dir='ltr'>dioecesi</span> <span class='ocrx_word' id='word_1_370' title='bbox 1626 2490 1909 2529; x_wconf 90' lang='lat' dir='ltr'>Lemovicensi</span> <span class='ocrx_word' id='word_1_371' title='bbox 1929 2498 1970 2528; x_wconf 90' lang='lat' dir='ltr'>et</span> 
     </span>
     <span class='ocr_line' id='line_1_40' title="bbox 258 2549 1970 2600; baseline -0.001 -13"><span class='ocrx_word' id='word_1_372' title='bbox 258 2551 438 2589; x_wconf 85' lang='lat' dir='ltr'>Leonam</span> <span class='ocrx_word' id='word_1_373' title='bbox 463 2559 504 2589; x_wconf 83' lang='lat' dir='ltr'>ct</span> <span class='ocrx_word' id='word_1_374' title='bbox 529 2551 793 2589; x_wconf 81' lang='lat' dir='ltr'>Catherinam</span> <span class='ocrx_word' id='word_1_375' title='bbox 819 2551 1017 2589; x_wconf 88' lang='lat' dir='ltr'>moniales</span> <span class='ocrx_word' id='word_1_376' title='bbox 1044 2551 1196 2588; x_wconf 90' lang='lat' dir='ltr'>ordinis</span> <span class='ocrx_word' id='word_1_377' title='bbox 1223 2551 1501 2588; x_wconf 80' lang='lat' dir='ltr'>Cisterciensis</span> <span class='ocrx_word' id='word_1_378' title='bbox 1526 2550 1637 2600; x_wconf 86' lang='lat' dir='ltr'>apud</span> <span class='ocrx_word' id='word_1_379' title='bbox 1663 2549 1902 2598; x_wconf 68' lang='lat' dir='ltr'>Coyrosium</span> <span class='ocrx_word' id='word_1_380' title='bbox 1928 2549 1970 2587; x_wconf 89' lang='lat' dir='ltr'>in</span> 
     </span>
     <span class='ocr_line' id='line_1_41' title="bbox 255 2608 1970 2659; baseline -0.001 -12"><span class='ocrx_word' id='word_1_381' title='bbox 255 2610 444 2648; x_wconf 82' lang='lat' dir='ltr'>inferiore</span> <span class='ocrx_word' id='word_1_382' title='bbox 475 2610 687 2659; x_wconf 85' lang='lat' dir='ltr'>provincia</span> <span class='ocrx_word' id='word_1_383' title='bbox 720 2610 1016 2648; x_wconf 89' lang='lat' dir='ltr'>Lemovicensi.</span> <span class='ocrx_word' id='word_1_384' title='bbox 1049 2610 1290 2648; x_wconf 86' lang='lat' dir='ltr'>Guillelmus</span> <span class='ocrx_word' id='word_1_385' title='bbox 1325 2609 1387 2646; x_wconf 92' lang='lat' dir='ltr'>III</span> <span class='ocrx_word' id='word_1_386' title='bbox 1418 2609 1466 2647; x_wconf 90' lang='lat' dir='ltr'>de</span> <span class='ocrx_word' id='word_1_387' title='bbox 1497 2609 1680 2647; x_wconf 85' lang='lat' dir='ltr'>Cosnaco</span> <span class='ocrx_word' id='word_1_388' title='bbox 1711 2608 1832 2646; x_wconf 82' lang='lat' dir='ltr'>duxit</span> <span class='ocrx_word' id='word_1_389' title='bbox 1861 2622 1970 2646; x_wconf 90' lang='lat' dir='ltr'>anno</span> 
     </span>
     <span class='ocr_line' id='line_1_42' title="bbox 258 2668 1964 2719; baseline 0 -14"><span class='ocrx_word' id='word_1_390' title='bbox 258 2669 657 2707; x_wconf 73' lang='lat' dir='ltr'>MCCCCLXXXIV</span> <span class='ocrx_word' id='word_1_391' title='bbox 688 2670 956 2719; x_wconf 77' lang='lat' dir='ltr'>Margaritam</span> <span class='ocrx_word' id='word_1_392' title='bbox 993 2669 1041 2707; x_wconf 86' lang='lat' dir='ltr'>de</span> <span class='ocrx_word' id='word_1_393' title='bbox 1070 2668 1267 2707; x_wconf 87' lang='lat' dir='ltr'>Turribus</span> <span class='ocrx_word' id='word_1_394' title='bbox 1297 2683 1347 2706; x_wconf 82' lang='lat' dir='ltr'>ex</span> <span class='ocrx_word' id='word_1_395' title='bbox 1374 2668 1548 2717; x_wconf 84' lang='lat' dir='ltr'>antiqua</span> <span class='ocrx_word' id='word_1_396' title='bbox 1578 2668 1796 2705; x_wconf 82' lang='lat' dir='ltr'>nobilitate</span> <span class='ocrx_word' id='word_1_397' title='bbox 1826 2668 1964 2706; x_wconf 78' lang='lat' dir='ltr'>Lemo-</span> 
     </span>
     <span class='ocr_line' id='line_1_43' title="bbox 259 2727 1967 2778; baseline 0.001 -15"><span class='ocrx_word' id='word_1_398' title='bbox 259 2728 409 2766; x_wconf 83' lang='lat' dir='ltr'>vicensi</span> <span class='ocrx_word' id='word_1_399' title='bbox 434 2743 538 2777; x_wconf 82' lang='lat' dir='ltr'>quae</span> <span class='ocrx_word' id='word_1_400' title='bbox 561 2729 736 2778; x_wconf 83' lang='lat' dir='ltr'>protulit</span> <span class='ocrx_word' id='word_1_401' title='bbox 759 2729 1069 2766; x_wconf 81' lang='lat' dir='ltr'>celeberrimum</span> <span class='ocrx_word' id='word_1_402' title='bbox 1091 2729 1206 2766; x_wconf 90' lang='lat' dir='ltr'>illum</span> <span class='ocrx_word' id='word_1_403' title='bbox 1230 2727 1460 2766; x_wconf 85' lang='lat' dir='ltr'>Gulferium</span> <span class='ocrx_word' id='word_1_404' title='bbox 1483 2730 1599 2776; x_wconf 85' lang='lat' dir='ltr'>cujus</span> <span class='ocrx_word' id='word_1_405' title='bbox 1622 2728 1832 2777; x_wconf 86' lang='lat' dir='ltr'>praeclara</span> <span class='ocrx_word' id='word_1_406' title='bbox 1856 2734 1967 2776; x_wconf 80' lang='lat' dir='ltr'>gesta</span> 
     </span>
     <span class='ocr_line' id='line_1_44' title="bbox 259 2777 1951 2838; baseline -0.001 -14"><span class='ocrx_word' id='word_1_407' title='bbox 259 2796 636 2826; x_wconf 84' lang='lat' dir='ltr'>commemorantur</span> <span class='ocrx_word' id='word_1_408' title='bbox 660 2802 681 2824; x_wconf 89' lang='lat' dir='ltr'>a</span> <span class='ocrx_word' id='word_1_409' title='bbox 706 2788 975 2837; x_wconf 80' lang='lat' dir='ltr'>scriptoribus</span> <span class='ocrx_word' id='word_1_410' title='bbox 1000 2788 1144 2838; x_wconf 87' lang='lat' dir='ltr'>prioris</span> <span class='ocrx_word' id='word_1_411' title='bbox 1170 2787 1264 2825; x_wconf 87' lang='lat' dir='ltr'>belli</span> <span class='ocrx_word' id='word_1_412' title='bbox 1288 2787 1404 2824; x_wconf 84' lang='lat' dir='ltr'>sacri.</span> <span class='ocrx_word' id='word_1_413' title='bbox 1432 2787 1496 2823; x_wconf 76' lang='lat' dir='ltr'>Ex</span> <span class='ocrx_word' id='word_1_414' title='bbox 1518 2801 1564 2824; x_wconf 93' lang='lat' dir='ltr'>eo</span> <span class='ocrx_word' id='word_1_415' title='bbox 1588 2777 1854 2825; x_wconf 81' lang='lat' dir='ltr'>matrimonio</span> <span class='ocrx_word' id='word_1_416' title='bbox 1878 2799 1951 2835; x_wconf 89' lang='lat' dir='ltr'>pro</span> 
     </span>
     <span class='ocr_line' id='line_1_45' title="bbox 259 2845 1968 2897; baseline 0 -15"><span class='ocrx_word' id='word_1_417' title='bbox 259 2846 366 2883; x_wconf 83' lang='lat' dir='ltr'>diere</span> <span class='ocrx_word' id='word_1_418' title='bbox 402 2846 650 2893; x_wconf 77' lang='lat' dir='ltr'>Lud‹›vicus‚</span> <span class='ocrx_word' id='word_1_419' title='bbox 690 2847 910 2895; x_wconf 63' lang='lat' dir='ltr'>Dionysius</span> <span class='ocrx_word' id='word_1_420' title='bbox 946 2847 1205 2897; x_wconf 87' lang='lat' dir='ltr'>praepositus</span> <span class='ocrx_word' id='word_1_421' title='bbox 1242 2846 1290 2883; x_wconf 91' lang='lat' dir='ltr'>de</span> <span class='ocrx_word' id='word_1_422' title='bbox 1326 2846 1581 2893; x_wconf 79' lang='lat' dir='ltr'>Ladornaco,</span> <span class='ocrx_word' id='word_1_423' title='bbox 1618 2845 1802 2883; x_wconf 88' lang='lat' dir='ltr'>Clemens</span> <span class='ocrx_word' id='word_1_424' title='bbox 1836 2852 1968 2882; x_wconf 83' lang='lat' dir='ltr'>rector</span> 
     </span>
     <span class='ocr_line' id='line_1_46' title="bbox 265 2903 1952 2956; baseline 0.001 -17"><span class='ocrx_word' id='word_1_425' title='bbox 265 2905 532 2942; x_wconf 65' lang='lat' dir='ltr'>12‹·‹;10siae‹,10</span> <span class='ocrx_word' id='word_1_426' title='bbox 558 2905 759 2952; x_wconf 76' lang='lat' dir='ltr'>Mai-tello,</span> <span class='ocrx_word' id='word_1_427' title='bbox 786 2906 1008 2955; x_wconf 75' lang='lat' dir='ltr'>Margarita</span> <span class='ocrx_word' id='word_1_428' title='bbox 1033 2913 1163 2956; x_wconf 86' lang='lat' dir='ltr'>nupta</span> <span class='ocrx_word' id='word_1_429' title='bbox 1190 2906 1311 2943; x_wconf 86' lang='lat' dir='ltr'>Petro</span> <span class='ocrx_word' id='word_1_430' title='bbox 1337 2905 1508 2942; x_wconf 77' lang='lat' dir='ltr'>Roberti</span> <span class='ocrx_word' id='word_1_431' title='bbox 1533 2904 1700 2942; x_wconf 89' lang='lat' dir='ltr'>domino</span> <span class='ocrx_word' id='word_1_432' title='bbox 1724 2903 1772 2941; x_wconf 89' lang='lat' dir='ltr'>de</span> <span class='ocrx_word' id='word_1_433' title='bbox 1796 2903 1952 2952; x_wconf 61' lang='lat' dir='ltr'>Ligney</span> 
     </span>
     <span class='ocr_line' id='line_1_47' title="bbox 263 2962 1965 3014; baseline 0 -15"><span class='ocrx_word' id='word_1_434' title='bbox 263 2979 367 3009; x_wconf 57' lang='grc' dir='ltr'>ιἰιιει»,</span> <span class='ocrx_word' id='word_1_435' title='bbox 388 2964 609 3001; x_wconf 65' lang='lat' dir='ltr'>ut.loanr1a</span> <span class='ocrx_word' id='word_1_436' title='bbox 631 2973 762 3014; x_wconf 82' lang='lat' dir='ltr'>nupta</span> <span class='ocrx_word' id='word_1_437' title='bbox 782 2965 961 3002; x_wconf 64' lang='lat' dir='ltr'>(luidoni</span> <span class='ocrx_word' id='word_1_438' title='bbox 981 2965 1160 3013; x_wconf 83' lang='lat' dir='ltr'>Faydito</span> <span class='ocrx_word' id='word_1_439' title='bbox 1179 2964 1346 3002; x_wconf 87' lang='lat' dir='ltr'>domino</span> <span class='ocrx_word' id='word_1_440' title='bbox 1366 2964 1414 3001; x_wconf 83' lang='lat' dir='ltr'>de</span> <span class='ocrx_word' id='word_1_441' title='bbox 1433 2963 1592 3001; x_wconf 85' lang='lat' dir='ltr'>Tersac.</span> <span class='ocrx_word' id='word_1_442' title='bbox 1609 2962 1843 3000; x_wconf 84' lang='lat' dir='ltr'>Ludovicus</span> <span class='ocrx_word' id='word_1_443' title='bbox 1856 2976 1965 3000; x_wconf 82' lang='lat' dir='ltr'>accc·</span> 
     </span>
     <span class='ocr_line' id='line_1_48' title="bbox 263 3021 1967 3071; baseline 0.001 -14"><span class='ocrx_word' id='word_1_444' title='bbox 263 3022 323 3070; x_wconf 77' lang='lat' dir='ltr'>pit</span> <span class='ocrx_word' id='word_1_445' title='bbox 345 3023 387 3058; x_wconf 81' lang='lat' dir='ltr'>in.</span> <span class='ocrx_word' id='word_1_446' title='bbox 410 3023 721 3061; x_wconf 71' lang='lat' dir='ltr'>inatrinmnium</span> <span class='ocrx_word' id='word_1_447' title='bbox 745 3038 853 3060; x_wconf 77' lang='lat' dir='ltr'>anno</span> <span class='ocrx_word' id='word_1_448' title='bbox 878 3024 1089 3061; x_wconf 76' lang='lat' dir='ltr'>MDXVII</span> <span class='ocrx_word' id='word_1_449' title='bbox 1113 3023 1328 3062; x_wconf 82' lang='lat' dir='ltr'>Claudiam</span> <span class='ocrx_word' id='word_1_450' title='bbox 1352 3023 1400 3060; x_wconf 72' lang='lat' dir='ltr'>de</span> <span class='ocrx_word' id='word_1_451' title='bbox 1423 3023 1618 3071; x_wconf 76' lang='lat' dir='ltr'>Baynaco</span> <span class='ocrx_word' id='word_1_452' title='bbox 1644 3022 1770 3059; x_wconf 85' lang='lat' dir='ltr'>filiam</span> <span class='ocrx_word' id='word_1_453' title='bbox 1794 3021 1967 3059; x_wconf 84' lang='lat' dir='ltr'>Goss&#39;ridi</span> 
     </span>
     <span class='ocr_line' id='line_1_49' title="bbox 265 3080 1966 3131; baseline 0 -16"><span class='ocrx_word' id='word_1_454' title='bbox 265 3080 424 3117; x_wconf 62' lang='lat' dir='ltr'>baronis</span> <span class='ocrx_word' id='word_1_455' title='bbox 459 3081 505 3116; x_wconf 71' lang='lat' dir='ltr'>‹h-</span> <span class='ocrx_word' id='word_1_456' title='bbox 541 3082 732 3130; x_wconf 59' lang='lat' dir='ltr'>llaynaco</span> <span class='ocrx_word' id='word_1_457' title='bbox 765 3091 804 3120; x_wconf 80' lang='lat' dir='ltr'>ct</span> <span class='ocrx_word' id='word_1_458' title='bbox 840 3083 989 3121; x_wconf 78' lang='lat' dir='ltr'>Mariae</span> <span class='ocrx_word' id='word_1_459' title='bbox 1023 3083 1071 3120; x_wconf 85' lang='lat' dir='ltr'>de</span> <span class='ocrx_word' id='word_1_460' title='bbox 1104 3082 1243 3119; x_wconf 78' lang='lat' dir='ltr'>Monte</span> <span class='ocrx_word' id='word_1_461' title='bbox 1275 3081 1483 3131; x_wconf 74' lang='lat' dir='ltr'>Bcrulplii.</span> <span class='ocrx_word' id='word_1_462' title='bbox 1522 3081 1632 3119; x_wconf 88' lang='lat' dir='ltr'>Idem</span> <span class='ocrx_word' id='word_1_463' title='bbox 1667 3088 1966 3118; x_wconf 73' lang='lat' dir='ltr'>testamentum</span> 
     </span>
    </p>
   </div>
  </div>
 </body>
</html>
