2083 3458
115 237 260 295 [1208]
634 254 851 280 PAPARUM
886 256 1269 281 AVENIONENsmM
1728 242 1806 283 727

101 337 175 387 qui
203 351 225 374 a
255 336 528 375 cardinalibus
557 337 679 387 vulgo
709 337 935 384 dicebatur,
964 337 1245 387 episcopatum
1276 338 1541 377 Valentinum
1569 339 1727 389 accepit
1755 340 1805 377 ab

101 411 151 434 eo
179 410 301 445 quem
328 396 520 434 credebat
547 411 630 434 esse
658 410 798 434 verum
826 410 992 446 papam,
1019 405 1066 434 ut
1092 397 1176 446 ipse
1203 397 1274 435 ait.
1305 398 1391 445 Qua
1420 398 1467 435 de
1494 413 1534 436 re
1562 398 1653 436 vide
1681 398 1805 436 etiam

103 455 327 493 Odoricum
352 455 629 503 Raynaldum,
646 469 710 492 an.
738 455 851 502 1378,
874 455 968 503 §97,
985 464 1026 493 et
1049 456 1216 493 Factum
1240 456 1384 494 Jacobi
1400 457 1448 495 de
1473 457 1590 504 Seva,
1605 473 1645 507 p.
1660 458 1748 505 504,
1765 458 1807 495 in

103 523 218 553 tomo
243 522 391 563 quarto
423 514 626 551 Historiae
668 514 946 551 L'niversitatis
982 514 1240 553 ParisiensiS.
1280 516 1357 553 Sed
1394 516 1637 554 camerarius
1675 531 1805 567 papae

105 573 174 623 qui
195 574 299 611 hanc
322 573 593 623 provisionem
618 574 796 623 putabat
819 587 950 611 carere
973 573 1141 620 viribus,
1164 574 1318 612 reditus
1341 574 1525 623 ejusdem
1546 576 1804 625 episcopatus

105 633 156 670 ad
187 646 391 670 cameram
422 632 646 670 revocavit.
683 633 813 680 Quare
846 646 938 670 cum
970 641 1112 682 postea
1146 632 1327 671 Clemens
1354 634 1431 671 VII
1465 635 1615 672 electus
1648 635 1804 682 fuisset,

105 691 316 742 episcopus
348 691 607 729 Massiliensis
636 691 891 729 renuntiavit
920 691 1142 740 provisioni
1173 693 1373 730 Ecclesiae
1397 693 1651 740 Valentinae,
1682 708 1806 743 quam

99 751 152 789 -de
170 750 328 800 integro
347 750 525 800 suscepit
544 764 565 787 a
585 750 804 788 Clemente.
830 751 890 788 Ita
909 750 1057 799 legitur
1074 751 1115 787 in
1142 751 1227 799 ejus
1256 752 1509 801 depositione
1529 753 1541 775 ¹
1563 769 1569 790 :
1594 753 1689 790 Item
1707 754 1807 803 quod

103 818 308 860 postquam
335 810 437 847 venit
463 810 515 847 acl
541 809 636 846 istas
663 818 791 859 partes
817 818 851 847 et
876 810 1017 858 recepit
1043 810 1261 847 Ecclesiam
1287 825 1414 858 suam,
1438 812 1538 861 quod
1565 813 1805 849 camerarius

101 869 235 919 posuit
262 883 437 915 manum,
466 869 579 918 quasi
608 883 685 905 non
713 869 850 906 valeret
876 868 1049 918 provisio
1075 869 1154 905 sibi
1180 869 1295 918 facta.
1326 870 1402 907 Sed
1429 871 1512 920 ipse
1539 871 1746 921 episcopus
1773 880 1806 909 et

99 929 226 966 clerus
244 936 277 965 et
294 928 467 978 populus
487 928 597 965 illius
616 928 688 964 loci
707 928 1004 977 appellaverunt
1018 928 1069 965 ad
1083 943 1231 977 papam
1244 943 1387 973 verum,
1401 944 1468 966 seu
1484 930 1534 967 aal
1550 930 1659 967 illum
1681 931 1746 980 qui
1763 931 1806 968 [le

102 987 281 1037 proximo
302 987 486 1024 canonice
506 987 710 1035 eligeretur
732 987 774 1024 in
794 1001 956 1036 papam,
980 987 1072 1036 quia
1094 996 1184 1024 tunc
1206 1002 1284 1024 non
1304 997 1383 1026 erat
1406 989 1507 1037 facta
1530 990 1656 1026 adhuc
1676 990 1806 1027 electio

100 1046 254 1084 domini
277 1060 380 1096 pape
402 1046 626 1084 Clementis,
652 1046 701 1083 Et
724 1055 809 1095 post
831 1061 949 1096 super
973 1046 1044 1083 isto
1069 1047 1220 1095 negotio
1243 1047 1375 1084 debuit
1398 1048 1526 1085 venire
1550 1048 1622 1086 liic.
1649 1049 1698 1086 Et
1721 1048 1807 1086 licet

102 1105 227 1155 aliqui
256 1105 481 1155 jurisperiti
512 1106 736 1143 asserebant
767 1106 867 1155 quod
896 1106 1064 1142 valerent
1095 1106 1164 1143 illa
1195 1121 1264 1155 que
1294 1115 1380 1144 acta
1408 1107 1565 1155 fuerant
1595 1122 1662 1157 per
1694 1108 1806 1145 illum

98 1164 292 1215 >quamdiu
324 1165 444 1202 Rome
476 1164 696 1202 cardinales
726 1165 883 1213 juerant
915 1179 1002 1202 cum
1034 1179 1088 1211 eo,
1122 1173 1291 1202 attamen
1324 1166 1456 1204 debuit
1488 1167 1713 1204 renuntiare
1747 1167 1806 1204 illi

101 1223 284 1270 Ecclesie,
301 1224 393 1261 etde
410 1238 505 1260 novo
522 1224 723 1273 provisum
739 1224 816 1272 suit
831 1223 923 1261 sibi.
947 1224 1056 1261 Idem
1075 1232 1254 1262 testatur
1271 1225 1396 1262 frater
1412 1226 1603 1275 Angelus,
1622 1226 1807 1264 minister

98 1283 297 1333 ‚generalis
322 1283 471 1321 ordinis
496 1283 670 1321 fratrum
694 1283 910 1329 Minorum,
934 1283 975 1320 in
998 1283 1250 1332 depositione
1274 1298 1365 1326 sua;
1390 1284 1458 1322 ubi
1481 1293 1702 1334 postquam
1726 1285 1805 1323 dic-

101 1350 193 1380 tum
221 1350 283 1380 est
313 1342 360 1380 de
390 1342 581 1392 episcopo
612 1342 864 1388 Massiliensi,
895 1342 961 1392 qui
991 1357 1059 1391 per
1093 1343 1300 1380 Urbanum
1328 1343 1456 1392 factus
1492 1344 1570 1392 fuit
1598 1344 1807 1393 episcopus

106 1401 354 1448 Valentinus,
375 1401 542 1439 additur
563 1417 569 1439 :
591 1401 758 1439 Audiuit
777 1410 905 1439 tamen
925 1402 1025 1451 quod
1042 1410 1173 1450 postea
1194 1402 1407 1451 predictam
1426 1403 1640 1440 Ecclesiam
1667 1404 1806 1440 Valen-

98 1460 229 1498 tinam
260 1461 304 1497 de
337 1475 432 1497 novo
465 1461 585 1498 voluit
617 1461 784 1510 recipere
816 1476 839 1498 a
871 1460 1076 1499 Clemente.

156 1520 298 1558 Frater
338 1519 424 1569 ejus
468 1520 547 1557 fuit
588 1520 814 1559 Ademarus
858 1520 905 1558 de
950 1520 1098 1567 Vouta,
1141 1520 1353 1570 episcopus
1398 1521 1641 1573 Grassensis,
1686 1535 1807 1570 quem

104 1579 293 1616 Urbanus
336 1579 392 1616 VI
434 1579 486 1616 ad
529 1579 754 1617 Ecclesiam
795 1579 1085 1617 Massiliensem
1128 1580 1343 1617 transtulit
1361 1579 1375 1601 2
1415 1595 1461 1617 eo
1501 1589 1684 1630 tempore
1727 1595 1807 1629 quo

103 1637 363 1676 Guillelmum
389 1638 561 1675 donavit
597 1638 837 1688 episcopatu
863 1639 1101 1683 Valentino:
1127 1638 1220 1676 vide
1245 1639 1411 1676 Factum
1436 1639 1581 1678 Jacobi
1617 1640 1664 1677 de
1690 1640 1807 1686 Seva,

99 1712 140 1747 p.
175 1697 262 1735 504.
299 1698 352 1735 Et
384 1697 512 1735 istum
545 1712 707 1747 quoque
744 1697 966 1736 Ecclesiam
1001 1697 1293 1737 Massiliensem
1315 1698 1510 1748 recepisse
1544 1713 1566 1736 a
1600 1697 1806 1737 Clemente

101 1764 219 1806 patet
243 1771 293 1794 ex
317 1756 363 1794 iis
390 1771 493 1806 quae
518 1757 710 1806 leguntur
734 1757 775 1794 in
799 1765 913 1795 tomo
938 1757 1116 1795 secundo
1139 1757 1291 1794 Galliae
1315 1757 1565 1796 christianae.
1585 1758 1642 1796 De
1658 1758 1725 1795 illo
1750 1758 1807 1795 ita

102 1815 243 1853 scribit
264 1815 306 1852 in
327 1830 399 1853 suo
418 1815 562 1853 Diario
595 1816 648 1866 [p.
672 1816 746 1866 32]
771 1817 949 1854 Joannes
972 1816 1185 1866 episcopus
1208 1817 1482 1863 Carnotensis,
1505 1817 1557 1854 ad
1579 1817 1686 1855 diem
1708 1831 1807 1854 xvm

101 1874 238 1924 aprilis
261 1874 358 1911 anni
382 1875 730 1913 MCCCLXXXII
756 1891 763 1912 ι
789 1875 877 1913 Cele
897 1875 1058 1924 journee
1078 1875 1115 1924 je
1138 1876 1316 1913 demoure
1338 1879 1360 1913 ὰ
1384 1877 1466 1925 Api
1487 1878 1602 1925 apres
1624 1891 1662 1913 ce
1685 1890 1755 1926 que
1777 1877 1809 1913 le

96 1933 365 1971 chamberlenc
391 1935 443 1971 du
469 1948 572 1984 pape
597 1943 630 1972 et
656 1935 709 1971 les
734 1935 879 1972 aultres
903 1935 1035 1983 jurent
1060 1935 1199 1984 partis,
1227 1943 1260 1972 et
1285 1935 1371 1984 pris
1396 1936 1428 1972 le
1453 1943 1619 1972 serment
1645 1936 1688 1972 de
1715 1949 1810 1972 mes·

95 1992 178 2029 sire
201 1993 381 2042 Aymard
403 1994 447 2030 de
462 1994 500 2030 la
521 1993 639 2040 Volte,
665 1996 821 2043 evesque
845 1994 888 2030 de
912 1994 1130 2040 Asarseille,
1156 1994 1356 2031 conseiller
1370 2002 1501 2031 retenu
1521 1995 1564 2031 de
1587 2009 1661 2044 par
1685 2009 1807 2032 mons.

100 2060 134 2089 et
157 2066 204 2089 en
228 2066 296 2089 eus
320 2052 409 2089 letre
432 2053 563 2090 scelle'e
587 2053 631 2090 de
653 2067 725 2090 son
748 2053 824 2090 secl
846 2061 879 2090 et
902 2053 1144 2102 soubscripte
1169 2054 1212 2090 de
1235 2068 1280 2090 sa
1305 2053 1427 2090 main.
1454 2054 1503 2090 Et
1528 2053 1556 2090 li
1585 2053 1698 2091 baille
1722 2053 1811 2090 letre

101 2111 145 2148 de
161 2125 299 2157 mons.,
316 2112 433 2149 seele'e
449 2112 493 2149 de
508 2120 661 2149 retenue
678 2112 721 2149 de
737 2112 883 2149 conseil
897 2115 920 2149 a
938 2127 1053 2161 gages
1070 2113 1113 2149 cle
1130 2112 1200 2149 mil
1213 2112 1326 2161 frans
1343 2113 1386 2149 de
1402 2112 1569 2162 pensiori
1585 2127 1658 2162 par
1674 2127 1739 2150 an.

155 2170 198 2207 Ρ.
225 2170 314 2217 434,
340 2169 406 2220 lig.
432 2170 494 2208 32.
526 2171 572 2207 IN
600 2185 758 2209 cixsrno
784 2171 822 2209 S.
848 2171 1014 2208 ANGEM
1040 2171 1155 2220 cujus
1181 2171 1426 2209 castellanus
1451 2171 1535 2209 sive
1561 2171 1810 2220 gubernator

98 2237 190 2266 -erat
221 2229 364 2267 Petrus
396 2229 613 2267 Gaudelini
632 2229 648 2252 3
677 2230 760 2268 sive
792 2230 1002 2268 Guntelini
1033 2230 1081 2268 de
1113 2230 1263 2268 Sancto
1294 2230 1491 2280 Crispino,
1523 2231 1645 2280 vulgo
1675 2230 1808 2268 dictus

103 2287 247 2326 Petrus
276 2288 490 2338 Rostagni,
516 2303 604 2327 eam
632 2289 1032 2327 administrationem
1060 2289 1234 2339 adeptus
1261 2289 1335 2327 sub
1362 2289 1555 2339 Gregorio
1583 2289 1643 2326 XI
1670 2289 1808 2327 favore

102 2346 266 2385 Geraldi
296 2347 343 2385 de
375 2347 516 2395 Podio,
547 2348 763 2386 cardinalis
795 2348 1215 2397 Majorismonasterii,
1246 2347 1315 2397 qui
1343 2356 1433 2385 tum
1466 2348 1641 2387 Romani
1671 2347 1809 2385 Ponti-

104 2405 188 2444 ficis
216 2405 417 2445 vicarium
443 2407 593 2456 agebat
619 2407 659 2444 in
688 2407 934 2456 quibusdam
964 2407 1202 2445 civitatibus
1235 2407 1390 2453 Italiae,
1418 2415 1464 2444 ut
1491 2421 1613 2457 supra
1641 2422 1679 2456 p.
1710 2406 1810 2444 1179

97 2464 260 2503 dictum
289 2473 364 2503 est.
396 2465 451 2503 At
479 2479 573 2504 curn
603 2481 649 2504 eo
679 2474 862 2516 tempore
892 2466 932 2503 in
963 2474 1097 2504 castro
1123 2466 1262 2503 Sancti
1293 2466 1435 2515 Angeli
1459 2474 1594 2504 essent
1624 2466 1704 2503 duo
1734 2465 1809 2503 viri

97 2523 285 2572 ejusdem
316 2524 505 2571 nominis,
536 2533 708 2574 patruus
739 2533 781 2563 et
811 2539 949 2575 nepos,
981 2533 1152 2574 uterque
1184 2525 1443 2572 castellanus,
1476 2524 1645 2562 dubium
1679 2524 1805 2562 videri

100 2591 239 2633 potest
263 2583 315 2620 ad
341 2597 464 2632 quem
488 2598 627 2621 eorum
652 2584 888 2633 pertineant
912 2598 958 2621 ea
985 2598 1087 2633 quae
1113 2598 1210 2621 mox
1235 2583 1383 2621 dicturi
1408 2598 1547 2621 sumus
1574 2583 1622 2621 de
1647 2584 1808 2633 repulsa

102 2655 224 2691 quam
253 2655 396 2691 passus
424 2650 486 2680 est
514 2642 704 2681 Urbanus
734 2657 860 2692 quum
888 2651 1068 2680 castrum
1090 2642 1189 2679 illud
1216 2650 1430 2692 repeteret.
1461 2642 1538 2681 Sed
1560 2650 1655 2680 ante
1684 2656 1808 2691 quam

98 2701 150 2739 de
175 2714 221 2738 ea
245 2715 286 2738 re
312 2714 495 2750 agamus,
520 2701 790 2739 necessarium
816 2701 857 2738 in
881 2701 1020 2751 primis
1046 2701 1223 2739 arbitror
1247 2701 1458 2739 ostendere
1484 2701 1553 2751 qui
1578 2701 1729 2739 fuerint
1751 2701 1809 2738 illi

150 2854 183 2887 ‘l.
214 2851 282 2886 Ms.
311 2853 397 2893 cite,
426 2854 489 2886 fel.
518 2854 562 2886 47
591 2859 641 2886 v0.

152 2906 183 2939 2.
214 2906 263 2939 Le
282 2907 336 2938 1er
350 2907 475 2950 juillet
492 2907 585 2940 1378
605 2907 753 2949 d'apres
773 2907 899 2940 Valois
918 2908 958 2949 (t.
975 2920 999 2946 1,
1018 2919 1052 2950 p.
1073 2908 1155 2946 118,
1174 2913 1262 2940 note
1281 2908 1329 2950 3),
1347 2908 1378 2940 le
1397 2908 1440 2941 28
1458 2907 1552 2940 avril
1568 2908 1671 2940 selon
1691 2907 1810 2940 Eubcl

101 2959 385 3002 ·(Hierarchia‚t.
400 2972 423 2999 1,
437 2971 472 3002 p.
486 2960 556 2993 330
572 2966 608 2992 ct
619 2960 1013 2999 Allmnes-Clievalier,
1033 2960 1156 2993 Gallia
1166 2961 1368 2993 christiana
1380 2961 1592 3000 novissima,
1607 2961 1808 3001 Marseille,

102 3023 138 3045 n.
162 3013 260 3055 605).
282 3030 330 3034 ——
351 3011 422 3045 Sur
442 3013 597 3055 Aymar,
623 3013 703 3044 voir
724 3013 1106 3045 Albanes-Chevalier
1121 3014 1190 3056 (op.
1214 3014 1287 3053 cit„
1307 3014 1509 3053 Illarseille,
1533 3014 1602 3047 col.
1620 3014 1812 3057 368-380).

152 3065 185 3098 3.
218 3065 324 3097 Lisez
344 3065 542 3098 Gandelin.
567 3065 688 3098 Pierre
709 3065 896 3098 Gandelin
915 3066 1010 3099 etait
1029 3066 1219 3098 chatelain
1238 3072 1275 3098 et
1294 3067 1399 3099 avait
1415 3078 1510 3109 pour
1529 3066 1723 3099 auxiliaire
1744 3078 1810 3099 son

111 3118 229 3158 oncle,
260 3118 382 3151 Pierre
412 3118 599 3161 Rostaing
629 3118 781 3159 (Valois,
810 3123 901 3158 t.'11‚
931 3130 965 3162 p.
994 3119 1064 3152 486
1091 3125 1129 3151 et
1156 3120 1253 3162 505).
