2083 3458
263 187 344 228 668
911 201 1062 226 NOTAE
1097 200 1158 225 AD
1193 200 1320 225 vlTAs
1813 183 1965 239 [1146]

263 285 448 332 conclavi,
471 294 503 322 et
524 293 710 322 venerunt
731 299 818 322 cum
839 284 1039 322 cardinale
1059 285 1103 322 de
1123 283 1323 333 Agrifolio
1344 284 1395 321 ad
1414 283 1614 321 ecclesiam
1635 283 1770 322 Sancti
1793 282 1971 333 Spiritus

265 345 316 382 ad
346 359 465 382 suum
496 344 726 394 hospitium,
760 344 854 394 quia
885 352 966 382 erat
997 344 1091 381 hora
1123 344 1235 381 tarda
1267 343 1422 393 quando
1454 352 1650 381 Venerunt.
1684 343 1735 380 Et
1767 342 1972 380 veniebant

268 404 434 441 miiltum
449 404 575 442 tristes
589 412 622 441 et
638 404 804 441 multum
817 403 912 452 sessi
928 404 972 441 de
987 403 1085 441 dicto
1101 402 1286 441 conclavi.
1303 403 1354 440 Et
1366 403 1527 452 fuerunt
1542 403 1598 440 ibi
1615 417 1733 452 usque
1747 402 1799 439 ad
1813 409 1971 439 noctem.

267 464 317 500 Et
342 464 497 513 quando
520 463 599 512 fuit
624 478 712 510 nox,
739 463 833 513 quia
858 477 937 500 non
961 471 1070 500 erant
1093 462 1233 510 securi,
1268 462 1445 500 timentes
1479 462 1691 500 induerunt
1714 476 1753 499 se
1778 460 1974 498 mantellis

268 523 446 560 brevibus
470 537 588 572 usque
610 523 661 560 ad
683 523 856 560 medium
877 522 984 569 tibie,
1009 537 1055 559 ne
1077 530 1396 571 cognoscerentur
1416 536 1441 559 a
1463 522 1668 569 Romanis,
1692 530 1725 559 et
1748 521 1901 558 iverunt
1922 519 1973 557 ad

266 590 437 620 castrum
458 582 593 620 Sancti
614 582 773 631 Angeli.
796 582 847 619 Et
868 582 958 632 ipsa
979 582 1053 629 die,
1075 590 1285 631 antequam
1304 581 1453 619 exirent
1473 582 1517 619 de
1537 581 1724 628 conclavi,
1748 580 1830 617 ibat
1850 593 1972 617 came-

267 642 400 679 rarius
428 642 644 679 cardinalis
672 641 919 679 Pictavensis
947 642 999 679 ad
1026 640 1237 679 videndum
1265 641 1471 679 dominum
1497 655 1616 678 suum
1643 641 1695 678 ad
1721 639 1911 686 conclave,
1941 646 1974 676 et

268 701 440 739 Romani
459 702 644 739 dederunt
659 701 740 738 sibi
758 716 881 738 unam
898 701 1157 750 regladiatam
1176 700 1218 738 in
1235 714 1389 752 corona.
1413 700 1595 750 Idipsum
1613 708 1793 738 testatur
1811 697 1973 737 Garsias

271 761 381 800 Petri
399 761 447 799 de
466 761 637 799 Tassara
658 777 665 798 ε
687 761 784 799 Item
802 760 902 798 diaeit
919 761 1020 810 quod
1037 760 1133 798 vidit
1149 774 1379 810 percussum
1397 759 1440 797 in
1457 750 1582 809 capite
1600 759 1806 797 dominum
1825 757 1975 796 Johan-

270 835 358 858 nem
381 820 524 868 Ravia,
549 821 799 870 capellanum
823 820 1119 858 commensalem
1134 819 1351 857 cardinalis
1366 819 1625 866 Pictavensis,
1642 833 1753 869 quem
1778 817 1978 855 dicebatur

268 880 394 929 juisse
424 894 655 930 percussum
688 880 795 917 intus
829 880 871 917 in
903 879 1076 917 conclavi
1107 894 1176 929 per
1207 879 1419 917 Romanos.
1457 879 1561 917 Item
1595 878 1832 916 Fernandus
1857 875 1977 915 Petri

272 940 449 978 decanus
473 939 751 977 Tirasonensis
777 955 784 977 :
808 939 860 977 Et
881 939 1034 977 audivit
1056 940 1157 989 quod
1177 946 1449 989 percusserant
1470 947 1561 976 tunc
1583 938 1789 988 quemdam
1811 936 1977 986 capella-

272 1014 368 1037 num
392 999 609 1037 cardinalis
633 999 880 1036 Pictavensis
906 999 949 1036 in
973 999 1113 1048 capite,
1138 1006 1172 1036 et
1196 999 1297 1048 quod
1328 998 1610 1048 percussissent
1642 1011 1731 1035 eum
1757 996 1799 1034 in
1823 1009 1979 1045 corpore

272 1058 353 1096 nisi
377 1058 564 1096 tenuisset
587 1059 684 1096 duos
706 1059 883 1109 platellos
908 1058 951 1095 in
973 1058 1068 1096 sinu
1091 1066 1180 1095 ante
1202 1072 1253 1096 se.
1283 1058 1402 1096 Illum
1427 1058 1630 1095 ,Ioannem
1656 1057 1833 1095 Romam
1856 1062 1979 1093 vocat

273 1118 471 1157 Odoricus
502 1118 758 1167 Raynaldus,
787 1132 852 1156 an.
883 1118 997 1165 1378,
1032 1118 1048 1167 ἓ
1076 1117 1138 1156 56.

326 1178 514 1216 Tradunt
548 1178 674 1216 frater
709 1177 947 1225 Menendus,
984 1177 1197 1227 episcopus
1233 1176 1518 1226 Cordubensis,
1554 1184 1595 1215 et
1629 1176 1807 1213 Thomas
1843 1174 1978 1220 Petra,

274 1237 492 1276 canonicus
522 1237 793 1285 Patracensis,
822 1237 1046 1275 cardinales
1075 1236 1422 1284 Lemovicensem,
1450 1236 1498 1274 de
1526 1235 1735 1285 Agrifolio,
1765 1234 1980 1272 Pictaven-

274 1311 359 1336 sem
391 1305 432 1335 et
466 1297 514 1335 de
550 1297 665 1334 Luna
699 1297 821 1335 fuisse
854 1296 1094 1347 praecipuos
1129 1304 1315 1334 auctores
1349 1295 1557 1334 electionis
1590 1294 1775 1344 ejusdem
1809 1291 1979 1332 Urbani.

275 1357 329 1394 Et
355 1365 496 1395 sancta
524 1356 745 1394 Catharina
773 1356 938 1395 Suecica
964 1356 1076 1406 apud
1092 1355 1314 1395 Odoricum
1340 1354 1618 1404 Raynaldum,
1635 1368 1699 1392 an.
1729 1352 1842 1400 1379,
1876 1352 1892 1401 ἓ
1918 1351 1980 1398 20,

273 1424 453 1454 testatur
477 1416 552 1454 sibi
577 1416 732 1454 dictum
758 1416 880 1454 fuisse
905 1430 927 1453 a
952 1415 1156 1454 cardinale
1182 1414 1431 1454 pictaviensi
1453 1423 1495 1453 et
1518 1414 1570 1451 ab
1594 1414 1681 1452 aliis
1707 1411 1980 1462 cardinalibus

275 1476 376 1525 q‘u0d
396 1476 543 1513 dictum
563 1490 764 1513 summum
785 1475 905 1513 Ponti
910 1475 1020 1524 ficem
1040 1475 1233 1524 elegerant
1253 1474 1489 1512 concorditer
1508 1482 1644 1511 etcum
1668 1473 1768 1510 bona
1789 1472 1982 1509 voluntate

274 1543 386 1584 atque
400 1535 627 1584 perfecta...,
641 1543 682 1573 et
696 1535 829 1585 ipsum
846 1534 926 1583 fore
941 1549 1073 1571 verum
1088 1542 1121 1571 et
1134 1534 1355 1583 legitimum
1366 1548 1516 1584 papam
1530 1541 1563 1570 et
1577 1533 1736 1570 electum
1751 1530 1935 1569 canonice
1950 1537 1983 1567 et

276 1603 375 1632 nutu
400 1594 578 1644 Spiritus
603 1594 751 1632 Sancti.
779 1594 857 1632 Sed
880 1602 1047 1632 sanctae
1070 1593 1188 1632 istius
1213 1602 1254 1632 et
1276 1593 1452 1631 istorum
1476 1593 1650 1631 duorum
1673 1591 1844 1630 testium
1868 1588 1982 1628 testi-

275 1653 461 1692 monium
484 1654 603 1691 valde
626 1653 812 1703 infringit
836 1654 946 1703 quod
969 1653 1057 1704 ipsa
1081 1652 1225 1692 statim
1248 1652 1379 1700 addit,
1404 1652 1596 1692 nimirum
1620 1651 1775 1689 nullam
1797 1659 1983 1700 tempore

276 1713 484 1751 electionis
510 1712 595 1752 vim
621 1713 757 1760 fuisse,
784 1713 942 1750 nullum
968 1721 1125 1751 metum
1151 1727 1201 1751 ex
1228 1712 1438 1750 Romanis.
1470 1711 1585 1749 Istud
1611 1711 1719 1749 enim
1745 1725 1829 1748 esse
1857 1708 1983 1747 falsis-

277 1772 427 1811 simum
473 1772 673 1822 probatur
719 1772 967 1811 auctoritate
1003 1772 1218 1822 ipsiusmet
1253 1771 1468 1810 cardinalis
1505 1770 1793 1816 pictaviensis3
1831 1768 1900 1818 qui
1943 1767 1985 1805 in

279 1846 463 1870 sermone
494 1832 543 1870 de
574 1846 654 1881 quo
684 1840 827 1882 postea
858 1831 1008 1869 dicturi
1037 1845 1176 1871 sumus
1207 1831 1266 1869 ait
1296 1845 1389 1870 cum
1417 1830 1699 1880 indignatione
1730 1827 1984 1866 adversarios

282 1891 355 1930 Dei
374 1899 415 1929 et
435 1891 637 1930 Ecclesiae
658 1891 729 1940 (sic
748 1891 856 1929 enim
875 1891 1057 1941 appellat
1073 1891 1333 1939 Urbanistas)
1354 1890 1395 1927 in
1411 1889 1610 1940 principio
1625 1889 1736 1926 illam
1751 1888 1853 1926 adeo
1869 1895 1984 1925 noto-

281 1950 382 1990 riam
403 1950 643 1989 violentiam
665 1950 937 1989 cardinalibus
958 1950 1001 1988 in
1021 1950 1216 1989 electione
1235 1950 1409 1997 illatam,
1430 1958 1464 1987 et
1483 1963 1600 1999 quam
1621 1963 1688 1998 per
1705 1947 1780 1985 Dei
1803 1946 1984 1996 gratiam,

280 2010 429 2060 inquit,
456 2024 554 2059 pene
579 2024 711 2048 omnes
738 2025 843 2047 nunc
869 2010 1114 2059 confitentur,
1141 2023 1287 2059 negare
1313 2009 1502 2047 voluisse.
1533 2008 1687 2047 Deinde
1714 2006 1832 2045 addit
1858 2005 1985 2044 falsis-

280 2070 429 2109 simum
451 2084 535 2108 esse
558 2070 668 2119 quod
689 2070 906 2119 vulgatum
928 2077 1029 2117 erat,
1052 2069 1276 2110 cardinales
1299 2077 1395 2107 ante
1416 2068 1642 2118 ingressum
1665 2065 1867 2105 conclavis
1891 2064 1986 2103 deli-

282 2130 456 2177 berasse,
484 2138 652 2179 propter
679 2129 920 2167 divisionem
951 2143 1054 2179 quae
1082 2137 1170 2167 erat
1196 2128 1303 2166 inter
1329 2143 1410 2175 eos,
1439 2128 1595 2167 dictum
1621 2126 1986 2164 Bartholomaeum

281 2188 439 2238 eligere,
457 2203 549 2227 cum
566 2197 707 2229 tamen
724 2189 772 2227 de
784 2189 870 2238 ejus
885 2188 1089 2227 contrario
1105 2187 1319 2226 testificati
1336 2187 1418 2226 sint
1435 2201 1573 2227 omnes
1591 2185 1746 2226 domini
1763 2183 1986 2223 cardinales

283 2248 418 2286 medio
436 2248 684 2297 juramento.
708 2249 762 2286 Et
780 2257 827 2286 ut
847 2248 972 2286 etiam
992 2247 1243 2297 argumentis
1264 2247 1457 2285 ostendat
1475 2246 1586 2285 istud
1605 2260 1690 2284 esse
1710 2243 1986 2290 falsissimum,

283 2307 342 2345 ait
377 2307 493 2345 facile
529 2307 650 2346 fuisse
687 2307 960 2346 cardinalibus
997 2321 1250 2357 compescere
1285 2306 1500 2356 impetum,
1536 2314 1583 2343 ut
1617 2304 1681 2343 ille
1716 2303 1911 2353 loquitur,
1947 2309 1988 2340 et

284 2367 463 2405 furorem
495 2367 790 2414 Romanorum,
822 2367 855 2405 si
884 2382 925 2405 re
956 2380 1051 2405 vera
1084 2366 1332 2416 cogitassent
1363 2365 1411 2404 de
1442 2364 1626 2415 eligendo
1656 2363 1986 2401 Bartholomaeo.

287 2426 394 2465 Nam
423 2426 618 2464 Romanis
646 2426 882 2477 petentibus
909 2440 1062 2476 papam
1091 2426 1326 2465 Romanum
1353 2424 1417 2463 vel
1448 2424 1598 2463 Italum
1625 2431 1819 2473 poterant
1845 2420 1988 2460 statim

286 2485 528 2535 respondere
554 2500 594 2524 se
620 2486 844 2524 decrevisse
870 2485 1012 2535 eligere
1042 2484 1231 2523 Italicum
1255 2484 1378 2533 idque
1404 2483 1547 2522 statim
1570 2483 1763 2521 facturos.
1791 2481 1898 2519 Nam
1922 2493 1991 2530 per

288 2545 368 2592 hoc,
390 2544 538 2594 inquit,
561 2545 690 2582 omnis
711 2544 957 2594 congregatio
978 2552 1012 2582 et
1032 2543 1234 2582 commotio
1254 2542 1395 2593 populi
1417 2550 1641 2589 cessassent,
1663 2542 1720 2579 sic
1741 2541 1853 2591 quod,
1876 2546 1991 2590 prout

287 2612 480 2654 speratur,
506 2619 610 2641 unus
632 2605 739 2642 solus
762 2618 841 2641 non
861 2604 1002 2653 suisset
1023 2611 1212 2641 armatus.

342 2663 532 2701 Urbanus
567 2671 709 2703 tamen
743 2671 960 2702 coronatus
996 2671 1057 2701 est
1074 2671 1075 2675 ’
1091 2662 1142 2699 ab
1178 2661 1366 2701 omnibus
1402 2660 1676 2699 cardinalibus
1713 2659 1775 2697 die
1811 2658 1990 2696 Paschae

291 2737 391 2759 xvm
419 2722 568 2772 aprilis.
598 2722 798 2761 Postridie
826 2736 918 2761 cum
943 2722 1019 2760 illis
1046 2721 1088 2758 in
1113 2735 1262 2770 magna
1289 2720 1443 2770 capella
1481 2719 1625 2770 palatii
1651 2717 1866 2769 apostolici
1892 2716 1990 2755 cele-

288 2781 397 2818 brari
421 2781 516 2819 fecit
540 2796 676 2821 coram
700 2797 740 2820 56
764 2781 998 2820 solemniter
1020 2789 1062 2819 et
1086 2780 1293 2818 cantando
1311 2779 1478 2818 missam
1501 2793 1573 2829 pro
1598 2777 1800 2816 defunctis
1825 2783 1991 2827 propter

289 2840 560 2879 reverentiam
588 2849 628 2879 et
655 2841 895 2880 memoriam
921 2848 1087 2879 sanctae
1114 2838 1334 2879 memoriae
1362 2837 1543 2888 Gregorii
1569 2836 1798 2875 immediati
1824 2834 1990 2886 praede—

291 2899 455 2937 cessoris
481 2899 555 2946 sui7
581 2908 614 2937 et
637 2914 723 2937 eam
740 2900 943 2937 celebravit
968 2899 1011 2936 in
1031 2899 1200 2937 vestibus
1225 2906 1258 2935 et
1281 2897 1521 2935 ornamentis
1542 2895 1841 2947 pontificalibus
1866 2893 1990 2932 cardi-

292 2958 395 2995 nalis
416 2958 674 3005 Pictawensis,
696 2959 831 3008 inquit
853 2959 1032 2997 Jacobus
1054 2958 1102 2995 de
1125 2958 1228 2995 Seva
1246 2956 1274 3004 1,
1296 2972 1335 3007 p.
1358 2956 1446 2995 501.

342 3082 373 3114 Ἰ.
405 3082 579 3122 Bulaeus,
612 3083 783 3116 Historia
818 3083 1080 3116 Universitatis
1110 3081 1351 3120 Parisiensis,
1384 3086 1410 3113 t.
1441 3091 1492 3113 1v.
