2083 3458
85 206 236 261 [1145]
602 222 820 248 PAPARUM
856 222 1237 248 AVENJONENsmM
1682 206 1761 247 667

125 304 244 343 Anno
271 305 636 344 MCCCLXXVIII
664 305 855 356 Gregorio
881 319 988 356 papa
1015 296 1253 355 aegrotante
1282 307 1449 353 Romae,
1477 305 1610 344 Guido
1637 303 1763 343 cardi-

76 363 177 403 nalis
198 379 335 414 preces
357 363 409 401 ad
433 364 564 402 Deum
585 379 657 415 pro
678 364 764 414 ejus
786 364 1022 402 valetudine
1046 365 1130 402 fieri
1151 365 1397 415 procuravit.
1422 365 1519 414 Ejus
1541 364 1596 402 rei
1616 371 1764 402 testem

73 423 254 473 produco
280 423 449 461 fratrem
475 423 713 462 Michaelem
738 423 975 462 monasterii
1001 423 1139 462 Sancti
1163 423 1465 462 Bartholomaei
1490 424 1538 462 de
1565 422 1763 473 Lupiana,

76 481 226 520 ordinis
251 482 383 520 sancti
411 481 663 531 Hieronymi,
689 482 910 521 Toletanae
935 481 1174 529 dioeceseos,
1201 482 1269 532 qui
1293 483 1350 520 ita
1376 482 1555 532 loquitur
1579 481 1619 519 in
1644 482 1763 531 depo-

73 540 218 579 sitione
251 540 356 579 sua1
391 556 399 578 ε
434 540 614 590 Quadam
647 541 720 588 die,
750 556 837 579 cum
869 555 989 578 essem
1023 541 1065 578 in
1097 541 1264 591 hospitio
1297 541 1446 579 domini
1467 540 1640 590 Alsonsi,
1673 539 1766 577 olim

80 599 316 637 Giennensis
343 599 532 650 episcopi,
562 614 650 637 cum
678 614 751 650 quo
788 599 1027 650 hospitabam
1056 600 1210 649 ipseque
1240 600 1505 649 infirmaretur
1532 608 1565 637 et
1592 607 1686 636 esset
1723 598 1764 635 in

72 658 176 706 lecto,
201 658 303 696 venit
325 658 485 708 quidam
507 659 558 696 ad
578 673 680 706 eum,
703 673 814 709 quem
837 659 945 696 misit
966 659 1181 696 cardinalis
1202 659 1457 706 Pictavensis,
1489 673 1576 696 cum
1598 658 1766 708 quadam

72 718 229 755 scedula
250 717 292 755 in
313 732 389 767 qua
408 717 570 767 rogabat
590 732 678 755 eum
698 718 800 768 quod
818 726 968 767 rogaret
984 718 1112 755 Deum
1132 732 1202 767 pro
1222 733 1330 767 papa
1345 719 1400 755 vel
1419 718 1571 755 similia
1591 716 1717 762 verba,
1732 724 1766 753 et

74 777 174 826 quod
188 777 511 814 recommendaret
526 791 615 814 eum
633 776 713 814 illis
728 777 849 814 servis
864 776 939 814 Dei
966 777 1010 814 de
1027 776 1169 826 quibus
1195 777 1334 814 videret
1358 777 1547 827 expedire.
1575 777 1625 813 Et
1640 775 1765 813 dictus

71 835 280 886 episcopus
311 835 633 873 recommendavit
664 835 783 873 michi
814 850 903 873 eum
934 844 967 873 et
998 836 1091 873 aliis
1123 850 1210 873 cum
1241 836 1341 884 facie
1372 836 1472 873 tristi
1505 835 1635 873 dicens
1667 835 1767 884 quod

72 894 246 932 credebat
267 895 368 945 quod
386 894 422 932 si
445 909 554 945 papa
582 894 625 933 G.
651 903 869 941 moreretur,
894 895 995 944 quod
1015 903 1109 932 esset
1140 895 1262 932 multa
1283 895 1484 932 tribulatio
1507 895 1638 932 Rome.

126 953 323 992 Extincto
350 953 516 992 tandem
546 953 751 1003 Gregorio,
780 968 872 992 cum
899 953 1122 992 cardinales
1149 953 1254 991 inter
1280 969 1318 991 se
1346 961 1571 991 tractarent
1598 952 1764 1002 quinam

72 1012 243 1063 adipisci
271 1012 497 1063 principem
526 1012 661 1051 locum
691 1021 870 1063 possent,
903 1021 1058 1052 certum
1097 1021 1158 1050 est
1190 1012 1420 1064 Lemovices
1451 1013 1628 1063 primum
1661 1010 1763 1059 cogi-

73 1079 181 1110 tasse
203 1072 251 1110 de
273 1071 476 1110 cardinale
499 1071 765 1118 Pictaviensi3
786 1071 908 1121 idque
930 1080 1130 1110 testatum
1151 1072 1307 1109 faciunt
1327 1080 1463 1110 vetera
1485 1077 1762 1108 monumenta.

75 1130 129 1169 Et
152 1144 247 1169 sane
273 1131 451 1169 Joannes
477 1130 623 1178 Sancii,
647 1131 920 1181 portionarius
945 1131 1178 1177 Toletanus,
1203 1131 1243 1167 in
1267 1130 1516 1180 depositione
1540 1143 1610 1167 sua
1630 1128 1644 1151 2
1667 1127 1764 1166 dixit

73 1190 174 1240 quod
193 1190 413 1228 cardinales
433 1189 668 1239 aliquotiens
687 1190 847 1239 suerunt
858 1190 1079 1239 congregati
1102 1190 1144 1226 in
1154 1190 1239 1227 suis
1260 1190 1443 1239 hospitiis
1464 1197 1541 1226 tam
1562 1196 1764 1237 postquam

74 1249 352 1299 desperabatur
370 1249 414 1286 de
433 1248 512 1286 vita
530 1263 633 1299 pape
644 1263 760 1298 quam
771 1257 976 1299 postquam
989 1257 1163 1286 mortuus
1174 1257 1238 1286 est.
1253 1249 1302 1286 Et
1313 1248 1464 1286 audivit
1476 1248 1575 1297 quod
1584 1246 1764 1284 cardina-

72 1307 122 1345 lis
148 1307 394 1346 Pictavensis
421 1308 586 1351 habebat
604 1308 806 1346 duodecim
826 1322 944 1355 voces,
960 1316 993 1346 et
1008 1308 1091 1357 ipse
1106 1308 1254 1345 dicebat
1268 1308 1368 1357 quod
1382 1307 1532 1344 nolebat
1546 1320 1625 1343 esse
1644 1319 1762 1355 papa.

128 1367 239 1405 Inter
263 1367 375 1414 haec,
402 1367 576 1417 populus
602 1381 794 1407 romanus
820 1367 1156 1406 tumultuabatur
1191 1376 1231 1405 et
1267 1381 1417 1416 papam
1445 1366 1677 1404 Romanum
1702 1363 1764 1401 vel

78 1425 266 1465 Italicum
296 1426 386 1476 eligi
416 1426 668 1476 postulabat.
705 1426 750 1463 In
780 1426 1033 1476 depositione
1063 1440 1182 1476 porro
1214 1425 1369 1472 Jacobi,
1402 1424 1609 1463 camerarii
1639 1422 1764 1461 cardi-

74 1484 175 1523 nalis
205 1485 344 1524 Sancti
373 1485 496 1533 Petri,
524 1485 580 1524 sic
608 1485 805 1535 scriptum
834 1484 926 1523 est3
955 1501 961 1523 :
998 1486 1091 1523 Item
1119 1485 1215 1522 vidit
1242 1485 1342 1534 quod
1368 1485 1521 1533 quando
1549 1482 1765 1520 cardinales

75 1543 318 1582 intraverunt
350 1545 538 1592 conclave,
573 1545 796 1582 clamabant
828 1544 1000 1582 Romani
1034 1545 1134 1594 quod
1166 1544 1390 1581 Romanum
1423 1543 1597 1580 volebant
1629 1541 1685 1578 vel
1716 1540 1766 1577 ad

74 1603 209 1641 minus
228 1603 440 1643 Ytalicum.
456 1604 506 1641 Et
521 1604 618 1641 vidit
632 1604 904 1653 quodquidam
919 1603 1064 1640 nobilis
1078 1617 1265 1640 romanus
1278 1611 1363 1652 post
1386 1602 1603 1651 ingressum
1618 1599 1764 1637 concla-

74 1662 194 1700 clavis
213 1663 314 1713 cepit
333 1663 377 1701 de
396 1663 534 1700 raubis
553 1663 704 1700 domini
725 1662 941 1700 cardinalis
960 1662 1205 1700 Pictavensis
1224 1676 1344 1712 prope
1364 1662 1578 1707 humerum,
1599 1667 1632 1696 et
1650 1657 1766 1696 traxit

73 1735 161 1759 eum
187 1722 493 1772 aliquantulum,
521 1730 555 1759 et
580 1722 681 1760 dixit
705 1722 785 1759 sibi
810 1737 822 1760 .·
856 1721 1000 1769 Videte,
1028 1722 1252 1759 Romanum
1280 1721 1456 1759 volumus
1484 1720 1538 1757 vel
1570 1718 1766 1756 Ytalicum

73 1781 125 1818 ad
143 1781 289 1819 minus.
312 1781 419 1819 Nam
439 1795 503 1818 vos
522 1781 595 1819 alii
616 1781 782 1819 multum
802 1781 982 1819 tenuistis
1001 1789 1206 1830 papatum.
1228 1781 1279 1817 Et
1305 1779 1517 1829 respiciens
1536 1792 1623 1815 eum
1643 1776 1767 1814 dictus

73 1839 289 1878 cardinalis
306 1840 385 1889 suit
404 1848 577 1878 mutatus
597 1840 640 1878 in
658 1840 759 1889 facie
778 1849 933 1890 propter
952 1840 1066 1877 verba
1087 1840 1195 1877 illius
1215 1838 1397 1877 Romani.

127 1899 228 1937 Cum
260 1899 483 1938 cardinales
515 1908 649 1938 essent
680 1899 721 1937 in
752 1899 949 1946 conclavi,
981 1907 1022 1937 et
1051 1899 1104 1937 ad
1135 1898 1447 1948 compescendos
1480 1897 1630 1934 furores
1662 1894 1764 1932 insa-

74 1957 222 1996 nientis
243 1958 383 2009 populi
404 1958 538 1997 visum
558 1974 578 1997 e
599 1974 640 1997 re
660 1959 824 2009 publica
846 1959 988 1996 fuisset
1009 1966 1055 1995 ut
1076 1958 1109 1996 ei
1130 1957 1366 1995 illuderetur
1385 1971 1456 2006 per
1476 1955 1646 2006 speciem
1669 1953 1765 1992 elec-

74 2016 210 2065 tionis,
230 2017 387 2056 dictum
406 2025 467 2056 est
486 2017 733 2057 cardinalem
754 2018 892 2056 Sancti
912 2017 1035 2064 Petri,
1055 2017 1123 2067 qui
1142 2025 1229 2055 erat
1250 2016 1472 2062 Romanus,
1491 2014 1664 2052 electum
1682 2026 1765 2050 esse

73 2089 244 2126 papam;
270 2076 392 2126 idque
418 2077 595 2115 maxime
621 2085 781 2127 gratum
809 2077 888 2114 fuit
914 2076 1123 2114 Romanis.
1150 2076 1204 2113 At
1228 2083 1448 2125 postquam
1474 2072 1680 2122 cognitum
1706 2077 1766 2108 est

74 2148 198 2185 quam
218 2135 269 2174 ob
289 2149 452 2174 causam
472 2135 583 2174 istud
603 2136 746 2174 fuisset
763 2136 968 2186 jactatum
987 2135 1028 2173 in
1048 2135 1205 2184 vulgus,
1225 2143 1315 2172 tum
1331 2148 1426 2171 vero
1447 2130 1620 2171 Romani
1640 2127 1765 2178 magis

74 2193 218 2242 furere,
246 2194 449 2234 concitare
474 2195 649 2245 plebem,
673 2203 714 2234 et
741 2195 875 2233 omnia
903 2209 1018 2244 agere
1037 2209 1108 2244 per
1134 2207 1236 2243 quae
1256 2192 1477 2232 cardinales
1505 2196 1692 2239 cogerent
1714 2187 1764 2225 ad

73 2252 304 2302 eligendum
321 2268 473 2304 papam
491 2254 568 2292 sibi
586 2262 762 2304 gratum.
782 2255 832 2292 Et
843 2263 934 2292 tunc
951 2261 1115 2303 quatuor
1132 2252 1363 2298 cardinales,
1382 2250 1516 2299 inquit
1535 2248 1766 2298 Stephanus

74 2312 286 2363 episcopus
316 2313 562 2352 Tudertinus
582 2313 611 2361 4,
642 2314 815 2351 videlicet
842 2312 1141 2359 Lemovicensis,
1171 2310 1428 2356 Pictavensis,
1464 2305 1706 2346 Vivariensis
1734 2312 1767 2342 et

76 2371 120 2408 de
141 2371 328 2409 Alvernio
350 2372 595 2422 projecerunt
615 2387 655 2410 se
676 2387 745 2422 per
769 2387 890 2410 unam
913 2385 1104 2409 cameram
1127 2371 1171 2408 de
1194 2369 1342 2419 palatio
1367 2369 1408 2406 in
1431 2368 1552 2405 aliam
1575 2378 1766 2403 cameram

79 2430 320 2479 inferiorem;
347 2439 380 2469 et
402 2431 563 2480 suerunt
588 2431 735 2469 inventi
759 2446 828 2481 per
852 2431 1003 2481 aliquos
1028 2430 1238 2475 Romanos,
1263 2436 1297 2466 et
1321 2442 1388 2477 per
1411 2427 1562 2475 aliquos
1586 2423 1765 2473 officiales

76 2503 164 2527 cum
187 2489 312 2527 verbis
335 2498 369 2528 et
390 2490 486 2539 sorte
508 2505 596 2528 cum
619 2491 840 2528 verberibus
862 2491 1021 2539 fuerant
1045 2489 1087 2526 in
1110 2488 1304 2538 palatium
1327 2485 1483 2523 reducti.

129 2548 288 2588 Timore
309 2549 449 2599 itaque
472 2549 614 2589 mortis
637 2550 844 2599 elegerunt
865 2548 1226 2586 Bartholomaeum
1249 2545 1596 2594 archiepiscopum
1617 2542 1764 2578 Baren-

76 2621 173 2646 sem.
200 2608 325 2645 Facta
350 2623 446 2646 vero
478 2616 685 2658 potestate
710 2608 943 2647 discedendi
975 2622 994 2646 e
1019 2606 1214 2652 conclavi,
1239 2604 1457 2642 cardinales
1489 2603 1532 2639 de
1555 2599 1765 2650 Agrifoli0‚

79 2666 215 2716 inquit
248 2666 290 2704 in
333 2681 405 2705 sua
442 2667 728 2717 depositione5
764 2666 985 2705 Rodericus
1016 2664 1230 2711 Fernandi,
1257 2661 1529 2713 portionarius
1567 2657 1765 2698 Ecclesiae

78 2725 344 2775 HispalensiS‚
368 2734 402 2764 et
424 2726 682 2774 Pictavensis,
708 2726 843 2764 Sancti
867 2725 1012 2774 Angeli
1035 2733 1069 2762 et
1088 2724 1121 2761 V
1125 2722 1332 2761 ivariensis
1347 2727 1580 2758 recesserunt
1603 2719 1646 2755 de
1669 2717 1766 2754 dicto

124 2869 156 2902 1.
186 2868 227 2902 B.
253 2868 311 2908 N„
335 2880 402 2902 ms.
425 2867 521 2901 latin
543 2868 673 2908 11745,
695 2868 757 2901 fol.
782 2868 851 2901 104
875 2872 924 2901 νο.

188 2921 255 2955 Ms.
274 2921 359 2961 cite,
376 2921 439 2954 fol.
457 2921 527 2954 158
544 2925 594 2954 v0.

188 2974 254 3008 Ms.
281 2974 365 3014 cite,
390 2973 453 3007 fol.
480 2973 525 3007 70
547 2978 591 3007 ΓΟ.

187 3027 254 3060 Ms.
284 3027 368 3067 cite,
396 3026 459 3060 fol.
488 3027 534 3060 76
559 3031 603 3060 r⁰.

189 3079 256 3113 Ms.
278 3080 363 3120 cite,
383 3079 446 3113 fol.
467 3080 536 3113 103
556 3084 607 3113 νῦ.

123 2922 157 3113 ΨΡΕΨΞΟ
