<?xml version="1.0" encoding="UTF-8"?>
<!DOCTYPE html PUBLIC "-//W3C//DTD XHTML 1.0 Transitional//EN"
    "http://www.w3.org/TR/xhtml1/DTD/xhtml1-transitional.dtd">
<html xmlns="http://www.w3.org/1999/xhtml" xml:lang="en" lang="en">
 <head>
  <title>
</title>
<meta http-equiv="Content-Type" content="text/html;charset=utf-8" />
  <meta name='ocr-system' content='tesseract 3.04.00' />
  <meta name='ocr-capabilities' content='ocr_page ocr_carea ocr_par ocr_line ocrx_word'/>
</head>
<body>
  <div class='ocr_page' id='page_1' title='image "./vitaepaparumaven02balu_0690.png"; bbox 0 0 2083 3458; ppageno 0'>
   <div class='ocr_carea' id='block_1_1' title="bbox 241 211 1970 267">
    <p class='ocr_par' dir='ltr' id='par_1_1' title="bbox 241 211 1970 267">
     <span class='ocr_line' id='line_1_1' title="bbox 241 211 1970 267; baseline -0.001 -14"><span class='ocrx_word' id='word_1_1' title='bbox 241 211 322 253; x_wconf 77' lang='lat'>680</span> <span class='ocrx_word' id='word_1_2' title='bbox 898 227 1049 253; x_wconf 82' lang='lat' dir='ltr'><strong>NOTAE</strong></span> <span class='ocrx_word' id='word_1_3' title='bbox 1084 228 1144 252; x_wconf 86' lang='lat' dir='ltr'>AD</span> <span class='ocrx_word' id='word_1_4' title='bbox 1179 228 1307 253; x_wconf 79' lang='lat' dir='ltr'>VITAs</span> <span class='ocrx_word' id='word_1_5' title='bbox 1700 250 1704 252; x_wconf 71' lang='grc'>,</span> <span class='ocrx_word' id='word_1_6' title='bbox 1802 212 1970 267; x_wconf 77' lang='lat'>[1610]-</span> 
     </span>
    </p>
   </div>
   <div class='ocr_carea' id='block_1_2' title="bbox 240 307 1965 2926">
    <p class='ocr_par' dir='ltr' id='par_1_2' title="bbox 241 307 1954 410">
     <span class='ocr_line' id='line_1_2' title="bbox 242 307 1954 362; baseline 0 -11"><span class='ocrx_word' id='word_1_7' title='bbox 242 312 468 359; x_wconf 84' lang='lat' dir='ltr'>consilium,</span> <span class='ocrx_word' id='word_1_8' title='bbox 499 312 564 350; x_wconf 78' lang='lat' dir='ltr'>vel</span> <span class='ocrx_word' id='word_1_9' title='bbox 595 312 778 350; x_wconf 82' lang='lat' dir='ltr'>favorem</span> <span class='ocrx_word' id='word_1_10' title='bbox 809 320 1022 362; x_wconf 76' lang='lat' dir='ltr'>praestent</span> <span class='ocrx_word' id='word_1_11' title='bbox 1052 312 1184 352; x_wconf 86' lang='lat' dir='ltr'>eidem</span> <span class='ocrx_word' id='word_1_12' title='bbox 1215 312 1412 351; x_wconf 81' lang='lat' dir='ltr'>cardinali</span> <span class='ocrx_word' id='word_1_13' title='bbox 1442 313 1711 353; x_wconf 83' lang='lat' dir='ltr'>Ambianensi</span> <span class='ocrx_word' id='word_1_14' title='bbox 1739 322 1781 352; x_wconf 91' lang='lat' dir='ltr'>et</span> <span class='ocrx_word' id='word_1_15' title='bbox 1811 307 1954 351; x_wconf 81' lang='lat' dir='ltr'>ceteris</span> 
     </span>
     <span class='ocr_line' id='line_1_3' title="bbox 241 371 761 410; baseline -0.002 0"><span class='ocrx_word' id='word_1_16' title='bbox 241 372 292 410; x_wconf 88' lang='lat' dir='ltr'>ab</span> <span class='ocrx_word' id='word_1_17' title='bbox 318 372 485 410; x_wconf 87' lang='lat' dir='ltr'>Urbano</span> <span class='ocrx_word' id='word_1_18' title='bbox 509 371 715 410; x_wconf 88' lang='lat' dir='ltr'>damnatis</span> <span class='ocrx_word' id='word_1_19' title='bbox 734 371 761 409; x_wconf 77' lang='lat'>¹.</span> 
     </span>
    </p>

    <p class='ocr_par' dir='ltr' id='par_1_3' title="bbox 240 431 1965 2926">
     <span class='ocr_line' id='line_1_4' title="bbox 294 431 1955 483; baseline -0.001 -13"><span class='ocrx_word' id='word_1_20' title='bbox 294 431 490 470; x_wconf 84' lang='lat' dir='ltr'>Odoricus</span> <span class='ocrx_word' id='word_1_21' title='bbox 516 431 772 480; x_wconf 85' lang='lat' dir='ltr'>Raynaldus,</span> <span class='ocrx_word' id='word_1_22' title='bbox 795 445 860 469; x_wconf 88' lang='lat' dir='ltr'>an.</span> <span class='ocrx_word' id='word_1_23' title='bbox 886 431 1000 479; x_wconf 82' lang='lat'>1379,</span> <span class='ocrx_word' id='word_1_24' title='bbox 1026 432 1043 480; x_wconf 65' lang='grc' dir='ltr'>ἓ</span> <span class='ocrx_word' id='word_1_25' title='bbox 1067 431 1128 479; x_wconf 88' lang='grc'>12,</span> <span class='ocrx_word' id='word_1_26' title='bbox 1150 432 1274 470; x_wconf 82' lang='lat' dir='ltr'><strong>refert</strong></span> <span class='ocrx_word' id='word_1_27' title='bbox 1295 432 1466 483; x_wconf 77' lang='lat' dir='ltr'>insigne,</span> <span class='ocrx_word' id='word_1_28' title='bbox 1489 441 1536 470; x_wconf 90' lang='lat' dir='ltr'>ut</span> <span class='ocrx_word' id='word_1_29' title='bbox 1556 432 1621 471; x_wconf 89' lang='lat' dir='ltr'>ille</span> <span class='ocrx_word' id='word_1_30' title='bbox 1643 441 1781 481; x_wconf 85' lang='lat' dir='ltr'>vocat,</span> <span class='ocrx_word' id='word_1_31' title='bbox 1806 431 1955 470; x_wconf 86' lang='lat' dir='ltr'>Vatici-</span> 
     </span>
     <span class='ocr_line' id='line_1_5' title="bbox 241 490 1954 541; baseline 0 -12"><span class='ocrx_word' id='word_1_32' title='bbox 241 492 354 529; x_wconf 86' lang='lat' dir='ltr'>nium</span> <span class='ocrx_word' id='word_1_33' title='bbox 370 490 446 528; x_wconf 84' lang='lat' dir='ltr'>viri</span> <span class='ocrx_word' id='word_1_34' title='bbox 461 490 635 540; x_wconf 79' lang='lat' dir='ltr'>religiosi</span> <span class='ocrx_word' id='word_1_35' title='bbox 653 490 822 529; x_wconf 86' lang='lat' dir='ltr'>Joannis</span> <span class='ocrx_word' id='word_1_36' title='bbox 839 506 858 529; x_wconf 95' lang='lat' dir='ltr'>e</span> <span class='ocrx_word' id='word_1_37' title='bbox 876 491 1120 541; x_wconf 86' lang='lat' dir='ltr'>Rupescissa</span> <span class='ocrx_word' id='word_1_38' title='bbox 1135 491 1355 531; x_wconf 83' lang='lat' dir='ltr'>inventum</span> <span class='ocrx_word' id='word_1_39' title='bbox 1369 492 1476 530; x_wconf 88' lang='lat' dir='ltr'>inter</span> <span class='ocrx_word' id='word_1_40' title='bbox 1490 501 1761 532; x_wconf 87' lang='lat' dir='ltr'>monumenta</span> <span class='ocrx_word' id='word_1_41' title='bbox 1778 491 1954 530; x_wconf 86' lang='lat' dir='ltr'>Avenio-</span> 
     </span>
     <span class='ocr_line' id='line_1_6' title="bbox 240 550 1956 601; baseline 0.001 -13"><span class='ocrx_word' id='word_1_42' title='bbox 240 550 394 597; x_wconf 86' lang='lat' dir='ltr'>nensia,</span> <span class='ocrx_word' id='word_1_43' title='bbox 416 565 466 588; x_wconf 78' lang='lat' dir='ltr'>ex</span> <span class='ocrx_word' id='word_1_44' title='bbox 487 564 567 599; x_wconf 87' lang='lat' dir='ltr'>quo</span> <span class='ocrx_word' id='word_1_45' title='bbox 588 550 768 590; x_wconf 86' lang='lat' dir='ltr'>multum</span> <span class='ocrx_word' id='word_1_46' title='bbox 789 550 980 600; x_wconf 78' lang='lat' dir='ltr'>adjuvari</span> <span class='ocrx_word' id='word_1_47' title='bbox 999 559 1124 601; x_wconf 84' lang='lat' dir='ltr'>putat</span> <span class='ocrx_word' id='word_1_48' title='bbox 1145 565 1313 590; x_wconf 86' lang='lat' dir='ltr'>causam</span> <span class='ocrx_word' id='word_1_49' title='bbox 1334 551 1505 590; x_wconf 83' lang='lat' dir='ltr'>Urbani.</span> <span class='ocrx_word' id='word_1_50' title='bbox 1528 552 1681 591; x_wconf 86' lang='lat' dir='ltr'>Verum</span> <span class='ocrx_word' id='word_1_51' title='bbox 1706 551 1956 589; x_wconf 87' lang='lat' dir='ltr'>Vaticinium</span> 
     </span>
     <span class='ocr_line' id='line_1_7' title="bbox 240 610 1955 661; baseline -0.001 -12"><span class='ocrx_word' id='word_1_52' title='bbox 240 611 340 649; x_wconf 87' lang='lat' dir='ltr'>illud</span> <span class='ocrx_word' id='word_1_53' title='bbox 356 610 404 649; x_wconf 91' lang='lat' dir='ltr'>de</span> <span class='ocrx_word' id='word_1_54' title='bbox 420 618 606 660; x_wconf 88' lang='lat' dir='ltr'>tempore</span> <span class='ocrx_word' id='word_1_55' title='bbox 620 610 701 648; x_wconf 90' lang='lat' dir='ltr'>isto</span> <span class='ocrx_word' id='word_1_56' title='bbox 716 625 799 648; x_wconf 92' lang='lat' dir='ltr'>non</span> <span class='ocrx_word' id='word_1_57' title='bbox 813 625 930 660; x_wconf 90' lang='lat' dir='ltr'>posse</span> <span class='ocrx_word' id='word_1_58' title='bbox 946 610 1118 660; x_wconf 74' lang='lat' dir='ltr'>intelligi</span> <span class='ocrx_word' id='word_1_59' title='bbox 1132 619 1250 661; x_wconf 88' lang='lat' dir='ltr'>patet</span> <span class='ocrx_word' id='word_1_60' title='bbox 1265 619 1406 661; x_wconf 89' lang='lat' dir='ltr'>aperte</span> <span class='ocrx_word' id='word_1_61' title='bbox 1422 626 1473 649; x_wconf 80' lang='lat' dir='ltr'>ex</span> <span class='ocrx_word' id='word_1_62' title='bbox 1487 612 1621 650; x_wconf 86' lang='lat' dir='ltr'>verbis</span> <span class='ocrx_word' id='word_1_63' title='bbox 1639 612 1725 661; x_wconf 86' lang='lat' dir='ltr'>ejus</span> <span class='ocrx_word' id='word_1_64' title='bbox 1745 610 1955 658; x_wconf 84' lang='lat' dir='ltr'>Vaticinii,</span> 
     </span>
     <span class='ocr_line' id='line_1_8' title="bbox 240 669 1959 721; baseline -0.001 -13"><span class='ocrx_word' id='word_1_65' title='bbox 240 685 323 709; x_wconf 89' lang='lat' dir='ltr'>non</span> <span class='ocrx_word' id='word_1_66' title='bbox 348 669 580 719; x_wconf 84' lang='lat' dir='ltr'>cujusmodi</span> <span class='ocrx_word' id='word_1_67' title='bbox 605 669 764 709; x_wconf 89' lang='lat' dir='ltr'>editum</span> <span class='ocrx_word' id='word_1_68' title='bbox 790 678 851 708; x_wconf 87' lang='lat' dir='ltr'>est</span> <span class='ocrx_word' id='word_1_69' title='bbox 877 683 899 707; x_wconf 90' lang='lat' dir='ltr'>a</span> <span class='ocrx_word' id='word_1_70' title='bbox 928 670 1160 720; x_wconf 82' lang='lat' dir='ltr'>Raynaldo,</span> <span class='ocrx_word' id='word_1_71' title='bbox 1187 670 1258 709; x_wconf 88' lang='lat' dir='ltr'>sed</span> <span class='ocrx_word' id='word_1_72' title='bbox 1285 671 1422 721; x_wconf 87' lang='lat' dir='ltr'>qualia</span> <span class='ocrx_word' id='word_1_73' title='bbox 1448 680 1596 709; x_wconf 77' lang='lat' dir='ltr'>extant</span> <span class='ocrx_word' id='word_1_74' title='bbox 1621 671 1662 709; x_wconf 91' lang='lat' dir='ltr'>in</span> <span class='ocrx_word' id='word_1_75' title='bbox 1688 671 1826 710; x_wconf 86' lang='lat' dir='ltr'>codice</span> <span class='ocrx_word' id='word_1_76' title='bbox 1854 669 1959 708; x_wconf 79' lang='lat'><em>4356</em></span> 
     </span>
     <span class='ocr_line' id='line_1_9' title="bbox 240 728 1957 780; baseline -0.001 -12"><span class='ocrx_word' id='word_1_77' title='bbox 240 730 512 768; x_wconf 78' lang='lat' dir='ltr'>bibliothecae</span> <span class='ocrx_word' id='word_1_78' title='bbox 541 729 799 768; x_wconf 84' lang='lat' dir='ltr'>Colbertinae</span> <span class='ocrx_word' id='word_1_79' title='bbox 818 728 851 775; x_wconf 80' lang='lat'>23</span> <span class='ocrx_word' id='word_1_80' title='bbox 889 729 960 767; x_wconf 91' lang='lat' dir='ltr'>ubi</span> <span class='ocrx_word' id='word_1_81' title='bbox 996 738 1091 780; x_wconf 91' lang='lat' dir='ltr'>post</span> <span class='ocrx_word' id='word_1_82' title='bbox 1116 729 1184 768; x_wconf 84' lang='lat' dir='ltr'>illa</span> <span class='ocrx_word' id='word_1_83' title='bbox 1212 730 1338 769; x_wconf 88' lang='lat' dir='ltr'>verba</span> <span class='ocrx_word' id='word_1_84' title='bbox 1366 731 1418 768; x_wconf 92' lang='lat' dir='ltr'>ab</span> <span class='ocrx_word' id='word_1_85' title='bbox 1447 731 1622 770; x_wconf 89' lang='lat' dir='ltr'>Odorico</span> <span class='ocrx_word' id='word_1_86' title='bbox 1649 731 1778 769; x_wconf 87' lang='lat' dir='ltr'>relata</span> <span class='ocrx_word' id='word_1_87' title='bbox 1808 738 1957 768; x_wconf 90' lang='lat' dir='ltr'>mortuo</span> 
     </span>
     <span class='ocr_line' id='line_1_10' title="bbox 241 780 1957 840; baseline 0 -12"><span class='ocrx_word' id='word_1_88' title='bbox 241 804 319 828; x_wconf 86' lang='lat' dir='ltr'>uno</span> <span class='ocrx_word' id='word_1_89' title='bbox 346 803 501 826; x_wconf 88' lang='lat' dir='ltr'>summo</span> <span class='ocrx_word' id='word_1_90' title='bbox 529 789 724 839; x_wconf 78' lang='lat' dir='ltr'>Pontifice</span> <span class='ocrx_word' id='word_1_91' title='bbox 752 789 896 828; x_wconf 89' lang='lat' dir='ltr'>statim</span> <span class='ocrx_word' id='word_1_92' title='bbox 925 790 1124 839; x_wconf 86' lang='lat' dir='ltr'>sequitur,</span> <span class='ocrx_word' id='word_1_93' title='bbox 1147 804 1216 840; x_wconf 88' lang='lat' dir='ltr'>per</span> <span class='ocrx_word' id='word_1_94' title='bbox 1240 780 1393 828; x_wconf 83' lang='lat' dir='ltr'>annum</span> <span class='ocrx_word' id='word_1_95' title='bbox 1416 805 1506 828; x_wconf 87' lang='lat' dir='ltr'>cum</span> <span class='ocrx_word' id='word_1_96' title='bbox 1529 791 1696 828; x_wconf 80' lang='lat' dir='ltr'>dimidio</span> <span class='ocrx_word' id='word_1_97' title='bbox 1720 791 1827 828; x_wconf 83' lang='lat' dir='ltr'>sedes</span> <span class='ocrx_word' id='word_1_98' title='bbox 1854 798 1957 828; x_wconf 70' lang='lat' dir='ltr'>vacet</span> 
     </span>
     <span class='ocr_line' id='line_1_11' title="bbox 240 848 1957 898; baseline -0.001 -11"><span class='ocrx_word' id='word_1_99' title='bbox 240 849 411 887; x_wconf 86' lang='lat' dir='ltr'>Ecclesie</span> <span class='ocrx_word' id='word_1_100' title='bbox 438 848 643 898; x_wconf 80' lang='lat' dir='ltr'>generalis.</span> <span class='ocrx_word' id='word_1_101' title='bbox 671 849 722 887; x_wconf 92' lang='lat' dir='ltr'>Et</span> <span class='ocrx_word' id='word_1_102' title='bbox 749 848 792 886; x_wconf 88' lang='lat' dir='ltr'>in</span> <span class='ocrx_word' id='word_1_103' title='bbox 817 849 956 886; x_wconf 81' lang='lat' dir='ltr'>diebus</span> <span class='ocrx_word' id='word_1_104' title='bbox 983 849 1077 897; x_wconf 86' lang='lat' dir='ltr'>illis,</span> <span class='ocrx_word' id='word_1_105' title='bbox 1105 864 1193 887; x_wconf 88' lang='lat' dir='ltr'>cum</span> <span class='ocrx_word' id='word_1_106' title='bbox 1218 859 1331 888; x_wconf 90' lang='lat' dir='ltr'>erunt</span> <span class='ocrx_word' id='word_1_107' title='bbox 1356 851 1529 889; x_wconf 87' lang='lat' dir='ltr'>conclusi</span> <span class='ocrx_word' id='word_1_108' title='bbox 1556 850 1708 888; x_wconf 84' lang='lat' dir='ltr'>domini</span> <span class='ocrx_word' id='word_1_109' title='bbox 1735 849 1957 888; x_wconf 77' lang='lat' dir='ltr'>cardinales</span> 
     </span>
     <span class='ocr_line' id='line_1_12' title="bbox 242 908 1956 960; baseline -0.001 -13"><span class='ocrx_word' id='word_1_110' title='bbox 242 918 282 947; x_wconf 89' lang='lat' dir='ltr'>ut</span> <span class='ocrx_word' id='word_1_111' title='bbox 304 909 453 958; x_wconf 78' lang='lat' dir='ltr'>eligant</span> <span class='ocrx_word' id='word_1_112' title='bbox 474 923 676 946; x_wconf 87' lang='lat' dir='ltr'>summum</span> <span class='ocrx_word' id='word_1_113' title='bbox 699 908 948 958; x_wconf 78' lang='lat' dir='ltr'>Pontificem,</span> <span class='ocrx_word' id='word_1_114' title='bbox 973 917 1107 947; x_wconf 84' lang='lat' dir='ltr'>tantus</span> <span class='ocrx_word' id='word_1_115' title='bbox 1130 909 1202 947; x_wconf 89' lang='lat' dir='ltr'>erit</span> <span class='ocrx_word' id='word_1_116' title='bbox 1225 909 1432 960; x_wconf 71' lang='lat' dir='ltr'>conflictus</span> <span class='ocrx_word' id='word_1_117' title='bbox 1456 910 1750 960; x_wconf 88' lang='lat' dir='ltr'>tirampnorum</span> <span class='ocrx_word' id='word_1_118' title='bbox 1773 918 1807 947; x_wconf 89' lang='lat' dir='ltr'>et</span> <span class='ocrx_word' id='word_1_119' title='bbox 1830 923 1956 959; x_wconf 90' lang='lat' dir='ltr'>popu-</span> 
     </span>
     <span class='ocr_line' id='line_1_13' title="bbox 243 968 1957 1019; baseline -0.001 -12"><span class='ocrx_word' id='word_1_120' title='bbox 243 970 368 1007; x_wconf 87' lang='lat' dir='ltr'>lorum</span> <span class='ocrx_word' id='word_1_121' title='bbox 401 968 444 1005; x_wconf 89' lang='lat' dir='ltr'>in</span> <span class='ocrx_word' id='word_1_122' title='bbox 478 968 611 1016; x_wconf 87' lang='lat' dir='ltr'>Italia,</span> <span class='ocrx_word' id='word_1_123' title='bbox 644 976 678 1006; x_wconf 93' lang='lat' dir='ltr'>et</span> <span class='ocrx_word' id='word_1_124' title='bbox 707 977 817 1006; x_wconf 89' lang='lat' dir='ltr'>tanta</span> <span class='ocrx_word' id='word_1_125' title='bbox 847 968 989 1018; x_wconf 69' lang='lat' dir='ltr'>effusio</span> <span class='ocrx_word' id='word_1_126' title='bbox 1019 969 1236 1018; x_wconf 77' lang='lat' dir='ltr'>sanguinis</span> <span class='ocrx_word' id='word_1_127' title='bbox 1267 969 1476 1007; x_wconf 85' lang='lat' dir='ltr'>christiani</span> <span class='ocrx_word' id='word_1_128' title='bbox 1509 978 1550 1007; x_wconf 90' lang='lat' dir='ltr'>ut</span> <span class='ocrx_word' id='word_1_129' title='bbox 1581 970 1758 1008; x_wconf 64' lang='lat' dir='ltr'>videatur</span> <span class='ocrx_word' id='word_1_130' title='bbox 1789 968 1957 1019; x_wconf 78' lang='lat' dir='ltr'>perditio</span> 
     </span>
     <span class='ocr_line' id='line_1_14' title="bbox 241 1027 1957 1080; baseline 0 -14"><span class='ocrx_word' id='word_1_131' title='bbox 241 1028 361 1066; x_wconf 88' lang='lat' dir='ltr'>seculi</span> <span class='ocrx_word' id='word_1_132' title='bbox 409 1027 624 1066; x_wconf 63' lang='lat' dir='ltr'>advenisse.</span> <span class='ocrx_word' id='word_1_133' title='bbox 664 1028 975 1066; x_wconf 89' lang='lat' dir='ltr'>Confirmantur</span> <span class='ocrx_word' id='word_1_134' title='bbox 1012 1028 1091 1067; x_wconf 90' lang='lat' dir='ltr'>ista</span> <span class='ocrx_word' id='word_1_135' title='bbox 1139 1029 1389 1068; x_wconf 86' lang='lat' dir='ltr'>auctoritate</span> <span class='ocrx_word' id='word_1_136' title='bbox 1430 1029 1646 1080; x_wconf 81' lang='lat' dir='ltr'>ipsiusmet</span> <span class='ocrx_word' id='word_1_137' title='bbox 1685 1028 1856 1067; x_wconf 81' lang='lat' dir='ltr'>Joannis</span> <span class='ocrx_word' id='word_1_138' title='bbox 1908 1028 1957 1066; x_wconf 90' lang='lat' dir='ltr'>de</span> 
     </span>
     <span class='ocr_line' id='line_1_15' title="bbox 243 1087 1955 1139; baseline 0 -13"><span class='ocrx_word' id='word_1_139' title='bbox 243 1087 501 1138; x_wconf 85' lang='lat' dir='ltr'>Rupescissa,</span> <span class='ocrx_word' id='word_1_140' title='bbox 530 1087 600 1137; x_wconf 87' lang='lat' dir='ltr'>qui</span> <span class='ocrx_word' id='word_1_141' title='bbox 625 1087 667 1125; x_wconf 92' lang='lat' dir='ltr'>in</span> <span class='ocrx_word' id='word_1_142' title='bbox 697 1088 994 1127; x_wconf 86' lang='lat' dir='ltr'>commentario</span> <span class='ocrx_word' id='word_1_143' title='bbox 1024 1103 1145 1139; x_wconf 86' lang='lat' dir='ltr'>super</span> <span class='ocrx_word' id='word_1_144' title='bbox 1169 1089 1433 1139; x_wconf 88' lang='lat' dir='ltr'>prophetiam</span> <span class='ocrx_word' id='word_1_145' title='bbox 1460 1089 1597 1139; x_wconf 84' lang='lat' dir='ltr'>Cyrilli</span> <span class='ocrx_word' id='word_1_146' title='bbox 1626 1089 1820 1128; x_wconf 88' lang='lat' dir='ltr'>eremitae</span> <span class='ocrx_word' id='word_1_147' title='bbox 1846 1102 1955 1139; x_wconf 90' lang='lat' dir='ltr'>pres-</span> 
     </span>
     <span class='ocr_line' id='line_1_16' title="bbox 242 1146 1955 1199; baseline -0.001 -13"><span class='ocrx_word' id='word_1_148' title='bbox 242 1147 377 1198; x_wconf 84' lang='lat' dir='ltr'>byteri</span> <span class='ocrx_word' id='word_1_149' title='bbox 402 1147 444 1185; x_wconf 91' lang='lat' dir='ltr'>in</span> <span class='ocrx_word' id='word_1_150' title='bbox 470 1147 607 1186; x_wconf 89' lang='lat' dir='ltr'>codice</span> <span class='ocrx_word' id='word_1_151' title='bbox 634 1146 739 1185; x_wconf 80' lang='lat'>5695</span> <span class='ocrx_word' id='word_1_152' title='bbox 756 1147 770 1169; x_wconf 68' lang='lat'>³³</span> <span class='ocrx_word' id='word_1_153' title='bbox 799 1147 1072 1186; x_wconf 86' lang='lat' dir='ltr'>bibliothecae</span> <span class='ocrx_word' id='word_1_154' title='bbox 1106 1148 1239 1198; x_wconf 85' lang='lat' dir='ltr'>regiae</span> <span class='ocrx_word' id='word_1_155' title='bbox 1265 1148 1449 1199; x_wconf 88' lang='lat' dir='ltr'>pluribus</span> <span class='ocrx_word' id='word_1_156' title='bbox 1475 1163 1598 1199; x_wconf 89' lang='lat' dir='ltr'>agens</span> <span class='ocrx_word' id='word_1_157' title='bbox 1625 1149 1673 1187; x_wconf 91' lang='lat' dir='ltr'>de</span> <span class='ocrx_word' id='word_1_158' title='bbox 1710 1147 1955 1187; x_wconf 80' lang='lat' dir='ltr'>antichristo</span> 
     </span>
     <span class='ocr_line' id='line_1_17' title="bbox 242 1207 1956 1258; baseline -0.001 -12"><span class='ocrx_word' id='word_1_159' title='bbox 242 1216 432 1255; x_wconf 85' lang='lat' dir='ltr'>venturo,</span> <span class='ocrx_word' id='word_1_160' title='bbox 459 1221 582 1257; x_wconf 89' lang='lat' dir='ltr'>quem</span> <span class='ocrx_word' id='word_1_161' title='bbox 606 1207 648 1245; x_wconf 89' lang='lat' dir='ltr'>in</span> <span class='ocrx_word' id='word_1_162' title='bbox 673 1207 796 1245; x_wconf 89' lang='lat' dir='ltr'>variis</span> <span class='ocrx_word' id='word_1_163' title='bbox 819 1207 915 1246; x_wconf 91' lang='lat' dir='ltr'>locis</span> <span class='ocrx_word' id='word_1_164' title='bbox 942 1216 1150 1246; x_wconf 85' lang='lat' dir='ltr'>asseverat</span> <span class='ocrx_word' id='word_1_165' title='bbox 1174 1216 1275 1246; x_wconf 89' lang='lat' dir='ltr'>tunc</span> <span class='ocrx_word' id='word_1_166' title='bbox 1299 1222 1549 1247; x_wconf 85' lang='lat' dir='ltr'>emersurum</span> <span class='ocrx_word' id='word_1_167' title='bbox 1577 1223 1670 1247; x_wconf 92' lang='lat' dir='ltr'>cum</span> <span class='ocrx_word' id='word_1_168' title='bbox 1694 1223 1805 1258; x_wconf 82' lang='lat' dir='ltr'>reges</span> <span class='ocrx_word' id='word_1_169' title='bbox 1832 1208 1956 1245; x_wconf 87' lang='lat' dir='ltr'>Fran-</span> 
     </span>
     <span class='ocr_line' id='line_1_18' title="bbox 244 1266 1956 1317; baseline -0.001 -11"><span class='ocrx_word' id='word_1_170' title='bbox 244 1268 326 1307; x_wconf 91' lang='lat' dir='ltr'>ciae</span> <span class='ocrx_word' id='word_1_171' title='bbox 352 1275 392 1306; x_wconf 89' lang='lat' dir='ltr'>et</span> <span class='ocrx_word' id='word_1_172' title='bbox 425 1266 595 1317; x_wconf 85' lang='lat' dir='ltr'>Angliae</span> <span class='ocrx_word' id='word_1_173' title='bbox 619 1266 661 1304; x_wconf 93' lang='lat' dir='ltr'>in</span> <span class='ocrx_word' id='word_1_174' title='bbox 695 1266 858 1305; x_wconf 90' lang='lat' dir='ltr'>Oriente</span> <span class='ocrx_word' id='word_1_175' title='bbox 893 1267 1108 1305; x_wconf 88' lang='lat' dir='ltr'>bellabunt</span> <span class='ocrx_word' id='word_1_176' title='bbox 1128 1267 1324 1306; x_wconf 87' lang='lat' dir='ltr'>adversus</span> <span class='ocrx_word' id='word_1_177' title='bbox 1345 1268 1545 1316; x_wconf 89' lang='lat' dir='ltr'>infideles,</span> <span class='ocrx_word' id='word_1_178' title='bbox 1575 1268 1641 1307; x_wconf 83' lang='lat' dir='ltr'>fol.</span> <span class='ocrx_word' id='word_1_179' title='bbox 1673 1268 1722 1306; x_wconf 93' lang='lat'>90</span> <span class='ocrx_word' id='word_1_180' title='bbox 1754 1275 1811 1316; x_wconf 77' lang='lat' dir='ltr'>VO,</span> <span class='ocrx_word' id='word_1_181' title='bbox 1838 1267 1886 1305; x_wconf 91' lang='lat'>91</span> <span class='ocrx_word' id='word_1_182' title='bbox 1906 1274 1956 1314; x_wconf 70' lang='grc' dir='ltr'>ΓΟ,</span> 
     </span>
     <span class='ocr_line' id='line_1_19' title="bbox 246 1326 1959 1377; baseline -0.001 -12"><span class='ocrx_word' id='word_1_183' title='bbox 246 1327 319 1365; x_wconf 75' lang='grc'>’116</span> <span class='ocrx_word' id='word_1_184' title='bbox 350 1334 407 1374; x_wconf 76' lang='lat' dir='ltr'>v0,</span> <span class='ocrx_word' id='word_1_185' title='bbox 441 1326 515 1364; x_wconf 86' lang='lat'>195</span> <span class='ocrx_word' id='word_1_186' title='bbox 555 1334 604 1374; x_wconf 87' lang='lat' dir='ltr'>r0,</span> <span class='ocrx_word' id='word_1_187' title='bbox 638 1326 779 1365; x_wconf 83' lang='lat' dir='ltr'>scribit</span> <span class='ocrx_word' id='word_1_188' title='bbox 819 1341 865 1365; x_wconf 90' lang='lat' dir='ltr'>eo</span> <span class='ocrx_word' id='word_1_189' title='bbox 898 1335 1083 1377; x_wconf 90' lang='lat' dir='ltr'>tempore</span> <span class='ocrx_word' id='word_1_190' title='bbox 1123 1342 1204 1377; x_wconf 88' lang='lat' dir='ltr'>quo</span> <span class='ocrx_word' id='word_1_191' title='bbox 1239 1327 1505 1366; x_wconf 88' lang='lat' dir='ltr'>antichristus</span> <span class='ocrx_word' id='word_1_192' title='bbox 1549 1328 1770 1366; x_wconf 80' lang='lat' dir='ltr'>extolletur</span> <span class='ocrx_word' id='word_1_193' title='bbox 1813 1327 1959 1365; x_wconf 73' lang='lat' dir='ltr'>sedem</span> 
     </span>
     <span class='ocr_line' id='line_1_20' title="bbox 246 1386 1959 1438; baseline -0.001 -13"><span class='ocrx_word' id='word_1_194' title='bbox 246 1388 476 1425; x_wconf 84' lang='lat' dir='ltr'>Romanam</span> <span class='ocrx_word' id='word_1_195' title='bbox 512 1394 754 1424; x_wconf 84' lang='lat' dir='ltr'>vacaturam</span> <span class='ocrx_word' id='word_1_196' title='bbox 786 1401 858 1437; x_wconf 88' lang='lat' dir='ltr'>per</span> <span class='ocrx_word' id='word_1_197' title='bbox 888 1400 1044 1425; x_wconf 87' lang='lat' dir='ltr'>annum</span> <span class='ocrx_word' id='word_1_198' title='bbox 1075 1401 1168 1425; x_wconf 90' lang='lat' dir='ltr'>cum</span> <span class='ocrx_word' id='word_1_199' title='bbox 1197 1387 1380 1435; x_wconf 86' lang='lat' dir='ltr'>dimidio,</span> <span class='ocrx_word' id='word_1_200' title='bbox 1415 1387 1510 1438; x_wconf 90' lang='lat' dir='ltr'>&#39;quia</span> <span class='ocrx_word' id='word_1_201' title='bbox 1542 1388 1584 1425; x_wconf 91' lang='lat' dir='ltr'>in</span> <span class='ocrx_word' id='word_1_202' title='bbox 1615 1388 1682 1425; x_wconf 89' lang='lat' dir='ltr'>illo</span> <span class='ocrx_word' id='word_1_203' title='bbox 1715 1387 1850 1438; x_wconf 82' lang='lat' dir='ltr'>spatio</span> <span class='ocrx_word' id='word_1_204' title='bbox 1888 1386 1959 1424; x_wconf 85' lang='lat' dir='ltr'>fiet</span> 
     </span>
     <span class='ocr_line' id='line_1_21' title="bbox 245 1446 1960 1498; baseline -0.001 -13"><span class='ocrx_word' id='word_1_205' title='bbox 245 1456 518 1496; x_wconf 79' lang='lat' dir='ltr'>tyrannorum</span> <span class='ocrx_word' id='word_1_206' title='bbox 541 1446 784 1496; x_wconf 76' lang='lat' dir='ltr'>persecutio,</span> <span class='ocrx_word' id='word_1_207' title='bbox 820 1446 991 1485; x_wconf 77' lang='lat' dir='ltr'>Nam&#39;si</span> <span class='ocrx_word' id='word_1_208' title='bbox 1023 1447 1240 1497; x_wconf 87' lang='lat' dir='ltr'>prophetia</span> <span class='ocrx_word' id='word_1_209' title='bbox 1273 1447 1340 1485; x_wconf 85' lang='lat' dir='ltr'>illa</span> <span class='ocrx_word' id='word_1_210' title='bbox 1373 1447 1543 1485; x_wconf 83' lang='lat' dir='ltr'>Joannis</span> <span class='ocrx_word' id='word_1_211' title='bbox 1574 1447 1819 1498; x_wconf 77' lang='lat' dir='ltr'>explicanda</span> <span class='ocrx_word' id='word_1_212' title='bbox 1854 1453 1960 1484; x_wconf 86' lang='lat' dir='ltr'>esset</span> 
     </span>
     <span class='ocr_line' id='line_1_22' title="bbox 247 1504 1961 1555; baseline -0.001 -11"><span class='ocrx_word' id='word_1_213' title='bbox 247 1508 293 1545; x_wconf 88' lang='lat' dir='ltr'>de</span> <span class='ocrx_word' id='word_1_214' title='bbox 324 1506 543 1544; x_wconf 76' lang='lat' dir='ltr'>schismate</span> <span class='ocrx_word' id='word_1_215' title='bbox 575 1505 684 1555; x_wconf 91' lang='lat' dir='ltr'>quod</span> <span class='ocrx_word' id='word_1_216' title='bbox 716 1505 794 1543; x_wconf 84' lang='lat' dir='ltr'>fuit</span> <span class='ocrx_word' id='word_1_217' title='bbox 823 1505 930 1544; x_wconf 88' lang='lat' dir='ltr'>inter</span> <span class='ocrx_word' id='word_1_218' title='bbox 960 1506 1176 1544; x_wconf 87' lang='lat' dir='ltr'>Urbanum</span> <span class='ocrx_word' id='word_1_219' title='bbox 1206 1515 1247 1545; x_wconf 88' lang='lat' dir='ltr'>et</span> <span class='ocrx_word' id='word_1_220' title='bbox 1278 1507 1542 1554; x_wconf 82' lang='lat' dir='ltr'>Clementem,</span> <span class='ocrx_word' id='word_1_221' title='bbox 1579 1521 1661 1545; x_wconf 93' lang='lat' dir='ltr'>non</span> <span class='ocrx_word' id='word_1_222' title='bbox 1696 1507 1845 1545; x_wconf 87' lang='lat' dir='ltr'>insulse</span> <span class='ocrx_word' id='word_1_223' title='bbox 1882 1504 1961 1543; x_wconf 90' lang='lat' dir='ltr'>dici</span> 
     </span>
     <span class='ocr_line' id='line_1_23' title="bbox 245 1564 1961 1617; baseline -0.002 -12"><span class='ocrx_word' id='word_1_224' title='bbox 245 1574 384 1617; x_wconf 84' lang='lat' dir='ltr'>posset</span> <span class='ocrx_word' id='word_1_225' title='bbox 418 1565 533 1604; x_wconf 87' lang='lat' dir='ltr'>illum</span> <span class='ocrx_word' id='word_1_226' title='bbox 570 1565 697 1615; x_wconf 89' lang='lat' dir='ltr'>digito</span> <span class='ocrx_word' id='word_1_227' title='bbox 733 1574 982 1604; x_wconf 87' lang='lat' dir='ltr'>monstrasse</span> <span class='ocrx_word' id='word_1_228' title='bbox 1020 1566 1236 1604; x_wconf 88' lang='lat' dir='ltr'>Urbanum</span> <span class='ocrx_word' id='word_1_229' title='bbox 1268 1575 1470 1616; x_wconf 84' lang='lat' dir='ltr'>tanquam</span> <span class='ocrx_word' id='word_1_230' title='bbox 1508 1566 1658 1606; x_wconf 85' lang='lat' dir='ltr'>falsum</span> <span class='ocrx_word' id='word_1_231' title='bbox 1695 1579 1860 1617; x_wconf 87' lang='lat' dir='ltr'>papam.</span> <span class='ocrx_word' id='word_1_232' title='bbox 1891 1564 1961 1602; x_wconf 84' lang='lat' dir='ltr'>Ait</span> 
     </span>
     <span class='ocr_line' id='line_1_24' title="bbox 247 1624 1961 1676; baseline -0.002 -12"><span class='ocrx_word' id='word_1_233' title='bbox 247 1626 368 1673; x_wconf 86' lang='lat' dir='ltr'>enim,</span> <span class='ocrx_word' id='word_1_234' title='bbox 410 1625 478 1662; x_wconf 84' lang='lat' dir='ltr'>fol.</span> <span class='ocrx_word' id='word_1_235' title='bbox 523 1625 597 1662; x_wconf 81' lang='grc'>150</span> <span class='ocrx_word' id='word_1_236' title='bbox 637 1632 673 1662; x_wconf 88' lang='lat' dir='ltr'>r0</span> <span class='ocrx_word' id='word_1_237' title='bbox 717 1641 724 1662; x_wconf 91' lang='lat'>:</span> <span class='ocrx_word' id='word_1_238' title='bbox 768 1625 875 1662; x_wconf 77' lang='lat' dir='ltr'>Nam</span> <span class='ocrx_word' id='word_1_239' title='bbox 915 1625 1043 1674; x_wconf 75' lang='lat' dir='ltr'>falsus</span> <span class='ocrx_word' id='word_1_240' title='bbox 1082 1640 1192 1675; x_wconf 87' lang='lat' dir='ltr'>papa</span> <span class='ocrx_word' id='word_1_241' title='bbox 1234 1626 1377 1675; x_wconf 72' lang='lat' dir='ltr'>fortius</span> <span class='ocrx_word' id='word_1_242' title='bbox 1430 1626 1648 1664; x_wconf 72' lang='lat' dir='ltr'>versabitur</span> <span class='ocrx_word' id='word_1_243' title='bbox 1693 1626 1736 1663; x_wconf 88' lang='lat' dir='ltr'>in</span> <span class='ocrx_word' id='word_1_244' title='bbox 1778 1624 1961 1676; x_wconf 77' lang='lat' dir='ltr'>partibus</span> 
     </span>
     <span class='ocr_line' id='line_1_25' title="bbox 248 1684 1959 1735; baseline -0.001 -12"><span class='ocrx_word' id='word_1_245' title='bbox 248 1686 538 1735; x_wconf 81' lang='lat' dir='ltr'>tirampnorum</span> <span class='ocrx_word' id='word_1_246' title='bbox 583 1684 802 1732; x_wconf 85' lang='lat' dir='ltr'>Ytalorum,</span> <span class='ocrx_word' id='word_1_247' title='bbox 834 1693 868 1722; x_wconf 91' lang='lat' dir='ltr'>et</span> <span class='ocrx_word' id='word_1_248' title='bbox 897 1684 1082 1733; x_wconf 70' lang='lat' dir='ltr'>fulcietur</span> <span class='ocrx_word' id='word_1_249' title='bbox 1119 1685 1215 1734; x_wconf 76' lang='lat' dir='ltr'>forte</span> <span class='ocrx_word' id='word_1_250' title='bbox 1254 1700 1323 1735; x_wconf 85' lang='lat' dir='ltr'>per</span> <span class='ocrx_word' id='word_1_251' title='bbox 1353 1686 1630 1723; x_wconf 78' lang='lat' dir='ltr'>antichristum</span> <span class='ocrx_word' id='word_1_252' title='bbox 1669 1694 1761 1724; x_wconf 87' lang='lat' dir='ltr'>tunc</span> <span class='ocrx_word' id='word_1_253' title='bbox 1792 1685 1959 1735; x_wconf 85' lang='lat' dir='ltr'>impera-</span> 
     </span>
     <span class='ocr_line' id='line_1_26' title="bbox 248 1743 1963 1795; baseline -0.001 -12"><span class='ocrx_word' id='word_1_254' title='bbox 248 1754 365 1783; x_wconf 86' lang='lat' dir='ltr'>torem</span> <span class='ocrx_word' id='word_1_255' title='bbox 395 1745 572 1791; x_wconf 76' lang='lat' dir='ltr'>electum3</span> <span class='ocrx_word' id='word_1_256' title='bbox 604 1752 638 1781; x_wconf 86' lang='lat' dir='ltr'>et</span> <span class='ocrx_word' id='word_1_257' title='bbox 676 1743 770 1793; x_wconf 78' lang='lat' dir='ltr'>quia</span> <span class='ocrx_word' id='word_1_258' title='bbox 799 1744 1056 1782; x_wconf 75' lang='lat' dir='ltr'>antichristus</span> <span class='ocrx_word' id='word_1_259' title='bbox 1094 1745 1366 1783; x_wconf 73' lang='lat' dir='ltr'>adversabitur</span> <span class='ocrx_word' id='word_1_260' title='bbox 1395 1745 1477 1794; x_wconf 79' lang='lat' dir='ltr'>regi</span> <span class='ocrx_word' id='word_1_261' title='bbox 1514 1745 1698 1793; x_wconf 90' lang='lat' dir='ltr'>Francie,</span> <span class='ocrx_word' id='word_1_262' title='bbox 1733 1753 1827 1795; x_wconf 90' lang='lat' dir='ltr'>puto</span> <span class='ocrx_word' id='word_1_263' title='bbox 1862 1743 1963 1794; x_wconf 79' lang='lat' dir='ltr'>quod</span> 
     </span>
     <span class='ocr_line' id='line_1_27' title="bbox 247 1803 1961 1855; baseline -0.001 -14"><span class='ocrx_word' id='word_1_264' title='bbox 247 1805 374 1854; x_wconf 77' lang='lat' dir='ltr'>falsus</span> <span class='ocrx_word' id='word_1_265' title='bbox 403 1818 513 1853; x_wconf 87' lang='lat' dir='ltr'>papa</span> <span class='ocrx_word' id='word_1_266' title='bbox 543 1818 687 1853; x_wconf 89' lang='lat' dir='ltr'>parum</span> <span class='ocrx_word' id='word_1_267' title='bbox 720 1804 764 1840; x_wconf 83' lang='lat' dir='ltr'>de</span> <span class='ocrx_word' id='word_1_268' title='bbox 795 1818 890 1853; x_wconf 88' lang='lat' dir='ltr'>pace</span> <span class='ocrx_word' id='word_1_269' title='bbox 921 1818 1057 1853; x_wconf 79' lang='lat' dir='ltr'>regum</span> <span class='ocrx_word' id='word_1_270' title='bbox 1088 1813 1389 1842; x_wconf 87' lang='lat' dir='ltr'>memoratorum</span> <span class='ocrx_word' id='word_1_271' title='bbox 1420 1805 1586 1843; x_wconf 83' lang='lat' dir='ltr'>curabit.</span> <span class='ocrx_word' id='word_1_272' title='bbox 1612 1805 1771 1855; x_wconf 84' lang='lat' dir='ltr'>Quippe</span> <span class='ocrx_word' id='word_1_273' title='bbox 1804 1803 1961 1842; x_wconf 90' lang='lat' dir='ltr'>Urbani</span> 
     </span>
     <span class='ocr_line' id='line_1_28' title="bbox 248 1863 1960 1915; baseline -0.001 -13"><span class='ocrx_word' id='word_1_274' title='bbox 248 1872 384 1915; x_wconf 87' lang='lat' dir='ltr'>partes</span> <span class='ocrx_word' id='word_1_275' title='bbox 408 1863 536 1901; x_wconf 91' lang='lat' dir='ltr'>secuti</span> <span class='ocrx_word' id='word_1_276' title='bbox 562 1871 659 1901; x_wconf 88' lang='lat' dir='ltr'>sunt</span> <span class='ocrx_word' id='word_1_277' title='bbox 682 1863 883 1913; x_wconf 86' lang='lat' dir='ltr'>principes</span> <span class='ocrx_word' id='word_1_278' title='bbox 918 1863 1023 1911; x_wconf 84' lang='lat' dir='ltr'>Itali,</span> <span class='ocrx_word' id='word_1_279' title='bbox 1049 1863 1117 1914; x_wconf 87' lang='lat' dir='ltr'>qui</span> <span class='ocrx_word' id='word_1_280' title='bbox 1148 1864 1282 1902; x_wconf 90' lang='lat' dir='ltr'>seculo</span> <span class='ocrx_word' id='word_1_281' title='bbox 1313 1864 1381 1902; x_wconf 90' lang='lat' dir='ltr'>illo</span> <span class='ocrx_word' id='word_1_282' title='bbox 1406 1864 1545 1903; x_wconf 87' lang='lat' dir='ltr'>vocari</span> <span class='ocrx_word' id='word_1_283' title='bbox 1571 1865 1759 1903; x_wconf 91' lang='lat' dir='ltr'>solebant</span> <span class='ocrx_word' id='word_1_284' title='bbox 1779 1863 1960 1913; x_wconf 85' lang='lat' dir='ltr'>tyranni,</span> 
     </span>
     <span class='ocr_line' id='line_1_29' title="bbox 249 1922 1962 1973; baseline -0.001 -12"><span class='ocrx_word' id='word_1_285' title='bbox 249 1932 296 1961; x_wconf 91' lang='lat' dir='ltr'>ut</span> <span class='ocrx_word' id='word_1_286' title='bbox 328 1923 446 1961; x_wconf 90' lang='lat' dir='ltr'>docet</span> <span class='ocrx_word' id='word_1_287' title='bbox 476 1922 603 1961; x_wconf 88' lang='lat' dir='ltr'>etiam</span> <span class='ocrx_word' id='word_1_288' title='bbox 634 1931 773 1972; x_wconf 87' lang='lat' dir='ltr'>aperte</span> <span class='ocrx_word' id='word_1_289' title='bbox 801 1922 910 1962; x_wconf 88' lang='lat' dir='ltr'>idem</span> <span class='ocrx_word' id='word_1_290' title='bbox 941 1923 1134 1971; x_wconf 86' lang='lat' dir='ltr'>Joannes,</span> <span class='ocrx_word' id='word_1_291' title='bbox 1168 1923 1236 1962; x_wconf 87' lang='lat' dir='ltr'>fol.</span> <span class='ocrx_word' id='word_1_292' title='bbox 1269 1923 1314 1961; x_wconf 88' lang='lat'>91</span> <span class='ocrx_word' id='word_1_293' title='bbox 1348 1931 1396 1971; x_wconf 73' lang='grc' dir='ltr'>ΓΟ,</span> <span class='ocrx_word' id='word_1_294' title='bbox 1427 1924 1499 1961; x_wconf 90' lang='lat' dir='ltr'>ubi</span> <span class='ocrx_word' id='word_1_295' title='bbox 1526 1924 1714 1963; x_wconf 83' lang='lat' dir='ltr'>nominat</span> <span class='ocrx_word' id='word_1_296' title='bbox 1742 1924 1962 1973; x_wconf 87' lang='lat' dir='ltr'>tirampnos</span> 
     </span>
     <span class='ocr_line' id='line_1_30' title="bbox 250 1982 1960 2030; baseline 0 -10"><span class='ocrx_word' id='word_1_297' title='bbox 250 1982 489 2030; x_wconf 76' lang='lat' dir='ltr'>Mediolani,</span> <span class='ocrx_word' id='word_1_298' title='bbox 531 1982 723 2029; x_wconf 75' lang='lat' dir='ltr'>Bononie,</span> <span class='ocrx_word' id='word_1_299' title='bbox 755 1982 1013 2020; x_wconf 84' lang='lat' dir='ltr'>Romandiole</span> <span class='ocrx_word' id='word_1_300' title='bbox 1043 1991 1076 2020; x_wconf 83' lang='lat' dir='ltr'>et</span> <span class='ocrx_word' id='word_1_301' title='bbox 1105 1983 1300 2021; x_wconf 57' lang='lat' dir='ltr'>Marciae.</span> <span class='ocrx_word' id='word_1_302' title='bbox 1339 1984 1554 2022; x_wconf 87' lang='lat' dir='ltr'>Praeterea</span> <span class='ocrx_word' id='word_1_303' title='bbox 1583 1993 1675 2023; x_wconf 88' lang='lat' dir='ltr'>tum</span> <span class='ocrx_word' id='word_1_304' title='bbox 1701 1983 1960 2022; x_wconf 59' lang='lat' dir='ltr'>WVenceslaus</span> 
     </span>
     <span class='ocr_line' id='line_1_31' title="bbox 251 2041 1959 2093; baseline -0.001 -13"><span class='ocrx_word' id='word_1_305' title='bbox 251 2051 339 2081; x_wconf 90' lang='lat' dir='ltr'>erat</span> <span class='ocrx_word' id='word_1_306' title='bbox 375 2042 526 2080; x_wconf 88' lang='lat' dir='ltr'>electus</span> <span class='ocrx_word' id='word_1_307' title='bbox 564 2041 801 2092; x_wconf 88' lang='lat' dir='ltr'>imperator,</span> <span class='ocrx_word' id='word_1_308' title='bbox 840 2056 960 2092; x_wconf 89' lang='lat' dir='ltr'>quem</span> <span class='ocrx_word' id='word_1_309' title='bbox 999 2051 1163 2081; x_wconf 89' lang='lat' dir='ltr'>constat</span> <span class='ocrx_word' id='word_1_310' title='bbox 1200 2051 1415 2093; x_wconf 87' lang='lat' dir='ltr'>propterea</span> <span class='ocrx_word' id='word_1_311' title='bbox 1454 2043 1721 2082; x_wconf 85' lang='lat' dir='ltr'>adversatum</span> <span class='ocrx_word' id='word_1_312' title='bbox 1760 2057 1843 2082; x_wconf 89' lang='lat' dir='ltr'>esse</span> <span class='ocrx_word' id='word_1_313' title='bbox 1879 2041 1959 2092; x_wconf 85' lang='lat' dir='ltr'>regi</span> 
     </span>
     <span class='ocr_line' id='line_1_32' title="bbox 253 2101 1960 2153; baseline -0.001 -13"><span class='ocrx_word' id='word_1_314' title='bbox 253 2101 446 2140; x_wconf 87' lang='lat' dir='ltr'>Franciae</span> <span class='ocrx_word' id='word_1_315' title='bbox 482 2102 592 2151; x_wconf 88' lang='lat' dir='ltr'>quod</span> <span class='ocrx_word' id='word_1_316' title='bbox 625 2101 867 2140; x_wconf 85' lang='lat' dir='ltr'>adhaereret</span> <span class='ocrx_word' id='word_1_317' title='bbox 901 2102 1082 2140; x_wconf 83' lang='lat' dir='ltr'>Urbano.</span> <span class='ocrx_word' id='word_1_318' title='bbox 1109 2103 1276 2142; x_wconf 88' lang='lat' dir='ltr'>Certum</span> <span class='ocrx_word' id='word_1_319' title='bbox 1309 2111 1370 2141; x_wconf 86' lang='lat' dir='ltr'>est</span> <span class='ocrx_word' id='word_1_320' title='bbox 1403 2111 1544 2141; x_wconf 88' lang='lat' dir='ltr'>autem</span> <span class='ocrx_word' id='word_1_321' title='bbox 1570 2103 1785 2141; x_wconf 87' lang='lat' dir='ltr'>Urbanum</span> <span class='ocrx_word' id='word_1_322' title='bbox 1815 2115 1960 2153; x_wconf 88' lang='lat' dir='ltr'>parum</span> 
     </span>
     <span class='ocr_line' id='line_1_33' title="bbox 253 2161 1962 2213; baseline -0.002 -13"><span class='ocrx_word' id='word_1_323' title='bbox 253 2176 411 2201; x_wconf 86' lang='lat' dir='ltr'>curasse</span> <span class='ocrx_word' id='word_1_324' title='bbox 439 2161 490 2199; x_wconf 90' lang='lat' dir='ltr'>de</span> <span class='ocrx_word' id='word_1_325' title='bbox 520 2161 751 2199; x_wconf 81' lang='lat' dir='ltr'>revocanda</span> <span class='ocrx_word' id='word_1_326' title='bbox 782 2161 998 2200; x_wconf 87' lang='lat' dir='ltr'>concordia</span> <span class='ocrx_word' id='word_1_327' title='bbox 1022 2162 1129 2200; x_wconf 88' lang='lat' dir='ltr'>inter</span> <span class='ocrx_word' id='word_1_328' title='bbox 1150 2176 1261 2212; x_wconf 87' lang='lat' dir='ltr'>reges</span> <span class='ocrx_word' id='word_1_329' title='bbox 1286 2162 1480 2201; x_wconf 89' lang='lat' dir='ltr'>Franciae</span> <span class='ocrx_word' id='word_1_330' title='bbox 1506 2171 1547 2201; x_wconf 90' lang='lat' dir='ltr'>et</span> <span class='ocrx_word' id='word_1_331' title='bbox 1572 2162 1755 2213; x_wconf 89' lang='lat' dir='ltr'>Angliae.</span> <span class='ocrx_word' id='word_1_332' title='bbox 1783 2162 1962 2200; x_wconf 84' lang='lat' dir='ltr'>Rursum</span> 
     </span>
     <span class='ocr_line' id='line_1_34' title="bbox 252 2220 1963 2272; baseline -0.002 -12"><span class='ocrx_word' id='word_1_333' title='bbox 252 2222 284 2260; x_wconf 89' lang='lat' dir='ltr'>si</span> <span class='ocrx_word' id='word_1_334' title='bbox 305 2220 522 2272; x_wconf 83' lang='lat' dir='ltr'>prophetia</span> <span class='ocrx_word' id='word_1_335' title='bbox 551 2221 618 2258; x_wconf 90' lang='lat' dir='ltr'>illa</span> <span class='ocrx_word' id='word_1_336' title='bbox 649 2221 893 2271; x_wconf 79' lang='lat' dir='ltr'>explicanda</span> <span class='ocrx_word' id='word_1_337' title='bbox 926 2230 987 2260; x_wconf 90' lang='lat' dir='ltr'>est</span> <span class='ocrx_word' id='word_1_338' title='bbox 1018 2221 1065 2260; x_wconf 89' lang='lat' dir='ltr'>de</span> <span class='ocrx_word' id='word_1_339' title='bbox 1098 2222 1174 2260; x_wconf 89' lang='lat' dir='ltr'>hoc</span> <span class='ocrx_word' id='word_1_340' title='bbox 1198 2221 1432 2270; x_wconf 89' lang='lat' dir='ltr'>schismate,</span> <span class='ocrx_word' id='word_1_341' title='bbox 1455 2222 1650 2260; x_wconf 89' lang='lat' dir='ltr'>adversus</span> <span class='ocrx_word' id='word_1_342' title='bbox 1683 2222 1898 2260; x_wconf 88' lang='lat' dir='ltr'>Urbanum</span> <span class='ocrx_word' id='word_1_343' title='bbox 1921 2228 1963 2258; x_wconf 87' lang='lat' dir='ltr'>et</span> 
     </span>
     <span class='ocr_line' id='line_1_35' title="bbox 253 2280 1962 2331; baseline -0.002 -11"><span class='ocrx_word' id='word_1_344' title='bbox 253 2295 444 2330; x_wconf 88' lang='lat' dir='ltr'>sequaces</span> <span class='ocrx_word' id='word_1_345' title='bbox 469 2280 555 2330; x_wconf 86' lang='lat' dir='ltr'>ejus</span> <span class='ocrx_word' id='word_1_346' title='bbox 580 2280 714 2318; x_wconf 82' lang='lat' dir='ltr'>afferri</span> <span class='ocrx_word' id='word_1_347' title='bbox 738 2280 890 2331; x_wconf 89' lang='lat' dir='ltr'>poterit</span> <span class='ocrx_word' id='word_1_348' title='bbox 914 2281 1138 2319; x_wconf 87' lang='lat' dir='ltr'>auctoritas</span> <span class='ocrx_word' id='word_1_349' title='bbox 1172 2296 1222 2319; x_wconf 88' lang='lat' dir='ltr'>ex</span> <span class='ocrx_word' id='word_1_350' title='bbox 1245 2281 1389 2321; x_wconf 88' lang='lat' dir='ltr'>eodem</span> <span class='ocrx_word' id='word_1_351' title='bbox 1413 2282 1549 2320; x_wconf 90' lang='lat' dir='ltr'>codice</span> <span class='ocrx_word' id='word_1_352' title='bbox 1574 2282 1641 2320; x_wconf 86' lang='lat' dir='ltr'>fol.</span> <span class='ocrx_word' id='word_1_353' title='bbox 1667 2281 1716 2319; x_wconf 85' lang='lat'>95</span> <span class='ocrx_word' id='word_1_354' title='bbox 1739 2288 1783 2318; x_wconf 88' lang='lat' dir='ltr'>v0</span> <span class='ocrx_word' id='word_1_355' title='bbox 1809 2281 1851 2318; x_wconf 90' lang='lat' dir='ltr'>in</span> <span class='ocrx_word' id='word_1_356' title='bbox 1881 2294 1962 2330; x_wconf 93' lang='lat' dir='ltr'>quo</span> 
     </span>
     <span class='ocr_line' id='line_1_36' title="bbox 253 2340 1963 2391; baseline -0.001 -13"><span class='ocrx_word' id='word_1_357' title='bbox 253 2341 311 2378; x_wconf 89' lang='lat' dir='ltr'>ita</span> <span class='ocrx_word' id='word_1_358' title='bbox 351 2340 550 2390; x_wconf 87' lang='lat' dir='ltr'>scriptum</span> <span class='ocrx_word' id='word_1_359' title='bbox 583 2348 644 2378; x_wconf 87' lang='lat' dir='ltr'>est</span> <span class='ocrx_word' id='word_1_360' title='bbox 680 2356 687 2378; x_wconf 77' lang='lat' dir='ltr'><strong><em>z</em></strong></span> <span class='ocrx_word' id='word_1_361' title='bbox 728 2340 818 2377; x_wconf 90' lang='lat' dir='ltr'>Veri</span> <span class='ocrx_word' id='word_1_362' title='bbox 858 2340 1078 2378; x_wconf 83' lang='lat' dir='ltr'>cardinales</span> <span class='ocrx_word' id='word_1_363' title='bbox 1120 2341 1400 2391; x_wconf 82' lang='lat' dir='ltr'>repugnabunt</span> <span class='ocrx_word' id='word_1_364' title='bbox 1441 2341 1670 2379; x_wconf 77' lang='lat' dir='ltr'>antichristo</span> <span class='ocrx_word' id='word_1_365' title='bbox 1711 2341 1835 2387; x_wconf 83' lang='lat' dir='ltr'>electo.</span> <span class='ocrx_word' id='word_1_366' title='bbox 1872 2340 1963 2389; x_wconf 86' lang='lat' dir='ltr'>Ipse</span> 
     </span>
     <span class='ocr_line' id='line_1_37' title="bbox 254 2399 1962 2450; baseline -0.001 -13"><span class='ocrx_word' id='word_1_367' title='bbox 254 2399 509 2438; x_wconf 70' lang='lat' dir='ltr'>sintichristus</span> <span class='ocrx_word' id='word_1_368' title='bbox 530 2400 650 2437; x_wconf 76' lang='lat' dir='ltr'>Rome</span> <span class='ocrx_word' id='word_1_369' title='bbox 673 2414 855 2449; x_wconf 83' lang='lat' dir='ltr'>processu</span> <span class='ocrx_word' id='word_1_370' title='bbox 873 2408 1103 2450; x_wconf 88' lang='lat' dir='ltr'>temporum,</span> <span class='ocrx_word' id='word_1_371' title='bbox 1127 2400 1229 2438; x_wconf 88' lang='lat' dir='ltr'>sicut</span> <span class='ocrx_word' id='word_1_372' title='bbox 1249 2400 1340 2450; x_wconf 67' lang='lat' dir='ltr'>fecit</span> <span class='ocrx_word' id='word_1_373' title='bbox 1362 2401 1557 2448; x_wconf 67' lang='lat' dir='ltr'>Bavarus,</span> <span class='ocrx_word' id='word_1_374' title='bbox 1578 2400 1781 2438; x_wconf 84' lang='lat' dir='ltr'>constituet</span> <span class='ocrx_word' id='word_1_375' title='bbox 1798 2399 1962 2449; x_wconf 84' lang='lat' dir='ltr'>pseudo-</span> 
     </span>
     <span class='ocr_line' id='line_1_38' title="bbox 254 2459 1960 2510; baseline -0.001 -13"><span class='ocrx_word' id='word_1_376' title='bbox 254 2474 415 2509; x_wconf 87' lang='lat' dir='ltr'>papam,</span> <span class='ocrx_word' id='word_1_377' title='bbox 445 2459 547 2497; x_wconf 89' lang='lat' dir='ltr'>sicut</span> <span class='ocrx_word' id='word_1_378' title='bbox 586 2459 755 2508; x_wconf 75' lang='lat' dir='ltr'>inferius</span> <span class='ocrx_word' id='word_1_379' title='bbox 784 2459 1061 2508; x_wconf 79' lang='lat' dir='ltr'>distinguetur,</span> <span class='ocrx_word' id='word_1_380' title='bbox 1092 2468 1126 2497; x_wconf 86' lang='lat' dir='ltr'>et</span> <span class='ocrx_word' id='word_1_381' title='bbox 1163 2468 1255 2497; x_wconf 86' lang='lat' dir='ltr'>tunc</span> <span class='ocrx_word' id='word_1_382' title='bbox 1294 2460 1387 2509; x_wconf 82' lang='lat' dir='ltr'>fient</span> <span class='ocrx_word' id='word_1_383' title='bbox 1425 2460 1538 2498; x_wconf 85' lang='lat' dir='ltr'>multi</span> <span class='ocrx_word' id='word_1_384' title='bbox 1579 2459 1960 2510; x_wconf 81' lang='lat' dir='ltr'>pseudocardinales.</span> 
     </span>
     <span class='ocr_line' id='line_1_39' title="bbox 255 2518 1963 2570; baseline -0.002 -13"><span class='ocrx_word' id='word_1_385' title='bbox 255 2519 444 2557; x_wconf 86' lang='lat' dir='ltr'>Urbanus</span> <span class='ocrx_word' id='word_1_386' title='bbox 463 2519 572 2557; x_wconf 88' lang='lat' dir='ltr'>enim</span> <span class='ocrx_word' id='word_1_387' title='bbox 593 2518 698 2557; x_wconf 86' lang='lat' dir='ltr'>sedit</span> <span class='ocrx_word' id='word_1_388' title='bbox 721 2519 890 2566; x_wconf 84' lang='lat' dir='ltr'>Romae,</span> <span class='ocrx_word' id='word_1_389' title='bbox 913 2519 992 2557; x_wconf 89' lang='lat' dir='ltr'>illic</span> <span class='ocrx_word' id='word_1_390' title='bbox 1014 2519 1151 2569; x_wconf 89' lang='lat' dir='ltr'>aliquo</span> <span class='ocrx_word' id='word_1_391' title='bbox 1172 2519 1295 2557; x_wconf 91' lang='lat' dir='ltr'>modo</span> <span class='ocrx_word' id='word_1_392' title='bbox 1317 2519 1567 2558; x_wconf 88' lang='lat' dir='ltr'>constitutus</span> <span class='ocrx_word' id='word_1_393' title='bbox 1590 2534 1661 2570; x_wconf 88' lang='lat' dir='ltr'>per</span> <span class='ocrx_word' id='word_1_394' title='bbox 1679 2518 1963 2557; x_wconf 87' lang='lat' dir='ltr'>Wenceslaum</span> 
     </span>
     <span class='ocr_line' id='line_1_40' title="bbox 254 2578 1962 2628; baseline -0.001 -12"><span class='ocrx_word' id='word_1_395' title='bbox 254 2578 439 2628; x_wconf 82' lang='lat' dir='ltr'>partibus</span> <span class='ocrx_word' id='word_1_396' title='bbox 463 2578 549 2627; x_wconf 86' lang='lat' dir='ltr'>ejus</span> <span class='ocrx_word' id='word_1_397' title='bbox 573 2578 802 2625; x_wconf 75' lang='lat' dir='ltr'>faventem,</span> <span class='ocrx_word' id='word_1_398' title='bbox 823 2587 864 2616; x_wconf 93' lang='lat' dir='ltr'>et</span> <span class='ocrx_word' id='word_1_399' title='bbox 885 2587 1027 2628; x_wconf 88' lang='lat' dir='ltr'>postea</span> <span class='ocrx_word' id='word_1_400' title='bbox 1045 2592 1169 2628; x_wconf 88' lang='lat' dir='ltr'>quam</span> <span class='ocrx_word' id='word_1_401' title='bbox 1191 2579 1276 2617; x_wconf 87' lang='lat' dir='ltr'>veri</span> <span class='ocrx_word' id='word_1_402' title='bbox 1292 2578 1515 2617; x_wconf 87' lang='lat' dir='ltr'>cardinales</span> <span class='ocrx_word' id='word_1_403' title='bbox 1539 2579 1590 2616; x_wconf 87' lang='lat' dir='ltr'>ab</span> <span class='ocrx_word' id='word_1_404' title='bbox 1614 2593 1660 2617; x_wconf 90' lang='lat' dir='ltr'>eo</span> <span class='ocrx_word' id='word_1_405' title='bbox 1675 2578 1962 2624; x_wconf 85' lang='lat' dir='ltr'>discesserunt,</span> 
     </span>
     <span class='ocr_line' id='line_1_41' title="bbox 254 2636 1962 2689; baseline -0.001 -14"><span class='ocrx_word' id='word_1_406' title='bbox 254 2638 337 2687; x_wconf 86' lang='lat' dir='ltr'>ipse</span> <span class='ocrx_word' id='word_1_407' title='bbox 360 2638 510 2677; x_wconf 91' lang='lat' dir='ltr'>multos</span> <span class='ocrx_word' id='word_1_408' title='bbox 539 2637 694 2675; x_wconf 86' lang='lat' dir='ltr'>creavit</span> <span class='ocrx_word' id='word_1_409' title='bbox 722 2637 961 2685; x_wconf 86' lang='lat' dir='ltr'>cardinales,</span> <span class='ocrx_word' id='word_1_410' title='bbox 992 2638 1061 2687; x_wconf 90' lang='lat' dir='ltr'>qui</span> <span class='ocrx_word' id='word_1_411' title='bbox 1084 2646 1191 2676; x_wconf 88' lang='lat' dir='ltr'>recte</span> <span class='ocrx_word' id='word_1_412' title='bbox 1221 2637 1359 2676; x_wconf 86' lang='lat' dir='ltr'>vocari</span> <span class='ocrx_word' id='word_1_413' title='bbox 1386 2646 1554 2688; x_wconf 89' lang='lat' dir='ltr'>possent</span> <span class='ocrx_word' id='word_1_414' title='bbox 1579 2636 1962 2689; x_wconf 88' lang='lat' dir='ltr'>pseudocardinales</span> 
     </span>
     <span class='ocr_line' id='line_1_42' title="bbox 255 2696 1961 2747; baseline -0.001 -13"><span class='ocrx_word' id='word_1_415' title='bbox 255 2698 305 2734; x_wconf 88' lang='lat' dir='ltr'>ab</span> <span class='ocrx_word' id='word_1_416' title='bbox 339 2697 386 2735; x_wconf 88' lang='lat' dir='ltr'>iis</span> <span class='ocrx_word' id='word_1_417' title='bbox 430 2696 499 2746; x_wconf 88' lang='lat' dir='ltr'>qui</span> <span class='ocrx_word' id='word_1_418' title='bbox 540 2697 639 2735; x_wconf 88' lang='lat' dir='ltr'>haec</span> <span class='ocrx_word' id='word_1_419' title='bbox 675 2697 846 2735; x_wconf 60' lang='lat' dir='ltr'>,loannis</span> <span class='ocrx_word' id='word_1_420' title='bbox 889 2697 1013 2735; x_wconf 85' lang='lat' dir='ltr'>verba</span> <span class='ocrx_word' id='word_1_421' title='bbox 1056 2697 1318 2747; x_wconf 87' lang='lat' dir='ltr'>interpretari</span> <span class='ocrx_word' id='word_1_422' title='bbox 1351 2697 1504 2736; x_wconf 85' lang='lat' dir='ltr'>vellent</span> <span class='ocrx_word' id='word_1_423' title='bbox 1537 2697 1585 2736; x_wconf 87' lang='lat' dir='ltr'>de</span> <span class='ocrx_word' id='word_1_424' title='bbox 1624 2698 1700 2735; x_wconf 86' lang='lat' dir='ltr'>hoc</span> <span class='ocrx_word' id='word_1_425' title='bbox 1729 2696 1961 2735; x_wconf 86' lang='lat' dir='ltr'>schismate.</span> 
     </span>
     <span class='ocr_line' id='line_1_43' title="bbox 256 2756 1964 2807; baseline -0.001 -14"><span class='ocrx_word' id='word_1_426' title='bbox 256 2756 403 2794; x_wconf 75' lang='lat' dir='ltr'>Annon</span> <span class='ocrx_word' id='word_1_427' title='bbox 434 2756 559 2794; x_wconf 83' lang='lat' dir='ltr'>ctiam</span> <span class='ocrx_word' id='word_1_428' title='bbox 600 2756 647 2794; x_wconf 87' lang='lat' dir='ltr'>de</span> <span class='ocrx_word' id='word_1_429' title='bbox 679 2757 754 2794; x_wconf 91' lang='lat' dir='ltr'>hoc</span> <span class='ocrx_word' id='word_1_430' title='bbox 794 2756 1013 2796; x_wconf 86' lang='lat' dir='ltr'>schismate</span> <span class='ocrx_word' id='word_1_431' title='bbox 1045 2756 1239 2806; x_wconf 81' lang='lat' dir='ltr'>explicari</span> <span class='ocrx_word' id='word_1_432' title='bbox 1277 2765 1475 2807; x_wconf 84' lang='lat' dir='ltr'>poterunt</span> <span class='ocrx_word' id='word_1_433' title='bbox 1505 2756 1719 2806; x_wconf 87' lang='lat' dir='ltr'>sequentia</span> <span class='ocrx_word' id='word_1_434' title='bbox 1750 2756 1875 2794; x_wconf 82' lang='lat' dir='ltr'>verba</span> <span class='ocrx_word' id='word_1_435' title='bbox 1914 2768 1964 2793; x_wconf 86' lang='lat' dir='ltr'>ex</span> 
     </span>
     <span class='ocr_line' id='line_1_44' title="bbox 257 2815 1965 2863; baseline -0.001 -11"><span class='ocrx_word' id='word_1_436' title='bbox 257 2815 351 2853; x_wconf 90' lang='lat' dir='ltr'>solio</span> <span class='ocrx_word' id='word_1_437' title='bbox 383 2815 456 2852; x_wconf 88' lang='lat'>110</span> <span class='ocrx_word' id='word_1_438' title='bbox 485 2823 542 2863; x_wconf 73' lang='grc' dir='ltr'>νο,</span> <span class='ocrx_word' id='word_1_439' title='bbox 581 2816 652 2853; x_wconf 91' lang='lat' dir='ltr'>ubi</span> <span class='ocrx_word' id='word_1_440' title='bbox 690 2829 781 2854; x_wconf 89' lang='lat' dir='ltr'>cum</span> <span class='ocrx_word' id='word_1_441' title='bbox 821 2824 964 2854; x_wconf 91' lang='lat' dir='ltr'>auctor</span> <span class='ocrx_word' id='word_1_442' title='bbox 1001 2824 1221 2854; x_wconf 86' lang='lat' dir='ltr'>tractasset</span> <span class='ocrx_word' id='word_1_443' title='bbox 1252 2816 1300 2854; x_wconf 90' lang='lat' dir='ltr'>de</span> <span class='ocrx_word' id='word_1_444' title='bbox 1337 2816 1555 2855; x_wconf 89' lang='lat' dir='ltr'>schismate</span> <span class='ocrx_word' id='word_1_445' title='bbox 1591 2815 1820 2854; x_wconf 87' lang='lat' dir='ltr'>Innocentii</span> <span class='ocrx_word' id='word_1_446' title='bbox 1854 2815 1893 2852; x_wconf 94' lang='lat' dir='ltr'>II</span> <span class='ocrx_word' id='word_1_447' title='bbox 1923 2821 1965 2852; x_wconf 89' lang='lat' dir='ltr'>et</span> 
     </span>
     <span class='ocr_line' id='line_1_45' title="bbox 258 2874 1964 2926; baseline 0.001 -16"><span class='ocrx_word' id='word_1_448' title='bbox 258 2874 442 2912; x_wconf 62' lang='lat' dir='ltr'>Anacleti</span> <span class='ocrx_word' id='word_1_449' title='bbox 471 2875 523 2922; x_wconf 88' lang='lat' dir='ltr'>II,</span> <span class='ocrx_word' id='word_1_450' title='bbox 553 2889 727 2925; x_wconf 85' lang='lat' dir='ltr'>quorum</span> <span class='ocrx_word' id='word_1_451' title='bbox 753 2875 906 2925; x_wconf 85' lang='lat' dir='ltr'>primus</span> <span class='ocrx_word' id='word_1_452' title='bbox 937 2875 1121 2925; x_wconf 88' lang='lat' dir='ltr'>confugit</span> <span class='ocrx_word' id='word_1_453' title='bbox 1149 2875 1201 2913; x_wconf 90' lang='lat' dir='ltr'>ad</span> <span class='ocrx_word' id='word_1_454' title='bbox 1228 2875 1527 2926; x_wconf 87' lang='lat' dir='ltr'>protectionem</span> <span class='ocrx_word' id='word_1_455' title='bbox 1554 2875 1684 2913; x_wconf 89' lang='lat' dir='ltr'>incliti</span> <span class='ocrx_word' id='word_1_456' title='bbox 1708 2874 1809 2924; x_wconf 86' lang='lat' dir='ltr'>regis</span> <span class='ocrx_word' id='word_1_457' title='bbox 1841 2874 1964 2912; x_wconf 86' lang='lat' dir='ltr'>Fran-</span> 
     </span>
    </p>
   </div>
   <div class='ocr_carea' id='block_1_3' title="bbox 306 3011 1964 3157">
    <p class='ocr_par' dir='ltr' id='par_1_4' title="bbox 306 3011 1964 3157">
     <span class='ocr_line' id='line_1_46' title="bbox 306 3011 1964 3056; baseline 0.001 -14"><span class='ocrx_word' id='word_1_458' title='bbox 306 3012 336 3043; x_wconf 74' lang='lat'>1.</span> <span class='ocrx_word' id='word_1_459' title='bbox 358 3011 404 3044; x_wconf 85' lang='lat' dir='ltr'>M.</span> <span class='ocrx_word' id='word_1_460' title='bbox 426 3012 557 3054; x_wconf 71' lang='lat' dir='ltr'>Tangl,</span> <span class='ocrx_word' id='word_1_461' title='bbox 574 3012 646 3045; x_wconf 86' lang='lat' dir='ltr'>Die</span> <span class='ocrx_word' id='word_1_462' title='bbox 670 3013 901 3056; x_wconf 78' lang='lat' dir='ltr'>pc&#39;ipstliclzen</span> <span class='ocrx_word' id='word_1_463' title='bbox 919 3013 1310 3055; x_wconf 79' lang='lat' dir='ltr'>Kanzleiordnungen,</span> <span class='ocrx_word' id='word_1_464' title='bbox 1346 3013 1574 3052; x_wconf 76' lang='lat' dir='ltr'>Innsbmck,</span> <span class='ocrx_word' id='word_1_465' title='bbox 1594 3012 1700 3052; x_wconf 76' lang='lat'>1894,</span> <span class='ocrx_word' id='word_1_466' title='bbox 1731 3024 1765 3056; x_wconf 89' lang='lat' dir='ltr'>p.</span> <span class='ocrx_word' id='word_1_467' title='bbox 1783 3012 1828 3044; x_wconf 89' lang='lat'>35</span> <span class='ocrx_word' id='word_1_468' title='bbox 1845 3017 1884 3044; x_wconf 89' lang='lat' dir='ltr'>et</span> <span class='ocrx_word' id='word_1_469' title='bbox 1906 3012 1964 3044; x_wconf 85' lang='lat'>52.</span> 
     </span>
     <span class='ocr_line' id='line_1_47' title="bbox 308 3064 997 3105; baseline 0.006 -10"><span class='ocrx_word' id='word_1_470' title='bbox 308 3065 337 3096; x_wconf 80' lang='lat'>2.</span> <span class='ocrx_word' id='word_1_471' title='bbox 360 3064 398 3097; x_wconf 74' lang='lat' dir='ltr'>H.</span> <span class='ocrx_word' id='word_1_472' title='bbox 424 3065 479 3103; x_wconf 80' lang='lat' dir='ltr'>N„</span> <span class='ocrx_word' id='word_1_473' title='bbox 501 3077 568 3098; x_wconf 87' lang='lat' dir='ltr'>ms.</span> <span class='ocrx_word' id='word_1_474' title='bbox 590 3066 685 3098; x_wconf 79' lang='lat' dir='ltr'>latin</span> <span class='ocrx_word' id='word_1_475' title='bbox 704 3067 809 3105; x_wconf 79' lang='lat'>3598,</span> <span class='ocrx_word' id='word_1_476' title='bbox 831 3066 892 3099; x_wconf 80' lang='lat' dir='ltr'>fol.</span> <span class='ocrx_word' id='word_1_477' title='bbox 916 3067 935 3099; x_wconf 87' lang='grc'><strong>6</strong></span> <span class='ocrx_word' id='word_1_478' title='bbox 954 3071 997 3099; x_wconf 88' lang='lat' dir='ltr'>r0.</span> 
     </span>
     <span class='ocr_line' id='line_1_48' title="bbox 307 3118 858 3157; baseline 0.009 -9"><span class='ocrx_word' id='word_1_479' title='bbox 307 3118 336 3149; x_wconf 78' lang='lat'>3.</span> <span class='ocrx_word' id='word_1_480' title='bbox 369 3118 407 3149; x_wconf 68' lang='grc' dir='ltr'>Η.</span> <span class='ocrx_word' id='word_1_481' title='bbox 443 3118 498 3157; x_wconf 82' lang='grc' dir='ltr'>Ν.,</span> <span class='ocrx_word' id='word_1_482' title='bbox 531 3131 597 3151; x_wconf 88' lang='lat' dir='ltr'>ms.</span> <span class='ocrx_word' id='word_1_483' title='bbox 629 3119 724 3151; x_wconf 85' lang='lat' dir='ltr'>latin</span> <span class='ocrx_word' id='word_1_484' title='bbox 753 3120 858 3153; x_wconf 83' lang='grc'>2599.</span> 
     </span>
    </p>
   </div>
  </div>
 </body>
</html>
