2083 3458
109 245 259 300 [1452]
626 264 841 290 PAPARUM
877 266 1260 293 AVENIONENSIUM
1707 257 1788 298 609

95 344 228 383 factus
248 353 311 383 est
330 345 458 393 miles,
478 354 526 383 ut
544 355 662 396 patet
682 363 732 385 ex
751 348 877 386 literis
901 349 1042 387 Karoli
1063 351 1119 387 VI
1139 351 1241 400 regis
1270 353 1519 391 Francorum
1546 354 1652 392 datis
1676 355 1786 406 apud

95 403 291 442 Sanctum
323 404 566 453 Dionysium
595 420 703 444 anno
734 406 1088 456 MOECLXXXV,
1119 424 1255 449 mense
1286 412 1504 451 februario.
1537 413 1651 451 Obiit
1678 429 1786 453 anno

95 462 251 501 MCDX
268 463 311 500 in
338 463 548 502 obsidione
569 465 840 515 Carthaginis.
865 467 900 504 Is
928 482 1022 517 ergo
1050 469 1303 509 matrimonii
1333 471 1496 509 vinculo
1514 472 1681 522 junctus
1708 474 1787 511 fuit

92 535 184 559 cum
213 521 433 571 Margarita
461 523 509 560 de
530 524 819 574 Rupecavardi
848 526 929 563 filia
948 526 1152 575 Aymerici
1170 536 1211 565 et
1229 529 1414 568 Joannae
1442 531 1490 569 de
1508 531 1721 580 Archiam,
1739 540 1786 570 ut

91 580 219 618 tradit
242 581 425 619 Adamus
453 581 494 618 in
522 583 754 633 genealogia
786 584 1151 634 Rupicavardensi.

144 639 277 677 Guido
309 639 447 689 junior
494 641 599 679 filius
635 642 833 680 Guidonis
867 652 932 681 tot
965 644 1185 682 liberorum
1219 648 1401 695 parentis
1435 663 1604 689 uxorem
1638 651 1785 688 hahuit

89 712 198 736 anno
223 699 512 741 MCCCXVIII
538 700 807 739 Eustachiain
834 702 959 740 filiam
985 705 1348 753 secundogenitam
1372 707 1569 746 Bernardi
1595 709 1643 747 de
1668 710 1783 747 Com-

90 757 247 805 bornio,
267 758 422 806 militis,
442 758 598 796 domini
616 760 664 797 de
682 761 937 799 Bellomonte
956 770 997 799 et
1014 762 1063 800 de
1083 763 1364 803 Chamboliva.
1385 766 1498 804 Obiit
1515 776 1611 805 ante
1629 782 1783 805 annum

90 816 375 855 MCCCXLIII
393 831 488 867 quo,
505 818 567 855 uti
584 827 778 857 notatum
796 820 915 858 estin
931 821 1062 859 veteri
1078 822 1239 871 Regesto
1265 825 1511 873 parlamenti
1531 827 1782 874 Parisiensis‚

89 875 222 914 Guido
239 876 288 914 de
306 876 493 914 Chenaco
510 877 623 915 miles
642 878 793 916 dicitur
808 879 957 917 habere
975 880 1130 917 ballum
1147 881 1364 919 liberorum
1384 884 1567 922 defuncti
1585 886 1781 924 Guidonis

88 934 136 971 de
154 935 340 973 Chenaco
358 935 561 973 domicelli
581 936 651 974 filii
668 937 742 975 sui.
763 938 824 974 Ex
843 938 1081 985 Eustachia⁷
1101 953 1203 988 quae
1221 941 1256 978 ei
1272 951 1476 991 superstes
1495 944 1586 990 fuit,
1604 945 1782 995 suscepit

88 993 189 1031 duas
238 1002 405 1032 tantum
458 995 574 1041 filias,
626 996 839 1036 Galienam
888 1006 929 1035 et
977 998 1216 1037 Blancham.
1269 1000 1435 1039 Galiena
1486 1003 1626 1052 nupsit
1674 1018 1781 1041 anno

88 1052 411 1091 MCCCXLVIII
445 1054 675 1092 Bertrando
711 1056 759 1092 de
797 1056 948 1093 Favars
985 1057 1214 1104 domicello,
1250 1059 1411 1097 deinde·
1430 1074 1537 1099 anno
1574 1062 1782 1101 MCCCLV

89 1111 353 1162 Ramnulpho
374 1113 514 1151 Heliae
532 1113 580 1151 de
600 1112 871 1163 Pompedorio
890 1115 1024 1153 militi.
1042 1116 1223 1154 Blancha
1238 1132 1334 1155 vero
1352 1120 1603 1159 matrimonii
1620 1121 1780 1159 foedere

84 1170 229 1219 juncta
250 1180 311 1209 est
332 1185 425 1211 cum
447 1172 606 1210 Joanne
630 1173 831 1211 Fulcherii
851 1182 1054 1223 prognato
1075 1190 1125 1212 ex
1144 1176 1287 1213 eadem
1309 1186 1427 1226 gente
1450 1193 1552 1227 quae
1573 1188 1668 1218 ante
1690 1195 1779 1230 pro-

85 1230 238 1268 tulerat
267 1231 457 1268 Alaidam
486 1245 609 1281 supra
639 1241 1018 1272 commemoratam.

142 1289 277 1327 Helias
305 1290 390 1328 sive
420 1291 608 1328 Heliotus
639 1291 743 1329 filius
773 1291 970 1329 Guidonis
998 1292 1180 1339 senioris,
1208 1294 1335 1332 frater
1363 1295 1560 1334 Guidonis
1594 1297 1779 1346 junioris,

84 1361 192 1385 anno
235 1349 611 1387 MCCCXXXVIII
653 1364 790 1388 mense
832 1351 1046 1390 novembri
1088 1353 1296 1390 contraxit
1338 1354 1647 1393 matrimonium
1689 1370 1780 1395 cum

87 1408 255 1446 Galiena
296 1409 377 1446 filia
415 1409 579 1447 Geraldi
616 1409 962 1447 Ventedornensis
1000 1410 1156 1448 domini
1193 1412 1241 1449 de
1280 1412 1537 1462 Donzenaco,
1574 1423 1614 1452 et
1650 1430 1699 1453 ex
1734 1430 1779 1453 ea

87 1466 216 1504 filium
235 1467 384 1505 habuit
403 1468 634 1508 Guidonem
653 1476 816 1518 patrem
840 1469 1036 1507 Isabellae
1056 1469 1211 1507 dictum
1233 1470 1273 1507 in
1294 1479 1545 1512 testamento
1564 1474 1778 1512 Bertrandi

84 1526 316 1574 cardinalis,
349 1527 525 1574 Heliam,
555 1535 597 1564 et
627 1527 806 1567 Giletam
836 1536 1011 1578 nuptam
1042 1529 1163 1566 Petro
1193 1530 1407 1569 Channeti.
1441 1531 1617 1570 Vivebat
1646 1533 1779 1571 adhuc

88 1585 223 1623 Helias
244 1600 290 1623 eo
308 1594 494 1636 tempore
515 1601 596 1636 quo
616 1586 743 1625 frater
761 1587 848 1636 ejus
868 1587 1120 1624 Bertrandus
1142 1589 1327 1626 condidit
1346 1597 1657 1630 testamentum.
1681 1592 1778 1641 Ejus

86 1645 190 1682 filius
224 1645 347 1683 fuisse
381 1646 547 1683 videtur
583 1645 720 1683 Helias
755 1646 839 1683 sive
878 1647 1073 1684 Helionus
1109 1648 1236 1694 miles,
1273 1662 1394 1697 quem
1430 1650 1661 1688 Ludovieus
1697 1651 1779 1689 dux

83 1703 332 1753 Aquitaniae
372 1704 469 1743 feeit
509 1706 806 1743 seneschallum
848 1706 1181 1745 Lemovicensem
1221 1721 1329 1744 anno
1372 1708 1595 1747 MCCCCX.
1640 1710 1778 1759 Neque

82 1763 204 1809 ultra,
233 1763 343 1812 quod
370 1764 537 1813 quidem
563 1778 636 1813 ego
662 1764 802 1809 sciam,
830 1779 1040 1814 progressa
1068 1773 1130 1802 est
1156 1779 1200 1802 ca
1229 1767 1476 1814 genealogia.
1507 1768 1611 1805 Nam
1636 1776 1708 1819 per
1733 1783 1776 1806 ea

81 1830 268 1872 tempora
292 1824 421 1862 omnis
444 1823 649 1861 hereditas
672 1824 956 1861 Chanacorum
978 1824 1029 1860 ad
1053 1832 1214 1872 gentem
1239 1825 1556 1874 Pompadoriam
1577 1828 1776 1865 translata

83 1889 144 1918 est
165 1895 258 1921 eum
277 1882 459 1920 Blancha
482 1882 566 1920 sive
588 1882 756 1920 Galiena
780 1883 827 1920 de
850 1883 1054 1930 Chanaco‚
1077 1897 1180 1931 quae
1202 1898 1309 1921 anno
1333 1884 1574 1923 MCCCCLV
1594 1886 1777 1936 nupsisse

81 1940 230 1978 dicitur
252 1941 472 1991 Ranulpho
492 1941 576 1979 sive
600 1942 817 1991 Raynaldo
837 1942 953 1979 istius
975 1942 1150 1979 nominis
1171 1943 1294 1980 tertio
1315 1943 1480 1982 domino
1502 1945 1775 1994 Pompadorii.

81 1999 199 2047 Quod
228 2000 390 2038 errandi
420 2001 675 2040 occasionem
703 2001 895 2050 praebuit
924 2001 970 2038 iis
1001 2001 1069 2050 qui
1100 2001 1206 2039 hunc
1237 2002 1499 2040 Guillclmum
1529 2004 1774 2041 cardinalem

79 2059 329 2109 scripserunt
355 2068 492 2098 ortum
516 2074 601 2098 esse
627 2074 646 2097 e
674 2060 970 2110 Pompadoriis.

136 2118 313 2167 Insignia
335 2119 465 2168 gentis
487 2119 535 2157 de
555 2119 760 2167 Chanaco,
783 2119 918 2169 qualia
940 2119 1168 2158 etiamnum
1189 2119 1380 2157 visuntur
1399 2120 1439 2156 in
1458 2120 1643 2170 pluribus
1663 2121 1774 2169 locis,

80 2176 368 2215 describuntur
387 2178 428 2215 in
449 2178 579 2216 veteri
599 2178 876 2216 instrumento
898 2178 997 2215 dato
1019 2178 1188 2215 Tutelae
1219 2192 1327 2215 anno
1348 2178 1561 2217 millesimo
1583 2180 1773 2227 CCCVH,

79 2235 142 2273 die
165 2236 271 2285 jovis
295 2245 390 2286 post
414 2237 565 2275 festum
588 2237 764 2287 paschae
801 2237 865 2286 [30
889 2237 1036 2285 mars]‚
1062 2237 1102 2273 in
1128 2251 1207 2285 quo
1232 2237 1386 2274 mentio
1410 2246 1471 2275 est
1502 2239 1773 2287 quarumdam

711 2446 1133 2495 fflffifflsslffl

710 2541 1139 2607 mmmm}-

1007 2686 1012 2694 ι

911 2711 950 2733 .·-’“
999 2728 1004 2733 N

933 2766 943 2775 a

75 2940 286 2978 literarum
307 2940 395 2978 heic
417 2940 716 2990 descriptarum
740 2958 746 2979 :
770 2956 840 2992 que
862 2942 967 2979 litere
987 2949 1098 2978 erant
1118 2955 1195 2977 non
1216 2953 1300 2977 rase
1321 2946 1355 2975 et
1375 2952 1454 2974 non
1473 2936 1680 2974 cancellata
1701 2950 1769 2974 nec

76 2998 220 3046 vitiate,
249 3007 284 3036 et
309 3007 421 3036 erant
445 2999 580 3048 sigillo
609 2999 758 3049 integro
784 3000 969 3049 sigillate‚
998 3008 1033 3037 et
1059 3013 1148 3037 cum
1173 2997 1297 3036 literis
1324 2996 1566 3045 legibilibus,
1596 2995 1769 3059 videlicet

75 3057 208 3106 sigillo
230 3058 339 3095 Petri
363 3059 407 3095 cle
430 3057 592 3095 Clzanac
614 3059 823 3105 domicelli,
848 3067 889 3096 ut
910 3058 1043 3108 prima
1064 3057 1165 3107 facie
1188 3056 1424 3106 apparebat3
1450 3054 1493 3091 in
1519 3067 1592 3104 quo
1614 3054 1770 3104 quidem

73 3115 207 3165 sigillo
233 3124 314 3154 erat
339 3125 372 3155 et
397 3117 616 3166 apparebat
644 3117 860 3165 figuratum
886 3117 1080 3166 quoddam
1104 3124 1271 3162 scutum,
1301 3114 1343 3151 in
1369 3128 1442 3163 quo
1467 3121 1574 3150 scuto
1602 3120 1712 3149 erant
1736 3119 1770 3149 et

641 3206 804 3229 BALUZE.
828 3215 875 3220 —
906 3197 950 3229 II.
971 3215 1018 3220 —
1038 3198 1094 3229 20.
