2083 3458
127 211 276 267 [1165]
643 228 859 253 PAPARUM
895 229 1277 255 AVENIONENSIUM
1724 217 1804 258 685

112 310 222 348 nales
246 309 542 357 Ambianensis,
567 311 881 360 Ebredunensis,
905 313 1161 361 Cusentinus,
1191 314 1238 352 de
1269 315 1457 364 Thureyo
1487 323 1527 353 et
1558 315 1803 354 Vivariensis

123 369 322 418 [Journal‚
350 383 389 418 p.
419 369 495 406 438
523 378 563 407 et
590 370 704 420 440]

168 428 214 465 In
246 427 386 465 Diario
431 428 484 477 [p.
521 429 620 479 478]
656 429 833 479 episcopi
867 431 1139 478 Carnotensis,
1174 446 1224 470 ex
1258 446 1337 481 quo
1371 441 1535 482 sumpta
1570 442 1666 471 sunt
1700 447 1803 483 quae

112 487 308 525 hactenus
337 486 512 525 diximus
542 487 589 525 de
621 489 867 537 Ingerranno
894 498 934 527 et
962 489 1009 527 de
1037 490 1179 528 itinere
1210 490 1430 540 Hispanico
1459 492 1569 530 ducis
1597 492 1803 539 Borbonii,

112 546 211 584 haec
230 546 281 583 ad
301 545 408 583 diem
428 560 498 583 xiv
519 546 741 591 decembris
763 548 1146 586 MCCCLXXXVH
1165 549 1356 599 leguntur
1375 551 1422 588 de
1442 559 1624 589 tractatu
1643 551 1802 601 reginae

113 605 264 643 Mariae
283 619 375 643 cum
395 604 541 642 comite
563 606 790 645 Sabaudiae
812 623 819 644 z
837 607 913 644 Die
931 608 1040 644 XIV
1057 616 1145 645 ante
1163 609 1378 657 prandium
1396 617 1429 646 et
1447 618 1532 659 post
1548 610 1626 659 fuit
1644 610 1804 648 domina

114 664 157 701 in
180 663 329 714 palatio
354 678 471 713 penes
496 679 644 713 papam
670 679 739 714 pro
763 666 863 714 facto
889 666 1039 704 comitis
1066 667 1277 705 Sabauclie.
1306 668 1355 705 Et
1379 676 1470 706 tunc
1495 669 1596 706 venit
1622 669 1804 706 dominus

120 717 308 772 Georgius
343 723 408 771 (de
445 723 600 763 Martio)
637 724 800 761 dimisso
834 725 990 762 domino
1025 725 1191 763 Nicolao
1224 727 1268 763 cle
1302 727 1495 776 Spinollis
1531 727 1573 765 in
1605 736 1727 765 castro
1761 728 1804 765 de

114 782 372 820 Barbentane.
407 782 484 818 Die
517 782 600 819 XV
634 791 719 832 post
753 784 970 833 prandium
1002 784 1106 833 jacta
1139 785 1217 834 fuit
1251 786 1452 835 responsio
1483 787 1804 824 ambascatoribus

112 841 263 879 comitis
285 841 485 879 Sabauclie
507 841 549 877 in
570 842 765 890 presentia
786 857 887 892 pape
908 851 940 880 et
961 843 1115 880 (lomine
1135 858 1203 893 per
1223 844 1461 882 cardinalem
1481 845 1801 883 Ambianensem.

113 900 250 938 Stabat
281 899 482 949 responsio
517 900 559 937 in
590 900 724 949 effectu
758 902 857 951 quod
889 902 1049 939 (lomina
1082 903 1186 940 vadit
1218 904 1269 940 ad
1300 903 1528 951 Franciam,
1562 904 1803 942 ordinationi

112 959 214 1008 regis
237 959 406 996 Francie
429 967 462 996 et
484 959 639 996 Biturie
661 968 694 997 et
716 961 961 1009 Burgundie.
989 961 1128 1007 Stabit,
1152 961 1187 998 si
1210 963 1333 1011 placet
1355 962 1485 1000 comiti
1508 978 1579 1012 pro
1600 977 1674 1000 sua
1697 971 1804 1013 parte

111 1027 230 1064 staria
255 1018 290 1055 si
317 1033 407 1064 non,
433 1018 585 1055 rediens
609 1020 660 1056 acl
684 1034 888 1057 romanam
912 1020 1064 1057 curiam
1088 1021 1182 1057 volet
1206 1022 1306 1070 quod
1333 1036 1456 1064 comes
1488 1022 1640 1071 aliquos
1664 1025 1734 1071 pro
1765 1036 1804 1059 se

112 1077 288 1127 recipiat,
318 1085 351 1114 et
378 1077 562 1114 dominus
589 1092 725 1126 prose
753 1079 911 1128 recipiet
933 1079 1045 1125 alios,
1068 1087 1101 1116 et
1126 1079 1184 1116 illi
1207 1080 1401 1118 videbunt.
1428 1081 1478 1117 Et
1502 1080 1662 1118 domina
1687 1080 1805 1118 mittet

112 1137 164 1174 ad
179 1136 354 1174 comitem
372 1151 496 1173 uniam
514 1137 570 1173 vel
586 1137 681 1173 duos
699 1152 744 1174 ecc
760 1146 868 1187 parte
884 1137 948 1174 sui
966 1138 1017 1174 acl
1032 1152 1117 1175 eam
1134 1139 1395 1176 excusandam
1411 1154 1529 1188 super
1546 1139 1804 1176 dilationibus

114 1196 157 1233 in
176 1196 246 1233 hac
266 1195 429 1232 materia
448 1196 609 1245 receptis
628 1204 661 1233 et
681 1197 731 1233 acl
750 1196 989 1245 offerendum
1009 1198 1108 1246 quod
1127 1197 1161 1234 si
1182 1212 1304 1235 comes
1325 1198 1519 1235 meliorem
1539 1198 1643 1235 viam
1663 1198 1801 1244 videat,

114 1255 223 1292 illam
247 1263 479 1304 promoveat,
506 1255 666 1292 (lomina
691 1264 830 1305 parata
855 1264 908 1292 est
933 1256 967 1292 ei
994 1255 1199 1294 intendere.
1228 1257 1281 1293 Et
1306 1257 1427 1306 paulo
1452 1256 1555 1294 infra
1584 1273 1590 1294 :
1614 1257 1690 1293 Die
1714 1271 1805 1295 XVII

113 1322 198 1364 post
225 1312 441 1364 prandium
469 1314 630 1351 (lomina
656 1314 734 1363 suit
761 1329 878 1364 penes
905 1329 1066 1364 papam.
1097 1315 1193 1352 Fuit
1220 1315 1444 1353 ordinatum
1473 1317 1572 1365 quod
1596 1316 1805 1353 consilium

111 1387 229 1423 super
259 1373 374 1422 saetis
406 1373 560 1410 (lomine
592 1381 765 1410 teneatur
795 1389 819 1411 a
850 1374 1121 1411 cardinalibus
1154 1374 1417 1411 Ambianensi
1449 1383 1482 1412 et
1513 1374 1740 1422 Cusentino,
1773 1383 1805 1412 et

113 1432 378 1470 conclusiones
401 1447 503 1481 pape
525 1440 558 1469 et
581 1432 734 1469 domine
757 1433 1000 1481 referrentur.

167 1492 268 1529 Erat
288 1499 379 1530 tum
400 1505 547 1541 magna
570 1491 820 1529 concertatio
841 1491 946 1530 inter
967 1492 1153 1529 eamdem
1174 1491 1352 1541 reginam
1375 1500 1416 1530 et
1437 1492 1625 1530 comitem
1650 1492 1804 1530 Geben-

113 1564 277 1589 nensem
300 1559 466 1600 propter
487 1550 699 1600 sexaginta
722 1551 846 1588 millia
870 1551 1113 1588 florenorum
1137 1551 1184 1589 de
1207 1565 1379 1598 camera,
1403 1566 1502 1600 quos
1524 1551 1586 1589 ille
1609 1551 1683 1588 sibi
1705 1550 1805 1588 solvi

113 1610 353 1660 postulabat
371 1609 432 1647 uti
451 1609 527 1647 sibi
547 1609 704 1648 debitos
725 1618 891 1660 propter
911 1624 1073 1660 operam
1094 1624 1116 1647 a
1135 1625 1175 1648 se
1194 1610 1275 1659 regi
1295 1610 1442 1648 marito
1460 1610 1546 1659 ejus
1565 1609 1806 1660 praestitam

113 1669 154 1706 in
179 1669 310 1715 Italia,
332 1677 372 1707 et
393 1677 601 1719 praeterea
624 1677 801 1718 quatuor
822 1668 945 1706 millia
967 1669 1199 1706 francorum
1219 1669 1294 1706 sibi
1321 1669 1458 1707 debita
1479 1669 1635 1706 ratione
1660 1668 1805 1706 mutui.

117 1728 222 1766 Huic
235 1728 530 1766 concertationi
546 1728 634 1765 [inis
648 1728 862 1778 impositus
876 1736 936 1766 est
949 1742 1056 1765 anno
1072 1728 1491 1775 MCCCLXXXVIIL
1505 1727 1567 1765 die
1582 1742 1650 1764 xiv
1663 1727 1805 1776 janua-

114 1787 174 1834 rii,
197 1787 307 1837 apud
331 1787 583 1825 Avenionem
605 1787 646 1824 in
668 1787 822 1837 palatio
844 1787 1088 1837 apostolico:
1111 1787 1181 1824 ubi
1202 1787 1243 1824 in
1265 1787 1452 1824 manibus
1471 1801 1602 1837 papae
1623 1787 1806 1835 juratum

116 1846 193 1883 fuit
213 1861 332 1896 super
352 1846 504 1884 missali
524 1846 575 1883 ab
595 1845 642 1884 iis
664 1846 732 1895 qui
752 1846 844 1884 huic
866 1846 1086 1884 conventui
1110 1846 1335 1884 intererant
1363 1860 1447 1883 rem
1475 1846 1558 1883 fore
1591 1845 1805 1891 occultam,

115 1905 256 1943 addita
277 1905 700 1944 excommunicatione
721 1905 761 1942 in
781 1906 1022 1951 revelantes,
1045 1905 1158 1954 cujus
1180 1905 1478 1943 absolutionem
1499 1918 1605 1954 papa
1626 1918 1745 1954 penes
1766 1918 1806 1941 se

114 1964 296 2002 retinuit.
331 1965 567 2002 praesentes
602 1964 779 2011 fuerunt,
812 1973 858 2001 ut
889 1964 1030 2002 scribit
1061 1964 1272 2014 episcopus
1306 1963 1562 2001 Carnotensis
1594 1963 1635 2000 in
1666 1962 1807 2000 eodem

118 2023 254 2064 Diario
285 2023 338 2073 [p.
360 2023 467 2073 495]‚
490 2023 712 2061 cardinales
734 2023 1032 2070 Ambianensis,
1053 2023 1101 2061 de
1117 2023 1275 2069 Tureio,
1296 2023 1343 2060 de
1361 2022 1544 2069 Murolio,
1565 2020 1805 2060 camerarius

117 2096 260 2133 papae,
290 2082 468 2132 episcopi
498 2082 736 2129 Aniciensis,
767 2082 1040 2129 Carnotensis‚
1070 2090 1111 2120 et
1141 2081 1426 2128 Sistaricensis,
1458 2095 1588 2119 comes
1623 2081 1806 2118 Camera-

115 2141 210 2188 rius,
229 2142 499 2180 seneschallus
520 2141 771 2188 Provinciae,
790 2141 831 2179 id
849 2149 923 2188 est,
943 2141 1135 2190 Georgius
1156 2141 1203 2178 de
1223 2140 1376 2187 Marlio,
1396 2140 1583 2177 dominus
1605 2139 1805 2176 Robertus

117 2201 164 2239 de
184 2200 338 2247 Drocis,
355 2201 543 2239 dominus
563 2201 833 2249 Raymundus
845 2200 1054 2238 Bernardi.
1075 2200 1290 2246 Tractatus‚
1307 2199 1439 2248 inquit
1457 2199 1564 2236 idem
1580 2197 1806 2247 episeopus,

116 2259 335 2297 continebat
360 2261 459 2309 quod
482 2274 604 2297 comes
635 2259 899 2297 Gebennensis
923 2260 1084 2296 traderet
1108 2259 1261 2296 (lomine
1286 2259 1410 2295 decem
1435 2257 1562 2294 millia
1583 2257 1808 2305 francorum

116 2319 287 2365 realiter3
321 2318 463 2368 quibus
495 2318 760 2356 mediantibus
791 2326 886 2355 esset
917 2318 1062 2367 quittus
1093 2332 1184 2366 erga
1216 2317 1416 2354 dominam
1447 2317 1490 2353 cle
1522 2315 1627 2352 omni
1660 2314 1808 2352 actione

117 2386 330 2427 presentem
359 2378 461 2415 diem
490 2378 709 2427 precedente
739 2392 855 2427 quam
883 2391 928 2414 eas
958 2390 1195 2426 quacumque
1225 2390 1344 2413 causa
1373 2375 1533 2412 domina
1562 2382 1693 2411 contra
1721 2387 1808 2410 eum

118 2445 243 2486 posset
270 2436 469 2474 intentare.
500 2437 596 2474 Item
622 2436 782 2473 (lomina
805 2451 845 2473 se
870 2436 1057 2484 obligaret
1082 2435 1212 2472 comiti
1239 2435 1281 2471 in
1305 2434 1475 2471 XXXV
1500 2432 1675 2470 millibus
1699 2432 1807 2480 sran-

117 2510 267 2540 corum;
290 2495 432 2544 quibus
452 2495 602 2542 solutis,
625 2495 785 2532 domina
804 2503 899 2532 esset
919 2495 1040 2544 quitta
1060 2508 1177 2543 penes
1197 2508 1284 2530 eum
1304 2494 1348 2530 de
1369 2505 1605 2542 quacumque
1626 2490 1809 2540 petitione

118 2569 186 2604 per
210 2554 385 2591 comitem
411 2554 496 2602 fieri
521 2554 704 2603 possibili
732 2568 849 2603 usque
874 2554 925 2591 ad
948 2561 1161 2602 presentem
1185 2552 1299 2589 diem.
1326 2552 1404 2588 Pro
1430 2551 1505 2588 ista
1527 2549 1717 2587 solutione
1741 2562 1810 2598 per

119 2613 320 2650 dominam
345 2613 475 2661 fienda
499 2613 607 2650 (labit
630 2613 790 2650 domina
812 2612 1047 2658 securitates,
1071 2611 1216 2648 scilicet
1241 2610 1413 2647 insulam
1438 2608 1615 2655 NIartici,
1640 2615 1810 2645 castrum

120 2673 162 2710 de
187 2672 398 2718 Alensono,
426 2671 559 2709 villam
584 2672 627 2709 cle
652 2672 768 2708 Berre
792 2680 825 2708 et
850 2671 983 2708 villam
1008 2671 1051 2707 cle
1082 2670 1210 2716 Ystre3
1237 2683 1332 2718 quas
1357 2668 1470 2705 villas
1495 2667 1654 2705 domina
1679 2666 1810 2703 vendet

120 2731 277 2768 domino
295 2730 424 2768 comiti
443 2745 512 2780 pro
530 2730 652 2780 pretio
671 2730 826 2767 illorum
843 2729 1013 2766 XXXV
1030 2729 1201 2766 millium
1216 2728 1454 2776 francorum,
1472 2740 1517 2763 ea
1533 2734 1661 2763 tamen
1679 2724 1808 2762 condi-

120 2790 222 2827 tione
251 2790 351 2839 quod
378 2789 538 2826 (lomina
564 2789 743 2826 solvendo
771 2789 914 2826 dictam
941 2802 1149 2833 summam,
1179 2800 1298 2836 usque
1325 2786 1376 2823 acl
1403 2786 1528 2822 decem
1555 2798 1680 2821 annos
1708 2782 1810 2820 dicta

120 2849 203 2885 loca
231 2847 369 2898 poterit
397 2862 639 2897 recuperare;
671 2848 771 2897 quod
797 2847 832 2884 si
861 2847 1002 2895 fecerit,
1033 2845 1201 2883 venditio
1230 2845 1301 2882 erit
1330 2845 1457 2889 nulla;
1485 2851 1518 2880 et
1546 2857 1646 2892 pour
1674 2856 1712 2879 ce
1741 2855 1810 2891 que

121 2907 310 2944 Madame
343 2921 421 2943 non
452 2914 573 2956 potest
604 2906 756 2943 realiter
797 2906 942 2943 tradere
986 2904 1099 2942 villas
1131 2903 1425 2953 prenominatas
1468 2902 1579 2939 titulo
1614 2900 1809 2950 pignoris,

121 2980 244 3003 comes
273 2965 428 3002 habebit
459 2965 650 3013 gabellam
678 2965 808 3011 Berre,
839 2964 952 3013 cujus
980 2963 1095 3012 jaciet
1123 2962 1272 3011 fructus
1301 2957 1392 2998 suos
1434 2960 1650 2998 inchoando
1688 2973 1712 2996 a
1750 2958 1811 2996 elie

122 3024 340 3062 nativitatis
379 3023 571 3061 dominice
610 3023 785 3072 proccime
824 3031 996 3068 ventura,
1037 3035 1232 3071 quousque
1271 3020 1431 3058 domina
1468 3018 1598 3068 fecerit
1635 3017 1670 3055 ei
1709 3017 1810 3055 tradi

123 3083 406 3133 possessionem
439 3082 567 3119 insule
597 3090 630 3119 et
662 3081 861 3119 Alansoni
897 3081 952 3118 vel
986 3081 1100 3118 Berre
1131 3088 1164 3117 et
1202 3080 1325 3117 Ystre.
1361 3077 1514 3115 Habita
1544 3091 1627 3115 vero
1662 3090 1811 3126 posses-
