2083 3458
90 265 242 322 [l28l]
611 285 825 310 PAPARUM
862 287 1245 312 Ax'ENioNENanM
1692 273 1773 316 801

79 364 367 411 palentinensi,
399 364 636 403 bacallarius
666 366 707 404 in
743 368 914 414 decretis,
943 383 1011 418 per
1037 377 1167 406 sancte
1203 369 1384 406 memorie
1419 370 1623 408 dominum
1654 371 1772 408 Inno-

77 423 248 462 centium
281 438 432 473 papam
472 425 531 461 VI
564 425 820 475 pontificatus
854 427 918 464 sui
953 442 1059 465 anno
1093 429 1260 465 secundo
1295 428 1522 466 auctoritate
1557 430 1773 478 apostolica

78 483 256 521 notarius
284 482 471 532 publicus
505 493 669 530 creatus,
705 486 756 523 ad
788 485 958 534 jussum,
997 488 1227 524 mandatum
1262 495 1294 524 et
1328 488 1622 537 requisitionem
1661 489 1769 526 illus-

77 541 243 580 trissimi
275 541 475 591 principis
509 543 660 580 domini
697 545 896 582 Jolzannis
923 545 1089 583 Castelle
1121 554 1155 583 et
1180 546 1368 594 Legionis
1391 547 1494 595 regis
1521 547 1705 584 omnibus
1737 556 1771 585 et

75 601 249 650 singulis
277 615 402 650 supra
433 601 474 638 in
504 603 674 651 presenti
705 603 804 640 libro
833 604 1061 653 hujusmodi
1091 605 1305 642 voluminis
1336 605 1377 642 in
1407 606 1583 643 (lucentis
1611 615 1768 656 septua-

77 660 188 710 ginta
213 668 358 709 septem
382 660 492 708 soliis
520 662 748 710 pergameni
774 663 934 712 scriptis
962 663 1076 713 quasi
1102 672 1136 701 et
1162 664 1363 711 contentis,
1392 665 1485 702 (lum
1511 665 1568 702 sic
1594 673 1628 702 et
1652 674 1769 715 prout

78 719 120 756 in
142 719 198 756 eis
221 728 426 756 narratum
448 728 502 757 est
524 729 557 757 et
587 735 814 770 expressum
835 722 996 770 suerunt
1017 723 1133 769 elicta,
1156 723 1342 770 exhibita,
1368 732 1540 770 narrata,
1565 725 1766 773 producta,

75 779 256 827 allegata,
290 778 407 827 facta,
443 787 476 815 et
509 780 681 826 actitata,
718 789 905 830 tanquam
940 781 1118 819 notarius
1153 782 1337 831 publicus
1372 796 1453 819 una
1487 798 1574 820 cum
1609 783 1766 820 domino

77 838 287 875 Fernanslo
316 838 490 875 Martini
519 840 712 888 quondam
743 840 1018 877 archidiacono
1042 842 1085 878 (le
1107 839 1263 877 Nebula
1287 841 1328 878 in
1350 842 1525 878 Ecclesia
1552 842 1765 891 IspalensI',

76 897 234 946 publico
257 897 469 946 apostolica
494 906 528 934 et
553 898 753 947 imperiali
777 899 1004 936 auctoritate
1029 900 1179 937 notario
1202 901 1253 937 acl
1276 900 1559 949 perhibendum
1584 901 1699 950 fislem
1724 902 1766 938 de

76 956 273 1005 predictiS,
291 964 372 1001 etc.,
390 971 457 1005 per
474 957 620 994 (lictum
638 957 841 995 dominum
858 973 984 1006 regem
1005 959 1189 1007 requisito
1208 967 1241 996 et
1257 967 1389 1007 rogato
1402 960 1611 996 actestibus
1624 974 1764 1009 supra-

74 1015 234 1065 scriptis
254 1030 413 1064 presens
434 1015 610 1065 interjui,
627 1032 672 1054 ac
687 1017 821 1054 omnia
838 1026 871 1054 et
885 1018 1047 1065 singula
1068 1018 1110 1054 in
1126 1018 1405 1067 protlzocollum
1425 1033 1552 1055 meum
1575 1019 1765 1067 recollegi,

75 1075 119 1112 de
140 1075 284 1124 quibus
305 1075 532 1124 hujusmodi
555 1077 733 1113 volumen
757 1077 920 1113 ducenta
940 1076 1194 1125 septuaginta
1215 1085 1359 1125 septem
1378 1077 1477 1126 solia
1498 1077 1701 1115 continens
1724 1078 1764 1115 in

75 1134 277 1183 publicam
297 1134 466 1183 sormam
488 1135 629 1183 redegi,
653 1144 685 1172 et
706 1135 800 1172 aliis
822 1144 1033 1184 occupatus
1055 1136 1221 1183 negotiis
1244 1136 1408 1184 fideliter
1429 1150 1496 1185 per
1523 1137 1624 1174 alios
1643 1137 1764 1174 scribi

73 1193 161 1242 feci,
185 1201 219 1231 et
240 1207 284 1230 ea
307 1194 549 1240 concordavi,
573 1194 761 1243 signoque
786 1208 866 1231 meo
888 1195 1001 1231 solito
1023 1195 1196 1243 signavi,
1220 1203 1253 1232 et
1277 1195 1319 1232 in
1343 1195 1421 1244 sine
1444 1195 1654 1243 cujuslibet
1674 1195 1763 1244 folii

73 1266 119 1290 ex
143 1261 302 1301 utraque
325 1261 434 1302 parte
458 1267 597 1290 nomen
623 1268 750 1291 meum
773 1253 946 1303 apposui
972 1254 1014 1290 in
1038 1254 1306 1291 testimonium
1328 1254 1508 1291 omnium
1531 1262 1566 1291 et
1587 1254 1763 1303 singulo-

74 1326 163 1349 rum
191 1312 472 1361 premissorum
501 1321 660 1361 rogatus
689 1321 722 1350 et
751 1312 975 1362 requisitus,
1010 1313 1128 1351 Hunc
1158 1313 1339 1352 codicem
1368 1321 1510 1362 postea
1542 1314 1684 1351 Petrus
1714 1313 1763 1351 de

76 1371 189 1408 Luna
218 1371 367 1409 detulit
394 1372 661 1418 Avenionem,
689 1380 729 1409 et
755 1372 926 1411 tandem
954 1371 1230 1418 Paniscolam;
1257 1372 1364 1409 unde
1392 1372 1543 1409 relatus
1571 1380 1632 1409 est
1660 1372 1762 1409 Ave-

74 1430 238 1468 nionem
257 1445 278 1468 a
300 1445 448 1479 magno
468 1431 535 1468 illo
558 1432 678 1469 Petro
699 1431 902 1468 cardinale
926 1430 1114 1468 Fuxensi.
1139 1431 1244 1469 Nam
1264 1445 1357 1470 cum
1378 1430 1576 1468 Martinus
1596 1431 1629 1468 V
1649 1430 1763 1468 illum

74 1489 250 1528 misisset
286 1489 326 1527 in
366 1490 633 1539 Arragoniam
670 1498 716 1527 ut
756 1490 845 1527 finis
883 1490 1162 1540 imponeretur
1199 1489 1410 1529 schismati
1446 1505 1517 1539 per
1553 1489 1762 1528 renuntia-

74 1549 228 1587 tionem
251 1549 469 1588 Clementis
494 1550 612 1596 VIII,
636 1549 875 1587 successoris
898 1549 1123 1595 Benedicti,
1150 1548 1345 1587 Fuxensis
1369 1557 1462 1598 post
1484 1563 1570 1588 rem
1593 1548 1763 1586 feliciter

75 1616 229 1658 gestam
250 1608 406 1658 redegit
434 1609 475 1646 in
504 1622 620 1647 suam
641 1617 893 1658 potestatem
915 1609 977 1658 (ut
998 1608 1117 1646 docet
1136 1608 1366 1646 Bernardus
1388 1608 1435 1646 de
1460 1607 1651 1657 Rosergio
1671 1616 1761 1646 tum

73 1667 336 1706 cancellarius
383 1668 584 1706 Ecclesiae
629 1668 866 1714 Tolosanae,
911 1675 1052 1717 postea
1101 1682 1196 1705 vero
1239 1666 1582 1716 archiepiscopus)
1638 1666 1760 1704 libros

72 1727 285 1777 utriusque
320 1727 544 1774 facultatis,
578 1727 619 1764 id
652 1735 728 1774 est,
761 1726 861 1776 juris
897 1726 1023 1764 civilis
1058 1734 1099 1764 et
1133 1725 1330 1773 canonici,
1364 1734 1406 1763 et
1438 1734 1595 1775 regesta
1630 1726 1759 1764 multa

76 1786 356 1826 Romanorum
385 1786 631 1836 pontificum
661 1800 764 1836 quae
795 1785 834 1823 in
865 1794 998 1823 castro
1021 1785 1269 1832 Paniscolae,
1292 1784 1361 1822 ubi
1382 1784 1628 1822 Benedictus
1659 1784 1759 1822 inte-

72 1845 209 1892 rierat,
242 1845 411 1883 inventa
444 1854 554 1892 sunt,
587 1854 628 1883 et
662 1845 915 1884 Avenionem
947 1844 1173 1882 transtulit.
1209 1845 1355 1882 Postea
1388 1858 1481 1882 cum
1513 1843 1762 1882 condidisset

72 1905 182 1955 apud
216 1905 406 1944 Tolosam
439 1905 652 1954 collegium
686 1904 795 1953 quod
828 1919 877 1942 ex
910 1903 1072 1943 nomine
1104 1904 1191 1953 ejus
1224 1911 1397 1941 vocatur
1431 1903 1629 1950 Fuxense,
1662 1901 1760 1939 illud

71 1963 269 2002 instruxit
294 1964 615 2014 locupletissima
642 1963 890 2001 bibliotheca
919 1962 1145 2012 composita
1172 1962 1446 2012 utplurimum
1471 1976 1520 1999 ex
1554 1960 1663 1998 libris
1692 1960 1762 2010 qui

72 2023 235 2061 fuerant
257 2023 366 2061 Petri
386 2024 433 2061 de
455 2025 584 2070 Luna,
604 2023 710 2061 inter
729 2037 828 2072 quos
849 2031 936 2060 erat
956 2022 1079 2060 etiam
1101 2021 1175 2059 iste
1196 2021 1337 2059 codex.
1359 2020 1509 2058 Mansit
1535 2020 1598 2057 ille
1617 2019 1761 2070 perdiu

72 2082 113 2120 in
136 2098 182 2121 eo
206 2083 372 2132 collegio
397 2083 525 2120 donec
549 2090 685 2119 aetate
711 2089 849 2119 nostra
874 2080 1038 2118 transiit
1062 2080 1103 2118 in
1125 2088 1377 2130 potestatem
1401 2078 1662 2117 illustrissimi
1685 2077 1762 2115 viri

72 2141 203 2180 Caroli
232 2142 280 2179 de
312 2142 520 2180 Montchal
548 2140 842 2191 archiepiscopi
871 2139 1074 2178 Tolosani.
1107 2140 1164 2177 Eo
1194 2138 1339 2177 deinde
1368 2146 1545 2185 mortuo,
1574 2136 1762 2188 pervenit

70 2201 123 2238 ad
158 2200 293 2239 virum
327 2200 597 2240 clarissimum
633 2199 912 2238 Alexandrum
948 2198 1165 2237 Petavium
1202 2197 1316 2235 Pauli
1353 2197 1495 2243 filium,
1531 2204 1761 2234 senatorem

73 2259 352 2298 Parisiensem.
398 2261 571 2299 Demum
611 2259 678 2297 illo
718 2273 879 2308 quoque
920 2257 1118 2304 extincto,
1157 2256 1219 2295 vir
1257 2255 1546 2306 superillustris
1586 2254 1760 2292 Achilles

74 2319 271 2357 Harlaeus
293 2319 480 2369 princeps
503 2333 609 2356 nunc
631 2326 797 2356 senatus
824 2316 1055 2354 Parisiensis
1077 2316 1193 2355 illum
1214 2316 1312 2353 dato
1332 2314 1464 2365 pretio
1489 2313 1760 2363 comparavit.

74 2378 178 2416 Hinc
198 2386 386 2417 censetur
404 2378 446 2415 in
464 2378 549 2427 ejus
571 2377 832 2415 bibliotheca.
857 2376 993 2416 Habet
1012 2383 1153 2414 autem
1172 2374 1267 2412 folia
1288 2374 1376 2421 277,
1395 2381 1442 2410 ut
1460 2387 1582 2423 supra
1603 2372 1761 2409 dictum

70 2445 144 2475 est.

128 2495 236 2534 Illius
261 2495 458 2546 praeclari
482 2495 630 2533 codicis
655 2494 926 2532 honorificam
949 2492 1198 2532 mentionem
1223 2500 1345 2529 antea
1369 2491 1497 2529 fecere
1521 2490 1601 2527 duo
1625 2487 1762 2538 magni

71 2554 244 2593 nominis
294 2554 486 2605 episcopi,
538 2553 774 2592 Franciscus
822 2553 1053 2601 Bosquetus
1103 2549 1423 2600 Monspeliensis,
1472 2557 1513 2586 et
1563 2547 1761 2586 Henricus

70 2614 314 2664 Spondanus
342 2612 642 2664 Appamiensis‚
669 2612 778 2663 prior
803 2611 968 2661 quidem
995 2610 1036 2647 in
1062 2609 1168 2647 notis
1195 2609 1243 2646 ad
1273 2608 1496 2646 Historiam
1521 2606 1763 2656 Pontificum

70 2687 323 2711 romanorum
349 2673 415 2723 qui
443 2672 645 2710 Avenione
670 2670 863 2717 sederunt,
891 2670 994 2707 alter
1030 2668 1071 2705 in
1106 2668 1337 2705 Annalibus
1371 2666 1655 2704 ecclesiasticis.
1684 2664 1761 2703 Sed

69 2731 111 2769 in
130 2746 177 2770 eo
198 2746 279 2770 non
298 2731 557 2782 reperiuntur
578 2729 714 2768 omnia
736 2743 839 2779 quae
860 2742 882 2765 a
904 2727 1138 2778 Spondano,
1160 2741 1225 2764 an.
1249 2726 1363 2773 1381,
1386 2725 1402 2774 ᾗ
1423 2726 1460 2772 3,
1480 2732 1760 2770 recensentur,

70 2791 221 2841 quippe
246 2790 316 2840 qui
341 2805 422 2828 non
445 2791 553 2827 hunc
578 2789 710 2827 solum
739 2787 921 2826 codicem
946 2787 1175 2824 Fuxensem
1199 2792 1509 2830 commemorat,
1533 2783 1603 2821 sed
1636 2782 1762 2820 alium

69 2849 195 2888 etiam
216 2849 400 2899 ejusdem
421 2847 731 2898 magnitudinis,
753 2846 822 2896 qui
842 2860 949 2883 nunc
970 2844 1147 2882 habetur
1165 2843 1207 2881 in
1226 2843 1475 2880 bibliotheca
1496 2840 1728 2880 Colbertina
1748 2840 1760 2863 ¹

70 2923 239 2946 numero
263 2908 342 2946 814
363 2907 562 2957 signatus.

126 2967 198 3005 His
229 2967 287 3004 ita
319 2965 533 3012 enarratis,
566 2979 672 3002 nunc
705 2963 845 3001 stilum
877 2970 1166 3000 convertamus
1198 2960 1250 2998 ad
1282 2959 1597 3010 descriptionem
1626 2972 1762 2996 rerum

69 3040 174 3076 quae
195 3025 460 3064 continentur
479 3025 520 3061 in
540 3023 677 3062 codice
698 3023 942 3068 HarlaeanO,
963 3035 1033 3058 seu
1051 3019 1189 3070 potius
1211 3033 1351 3057 earum
1370 3032 1505 3057 rerum
1525 3031 1628 3067 quae
1651 3017 1760 3055 facta

117 3150 148 3183 1.
179 3150 219 3182 Β.
246 3149 303 3188 Ν.,
328 3160 395 3181 ms.
419 3147 514 3181 latin
537 3147 643 3180 1469.

740 3228 888 3251 BALUZE
914 3219 962 3251 II.
983 3236 1031 3240 ——-
1052 3218 1094 3249 26
