2083 3458
96 283 220 338 [998]
627 298 844 324 PAPARUM
879 297 1264 323 ΑνΕΝιοΝΕΝεΙυΜ
1696 284 1779 324 515

85 380 234 420 falsum
263 396 346 420 esse
374 396 446 419 nos
476 382 571 419 olim
601 381 854 420 ostendimus
884 389 925 419 et
952 380 1200 430 legationem
1228 381 1333 420 hanc
1361 382 1599 432 impositam
1628 391 1778 432 patruo

84 441 186 490 ejus.

137 499 256 537 Anno
288 499 584 546 MCCCLXIX,
617 499 680 537 die
712 514 786 536 XIX
817 498 1010 546 octobris,
1042 499 1193 536 electus
1221 507 1282 536 est
1312 501 1558 538 camerarius
1578 500 1591 522 ¹
1623 500 1779 549 collegii

85 558 367 605 cardinalium,
388 566 437 596 ut
457 558 606 607 legitur
626 559 666 596 in
687 558 791 596 libro
814 557 1125 606 Obligationum.
1152 558 1308 596 Eodem
1326 572 1491 597 munere
1512 559 1777 609 perfunctum

84 617 210 655 etiam
227 617 301 655 sub
320 617 527 655 Clemente
546 616 625 654 VII
644 617 791 655 docent
808 625 948 655 vetera
967 624 1236 654 monumenta
1256 617 1294 655 S.
1315 617 1500 655 Andreae
1520 618 1778 656 Avenionen—

85 676 150 715 sis.
180 676 357 714 Thomas
387 676 508 714 Petra
536 676 577 713 in
605 676 859 726 depositione
888 690 959 713 sua
980 675 994 698 ²
1020 683 1201 713 testatur
1228 690 1268 713 se
1291 676 1331 713 in
1360 676 1479 713 initio
1506 677 1779 726 pontificatus

86 734 243 773 Urbani
268 735 325 772 Vl
351 735 501 773 vidisse
526 736 660 784 plures
686 736 824 773 literas
850 735 902 772 ad
926 735 1179 784 quamplures
1203 735 1372 783 prelatos
1397 744 1431 772 et
1455 744 1681 773 mercatores
1704 735 1779 772 sub

83 793 217 843 sigillo
254 794 463 831 camerarii
501 802 535 831 et
571 794 836 843 procuratoris
874 793 1040 842 collegii,
1080 793 1255 831 videlicet
1293 794 1444 831 domini
1483 795 1526 831 de
1564 795 1776 844 Agrisolio,

86 853 265 891 Joannes
296 853 470 903 Remigii
496 853 537 890 in
565 853 820 903 depositione
848 851 951 890 sua3
977 852 1035 890 ait
1063 852 1111 890 de
1140 852 1308 890 Urbano
1338 869 1345 890 ε
1374 853 1425 890 Et
1451 854 1658 891 mandavit
1682 853 1779 902 poni

85 912 296 962 quamdam
328 912 474 949 bullam
505 912 547 949 in
575 912 700 961 portis
729 912 866 950 Sancti
895 912 1004 949 Petri
1033 912 1134 961 quod
1161 920 1389 960 repararent
1416 926 1507 949 suos
1537 913 1681 959 titulos,
1712 911 1779 961 qui

84 979 195 1009 erant
221 971 414 1009 destructi.
444 971 496 1008 Et
521 972 725 1008 mandavit
752 971 795 1008 in
822 971 924 1008 dieta
955 971 1061 1008 bulla
1087 970 1284 1008 cardinali
1311 972 1355 1008 de
1378 971 1591 1020 Agrifdio,
1614 971 1781 1021 quierat

84 1038 253 1079 receptor
271 1030 518 1067 servitiorum
539 1030 809 1067 communium
829 1030 1108 1077 cardinalium,
1131 1030 1232 1079 quod
1252 1044 1330 1066 non
1349 1031 1594 1078 responderet
1615 1031 1671 1067 eis
1692 1044 1780 1067 cum

87 1089 168 1126 illis
188 1089 307 1126 donec
328 1097 557 1138 repararent
576 1104 669 1126 suos
691 1090 836 1128 titulos.
1005 1139 1007 1141 Ι

136 1148 255 1186 Anno
276 1147 535 1186 MCCCLXX
555 1148 677 1186 rediit
697 1148 952 1186 Avenionem
972 1162 1065 1186 cum
1087 1147 1254 1186 Urbano
1276 1148 1309 1184 V
1330 1156 1370 1186 et
1391 1148 1574 1197 Gregorii
1597 1149 1657 1185 XI
1679 1149 1778 1186 elec-

85 1206 187 1245 tioni
214 1207 414 1246 interfuit.

136 1266 255 1304 Anno
286 1266 620 1313 MCCCLXXIV,
652 1267 714 1304 die
745 1267 889 1316 quinta
921 1266 1031 1313 maii,
1061 1266 1169 1304 idem
1200 1266 1415 1315 Gregorius
1447 1267 1623 1304 condens
1654 1274 1779 1304 testa-

85 1333 273 1364 mentum
301 1339 434 1372 suum,
463 1325 568 1363 illius
599 1326 883 1364 executionem
912 1325 1116 1363 commisit
1142 1325 1268 1363 etiam
1295 1325 1389 1363 huic
1419 1326 1647 1363 Guillelmo.
1678 1324 1779 1362 Vide

84 1392 114 1423 t.
145 1399 184 1422 vl
212 1384 424 1434 Spicilegii
453 1384 710 1432 Dacheriani,
739 1400 776 1435 p.
807 1384 896 1432 688,
925 1393 965 1423 et
992 1393 1021 1423 t.
1050 1399 1091 1421 1v
1121 1384 1325 1422 Historiae
1357 1384 1637 1422 Universitatis
1664 1384 1779 1421 Pari-

84 1444 242 1492 siensis,
265 1458 303 1493 p.
328 1443 415 1482 497.

137 1503 256 1541 Anno
278 1502 599 1541 MCCCLXXVI
622 1504 844 1541 comitatus
867 1511 928 1541 est
950 1503 1189 1553 Gregorium
1214 1503 1274 1540 XI
1295 1503 1337 1540 in
1362 1503 1538 1541 Italiam.
1562 1503 1663 1540 Cum
1685 1516 1780 1540 vero

87 1561 263 1601 Romam
293 1570 540 1612 perventum
572 1570 691 1610 esset,
723 1562 932 1600 habitavit
963 1562 1133 1601 domum
1165 1576 1269 1611 quae
1301 1570 1388 1600 erat
1417 1562 1538 1611 juxta
1571 1561 1780 1599 ecclesiam
1822 1590 1825 1594 .

86 1621 225 1659 Sancti
247 1621 436 1671 Spiritus,
459 1630 505 1659 ut
526 1629 735 1659 testantur
757 1621 949 1659 Alfonsus
972 1622 1100 1659 Azero
1117 1620 1133 1643 4
1152 1621 1463 1659 archidiaconus
1486 1621 1533 1659 de
1558 1621 1718 1658 Medina
1740 1620 1780 1656 in

88 1679 266 1718 Ecclesia
309 1680 591 1718 Salamantina
634 1689 674 1718 et
718 1681 939 1719 Rodericus
984 1681 1187 1719 Fernandi
1206 1679 1220 1701 ⁵
1260 1680 1536 1730 portionarius
1580 1679 1781 1718 Ecclesiae

88 1739 339 1789 Hispalensis
364 1740 607 1789 interrogati
629 1740 801 1789 juridice
826 1754 847 1777 a
874 1740 1068 1789 delegatis
1095 1740 1196 1789 regis
1223 1740 1421 1778 Castellae
1446 1739 1486 1776 in
1512 1753 1632 1778 causa
1658 1738 1780 1776 schis-

84 1799 219 1837 matis.
1595 1806 1600 1812 '

138 1858 256 1895 Anno
280 1857 637 1905 MCCCLXXVII,
659 1858 768 1896 idem
790 1859 1005 1908 Gregorius
1029 1858 1083 1895 illi
1106 1866 1146 1895 et
1166 1858 1340 1896 Geraldo
1362 1857 1411 1895 de
1432 1857 1559 1895 Podio
1581 1871 1627 1895 ac
1660 1857 1780 1894 Petro

87 1917 135 1955 de
164 1917 279 1953 Luna
309 1916 584 1954 cardinalibus
615 1917 820 1956 commisit
848 1931 1021 1955 examen
1049 1917 1349 1955 revelationum
1377 1924 1543 1954 sanctae
1579 1916 1779 1965 Brigittae

85 1983 132 2013 ut
157 1983 337 2013 testatur
363 1976 543 2014 ,Joannes
571 1976 791 2014 cardinalis
819 1977 866 2015 de
893 1976 1202 2014 Turrecremata
1229 1976 1270 2013 in
1291 1975 1518 2014 defensorio
1544 1974 1780 2013 earumdem

85 2035 398 2073 revelationum.

140 2094 215 2132 Per
240 2094 383 2132 eadem
408 2102 595 2143 tempora
622 2095 815 2133 accidisse
843 2103 1006 2144 oportet
1033 2095 1141 2144 quod
1169 2102 1309 2133 narrat
1336 2094 1527 2143 Aegidius
1553 2093 1778 2131 Bellamera

85 2153 125 2191 in
142 2167 230 2202 cap.
249 2153 499 2201 Constitutis,
515 2154 629 2201 11‚De
646 2154 770 2192 testib.
790 2163 830 2191 et
847 2161 1028 2202 attestat.,
1045 2155 1105 2192 his
1127 2154 1261 2192 verbis
1280 2170 1287 2191 :
1307 2154 1391 2202 Ego
1408 2154 1526 2191 semel
1543 2153 1586 2189 in
1601 2150 1781 2189 consiliis

86 2213 294 2262 cujusdam
324 2227 439 2250 cause
468 2221 560 2250 tunc
587 2214 795 2262 pendentis
826 2214 925 2251 inter
954 2214 1157 2251 dominam
1190 2214 1391 2250 Joannam
1421 2222 1512 2250 tunc
1541 2211 1719 2259 reginam
1747 2217 1781 2246 et

86 2272 273 2322 quosdam
288 2280 514 2309 mercatores
527 2272 664 2310 Sicilie
677 2287 807 2310 coram
822 2273 996 2310 dominis
1011 2271 1285 2310 cardinalibus
1300 2273 1344 2309 de
1358 2273 1393 2309 Α
1402 2271 1558 2320 grifolio
1574 2279 1608 2308 et
1629 2268 1779 2315 Sancti,

85 2331 194 2368 Petri
219 2338 311 2367 tunc
331 2330 490 2373 vivente,
514 2331 623 2369 tenui
649 2332 750 2381 quod
771 2332 938 2369 verbalis
964 2332 1183 2381 publicatio
1208 2340 1339 2369 secuta
1364 2330 1583 2380 penitentia
1602 2343 1647 2365 ez
1671 2335 1780 2377 parte

87 2388 198 2428 illius
229 2389 296 2439 qui
326 2389 635 2438 publicationem
666 2391 831 2440 petierat
859 2392 1004 2441 absque
1029 2392 1112 2428 alia
1142 2391 1434 2429 attestationum
1465 2387 1780 2438 percunctatione

87 2449 197 2486 novis
222 2449 484 2497 producendis
510 2450 672 2488 testibus
698 2450 803 2487 viam
830 2464 909 2487 non
934 2450 1164 2499 praecludit.

138 2508 257 2545 Anno
287 2507 668 2556 MCCCLXXVIII‚
699 2509 762 2547 die
793 2524 911 2547 xxvn
942 2510 1094 2557 martii,
1125 2509 1309 2547 extincto
1339 2507 1530 2556 Gregorio
1563 2506 1621 2542 XI
1657 2517 1779 2554 papa,

86 2566 258 2606 ambitio
277 2566 559 2606 Rornanorum
577 2577 617 2607 et
634 2569 782 2618 cupido
800 2569 1039 2607 dominandi
1057 2569 1291 2607 excitarunt
1307 2568 1515 2616 ingentem
1532 2577 1780 2612 saevamque

85 2625 355 2675 tragoediam,
385 2627 479 2675 quia
508 2628 701 2677 adempta
733 2636 794 2665 cst
823 2628 1096 2666 cardinalibus
1121 2628 1249 2665 omnis
1268 2625 1456 2664 libertas6
1478 2623 1778 2672 suffragiorum.

134 2741 166 2775 1.
197 2741 411 2774 Cardinales
434 2741 577 2773 habent
599 2740 847 2774 camerarium
868 2740 1068 2784 specialem
1090 2740 1171 2773 loco
1193 2738 1325 2772 sindici
1349 2738 1413 2781 qui
1434 2743 1472 2770 et
1495 2737 1624 2770 oblata
1647 2746 1784 2779 aequa-

85 2793 170 2827 liter
192 2794 329 2827 dividit
361 2794 460 2828 inter
480 2804 541 2826 eos
567 2793 762 2836 (Ostiensis
784 2794 821 2825 in
844 2805 924 2837 cap.
948 2793 1010 2826 Ad
1029 2793 1269 2826 liberandum.
1290 2792 1344 2823 De
1368 2789 1535 2828 ιῙιιεῑαείε,
1558 2789 1582 2823 f.
1606 2790 1663 2829 33,
1686 2801 1721 2822 n.
1745 2788 1778 2831 4)

98 2846 188 2890 [Bal.
219 2874 226 2880 .

136 2900 167 2933 2.
197 2847 237 2933 i3.
263 2900 320 2940 N.,
342 2911 410 2933 ms.
433 2899 527 2932 latin
549 2898 678 2939 11745,
701 2899 763 2932 fol.
786 2899 830 2933 97
851 2904 895 2932 r0.
916 2898 1142 2932 ——Thomas
1158 2898 1220 2930 n'a
1240 2909 1306 2941 pas
1329 2909 1378 2929 vu
1398 2897 1449 2929 les
1464 2896 1605 2935 lettres,
1638 2906 1781 2928 comme

85 2952 117 2986 le
143 2953 198 2985 dit
220 2953 376 2992 Baluze;
398 2953 423 2986 il
447 2952 588 2984 affirme
611 2952 819 2985 seulement
842 2951 948 2985 avoir
969 2963 1092 2985 connu
1116 2952 1194 2983 leur
1216 2950 1403 2983 existence
1427 2958 1495 2991 par
1519 2948 1581 2981 des
1609 2948 1708 2981 tiers.

134 3006 167 3039 3.
197 3006 264 3040 Ms.
285 3006 369 3045 cite,
390 3005 452 3038 fol.
476 3005 544 3039 106
563 3009 607 3038 1·⁰.

135 3059 167 3092 4.
197 3058 264 3092 Ms.
291 3059 374 3098 cite,
400 3058 462 3091 fol.
489 3057 559 3090 144
582 3061 626 3091 r0.

136 3112 167 3145 5.
197 3111 264 3145 Ms.
290 3111 374 3151 cite,
398 3111 460 3144 fol.
486 3111 555 3144 102
578 3113 629 3143 v0.

136 3165 167 3197 6.
198 3164 250 3197 La
269 3165 379 3198 chose
396 3162 494 3197 n’est
512 3174 578 3206 pas
597 3164 773 3206 prouvee.
