2083 3458
292 204 345 243 44
943 215 1093 242 NOTAE
1129 217 1189 241 AD
1224 216 1352 242 VITAs
1879 198 2003 254 [583]

292 302 507 341 historiam
540 300 886 339 monasteriorum
922 308 962 338 et
996 300 1104 338 vitas
1139 300 1322 338 virorum
1352 299 1574 338 illustrium
1608 299 1669 338 sui
1701 299 1853 337 ordinis
1885 299 2005 337 docet

294 361 414 399 fuisse
440 359 781 410 Gratianopolim.
804 359 1081 398 Describenda
1109 367 1205 397 sunt
1232 367 1373 398 autem
1397 359 1504 398 illius
1531 359 1671 404 verba,
1701 373 1794 397 cum
1819 358 2004 396 nondum

292 421 403 459 edita
433 421 528 461 sint,
561 427 601 457 et
631 433 725 457 cum
762 419 892 456 multa
928 426 1078 457 notatu
1116 419 1239 469 digna
1278 418 1519 457 contineant
1555 419 1608 456 ad
1645 418 1859 456 historiam
1886 417 2004 455 istius

294 479 509 519 cardinalis
527 478 790 529 pertinentia.
816 478 996 515 Fratrem
1026 479 1218 516 Thomam
1246 479 1290 516 de
1320 479 1424 526 Jorz,
1450 478 1681 527 Anglicum,
1705 477 1939 526 magistrum
1961 476 2005 514 in

293 539 481 587 theologia
510 537 660 576 Osronie
679 538 723 575 de
742 537 878 575 ordine
901 537 1214 585 Predieatorum‚
1234 537 1326 587 fecit
1348 538 1609 588 presbiterum
1633 537 1875 575 cardinalem
1898 536 2004 574 tituli

294 599 433 637 Sancte
458 597 606 635 Sabine
641 597 743 635 idem
770 597 957 635 dominus
991 596 1172 635 Clemens
1195 612 1307 648 papa
1336 597 1370 635 V
1396 597 1438 634 in
1472 597 1683 646 Lugduno,
1712 596 1782 634 ubi
1810 604 2005 646 presentes

291 665 413 700 erant,
446 657 549 706 jeria
584 664 723 707 quarta
759 656 802 694 in
836 656 991 706 jejunio
1027 664 1193 707 quatuor
1237 665 1456 707 temporum
1500 657 1705 703 adventus,
1756 665 1890 694 XVIII
1924 655 2001 693 hal.

291 717 474 767 januarii
502 731 608 754 anno
644 716 796 753 domini
820 715 1029 755 MCCCV.
1056 716 1137 754 Hic
1164 716 1284 766 frater
1312 717 1482 754 Thomas
1505 716 1586 765 fuit
1608 716 1719 766 prior
1743 715 2005 765 provincialis

294 776 441 825 Anglie
465 775 586 813 annis
609 783 773 825 septem3
799 775 1012 825 habuitque
1044 790 1177 813 secum
1212 776 1254 813 in
1288 776 1425 813 ordine
1449 775 1620 826 quinque
1650 775 1791 824 fratres
1815 774 2004 821 carnales,

294 850 387 886 quos
404 836 537 873 eadem
554 849 731 885 propago
754 843 787 872 et
807 835 999 885 professio
1023 849 1105 872 vere
1126 835 1218 884 fecit
1239 850 1318 873 esse
1342 849 1560 884 germanos.
1579 835 1661 872 Hic
1683 849 1772 872 cum
1793 834 2006 872 mitteretur

293 896 443 944 legatus
477 910 502 932 a
536 895 694 932 domino
729 894 924 932 Clemente
956 895 990 931 V
1019 894 1062 932 in
1092 894 1255 932 Italiam
1283 895 1335 932 acl
1361 909 1488 944 regem
1519 894 1735 932 Theutonie
1767 893 2003 940 Henricum,

296 955 567 1005 imperatorem
587 954 871 1002 Romanorum,
890 968 959 1004 per
981 954 1145 992 Italiam
1162 954 1416 1003 dirigendum
1433 962 1467 991 et
1483 954 1791 1004 promovendum
1817 953 1860 991 in
1884 953 2004 1003 impe-

294 1022 471 1061 ratorem,
501 1028 590 1051 cum
617 1013 855 1064 pervenisset
877 1014 989 1064 apud
1021 1008 1340 1064 Gratianopolim
1364 1013 1573 1062 civitatem,
1602 1013 1748 1051 ibidem
1774 1012 2006 1063 infirmitate

294 1074 467 1111 detentus
500 1073 603 1111 diem
635 1073 821 1111 claudens
853 1081 1079 1121 extremum,
1104 1073 1314 1122 legationis
1345 1088 1414 1110 sue
1446 1073 1567 1110 vitam
1593 1072 1819 1110 terminavit
1848 1072 2006 1122 infesto

293 1141 423 1170 sancte
445 1133 566 1171 Lucie
589 1134 690 1182 quod
711 1132 791 1182 fuit
814 1132 857 1170 in
887 1132 1088 1170 dominica
1112 1133 1225 1170 tertia
1251 1133 1293 1170 in
1318 1134 1487 1170 adventu
1508 1132 1677 1170 Domini
1701 1147 1807 1170 anno
1832 1132 2006 1182 ejusdem

292 1192 459 1230 Domini
483 1192 695 1239 MCCCX,
727 1192 998 1230 cardinalatus
1024 1192 1090 1230 sui
1112 1184 1226 1243 quasi
1250 1192 1521 1242 quinquennio
1548 1200 1828 1230 consummato.
1849 1191 2005 1242 Corpus

294 1260 423 1289 autem
440 1251 526 1301 ejus
541 1252 621 1301 fuit
639 1251 729 1289 inde
745 1252 1057 1302 portatumapud
1082 1251 1279 1290 Ooeoniam
1308 1252 1350 1289 in
1376 1251 1531 1301 Anglia
1559 1252 1601 1289 in
1622 1259 1811 1289 conventu
1835 1251 2005 1300 fratrum

294 1311 590 1349 Predicatorum
617 1311 910 1350 tumulandum.
939 1311 1023 1350 Illic
1051 1311 1267 1350 conditum
1286 1326 1379 1349 eum
1404 1311 1527 1349 fuisse
1553 1310 1768 1362 splendida
1792 1311 2003 1361 sepultura

294 1370 435 1408 scribit
471 1370 645 1410 Pitseus.
683 1370 827 1408 Tradit
853 1371 900 1409 R.
935 1371 978 1410 P.
1011 1371 1266 1421 Augustinus
1290 1370 1489 1410 Oldoinus
1511 1370 1645 1409 eidem
1667 1370 1864 1409 cardinali
1896 1384 2004 1408 com-

295 1430 461 1468 missam
486 1445 570 1468 esse
591 1444 614 1468 a
637 1430 843 1468 Clemente
872 1431 906 1468 V
937 1431 982 1481 [t.
1011 1445 1052 1478 11,
1079 1431 1152 1469 col.
1179 1430 1280 1481 374]
1308 1444 1449 1468 curam
1478 1430 1762 1469 discutiendae
1793 1429 2005 1468 doctrinae

296 1489 406 1527 Petri
425 1489 597 1528 Joannis
616 1489 724 1528 Olivi
741 1489 972 1537 Minoritae‚
992 1490 1062 1540 qui
1084 1490 1282 1528 nonnulla
1297 1490 1402 1528 circa
1420 1497 1712 1540 paupertatem
1726 1489 2005 1539 evangelicam

296 1549 470 1587 docebat
507 1563 611 1599 quae
644 1557 735 1587 tum
770 1549 1031 1588 offenderunt
1066 1563 1184 1588 aures
1225 1549 1510 1599 plurimorum,
1545 1549 1656 1599 quod
1689 1548 1723 1586 is
1764 1549 1923 1599 accepit
1956 1563 2006 1586 ex

295 1608 541 1658 WVaddingo,
557 1623 627 1647 seu
645 1608 782 1659 potius
800 1623 850 1647 ex
865 1609 973 1646 bulla
993 1609 1211 1647 Clementis
1233 1609 1267 1646 V
1300 1609 1432 1659 [1310‚
1460 1609 1476 1657 ἓ
1496 1609 1568 1659 10]
1590 1609 1719 1646 relata
1735 1623 1757 1646 a
1773 1608 2004 1658 Waddingo

294 1667 335 1705 in
359 1668 591 1705 Annalibus
616 1668 827 1706 Minorum
861 1668 991 1719 [1310.
1020 1669 1037 1717 ξ
1061 1669 1109 1719 3]
1132 1668 1158 1706 ¹.
1196 1668 1376 1706 Plurima
1401 1682 1523 1719 opera
1547 1667 1722 1718 scripsit,
1758 1669 1863 1718 quae
1897 1682 2004 1706 com-

295 1735 576 1765 memorantur
599 1742 622 1765 a
645 1728 782 1774 Baleo.
809 1727 1031 1766 possevino
1062 1728 1106 1779 [t.
1125 1743 1166 1775 Π,
1186 1743 1226 1778 p.
1247 1728 1363 1778 488]
1385 1727 1521 1766 Pitseo
1541 1735 1581 1766 et
1600 1727 1688 1765 aliis
1708 1727 1734 1766 ².

349 1787 391 1824 P.
415 1787 451 1831 3,
473 1787 540 1836 lig.
565 1786 626 1825 22.
652 1788 821 1825 GALLIo.
848 1788 973 1826 ECCL.
998 1802 1334 1826 GRAVAVERUNT.
1359 1788 1513 1826 Graves
1536 1786 1744 1825 enimvero
1767 1795 1807 1825 et
1834 1800 2003 1836 magnas

297 1846 480 1895 oportuit
514 1846 636 1884 fuisse
673 1847 855 1897 querelas
892 1847 1096 1885 Ecclesiae
1132 1847 1367 1886 Gallicanae
1402 1847 1598 1885 adversus
1634 1846 1867 1884 exactiones
1902 1860 2005 1883 nun-

295 1905 448 1943 tiorum
479 1905 613 1944 curiae
643 1920 851 1950 romanae,
885 1921 977 1944 cum
1008 1921 1144 1957 regem
1174 1921 1307 1957 papae
1340 1906 1558 1945 Clementis
1590 1906 1769 1944 amicum
1801 1905 2006 1955 coegerint

296 1964 348 2002 ad
367 1979 459 2003 eum
478 1965 641 2004 mittere
658 1966 814 2016 legatos
832 1966 1060 2016 primarum
1077 1966 1119 2004 in
1137 1981 1177 2004 re
1205 1966 1371 2016 publica
1389 1966 1585 2016 partium,
1606 1965 1675 2015 qui
1704 1965 1752 2003 de
1780 1965 1842 2003 his
1871 1979 2005 2003 exces-

296 2023 405 2061 sibus
426 2025 735 2074 expostularent
764 2025 875 2075 apud
894 2025 1148 2076 pontificem.
1170 2025 1282 2063 Misit
1305 2026 1415 2064 enim
1444 2025 1637 2063 Milonem
1660 2025 1709 2063 de
1740 2024 1898 2063 Noeriis
1922 2038 2006 2061 ma-

294 2083 538 2121 reschallum
570 2083 779 2132 Franciae,
812 2084 1075 2123 Guillelmum
1107 2085 1155 2123 de
1182 2084 1454 2123 Martinhiaco
1483 2093 1523 2123 et
1555 2084 1818 2123 Guillelmum
1849 2083 2006 2122 dictum

295 2142 532 2186 Cortehuze,
558 2143 720 2185 milites,
746 2152 793 2181 ut
819 2144 938 2182 docet
972 2144 1157 2194 ejusdem
1183 2144 1401 2183 Clementis
1431 2144 1602 2195 epistola
1626 2142 1642 2166 3
1666 2144 1718 2181 ad
1742 2157 1878 2193 regem
1905 2143 2003 2180 data

295 2201 547 2251 Burdegalae
577 2217 618 2240 VI
649 2203 728 2241 kal.
772 2203 949 2253 augusti,
986 2218 1094 2241 anno
1136 2204 1267 2254 primo
1304 2204 1367 2254 [27
1405 2203 1538 2253 juillet
1579 2203 1719 2254 1306].
1760 2203 1862 2240 Vide
1899 2216 2002 2252 quae

296 2275 431 2310 supra,
453 2276 491 2311 p.
510 2261 597 2307 578,
614 2262 847 2301 referuntur
862 2277 912 2301 ex
928 2263 1214 2301 continuatore
1233 2263 1396 2313 Nangii.

350 2320 392 2358 P.
407 2320 443 2367 3,
459 2320 525 2370 lig.
548 2320 610 2359 29.
630 2321 772 2359 CAPUT
798 2322 835 2360 S.
863 2322 1073 2361 LUDOVICI
1096 2322 1241 2373 absque
1264 2331 1393 2361 tamen
1418 2330 1544 2360 mento
1568 2330 1602 2359 et
1631 2321 1877 2359 mandibulis
1909 2319 2005 2370 inje-

296 2378 482 2427 rioribus‚
501 2388 548 2417 ut
566 2380 708 2418 scribit
727 2381 991 2419 continuator
1010 2381 1160 2431 Nangii
1190 2382 1235 2432 [t.
1255 2397 1279 2427 Ι,
1300 2397 1337 2432 p⁴
1359 2381 1473 2432 353]
1497 2382 1627 2419 Extat
1645 2395 1691 2419 ea
1711 2381 1759 2418 de
1777 2394 1818 2418 re
1835 2378 2003 2430 insignis

298 2438 469 2487 epistola
488 2438 667 2490 Philippi
690 2440 793 2490 regis
814 2441 866 2478 ad
888 2441 1139 2479 Clementem
1160 2456 1313 2492 papam
1336 2441 1378 2478 in
1403 2455 1483 2491 qua
1504 2439 1772 2478 nominantur
1789 2438 2006 2489 archiepis-

299 2497 388 2547 ‹·0pi
408 2506 448 2535 et
466 2498 645 2549 episcopi
664 2499 733 2549 qui
762 2499 1040 2538 interfuerunt
1061 2500 1155 2538 huic
1177 2500 1452 2539 translationi.
1481 2499 1717 2538 Necessario
1738 2507 1879 2537 autem
1901 2497 2006 2548 cogi-

299 2570 389 2593 mur
412 2557 631 2596 admonere
657 2558 836 2608 graviter
860 2573 991 2597 errare
1016 2559 1238 2598 Odoricum
1265 2560 1543 2610 Raynaldum,
1568 2573 1633 2597 an.
1660 2558 1774 2606 1317,
1805 2558 1822 2607 ἓ
1845 2557 1882 2604 8,
1908 2558 2006 2595 dum

344 2723 376 2755 1.
398 2723 528 2762 Eubcl,
545 2722 589 2756 Β.
607 2724 664 2763 F.‚
683 2730 709 2756 t.
729 2736 763 2762 v,
782 2736 817 2767 p.
836 2725 893 2763 66⁷
911 2736 946 2758 n.
964 2725 1034 2758 158
1054 2725 1186 2767 (bulles
1204 2725 1254 2757 du
1270 2725 1316 2756 ¹14
1332 2724 1427 2757 avril
1446 2724 1565 2767 1310).

346 2777 375 2808 2.
398 2776 455 2808 On
475 2778 630 2819 possedc
649 2778 680 2809 lc
700 2784 805 2810 texte
826 2778 869 2810 dc
888 2778 1018 2811 lettres
1037 2778 1235 2821 expediees
1255 2789 1323 2821 par
1340 2778 1430 2810 Jorz
1449 2789 1497 2809 au
1515 2777 1570 2810 roi
1589 2777 1849 2820 d’Angleterrc
1872 2776 2005 2820 (Revue

294 2830 500 2879 histor-ique.
529 2837 552 2862 t.
580 2842 755 2869 Lxxxvn,
780 2842 814 2874 p.
841 2831 985 2874 68-721);
1010 2831 1103 2871 voir,
1127 2841 1174 2863 en
1196 2831 1426 2875 particulier.
1452 2843 1487 2874 p.
1514 2831 1570 2870 69,
1595 2831 1684 2864 celle
1708 2831 1756 2863 ou
1777 2830 1803 2863 il
1831 2830 2007 2863 remercie

301 2883 475 2914 Edouard
494 2884 542 2915 ler
557 2884 599 2915 ‹is›
616 2895 656 2916 sa
674 2885 891 2927 promotion
907 2896 954 2916 au
971 2884 1194 2917 cardinalat.
1213 2885 1262 2917 Lc
1281 2885 1320 2918 P.
1339 2884 1576 2917 Mandonnet
1592 2895 1613 2916 a
1628 2884 1769 2927 signale
1785 2883 2003 2916 l’existence

293 2936 383 2967 ‹l'un
401 2937 670 2969 commentaire
687 2949 750 2969 sur
767 2938 797 2970 le
814 2938 907 2971 livre
926 2938 988 2970 des
1007 2935 1198 2971 sentences
1217 2938 1452 2981 (1290-1294)
1475 2938 1568 2970 dans
1585 2938 1621 2970 la
1632 2937 1754 2970 Revue
1770 2937 1829 2970 des
1845 2937 2003 2970 sciences

294 2988 601 3031 pln'losophiques,
622 2997 647 3022 t.
669 3002 717 3022 vn
740 2991 874 3033 (1913),
895 3003 929 3034 p.
950 2992 1005 3024 65.
1026 2991 1097 3024 Sur
1113 2992 1202 3024 Jorz
1220 2992 1530 3034 voirDictionary
1545 2991 1581 3034 os
1598 2990 1766 3024 national
1783 2990 1996 3034 biography,

300 3048 323 3073 1.
348 3054 443 3079 xxx,
469 3055 500 3085 p.
524 3042 603 3075 2023.
1062 3051 1066 3054 ”

345 3096 375 3126 3.
398 3094 543 3130 Baluzc,
564 3103 706 3139 t.111,p.
726 3097 781 3128 fifs.
