2083 3458
35 219 156 275 [604]
559 232 777 257 PAPARUM
813 229 1200 256 AVENIONENSIUM
1675 215 1726 255 75

21 317 255 368 scriptorum
274 315 458 353 historiae
481 314 727 365 byzuntinae,
749 322 778 353 t.
799 329 840 362 11,
862 329 900 365 p.
919 314 993 353 102
1014 322 1056 352 et
1077 313 1177 364 450]
1202 321 1368 352 constat
1388 321 1582 352 vocatam
1604 312 1726 351 fuisse

22 377 184 417 Annam
214 389 260 413 ac
292 374 417 412 filiam
435 373 557 412 fuisse
580 373 775 423 Eulogiae
794 373 1116 423 Palaeologinae,
1135 373 1320 423 adeoque
1345 372 1504 423 neptim
1520 372 1727 411 Michaelis

23 434 250 483 Palaeologi
270 432 542 484 imperatoris,
559 432 781 473 Andronici
797 432 983 479 amitam,
999 441 1047 470 ut
1067 447 1157 470 eam
1172 440 1296 470 vocat
1315 431 1424 470 idem
1440 432 1726 481 Pachymeres.

24 495 155 544 Quare
193 493 247 531 sic
285 492 565 531 emendandus
603 491 769 529 videtur
805 492 916 530 locus
955 506 1005 530 ex
1041 491 1208 530 archivo
1248 490 1522 541 Neapolitano
1560 490 1727 538 relatus,

21 561 56 592 et
75 553 315 602 Annaedesp
331 551 459 590 otinae
478 551 657 589 ducissae
674 550 897 589 Commenae
917 551 1003 600 ejus
1017 550 1212 600 conjugis.
1232 550 1290 588 De
1316 550 1523 601 Ithamare
1540 550 1727 588 adultera

22 612 157 663 agitur
172 611 278 650 infra
296 610 341 661 [t.
364 609 409 660 1],
431 625 469 661 p.
495 609 557 648 35.

75 672 118 710 P.
140 670 202 718 27,
231 670 297 720 lig.
321 670 354 708 1.
387 670 583 707 RAnoNE
618 683 683 706 sm
711 683 885 706 FRATRIS
914 669 1113 707 Pmupm.
1146 669 1268 706 Errat
1299 668 1338 705 in
1361 668 1437 706 hoc
1468 668 1556 706 1000
1595 667 1727 705 Ptole-

23 744 160 768 maeus
175 729 378 767 Lucensis.
398 728 564 766 Etenim
576 728 832 778 principatus
847 728 1024 766 Achaiae
1038 742 1120 766 non
1135 727 1371 778 pertinebat
1388 727 1440 766 ad
1458 727 1658 765 Karolum
1675 727 1728 773 ΙΙ,

23 789 177 829 Siciliae
209 802 356 838 regem,
388 788 438 825 ob
472 787 783 825 matrimonium
814 787 950 825 fratris
981 787 1068 836 ejus
1098 786 1275 837 Philippi
1300 801 1393 825 cum
1424 786 1505 824 filia
1534 785 1729 836 principis

22 847 212 895 Achaiae,
230 847 299 885 sed
316 855 484 897 propter
500 846 767 884 donationem
784 860 806 884 a
822 846 1026 884 Balduino
1046 847 1084 883 II
1101 846 1348 896 imperatore
1366 845 1521 883 factam
1541 845 1694 883 Karolo
1715 845 1730 882 I

23 907 190 957 ejusque
217 905 515 944 successoribus
542 905 581 943 in
618 920 741 955 regno
769 905 940 952 Siciliae,
972 905 1088 954 cujus
1116 913 1208 943 acta
1236 905 1346 943 edita
1374 912 1471 943 sunt
1492 919 1515 942 a
1534 904 1621 942 viro
1653 904 1731 942 cla-

22 966 179 1005 rissimo
210 965 350 1004 Carolo
384 964 602 1003 Dufresnio
633 964 784 1014 Cangio
814 964 854 1001 in
887 964 1112 1014 appendice
1141 964 1344 1002 Historiae
1366 962 1731 1013 Constantinopoli-

23 1033 148 1073 tanae,
176 1040 214 1075 p.
246 1024 305 1062 18.
336 1024 525 1062 Ceterum
553 1024 601 1062 de
629 1024 705 1062 hac
731 1023 922 1061 Balduini
951 1023 1173 1061 donatione
1201 1037 1323 1073 agens
1346 1023 1564 1070 Oldradus,
1591 1022 1730 1064 consil.

25 1084 128 1131 1590,
151 1084 176 1122 f.
203 1083 254 1121 80
276 1088 325 1131 r0,
346 1083 405 1121 ait
429 1083 464 1121 ei
484 1091 606 1133 pacta
627 1097 705 1121 non
727 1082 848 1121 fuisse
869 1091 1032 1121 servata
1052 1097 1123 1133 per
1141 1082 1355 1120 dominum
1376 1082 1575 1120 Karolum
1596 1095 1732 1131 regem

24 1143 214 1195 primum,
239 1157 285 1181 ac
302 1157 373 1193 per
388 1156 640 1192 consequens
659 1142 838 1180 solutam
856 1156 1018 1180 omnem
1044 1141 1312 1180 donationem
1337 1141 1492 1179 factam
1515 1141 1558 1179 in
1581 1140 1729 1191 ipsum.

77 1203 119 1242 P.
162 1201 224 1249 27,
260 1202 325 1251 lig.
376 1201 411 1240 5.
452 1202 711 1240 DEsponNA.
756 1202 876 1239 Anna
925 1201 1050 1239 vidua
1098 1200 1331 1251 Nicephori,
1368 1215 1493 1250 quam
1542 1199 1731 1250 Philippo

24 1261 220 1300 restitisse
245 1275 291 1299 ac
316 1260 566 1311 superiorem
582 1260 758 1298 evasisse
784 1261 904 1298 docet
927 1260 1036 1298 idem
1051 1261 1336 1310 Pachymeres,
1354 1259 1422 1298 lib.
1450 1260 1497 1306 V,
1524 1273 1611 1310 cap.
1640 1273 1731 1296 xxx

25 1321 103 1372 [ed.
129 1321 183 1358 du
205 1320 360 1370 Corpus
380 1320 617 1370 scriptorum
637 1319 823 1357 historiae
847 1319 1093 1369 byzantinae,
1117 1327 1146 1358 t.
1168 1334 1209 1366 11,
1232 1334 1270 1369 p.
1294 1318 1400 1369 450}.

77 1380 120 1418 P.
140 1378 203 1426 27,
221 1379 286 1429 lig.
309 1378 368 1417 17.
392 1379 588 1417 ΗΑΤΙΟΝΕ
607 1393 894 1416 INFIRMITATIS
916 1393 1035 1421 PAPE,
1056 1379 1104 1417 de
1124 1392 1204 1428 qua
1224 1378 1381 1416 dictum
1400 1386 1462 1416 est
1480 1392 1615 1427 supra.

77 1439 120 1477 P.
143 1437 205 1486 27,
225 1438 291 1488 lig.
315 1438 375 1476 18.
394 1439 630 1476 Emscopns
646 1439 985 1478 VERCELLENSIS,
1007 1437 1235 1487 Raynerius
1252 1438 1300 1476 (10
1318 1437 1558 1484 Advocatis‚
1580 1437 1732 1474 electus

25 1497 213 1537 concordi
237 1497 364 1535 totius
389 1497 558 1548 capituli
592 1497 821 1536 voluntate.
848 1497 926 1535 Sed
951 1497 1046 1547 quia
1068 1496 1305 1535 Bonifacius
1330 1496 1434 1534 VIII
1458 1496 1534 1534 sibi
1558 1495 1733 1545 Sedique

25 1557 297 1607 Apostolicae‚
325 1565 372 1594 ut
399 1564 489 1594 tum
514 1557 715 1603 solebant,
744 1565 1027 1594 reservaverat
1051 1556 1327 1606 provisionem
1356 1555 1617 1606 episcopatus
1638 1555 1733 1593 Ver-

25 1615 204 1655 cellensis
222 1630 313 1654 cum
330 1630 423 1654 eum
440 1630 586 1654 vacare
604 1615 872 1665 contingeret,
891 1624 1051 1654 cassata
1068 1624 1129 1653 est
1146 1615 1288 1653 electio
1306 1615 1386 1661 illa,
1405 1623 1607 1664 tanquam
1624 1613 1734 1652 facta

24 1675 66 1713 in
93 1683 379 1725 contemptum
407 1675 708 1714 reservationis.
741 1674 844 1723 Quia
873 1683 1014 1713 tamen
1043 1674 1227 1714 canonici
1257 1673 1401 1712 testati
1429 1682 1527 1712 sunt
1555 1688 1595 1712 se
1623 1673 1735 1711 illam

24 1734 242 1784 ignorasse,
277 1733 597 1784 suppliciterque
630 1748 652 1772 a
684 1733 897 1772 Bonifacio
930 1733 1140 1784 petierunt
1172 1733 1234 1771 uti
1268 1734 1316 1771 de
1350 1733 1494 1772 eodem
1530 1731 1736 1782 Raynerio

25 1793 187 1844 propria
213 1793 463 1831 auctoritate
481 1793 717 1843 provideret
740 1793 941 1831 Ecclesiae
960 1793 1218 1840 Vercellensi,
1239 1791 1579 1831 clementissimus
1601 1791 1735 1842 ponti-

28 1851 95 1890 fex
120 1867 260 1890 eorum
288 1852 508 1903 postulatis
537 1866 736 1899 annuens,
765 1852 819 1890 015
838 1852 953 1889 11111111
974 1867 1159 1902 praeesse
1187 1852 1309 1901 jussit
1330 1851 1481 1890 literis¹
1503 1850 1610 1889 datis
1627 1862 1732 1888 anno

28 1911 247 1959 MCCCIII,
269 1927 293 1949 v
322 1911 412 1949 idus
434 1911 488 1962 [9]
510 1911 687 1961 augusti.
709 1911 773 1949 Sic
800 1911 907 1949 enim
929 1920 1087 1961 gestam
1117 1925 1201 1949 rem
1236 1910 1365 1949 tradit
1385 1911 1619 1961 Stephanus
1644 1909 1735 1948 Fer-

27 1970 151 2009 rerius
172 1970 385 2021 episcopus
404 1978 445 2009 et
461 1970 546 2021 ipse
565 1970 841 2009 Vercellensis.
1727 1971 1731 1976 “

80 2029 122 2068 Ρ.
154 2029 215 2077 27,
245 2029 310 2079 lig.
350 2029 410 2068 20.
449 2030 683 2077 DULc1NUs,
715 2029 818 2067 filius
854 2029 1081 2080 presbyteri
1111 2029 1209 2067 Julii
1243 2030 1291 2067 de
1327 2029 1592 2078 Traguntano
1622 2027 1736 2065 vallis

29 2088 234 2127 Oxolanae
256 2088 295 2126 in
320 2088 490 2127 dioecesi
509 2088 762 2135 Novariensi‚
781 2097 828 2126 ut
857 2097 1000 2127 auctor
1026 2097 1087 2127 est
1107 2088 1214 2127 idem
1233 2088 1477 2139 Stephanus.
1495 2087 1596 2125 Vide
1611 2087 1624 2109 2
1641 2086 1736 2125 Gui-

29 2147 174 2186 donem
196 2147 430 2198 episcopum
451 2148 718 2186 Helenensem
740 2147 781 2185 in
798 2147 964 2186 Summa
984 2148 1029 2186 de
1050 2147 1275 2186 haeresibus
1299 2155 1341 2186 et
1360 2147 1573 2185 Nicolaum
1591 2146 1736 2195 Eyme-

12 2201 97 2244 ’1101
114 2206 156 2244 111
175 2207 351 2245 secunda
370 2215 486 2257 parte
503 2206 712 2244 Directorii
734 2207 1032 2257 Inquisitorum,
1054 2215 1209 2257 quaest.
1234 2221 1304 2254 ΧΠ,
1324 2221 1362 2256 p.
1385 2205 1568 2244 201-203.

13 2277 17 2280 ·
81 2266 124 2304 P.
146 2266 209 2312 27,
229 2266 295 2315 lig.
317 2266 379 2304 24.
401 2267 455 2304 CL
473 2280 711 2312 PERSONAs3
734 2266 808 2303 140
822 2266 982 2316 d’apres
998 2281 1054 2303 un
1076 2266 1268 2304 memoire
1288 2266 1418 2303 insere
1441 2279 1490 2303 en
1507 2264 1733 2314 appendice

30 2324 77 2362 de
111 2325 148 2362 13
184 2325 369 2362 Praetica
407 2325 692 2375 Inquisitionis
728 2325 776 2363 de
811 2325 994 2363 Bernard
1032 2325 1124 2371 Gui,
1161 2326 1223 2363 ed.
1264 2325 1432 2371 Douais,
1470 2324 1599 2370 Paris,
1618 2322 1733 2369 1886,

30 2396 70 2433 p.
98 2383 185 2421 342.

84 2442 125 2480 P.
145 2443 208 2490 27,
225 2443 291 2492 lig.
311 2443 372 2481 26.
393 2444 519 2481 (3111οΑ
538 2444 638 2489 Ccc3
657 2443 746 2489 400,
766 2443 926 2493 d’apres
944 2444 981 2481 la
1000 2443 1197 2490 Praetica,
1216 2458 1254 2493 p.
1273 2443 1362 2481 342.

85 2502 125 2540 P.
154 2502 216 2549 27,
243 2501 308 2551 lig.
337 2502 398 2540 28.
429 2503 652 2540 ROMANAM
682 2503 940 2540 ECCLESIAM.
967 2503 1149 2540 Bernard
1177 2502 1255 2541 Gui
1284 2503 1323 2551 (l.
1352 2517 1398 2548 c.‚
1426 2516 1464 2551 p.
1494 2500 1682 2547 336-339)
1711 2513 1733 2536 3

32 2563 178 2610 expose
195 2561 460 2610 longuement
477 2562 532 2599 les
551 2576 705 2599 erreurs
726 2561 825 2611 qu’il
843 2561 1084 2611 enseignait.

83 2620 126 2657 P.
156 2620 218 2667 27,
246 2620 312 2670 lig.
343 2620 404 2659 29.
435 2621 628 2659 CRUCEM.
656 2621 838 2658 Bernard
868 2620 946 2659 Gui
983 2635 1005 2658 a
1033 2620 1162 2658 insere
1191 2622 1213 2657 a
1251 2621 1288 2657 la
1320 2620 1375 2657 fin
1404 2620 1452 2657 de
1482 2632 1525 2656 sa
1553 2617 1735 2655 Praetica

39 2677 315 2728 [requisitionis
349 2680 427 2729 (ed.
463 2679 630 2727 Douais,
671 2694 710 2730 p.
744 2679 931 2728 340-342)
966 2679 1064 2717 trois
1108 2680 1235 2717 bulles
1270 2679 1453 2717 edictant
1484 2678 1522 2715 la
1554 2676 1734 2715 croisade

34 2735 99 2786 (26
120 2740 219 2776 aofit
242 2738 372 2787 1306).

86 2796 128 2835 Ρ.
157 2796 219 2844 27,
246 2797 313 2847 lig.
342 2797 404 2836 31.
434 2798 599 2836 CAPTUS
627 2812 723 2835 FUIT
760 2811 880 2847 super
906 2797 1077 2835 Triverii
1106 2797 1270 2844 finibus,
1301 2796 1411 2853 quod
1449 2803 1510 2834 est
1538 2794 1736 2845 oppidum

81 2937 114 2971 ‘l.
138 2938 291 2982 Digard,
314 2951 349 2972 n.
374 2940 479 2973 5321.

82 2989 114 3023 2.
138 2991 228 3024 Voir
249 2992 348 3025 aussi
370 2992 567 3026 l’Historia
586 2992 713 3035 fratris
731 2992 887 3025 Dulcini
908 2993 1155 3026 haeresiarche
1170 2993 1207 3025 di
1223 2991 1412 3025 Anonimo
1429 2990 1608 3024 Sincrono
1630 2994 1669 3023 et
1683 2990 1738 3022 De

33 3048 126 3076 secla
150 3045 296 3078 illorum
319 3046 381 3089 qui
403 3058 441 3079 se
463 3045 590 3079 dicunt
612 3057 687 3078 esse
720 3046 761 3078 de
782 3045 910 3079 ordine
939 3046 1196 3090 apostolorum,
1220 3045 1313 3078 dans
1335 3043 1530 3083 Muratori,
1552 3050 1578 3077 t.
1600 3055 1654 3084 xx,
1678 3043 1735 3076 ed.

38 3095 79 3129 A.
101 3096 291 3141 Sigarizzi‚
313 3099 418 3133 1907.
