2083 3458
125 219 248 276 [948]
650 238 865 263 PAPARUM
901 237 1283 264 AVENIONENSIUM
1725 223 1808 266 463

115 319 184 367 qui
212 319 316 357 hanc
344 320 598 358 additionem
628 321 675 357 de
704 320 1069 370 Archipresbytero
1098 321 1239 359 scribit
1264 322 1408 359 falsam
1432 330 1473 360 et
1499 323 1684 371 ineptam
1710 337 1806 360 esse.

168 377 286 415 Anno
326 378 578 416 MCCCLXV
617 379 953 417 circumcursavit
992 380 1192 417 Alsatiam
1209 389 1255 418 ut
1290 381 1439 430 legitur
1474 381 1515 418 in
1553 381 1694 418 Prima
1731 382 1810 419 vita

121 436 277 474 Urbani
307 437 351 485 V,
377 452 414 487 p.
442 437 530 485 356,
556 438 665 487 apud
692 438 1023 477 continuatorem
1051 439 1197 488 Nangii
1227 439 1271 488 [t.
1293 454 1334 487 11,
1355 455 1392 489 p.
1413 438 1504 489 359]
1527 448 1567 477 et
1593 440 1809 478 Albertum

115 495 468 544 Argentinensem,
490 511 527 545 p.
552 496 626 534 293
646 495 671 534 ¹.

170 554 232 591 Ex
257 555 433 603 Regestis
457 555 702 605 parlamenti
730 555 964 593 Parisiensis
990 556 1119 605 liquet
1142 556 1255 594 illum
1282 571 1346 595 an.
1375 557 1651 595 MCCCLXVI
1676 573 1811 596 exces-

115 613 212 651 sisse
247 628 298 651 ex
331 613 451 651 rebus
487 614 676 651 humanis
693 612 720 652 ².
754 614 807 651 Et
835 629 884 651 ex
914 615 1146 664 fragmento
1175 615 1331 664 Regesti
1363 617 1511 654 veteris
1547 617 1811 655 cancellariae

118 671 312 710 Franciae
335 672 445 710 edito
468 672 575 710 inter
598 672 857 710 Probationes
881 673 1064 710 historiae
1089 674 1213 722 gentis
1237 674 1526 722 Castrivillani,
1550 690 1588 725 p.
1614 676 1676 723 46,
1702 684 1812 714 certo

117 731 321 780 colligitur
347 745 441 770 eum
469 746 662 769 non.esse
691 739 899 769 mortuum
930 740 1025 770 ante
1055 747 1233 770 mensem
1264 734 1538 783 septembrem
1566 735 1671 773 illius
1701 736 1811 773 anni.

172 790 213 828 Ρ,
239 790 329 837 322,
361 790 427 839 lig.
456 790 514 829 15.
543 790 767 827 REDUCTA.
797 791 857 827 En
882 805 988 829 mars
1016 791 1116 829 1360
1141 792 1199 840 (L.
1228 792 1454 841 Sighinolfi,
1480 793 1538 830 La
1561 793 1742 842 signoria
1775 794 1815 831 di

124 848 324 886 Giovanni
347 850 397 886 da
421 848 583 897 Oleggio
608 849 651 886 in
674 849 854 898 Bologna
880 850 1152 898 (1355-1300),
1177 851 1372 900 Bologne,
1400 851 1530 901 1905).

173 908 215 946 Ρ.
238 908 327 955 322,
348 909 413 957 lig.
437 908 497 947 24.
521 908 692 945 Pmnus
715 922 800 945 REX
821 909 1054 947 CASTELLE.
1081 910 1125 945 ln
1156 910 1448 948 vetustissimis
1478 911 1637 949 schedis
1667 912 1817 950 nostris

119 967 280 1016 scriptis
308 981 416 1004 anno
445 967 657 1004 millesimo
686 967 965 1013 CCCLX‚ista
993 968 1186 1016 leguntur
1214 985 1221 1005 :
1253 969 1456 1006 Johannes
1483 971 1526 1006 de
1552 971 1674 1018 Aula,
1700 971 1821 1020 judex

119 1026 399 1075 Lauraguesii,
419 1026 498 1075 fuit
514 1040 583 1075 per
600 1026 754 1063 XXIV
772 1026 855 1063 dies
875 1026 917 1063 in
935 1027 1101 1075 ostagiis
1119 1028 1230 1076 apud
1242 1028 1553 1077 Perpinianum,
1570 1044 1641 1078 pro
1656 1038 1821 1067 tractatu

119 1085 321 1134 ejectionis
360 1085 616 1134 Yspanorum
648 1085 899 1122 existentium
934 1085 976 1122 in
1009 1086 1192 1123 comitiva
1224 1087 1377 1124 comitis
1407 1080 1685 1127 'Tristamerae

176 1144 218 1182 P.
241 1144 331 1191 322,
352 1144 418 1193 lig.
441 1144 502 1182 24.
527 1144 758 1182 GUERRAM.
782 1144 878 1181 Voir
901 1144 948 1182 R.
972 1144 1173 1182 Altamira
1197 1145 1393 1190 (Historia
1416 1147 1460 1183 de
1477 1145 1657 1196 Espana,
1679 1148 1823 1186 Barce-

121 1204 227 1250 lone,
257 1203 370 1250 1911,
398 1212 426 1242 t.
452 1204 509 1251 11).

176 1262 218 1300 P.
243 1262 333 1309 323,
356 1262 422 1311 lig.
450 1262 508 1300 11.
535 1262 689 1300 LocUM
715 1276 770 1299 DE
796 1261 964 1300 SANCTO
989 1262 1155 1299 Smmw
1182 1263 1251 1312 qui
1275 1264 1369 1300 olim
1406 1265 1636 1303 vocabatur
1666 1280 1828 1304 monas-

126 1321 276 1360 terium
302 1321 442 1359 Sancti
469 1321 679 1359 Saturnini
713 1335 835 1370 super
863 1321 1126 1360 Rhodanum.
1149 1321 1365 1371 Catalogus
1383 1323 1650 1372 abbatiarum,
1676 1325 1829 1374 priora-

120 1389 247 1428 tuum,
277 1388 311 1417 et
337 1381 599 1417 decanatuum
625 1380 861 1417 monasterio
886 1380 1145 1418 Cluniacensi
1167 1381 1443 1430 subjectorum,
1471 1383 1604 1421 editus
1624 1384 1665 1421 in
1686 1384 1830 1421 biblio-

126 1440 245 1477 theca
281 1439 551 1486 Cluniacensi,
586 1453 623 1489 p.
662 1439 783 1476 1727:
820 1439 1029 1476 Prioratus
1064 1439 1201 1477 Sancti
1231 1440 1445 1478 Saturnini
1477 1442 1520 1478 de
1551 1442 1674 1480 Portu
1707 1457 1831 1492 supra

123 1498 362 1536 Rhodanum
391 1498 609 1535 Uteicensis
625 1498 822 1545 dioecesis,
839 1498 1055 1535 ubidebent
1078 1513 1158 1535 esse
1181 1499 1347 1547 triginta
1371 1501 1563 1537 monachi.
1593 1501 1830 1550 Aymericus

125 1558 172 1596 de
191 1558 385 1606 Peyraco,
403 1557 531 1594 abbas
550 1557 860 1606 Moyssiacensis
877 1557 919 1594 in
936 1572 1009 1595 suo
1024 1557 1220 1595 Chronico
1233 1557 1262 1605 3,
1278 1558 1345 1596 fol.
1366 1559 1440 1596 144
1458 1562 1515 1601 Γο;
1535 1560 1723 1610 Tempore
1740 1561 1833 1598 dicti

128 1616 330 1654 Johannis
355 1616 459 1665 regis
488 1616 660 1653 Francie
686 1616 767 1665 suit
801 1630 966 1664 regnum
993 1617 1226 1654 tribulatum
1263 1626 1298 1655 et
1329 1618 1588 1666 submissum,
1624 1628 1658 1657 et
1691 1633 1833 1667 magne

128 1676 327 1713 societates
354 1683 447 1712 tunc
474 1683 659 1724 ceperunt
686 1675 822 1712 villam
851 1675 988 1713 Sancti
1018 1676 1211 1725 Spiritus,
1240 1676 1344 1714 alias
1372 1678 1510 1715 Sancti
1538 1678 1766 1726 Saturnini,
1790 1679 1834 1716 in

125 1735 215 1784 ripa
249 1734 436 1772 Rhodani
469 1734 706 1772 existentem.
744 1734 895 1771 Glaber
932 1734 1176 1784 Rodulphus
1212 1735 1251 1772 in
1292 1735 1418 1773 Vita4
1454 1737 1589 1774 Sancti
1629 1738 1836 1775 Guillelmi

125 1794 283 1831 abbatis
297 1793 571 1840 Divionensis,
591 1807 679 1843 cap.
701 1807 727 1829 x
749 1809 755 1830 :
779 1793 931 1830 Interea
951 1794 1055 1831 venit
1072 1794 1233 1846 quidam
1250 1794 1371 1843 frater
1387 1797 1639 1845 praepositus
1657 1797 1835 1834 coenobii

124 1853 252 1891 sancti
285 1852 470 1901 martyris
503 1852 717 1890 Saturnini
749 1853 850 1902 quod
879 1861 933 1890 est
962 1867 1082 1902 super
1113 1853 1364 1892 Rhodanum.
1399 1855 1559 1893 Literae
1594 1856 1834 1904 Raymundi

125 1911 285 1950 comitis
318 1912 456 1949 Sancti
487 1911 645 1961 Aegidii
677 1912 798 1948 datae
829 1925 937 1948 anno
968 1911 1181 1949 MCLXIV
1210 1913 1251 1949 in
1282 1913 1418 1951 codice
1447 1912 1524 1951 827
1559 1914 1835 1953 bibliothecae

126 1971 384 2009 Colbertinae
403 1969 431 2016 5,
468 1970 602 2008 editae
638 1984 660 2007 a
698 1970 884 2008 Samuele
922 1971 1185 2009 Guichenone
1229 1972 1270 2008 in
1306 1972 1555 2010 bibliotheca
1594 1974 1833 2018 sebusiana,

127 2045 165 2080 p.
194 2029 270 2068 336
298 2045 305 2066 :
334 2029 531 2066 Omnibus
565 2029 840 2078 praesentibus
866 2038 900 2066 et
924 2030 1072 2078 suturis
1098 2038 1230 2067 notum
1257 2030 1309 2068 sit
1335 2033 1436 2080 quod
1462 2046 1530 2080 ego
1562 2032 1835 2079 Raimundus,

127 2103 251 2126 comes
274 2088 412 2126 Sancti
432 2088 612 2137 Aegidii,
635 2102 821 2136 cognosco
842 2097 876 2125 et
897 2089 1081 2137 confiteor
1102 2089 1236 2126 villam
1260 2090 1398 2130 Sancti
1421 2090 1635 2128 Saturnini
1656 2092 1832 2129 alodium

127 2156 162 2185 et
182 2147 459 2197 proprietatem
481 2162 561 2184 esse
587 2147 686 2184 beati
708 2147 818 2184 Petri
840 2147 1132 2186 CluniacensiS.
1159 2148 1466 2187 Sammarthani
1501 2150 1546 2199 [t.
1572 2150 1625 2200 11]
1648 2151 1688 2187 in
1712 2151 1827 2188 Cata—

123 2208 213 2256 logo
244 2207 536 2256 Episcoporum
567 2206 842 2253 Podiensium,
876 2220 987 2244 num.
1023 2206 1072 2244 60
1105 2223 1112 2244 :
1146 2207 1293 2245 Eodem
1324 2216 1493 2257 tempore
1525 2209 1755 2247 nominatur
1786 2210 1828 2247 in

127 2266 376 2303 ordinatione
401 2265 505 2314 facta
532 2279 600 2314 per
632 2265 887 2302 Guillelmum
915 2266 958 2302 de
985 2265 1180 2303 Plasiano
1205 2281 1325 2315 super
1350 2266 1504 2315 fabrica
1530 2268 1663 2316 pontis
1691 2269 1829 2306 Sancti

127 2324 340 2364 Saturnini
370 2324 413 2361 de
442 2324 578 2371 Portu,
615 2316 812 2361 Uticensis
849 2324 1046 2362 dioecesis.
1079 2324 1199 2362 Liber
1223 2326 1392 2363 Arnaldi
1419 2326 1637 2364 Camerarii
1663 2326 1698 2364 6;
1731 2327 1829 2365 Item

127 2384 210 2422 alia
232 2384 360 2421 littera
381 2383 534 2420 domini
557 2383 761 2420 Benedicti
783 2397 886 2433 pape
919 2383 1025 2433 [XI]
1048 2383 1257 2421 scribentis
1279 2384 1415 2421 rectori
1437 2385 1644 2422 comitatus
1675 2386 1828 2436 Venay-

126 2443 209 2481 sini
231 2443 333 2493 quod
352 2442 463 2491 prior
483 2450 516 2479 et
537 2450 747 2479 conventus
769 2442 907 2479 Sancti
930 2442 1144 2480 Saturnini
1164 2457 1287 2492 prope
1308 2451 1463 2492 pontem
1486 2444 1638 2481 ordinis
1660 2444 1827 2482 Clunia-

128 2502 255 2540 censis
278 2501 441 2538 diruant
463 2501 538 2538 duo
559 2500 754 2549 fortalitia
775 2515 845 2538 seu
871 2501 1044 2538 bastidas
1068 2516 1164 2550 quas
1187 2502 1231 2538 de
1255 2516 1351 2538 novo
1373 2502 1653 2551 edificaverunt
1676 2503 1719 2540 in
1740 2518 1826 2552 pre-

124 2560 324 2611 judicium
343 2559 548 2597 comitatus
573 2560 799 2609 Veneysini.
821 2559 939 2597 Alias
958 2560 1073 2597 datur
1091 2560 1274 2609 episcopo
1292 2561 1542 2610 Auraycensi
1563 2562 1605 2598 in
1629 2563 1828 2600 mandatis

176 2685 206 2717 1.
239 2683 305 2716 Ed.
336 2683 507 2722 Bohmer,
538 2682 669 2715 Fontes
696 2694 815 2715 rerum
848 2682 1155 2721 Germanicarum,
1188 2689 1212 2714 t.
1242 2694 1290 2714 1v.

177 2738 206 2770 2.
237 2736 307 2769 Sur
333 2748 373 2768 sa
401 2742 499 2768 mort
525 2735 685 2768 Grandes
712 2735 933 2778 Chroniques
957 2735 994 2776 (t.
1020 2747 1055 2771 11,
1077 2747 1110 2777 p.
1135 2735 1254 2777 18-20)
1286 2741 1323 2767 et
1348 2735 1502 2774 Denisse,
1528 2734 1592 2775 (La
1619 2736 1825 2775 dekolation,

128 2797 153 2824 t.
180 2802 216 2829 11,
244 2801 278 2833 p.
307 2788 403 2835 491).
425 2788 579 2821 Arnaud
605 2789 664 2821 fut
690 2790 752 2822 tue
780 2788 869 2821 d'un
893 2800 987 2830 coup
1008 2788 1133 2830 d⁷epee
1153 2799 1223 2830 quc
1250 2788 1299 2819 lui
1326 2794 1434 2831 porta
1455 2799 1505 2820 un
1531 2789 1574 2835 ‘15³
1604 2800 1658 2821 ses
1685 2789 1826 2822 soldats

126 2844 158 2876 le
176 2844 219 2876 25
236 2842 310 2875 mai
327 2842 430 2875 1366.
708 2859 711 2862 ,

175 2897 207 2929 3.
236 2896 276 2928 B.
309 2894 365 2934 N.‚
394 2906 460 2927 ms.
488 2894 582 2927 latin
609 2893 705 2926 4991
732 2893 779 2928 A.

176 2949 225 2992 4,4
238 2948 371 2991 Migne,
392 2947 435 2980 P.
457 2946 511 2985 L.‚
533 2953 558 2980 t.
583 2959 693 2986 CXLII,
715 2947 781 2980 col.
804 2947 883 2980 707.

177 3002 208 3035 5.
238 3001 277 3034 B.
305 3001 361 3039 N.,
385 3012 450 3033 ms.
474 3000 567 3032 latin
590 2999 698 3039 2060,
722 2999 783 3032 fol.
808 3000 875 3032 206
898 3003 938 3030 v⁰

178 3055 209 3088 6.
239 3054 278 3087 Β.
306 3053 363 3093 N.‚
388 3065 454 3085 ms.
478 3053 572 3085 latin
597 3052 703 3092 5181,
729 3053 789 3086 fol,
816 3053 882 3084 222
906 3056 938 3084 r0
962 3058 999 3084 et
1030 3055 1079 3084 v0.
1107 3070 1155 3073 —
1191 3051 1255 3084 Ces
1288 3052 1403 3084 bulles
1437 3058 1501 3084 ont
1537 3054 1594 3086 ete
1633 3053 1827 3096 expediees

128 3118 204 3141 non
233 3119 300 3151 par
329 3107 462 3139 Benoit
492 3105 559 3145 XI,
591 3106 682 3139 mais
712 3116 780 3148 par
809 3104 982 3138 Boniface
1012 3104 1118 3137 VIII.
