2083 3458
245 169 327 211 688
895 183 1047 208 NOTAE
1082 183 1142 208 AD
1177 183 1306 209 V1TAs
1802 166 1952 223 [1169]

246 269 438 307 dixerunt
466 282 560 306 eum
587 269 689 306 bene
717 268 904 306 locutum
931 282 1029 314 esse,
1059 275 1100 305 et
1126 267 1399 307 Benedictum
1422 277 1620 319 rogarunt
1647 268 1710 306 uti
1737 282 1851 307 sensa
1880 280 1952 306 sua

244 336 460 379 promeret.
490 328 559 366 Ille
583 342 679 366 vero
703 327 916 377 respondit
939 342 979 365 se
1003 327 1180 364 multum
1206 327 1372 366 sudasse
1396 343 1469 378 pro
1494 328 1781 378 consequenda
1804 327 1952 365 unione

244 387 461 435 Ecclesiae,
501 387 571 425 sed
610 387 948 437 quandoquidem
986 386 1127 424 divino
1165 400 1331 425 munere
1370 396 1410 425 et
1449 388 1720 426 cardinalium
1757 387 1951 426 electione

243 447 463 485 collocatus
490 446 690 485 fuerat‘in
725 446 818 485 sede
844 446 956 484 beati
980 446 1104 493 Petri,
1130 460 1289 496 semper
1313 460 1554 486 mansurum
1577 461 1730 498 papam
1755 446 1952 497 quamdiu

242 507 412 553 viveret,
438 521 569 556 neque
593 520 780 556 unquam
805 505 999 556 dignitati
1023 520 1119 544 suae
1143 505 1491 545 renuntiaturum.
1519 507 1787 557 Surgentibus
1810 506 1951 556 itaque

241 566 514 604 cardinalibus
544 575 585 604 et
613 566 779 616 egressis
809 581 828 604 e
858 565 1112 613 consistorio,
1140 565 1343 615 ingressus
1372 575 1434 604 est
1462 567 1606 605 Petrus
1637 567 1684 605 de
1714 566 1881 613 Alliaco,
1910 573 1951 604 et

240 640 481 676 responsum
496 626 617 675 petiit
633 640 655 663 a
671 639 793 676 papa.
815 625 884 663 Ille
900 639 996 663 vero
1012 625 1053 662 in
1069 639 1114 663 ea
1131 625 1338 663 sententia
1354 625 1537 676 perstitit
1553 633 1678 676 quam
1693 633 1951 676 prompserat

239 699 376 724 coram
403 685 692 723 cardinalibus.
723 686 867 723 Petrus
896 684 1037 723 statim
1066 693 1160 735 post
1187 685 1408 735 prandium
1434 685 1555 724 rediit
1582 686 1633 723 ad
1660 699 1807 736 regem.
1838 685 1950 723 Haec

238 745 364 783 fusius
392 753 534 783 narrat
561 745 811 783 Froissartus
850 744 928 794 [ed.
960 744 1143 793 Kervyn,
1170 753 1200 782 t.
1230 759 1300 791 xv,
1328 759 1366 795 p.
1396 744 1607 795 123-128].

290 805 437 843 Postea
454 818 547 843 cum
563 805 640 843 kal.
656 804 914 854 septembris,
927 812 974 841 ut
992 804 1127 842 Suri-ta
1145 804 1203 841 ait
1220 804 1258 841 in
1275 804 1378 842 libro
1393 804 1516 843 tertio
1532 805 1731 852 Indicam,
1745 804 1949 842 substrac-

236 863 294 901 tio
332 864 588 902 obedientiae
623 864 739 914 jussu
777 863 919 902 Karoli
953 863 1055 913 regis
1092 863 1304 913 publicata
1341 873 1447 902 esset
1481 865 1592 915 apud
1628 864 1948 910 Villamnovam,

235 923 530 962 Avenionensis
562 923 770 972 dioecesis,
802 923 1027 962 cardinales
1059 937 1229 962 numero
1260 938 1334 961 xix
1365 923 1561 974 postridie
1592 924 1803 962 Avenione
1834 923 1947 961 dece-

233 983 351 1031 dunt,
373 992 413 1021 et
432 983 538 1022 inter
557 984 628 1021 hos
650 983 937 1021 Ambianensis
956 982 983 1021 1.
1008 982 1163 1021 Deinde
1191 998 1288 1021 vero
1315 983 1439 1021 iidem
1459 983 1529 1033 qui
1548 983 1758 1022 Avenione
1778 997 1948 1021 secesse-

231 1051 338 1090 rant,
361 1043 441 1081 fere
464 1057 601 1081 omnes
623 1043 675 1080 ab
697 1043 931 1081 obedientia
950 1041 1164 1081 Benedicti
1184 1058 1223 1081 se
1245 1043 1498 1081 subtrahunt
1515 1042 1542 1081 2.

286 1102 424 1141 Fuisse
450 1116 545 1141 eum
570 1102 750 1141 amicum
777 1102 982 1141 Francisci
1008 1102 1055 1140 de
1083 1102 1195 1150 Vico,
1222 1103 1421 1153 praefecti
1448 1103 1583 1150 Urbis,
1609 1111 1727 1153 patet
1753 1117 1803 1140 ex
1830 1101 1946 1140 testi-

231 1162 376 1200 moniis
413 1163 688 1212 quorumdam
721 1177 772 1201 ex
804 1162 881 1200 illis
915 1162 1091 1200 testibus
1126 1162 1195 1211 qui
1224 1162 1339 1212 jussu
1375 1162 1560 1210 Joannis,
1595 1162 1697 1212 regis
1734 1161 1945 1208 Castellae,

231 1221 474 1272 interrogati
496 1231 593 1260 sunt
615 1237 736 1272 super
758 1221 909 1272 origine
932 1221 1177 1260 schismatis.
1202 1221 1331 1259 Addit
1354 1222 1592 1260 Fernandus
1616 1221 1739 1269 Petri,
1767 1221 1944 1259 decanus

229 1280 523 1329 Tirasonensis,
561 1296 656 1321 eum
693 1281 817 1320 fuisse
864 1290 1120 1332 compatrem
1142 1281 1347 1334 *ejusdem
1379 1281 1609 1320 Francisci:
1648 1279 1946 1330 Interrogata&

228 1355 347 1391 saper
369 1341 515 1379 XCIV
538 1342 639 1379 discit
660 1356 699 1379 se
722 1341 925 1379 audivisse
948 1342 1050 1391 qaod
1072 1341 1290 1379 cardinalis
1316 1341 1606 1379 Ambianensis
1629 1349 1710 1378 erat
1732 1340 1946 1378 amicuset

230 1409 425 1450 compater
446 1401 656 1439 Franeisci
678 1402 722 1438 de
749 1401 857 1448 Vico,
888 1400 1049 1451 prejecti
1078 1401 1210 1448 Urbis,
1242 1409 1276 1439 et
1304 1415 1424 1451 super
1452 1401 1569 1450 factis
1598 1400 1758 1451 prefecti
1789 1400 1944 1450 primus

228 1460 366 1498 electas
385 1460 575 1498 habuerat
593 1475 681 1498 cum
701 1461 800 1499 dicto
820 1460 1017 1498 cardinali
1038 1461 1143 1498 mala
1162 1460 1289 1508 verba,
1309 1469 1343 1498 et
1361 1461 1623 1498 comminatas
1640 1460 1770 1509 fuerat
1787 1459 1834 1498 ei.

281 1520 345 1557 Ex
373 1520 585 1570 epitaphio
614 1520 700 1570 ejus
731 1529 896 1559 constat
923 1520 1039 1557 illum
1069 1519 1246 1558 obiisse4
1275 1520 1500 1559 Avenione.
1532 1520 1587 1558 Et
1614 1528 1756 1559 tamen
1785 1519 1941 1569 Augus-

228 1578 338 1618 tinus
375 1580 572 1618 Oldoinus
608 1580 846 1618 Ciaconium
879 1580 1143 1630 reprehendit
1176 1579 1234 1618 ita
1268 1580 1514 1618 scribentem
1560 1580 1605 1626 lt.
1639 1595 1680 1627 11,
1717 1579 1789 1618 col.
1826 1578 1940 1628 609).

228 1638 305 1677 Sed
340 1639 466 1677 habet
502 1640 699 1678 Oldoinus
735 1639 964 1678 sententiae
999 1654 1095 1678 suae
1130 1648 1341 1677 auctorem
1378 1640 1547 1678 Petrum
1583 1639 1830 1686 Frizonium,
1873 1638 1942 1688 qui

226 1698 393 1748 putavit
432 1713 526 1737 eum
562 1700 727 1737 rediisse
766 1699 808 1737 in
847 1699 997 1737 Gallias
1036 1707 1131 1749 post
1169 1699 1411 1737 electionem
1440 1699 1611 1737 Joannis
1653 1699 1819 1745 XXIII,
1859 1712 1941 1736 non

226 1757 561 1797 animadvertens
602 1759 853 1813 cardinalem
891 1752 1213 1797 Ambianensem
1252 1759 1391 1796 multis
1431 1767 1527 1797 ante
1568 1758 1683 1796 annis
1725 1757 1940 1796 decessisse

226 1831 352 1867 quam
371 1818 550 1857 Joannes
569 1818 633 1857 ille
652 1819 895 1857 eveheretur
912 1819 965 1856 ad
983 1832 1192 1857 summum
1210 1818 1433 1868 fastigium.
1456 1818 1574 1866 Quod
1591 1826 1699 1856 recte
1718 1817 1939 1860 adnotavit

224 1876 334 1915 idem
358 1877 568 1916 Oldoinus.

280 1936 454 1974 Demum
476 1937 689 1976 admoneri
709 1938 854 1976 debere
875 1937 1011 1976 visum
1031 1946 1093 1975 est
1113 1952 1163 1975 ex
1182 1937 1388 1987 imperitia
1409 1937 1641 1987 vulgarium
1662 1936 1937 1987 quorumdam

226 1996 472 2046 scriptorum
496 2012 514 2035 e
541 1997 671 2035 Gallia
696 2006 850 2044 nostra,
877 1997 946 2047 qui
971 1997 1222 2035 Clementem
1247 1997 1327 2034 VII
1352 2011 1498 2035 vocare
1522 1997 1654 2035 solent
1678 1996 1935 2046 antipapam,

227 2055 391 2094 fluxisse
421 2065 468 2094 ut
499 2058 679 2095 Joannes
711 2057 940 2095 Laborator
968 2057 1010 2094 in
1038 2057 1335 2107 prolegomenis
1366 2057 1417 2094 ad
1446 2056 1670 2094 Historiam
1700 2056 1843 2093 Karoli
1868 2055 1938 2092 'VI

223 2115 332 2153 hunc
360 2116 610 2155 cardinalem
638 2116 958 2155 Ambianensem
985 2116 1241 2166 iniquissimo
1271 2116 1364 2154 odio
1392 2124 1632 2166 prosecutus
1652 2115 1717 2162 sit,
1740 2124 1782 2153 et
1808 2114 1935 2164 injus-

223 2174 390 2214 tissimis
423 2176 643 2214 verborum
675 2176 934 2214 contumeliis
965 2176 1220 2214 laceraverit.

275 2234 318 2272 P.
341 2234 429 2282 423,
451 2235 516 2285 lig.
539 2236 574 2274 8.
599 2236 769 2273 PETRUS
793 2250 848 2273 DE
871 2236 1141 2274 SORTENACO.
1166 2236 1254 2274 Hoc
1275 2250 1360 2273 esse
1381 2249 1525 2274 verum
1545 2234 1632 2284 ejus
1651 2248 1804 2272 nomen
1826 2241 1933 2272 certe

219 2294 420 2343 probatur
445 2310 495 2333 ex
520 2296 632 2333 Actis
658 2295 818 2334 concilii
843 2295 1062 2333 Vaurensis
1101 2295 1233 2332 habiti
1267 2309 1375 2332 anno
1402 2294 1741 2341 MCCCLXVIII,
1768 2293 1832 2332 cui
1865 2293 1932 2330 illo

222 2352 411 2391 interfuit
439 2363 486 2392 ut
513 2355 644 2393 testis.
676 2355 808 2403 Quare
837 2355 1037 2393 falluntur
1064 2355 1329 2393 vehementer
1355 2353 1383 2391 ii
1411 2353 1480 2403 qui
1508 2368 1558 2391 ex
1587 2353 1767 2403 quadam
1795 2352 1932 2390 simili-

219 2412 361 2451 tudine
397 2414 612 2452 nominum
648 2414 1047 2464 collegerunt'illum
1084 2423 1220 2452 ortum
1257 2428 1340 2452 esse
1377 2428 1427 2451 ex
1462 2413 1652 2463 prosapia
1690 2412 1737 2450 de
1774 2412 1931 2461 Vigono

219 2471 478 2510 dominorum
505 2474 769 2513 Cercenaschi
795 2474 935 2524 oppidi
959 2473 1066 2512 inter
1092 2474 1212 2523 Alpes
1240 2482 1280 2511 et
1306 2472 1544 2511 Taurinum.
1573 2472 1668 2509 Fuit
1693 2472 1769 2510 iste
1795 2471 1930 2521 patria

266 2589 297 2622 1.
316 2589 353 2621 F.
373 2589 496 2629 Ehrle,
512 2590 660 2623 lllarlin
674 2591 714 2623 de
726 2590 922 2633 Alpartils,
939 2603 974 2635 p.
990 2591 1119 2630 35-36;
1135 2591 1167 2623 le
1182 2591 1339 2624 nombre
1355 2591 1417 2623 des
1433 2591 1643 2623 cardinaux
1657 2590 1796 2623 s’eleva
1811 2590 1831 2621 a
1843 2590 1899 2623 18.

266 2642 295 2675 2.
319 2642 368 2675 Le
389 2643 431 2675 17
452 2644 668 2686 septembre
689 2644 783 2677 1398
807 2644 959 2686 (Valois,
981 2656 1038 2687 op.
1060 2645 1132 2683 cit„
1154 2650 1180 2677 t.
1200 2656 1251 2683 111,
1272 2656 1307 2688 p.
1329 2644 1410 2684 192,
1432 2650 1521 2677 note
1540 2644 1589 2687 3).

262 2696 293 2728 3.
320 2696 359 2728 B.
387 2695 444 2735 N.‚
469 2708 536 2729 ms.
562 2696 657 2729 latin
680 2697 809 2737 11745,
834 2697 896 2730 fol.
922 2698 992 2730 178
1016 2702 1066 2730 v0.

264 2749 295 2780 4.
322 2749 351 2780 11
374 2756 530 2782 mourut
558 2750 590 2782 16
620 2750 666 2782 14
697 2762 744 2782 ou
766 2751 797 2783 le
822 2751 865 2782 24
889 2751 984 2783 avril
1006 2751 1100 2783 1402
1124 2751 1272 2794 d'apres
1296 2751 1423 2783 Valois
1450 2751 1520 2794 (op.
1544 2751 1618 2789 cit„
1642 2756 1669 2783 t.
1692 2762 1743 2788 11·1,
1767 2762 1802 2793 p.
1827 2749 1926 2791 333),

215 2800 245 2832 le
266 2802 309 2833 24
329 2802 477 2845 d’aprsss
500 2803 619 2836 Eubel
642 2803 888 2846 (Hierarclzia,
910 2810 936 2837 t.
956 2816 979 2843 1,
1001 2816 1035 2848 p.
1058 2804 1130 2846 22).
1152 2823 1199 2826 —
1216 2804 1287 2837 Sur
1305 2804 1337 2837 le
1357 2804 1527 2837 cardinal
1546 2804 1589 2836 de
1609 2804 1644 2836 la
1664 2803 1825 2845 Grange,
1849 2802 1929 2834 voir

214 2854 340 2886 Valois
365 2856 404 2893 (t.
425 2868 461 2894 11,
481 2868 514 2899 p.
535 2856 604 2889 487
623 2863 661 2889 ct
679 2862 704 2889 t.
723 2869 774 2896 1v,
794 2869 828 2900 p.
850 2857 947 2900 574),
970 2858 1081 2890 Ehrle
1105 2857 1266 2900 (Illarlin
1283 2858 1324 2890 de
1340 2857 1537 2901 Alparlils,
1557 2869 1593 2901 p.
1613 2856 1712 2899 133),
1735 2856 1775 2888 E.
1797 2855 1927 2888 Miintz

218 2906 279 2943 (Le
304 2910 484 2940 ιηαιμςοΙύιἱ
509 2910 557 2941 (Iu
581 2910 750 2943 cardinal
774 2911 815 2943 de
838 2910 1034 2953 Lagrange
1059 2913 1081 2944 ιὶ
1104 2910 1290 2953 Awignon,
1320 2911 1413 2943 dans
1438 2910 1562 2943 L’ami
1588 2910 1647 2943 des
1684 2914 1924 2948 monuments,

214 2960 319 2998 1890,
349 2973 382 3003 p.
412 2962 484 3004 92),
516 2962 558 2994 R.
589 2962 820 2996 Delachenal
849 2963 1028 3006 (Histoire
1056 2964 1097 2996 de
1121 2964 1272 2997 Clzarles
1300 2964 1342 3003 V,
1374 2970 1401 2996 t.
1435 2976 1485 3003 111,
1516 2976 1550 3007 p.
1576 2964 1657 3002 257,
1678 2962 1775 3005 265),
1803 2962 1846 2994 A.
1881 2962 1924 2994 de

214 3012 247 3044 S.
282 3013 441 3053 Fulgenl
471 3015 552 3051 (Les
574 3016 768 3049 For-eziens
791 3017 883 3049 dans
905 3017 940 3049 la
962 3017 1186 3060 cliplomatie,
1212 3017 1304 3049 dans
1327 3017 1493 3050 Bulletz‘n
1524 3017 1565 3049 de
1595 3017 1630 3048 la
1648 3016 1788 3055 Diana,
1818 3021 1844 3048 t.
1869 3026 1924 3047 xx

218 3065 466 3109 (lala-1921),
492 3080 525 3110 p.
547 3069 735 3112 ‘lm-122),
757 3069 904 3102 Denisse
923 3076 961 3102 et
981 3070 1179 3103 Chatelain
1201 3070 1506 3113 (Charlularium,
1527 3076 1553 3103 t.
1572 3082 1623 3108 111,
1644 3082 1678 3113 p.
1700 3068 1797 3111 722).
