2083 3458
285 275 367 316 906
647 276 649 278 ’
935 288 1087 313 NOTAE
1122 287 1183 312 AD
1217 288 1346 313 VITAs
1844 274 1996 331 [1395]

284 375 420 413 locum
446 375 495 412 (16
518 374 673 412 Baucio
700 373 769 423 qui
794 374 845 411 ab
871 388 917 412 eo
943 372 1178 423 acciperent
1202 382 1511 411 sacramentum
1538 373 1767 421 fidelitatis,
1793 374 1997 425 simulque

285 449 378 473 cum
405 434 472 472 illo
501 433 770 472 convenirent
797 433 845 471 de
873 446 1035 471 summa
1061 432 1260 483 pecuniae
1290 446 1415 482 quam
1442 432 1576 471 eidem
1602 433 1762 482 ¹solvere
1785 442 1998 473 teneretur

283 494 437 544 regina,
462 492 495 532 si
518 493 623 531 forte
648 492 824 531 ditiones
849 500 890 530 et
913 492 1189 542 possessiones
1214 491 1272 529 illi
1294 492 1475 530 tribuere
1500 507 1583 530 non
1605 501 1745 543 posset
1769 493 1822 532 ad
1846 493 1996 532 consti-

283 553 459 591 tuendas
487 552 595 590 mille
620 552 744 590 libras
770 551 898 590 annui
922 551 1092 590 reditus.
1123 550 1294 590 Rediere
1320 551 1377 588 illi
1402 551 1454 589 ad
1478 552 1664 602 reginam
1689 552 1752 591 die
1778 567 1869 590 xxn
1894 553 1995 592 refe-

283 620 418 651 rentes
460 612 758 662 Raymundum
795 610 1050 662 praestitisse
1088 610 1189 648 illud
1227 619 1535 649 sacramentum
1581 611 1784 662 Nom-nal,
1824 627 1862 663 p.
1902 612 1993 661 222,

285 671 374 718 225,
404 670 513 721 2281}

339 730 536 781 Sequenti
570 745 707 769 mense
741 739 918 780 augusto
952 744 1115 768 rursum
1149 730 1302 768 bellum
1336 730 1533 768 adversus
1568 744 1735 781 papam,
1771 740 1811 769 et
1845 731 1994 770 milites

288 790 527 840 Raymundi
553 799 702 829 cuncta
727 790 1040 841 populabantur
1063 804 1193 839 usque
1219 790 1271 827 ad
1291 798 1431 839 portas
1451 789 1562 828 urbis
1581 791 1892 830 Avenionensis.
1921 791 1995 830 Die

286 850 379 888 dein
407 850 531 888 tertia
562 849 805 900 septembris
836 849 990 900 praelio
1022 858 1209 888 conserto
1239 849 1457 887 bellatores
1487 863 1619 900 papae
1650 849 1743 898 fusi,
1770 850 1995 901 profligati,

286 909 473 959 caesique
495 917 593 947 sunt
615 910 667 947 ad
689 910 825 948 locum
846 918 1045 948 vocatum
1066 910 1260 958 Etagues,
1284 909 1370 946 dux
1391 923 1532 947 eorum
1566 909 1747 959 fugatus,
1771 918 1811 948 et
1846 910 1994 961 viginti

286 969 434 1008 milites
468 969 579 1020 capti
611 983 632 1007 a
666 969 906 1007 ductoribus
941 969 1173 1007 cohortium
1209 968 1461 1018 Raymundi.
1498 968 1570 1007 Die
1603 941 1781 1007 secunda
1814 970 1993 1009 octobris

286 1028 469 1067 Clemens
501 1043 609 1080 papa
641 1029 838 1067 adversus
870 1044 965 1067 eum
996 1028 1107 1066 mis-it
1139 1028 1327 1067 Odonem
1349 1028 1396 1067 de
1429 1027 1664 1075 Villaribus,
1697 1029 1912 1067 dominum
1944 1030 1992 1068 de

287 1089 530 1139 Courgenon
550 1097 591 1127 et
611 1089 746 1139 plures
768 1088 883 1135 alios,
904 1097 945 1126 et
966 1088 1073 1126 inter
1093 1088 1181 1126 illos
1203 1102 1298 1126 eum
1319 1102 1442 1137 quem
1471 1102 1594 1138 supra
1626 1088 1839 1126 nominavi
1869 1089 1991 1128 Geor-

286 1148 397 1198 gium
418 1148 465 1186 de
488 1148 644 1187 Marlio.
669 1147 775 1196 Quid
796 1148 848 1186 ab
869 1147 945 1186 illis
967 1156 1109 1186 actum
1127 1147 1181 1185 sit
1201 1147 1384 1185 invenire
1406 1162 1488 1185 non
1508 1147 1627 1197 potui
1644 1147 1672 1187 1.

339 1208 458 1245 Anno
480 1207 885 1254 MCCCLXXXVII,
908 1207 971 1245 die
993 1223 1097 1245 xxvi
1117 1206 1221 1257 julii,
1242 1207 1352 1245 idem
1373 1207 1661 1256 Raymundus,
1684 1221 1807 1257 quem
1826 1208 1993 1246 invenio

287 1267 408 1305 fuisse
441 1276 563 1305 antea
597 1267 800 1305 censitum
831 1267 939 1305 inter
971 1266 1221 1305 consiliarios
1254 1266 1441 1316 ejusdem
1480 1266 1657 1317 reginae,
1689 1281 1880 1317 praesens
1913 1267 1993 1306 fuit

286 1327 397 1377 apud
422 1327 729 1365 Villamnovam
753 1327 920 1377 quando
945 1341 1078 1365 comes
1104 1326 1245 1364 Ariani
1268 1326 1430 1376 reginae
1455 1340 1501 1364 ac
1531 1325 1628 1377 regi,
1652 1326 1739 1376 ejus
1767 1327 1864 1374 filio,
1895 1326 1992 1366 fecit

285 1386 524 1437 homagium
559 1386 680 1436 juxta
718 1386 894 1424 formam
930 1385 1120 1437 usurpari
1156 1385 1321 1424 solitam
1358 1385 1399 1423 in
1434 1400 1559 1436 regno
1597 1385 1767 1425 Siciliae.
1807 1387 1992 1425 Aderant

285 1446 412 1484 etiam
427 1455 554 1484 testes
573 1460 707 1484 comes
725 1446 988 1493 camerarius,
1007 1445 1196 1484 dominus
1216 1446 1264 1483 de
1283 1445 1419 1493 Volta,
1438 1454 1480 1483 et
1507 1445 1576 1483 alii
1597 1445 1800 1496 [Journal‚
1818 1461 1857 1496 p.
1880 1446 1989 1496 369}

342 1505 414 1543 Die
437 1514 585 1544 octava
605 1505 710 1555 junii
729 1505 867 1556 regina
888 1505 1021 1544 eidem
1053 1505 1305 1555 Raymundo
1331 1504 1515 1543 restituit
1540 1505 1621 1543 duo
1643 1513 1777 1543 castra
1800 1505 1991 1554 Pertusii,

287 1579 390 1615 quae
424 1566 475 1602 ab
508 1580 554 1603 eo
587 1565 783 1604 habebat.

341 1625 458 1662 Anno
484 1624 912 1672 MCCCLXXXVIII,
939 1624 1001 1662 die
1028 1639 1129 1662 xvm
1154 1623 1346 1673 januarii,
1371 1624 1645 1662 seneschallus
1668 1624 1923 1672 Provinciae,
1949 1624 1990 1663 id

285 1692 360 1731 est,
393 1683 587 1734 Georgius
620 1684 667 1722 (16
700 1684 843 1722 Marlio
873 1693 914 1722 et
945 1683 1274 1734 archiepiscopus
1309 1683 1669 1734 Rothomagensis‚
1700 1683 1740 1722 id
1771 1692 1847 1731 est,
1879 1684 1990 1722 Guil-

284 1743 412 1781 lemus
435 1743 483 1781 de
506 1743 770 1793 Lestrangiis,
793 1743 863 1793 qui
883 1743 1058 1794 profecti
1077 1751 1195 1781 erant
1217 1743 1268 1781 ad
1290 1743 1541 1792 colloquium
1574 1743 1813 1793 Raymundi
1837 1744 1989 1782 Turen-

285 1802 418 1841 nensis
442 1803 553 1853 apud
577 1803 776 1854 oppidum
798 1803 939 1841 Sancti
964 1802 1152 1853 Remigii,
1174 1802 1385 1840 redierunt
1408 1802 1676 1841 Avenionem.
1704 1803 1863 1841 Horum
1883 1803 1989 1841 viro-

285 1876 375 1899 rum
403 1862 569 1900 nomina
597 1862 752 1910 addidi,
781 1862 970 1913 quamvis
998 1877 1080 1900 non
1107 1870 1251 1900 extent
1278 1862 1319 1899 in
1342 1862 1487 1900 Diario
1508 1862 1688 1913 episcopi
1713 1863 1988 1910 Carnotensis,

287 1921 381 1970 quia
412 1930 576 1960 constat
608 1921 872 1960 Guillelmum
902 1922 950 1960 de
982 1921 1230 1972 Lestrangiis
1262 1921 1384 1959 fuisse
1415 1935 1460 1960 ea
1489 1929 1742 1972 tempestate
1769 1921 1988 1972 archiepis-

286 1995 435 2031 copum
464 1981 856 2032 Rothomagensem,
886 1981 1105 2032 Georgium
1130 1996 1227 2020 vero
1253 1981 1363 2019 idem
1389 1981 1603 2032 episcopus
1626 1981 1803 2019 adnotat
1829 1981 1988 2019 factum

286 2040 407 2078 fuisse
446 2041 744 2079 seneschallum
782 2041 1021 2079 Provinciae
1061 2040 1124 2079 die
1162 2040 1321 2079 decima
1359 2040 1573 2091 praeteriti
1602 2040 1751 2079 mensis
1781 2041 1986 2079 octobris:

287 2100 339 2137 Ce
364 2100 455 2149 jour
484 2100 674 2138 Madame
700 2115 749 2138 en
777 2101 816 2138 la
843 2100 1023 2138 chambre
1051 2101 1104 2138 da
1130 2115 1234 2150 pape
1263 2102 1437 2138 nomme'e
1465 2101 1504 2138 la
1531 2100 1712 2138 chambre
1739 2101 1792 2138 du
1820 2100 1898 2149 cers
1929 2114 1987 2138 me

287 2160 532 2207 commanda,
566 2168 720 2210 present
751 2160 783 2198 Ze
815 2174 919 2210 pape
950 2168 984 2198 et
1016 2161 1047 2197 le
1079 2160 1342 2207 chamberlan,
1376 2174 1447 2209 que
1476 2159 1515 2209 je
1538 2159 1656 2209 feisse
1686 2159 1788 2209 faire
1820 2160 1931 2197 lettres
1963 2163 1987 2198 ἀ

288 2219 445 2256 messire
475 2219 619 2269 George
643 2233 743 2269 pour
767 2219 900 2269 Z’office
924 2220 967 2257 de
990 2219 1191 2257 seneschal
1224 2220 1268 2257 de
1300 2220 1538 2266 Prouvence,
1563 2219 1686 2269 lequel
1708 2222 1731 2257 ἀ
1755 2219 1794 2257 Za
1816 2227 1986 2269 requeste

286 2278 337 2315 du
364 2293 466 2327 pape
493 2278 521 2316 li
547 2294 571 2316 α
596 2278 728 2316 0ίίνοίὲ
759 2279 962 2329 [Journal,
989 2292 1028 2329 p.
1055 2279 1132 2317 439
1157 2287 1198 2317 et
1224 2278 1333 2328 497].

341 2337 439 2386 Ejus
469 2352 573 2376 uxor
602 2338 729 2376 Maria
759 2339 808 2376 de
837 2338 1022 2385 Bolonia,
1054 2338 1205 2376 femina
1236 2338 1309 2375 alti
1338 2337 1479 2385 animi,
1508 2337 1550 2375 in
1569 2346 1705 2388 partes
1731 2337 1986 2387 Aquensium

286 2404 538 2447 transgressa
560 2397 756 2436 adversus
784 2398 967 2447 reginam
991 2411 1099 2435 anno
1124 2397 1339 2436 millesimo
1362 2397 1651 2435 trecentesimo
1679 2397 1894 2444 LXXXV,
1922 2396 1985 2435 die

288 2470 390 2493 xxw
416 2456 655 2504 decembris,
681 2457 955 2495 constituerat
979 2457 1030 2495 ad
1055 2472 1121 2495 eos
1146 2457 1310 2495 mittere
1335 2470 1545 2494 annonam
1567 2464 1608 2494 et
1633 2464 1766 2495 cetera
1799 2470 1902 2506 quae
1933 2456 1985 2494 ad

286 2515 418 2552 vitam
432 2515 655 2565 pertinent,
679 2530 759 2566 quo
776 2516 967 2555 videlicet
985 2531 1025 2555 se
1048 2516 1208 2555 facilius
1229 2516 1516 2566 tueripossent
1531 2515 1727 2554 adversus
1748 2515 1834 2553 vim
1853 2523 1985 2554 exter-

287 2588 396 2620 nam,
426 2574 466 2612 id
497 2583 572 2622 est,
604 2575 830 2614 exercitum
857 2576 1018 2626 reginae
1043 2576 1208 2614 Mariae.
1235 2576 1354 2613 Anno
1386 2575 1600 2613 millesimo
1624 2574 1986 2622 CCCLXXXVII,

287 2632 349 2670 (116
374 2633 548 2683 septima
572 2635 830 2684 septembris,
855 2635 1113 2686 stipendiarii
1135 2635 1222 2685 ejus
1248 2635 1289 2672 vi
1312 2635 1579 2673 detinuerunt
1611 2634 1767 2684 legatos
1793 2634 1985 2672 Tarasco-

288 2692 474 2729 ncnsium
502 2702 644 2731 euntes
674 2694 995 2743 Aquas-Sextias
1025 2695 1076 2732 ad
1105 2694 1287 2744 reginam
1323 2693 1359 2732 ei
1396 2694 1576 2732 dicturos
1615 2693 1813 2743 oppidum
1842 2694 1984 2731 Taras-

288 2765 430 2788 conem
462 2751 503 2788 in
536 2752 730 2802 obsequio
763 2768 1018 2800 mansurum,
1051 2768 1200 2804 eosque
1234 2753 1437 2803 Merargas
1472 2753 1681 2790 duxerunt
1712 2752 1764 2790 ad
1796 2752 1984 2790 eamdem

287 2809 644 2850 vicecomitissam.
675 2812 892 2862 Displicuit
917 2812 1011 2851 duci
1033 2812 1302 2859 Borbonensi,
1329 2812 1398 2862 qui
1421 2812 1545 2862 paulo
1579 2820 1674 2862 post
1708 2812 1755 2850 de
1784 2811 1984 2861 Hispania

287 2867 415 2906 redux
434 2869 510 2906 ivit
530 2870 798 2918 Avenionem,
816 2872 928 2909 illam
947 2887 1031 2910 esse
1050 2872 1260 2910 inimicam
1279 2871 1453 2921 reginae.
1478 2871 1623 2920 Itaque
1642 2871 1694 2908 ad
1713 2884 1804 2908 eam
1822 2869 1984 2920 scripsit

287 2926 349 2963 die
384 2942 482 2965 xvm
517 2930 723 2978 sequentis
757 2931 905 2969 mensis
940 2931 1116 2969 octobris
1149 2931 1211 2969 uti
1243 2931 1284 2968 in
1317 2930 1492 2980 gratiam
1525 2944 1618 2968 cum
1649 2929 1786 2980 regina
1819 2929 1982 2967 rediret.

289 2986 349 3022 Ad
380 3001 500 3035 quc-m
536 2987 831 3027 vicecomitissa
865 2990 1070 3040 rescripsit
1104 2991 1310 3028 facturam
1351 3004 1390 3027 se
1424 3003 1528 3039 quae
1561 2989 1699 3036 vellet,
1732 2988 1802 3027 sed
1841 2996 1981 3026 tamen

334 3116 365 3148 ’1.
391 3116 551 3150 Journal
575 3118 621 3161 (p.
646 3119 714 3151 315
737 3125 775 3151 ct
796 3120 893 3162 320).
916 3139 964 3142 —
985 3120 1039 3152 La
1061 3132 1270 3164 campagne
1294 3120 1337 3152 (16
1360 3120 1455 3153 1386
1477 3130 1514 3152 se
1537 3118 1700 3152 termina
1718 3130 1764 3151 en
1785 3117 1982 3151 decembre

286 3179 352 3209 par
375 3180 424 3199 un
455 3170 563 3203 traite
589 3171 900 3215 clesavantageux
925 3185 1020 3216 pour
1045 3173 1216 3206 Clement
1240 3173 1314 3206 VII
1344 3173 1401 3216 (N.
1429 3172 1569 3212 Valois,
1596 3178 1622 3205 t.
1646 3183 1684 3212 11,
1710 3183 1745 3215 p.
1771 3170 1870 3214 334).
