2083 3458
90 191 220 247 2:687]
622 207 838 233 PAPARUM
874 206 1257 233 AVENIONENSHJM
1703 192 1781 232 177

83 290 271 341 Philippe
288 290 323 328 le
343 290 456 339 Long
473 289 549 326 dut
563 304 603 327 se
620 290 809 339 produire
826 291 862 329 le
880 291 930 329 30
945 291 1046 340 juin,
1065 291 1138 328 ista
1153 291 1214 328 die
1235 300 1320 342 post
1334 291 1604 328 dormitionem
1624 291 1779 339 (Finke,

78 364 145 400 -op,
165 349 242 396 cit.,
261 357 291 387 t.
308 363 334 395 1,
352 363 391 399 p.
411 348 517 397 208).

138 409 180 447 P.
209 407 297 455 116,
321 407 386 457 lig.
415 407 475 445 27.
514 407 804 446 Pnovmnnm.
842 408 914 446 Les
952 408 1148 446 decisions
1185 409 1253 446 des
1290 409 1531 447 assemblees
1566 409 1613 447 de
1647 409 1780 458 juillet

86 466 187 506 1316
206 481 255 505 ne
276 467 414 504 furent
432 479 505 516 pas
526 466 638 503 telles
660 480 736 515 que
756 467 811 504 les
831 475 1023 517 rapporte
1046 468 1149 505 Jean
1170 468 1217 506 de
1239 467 1515 506 Saint-Victor
1537 468 1777 517 (Lehugeur,

77 541 146 576 op.
166 525 244 573 cit.,
262 539 302 575 p.
322 524 443 563 37-43
460 532 501 562 et
521 524 557 562 J.
580 524 701 571 Petit,
722 524 882 562 Charles
900 526 944 563 de
967 526 1114 573 l'alois,
1134 541 1171 576 p.
1194 526 1394 575 166-196).

137 585 179 622 Ρ.
208 584 294 631 116,
319 583 385 633 lig.
412 583 472 621 32.
509 583 701 620 TnAmTA
737 598 842 622 FL'IT.
880 585 932 622 Le
966 585 1043 622 duc
1078 585 1125 623 de
1160 585 1399 634 Bourgogne
1432 585 1611 634 changea
1648 585 1777 623 d’avis

79 650 408 694 promptement:
429 642 465 680 le
488 642 535 680 17
555 641 701 691 juillet,
723 642 749 679 il
772 644 935 681 conclut
955 658 1011 680 un
1032 643 1176 681 accord
1198 657 1296 681 aveo
1317 644 1352 681 16
1372 646 1512 693 regent
1535 644 1776 693 (Lehugeur,

68 694 145 753 '‘op.
163 702 240 749 cit.‚
258 716 296 752 p.
315 701 377 747 43,
396 701 474 749 44).

136 761 178 799 P.
209 761 296 807 117,
334 761 399 810 lig.
438 760 471 798 1.
512 760 791 798 ELEGERUNT.
826 761 902 798 Die
937 761 1092 799 sabbati
1128 761 1214 798 I'II
1251 761 1340 798 idus
1375 761 1548 810 augusti,
1588 762 1685 799 ecrit
1722 776 1777 798 un

76 819 375 857 ambassadeur
407 818 633 868 aragonais,
666 819 850 856 dominus
885 820 1056 857 „lacobus
1087 820 1295 870 episcopus
1335 820 1606 858 Portuensis...
1639 821 1777 858 electus

77 879 160 928 juit
188 878 232 916 in
256 892 457 916 summum
483 877 720 927 pontificem.
752 878 801 915 Et
828 878 913 927 ejus
940 879 1068 916 electio
1095 879 1173 927 suit
1199 879 1402 928 publicata
1428 888 1462 916 et
1488 879 1572 928 ipse
1600 879 1701 916 venit
1727 880 1779 917 ad

76 937 281 975 ecclesiam
307 951 395 974 cum
421 936 591 986 pluviali
617 945 650 974 et
678 936 794 974 mitra
820 951 928 974 cruce
954 938 1173 987 precedente
1200 946 1233 975 et
1259 938 1399 987 recepit
1425 938 1576 987 aliquos
1602 938 1653 975 ad
1678 951 1776 975 reve-

78 996 261 1034 rentiam.
293 996 345 1034 Et
372 995 506 1033 statim
535 995 738 1033 reintravit
767 1010 959 1033 cameram.
989 1005 1022 1033 et
1050 996 1267 1046 assumpsit
1295 997 1374 1034 sibi
1404 1011 1543 1034 nomen
1577 997 1777 1034 Jolzannes

86 1056 241 1104 <Finke,
267 1055 367 1092 Acta
389 1054 680 1103 Aragonensia.
707 1063 735 1092 t.
759 1069 783 1093 Ι.
809 1070 846 1104 p.
865 1055 968 1096 21⁴2).
996 1055 1215 1093 L’election
1233 1056 1296 1092 fut
1311 1056 1484 1093 achevee
1509 1064 1593 1105 post
1617 1056 1780 1093 missam

76 1123 171 1152 -ante
203 1114 355 1152 tertiam
389 1113 548 1163 d'apres
579 1128 634 1150 un
668 1113 833 1162 registre
868 1114 936 1152 (165
962 1114 1198 1163 obligations
1234 1114 1422 1162 (Cle'ment
1457 1115 1502 1161 Γ,
1533 1115 1778 1164 Appendice,

137 1233 179 1270 P.
213 1232 300 1279 117,
339 1231 403 1281 lig.
447 1231 479 1269 1.
522 1231 618 1268 Nox
660 1245 838 1269 ML‘LTUM
881 1246 1080 1269 MAGNUM.
1122 1232 1300 1269 Joannes
1341 1232 1550 1279 Villanius,
1590 1232 1657 1270 lib.
1703 1232 1778 1279 Xl,

77 1305 170 1341 cap.
202 1305 261 1328 xx
301 1290 527 1340 muratori,
556 1298 585 1328 t.
616 1304 701 1337 xm,
728 1291 799 1327 col.
832 1290 928 1340 766]
956 1307 963 1328 z
992 1291 1145 1328 Piccolo
1171 1291 1216 1339 su
1244 1291 1283 1328 di
1308 1305 1485 1340 persona.
1511 1291 1562 1328 M.
1589 1291 1779 1329 Albertus

84 1349 388 1399 Argentinensis
418 1349 627 1399 [Chronica
650 1349 830 1386 ,Uatlziae
855 1350 898 1386 tle
916 1349 1184 1397 Nuwenburg,
1212 1364 1248 1399 p.
1275 1349 1371 1399 137]
1393 1365 1400 1387 ε
1420 1350 1607 1399 pallidus,
1630 1358 1780 1387 statura

79 1418 115 1447 et
135 1423 219 1447 voce
237 1404 423 1459 pusillus:
447 1409 624 1446 Joannes
647 1408 831 1446 Andreae
851 1409 892 1446 in
918 1409 1145 1458 proemium
1166 1407 1503 1446 Clementinarum
1525 1424 1532 1445 ε
1562 1409 1631 1446 Est
1652 1417 1780 1446 autem

76 1468 283 1506 :sciendum
304 1467 405 1517 quod
424 1467 492 1505 iste
513 1467 696 1504 dominus
720 1467 894 1504 „loannes
916 1467 1091 1517 pontijet
1112 1467 1376 1505 industriosus
1404 1476 1438 1505 et
1458 1468 1641 1514 mundus,
1662 1467 1779 1504 simo-

84 1527 193 1565 niam
212 1527 372 1576 fugans,
394 1535 428 1564 et
445 1526 643 1576 justitiam
663 1540 816 1573 amans,
837 1527 1000 1564 scientia
1018 1541 1198 1575 magnus,
1219 1534 1369 1564 statura
1389 1526 1574 1576 pusillus.
1596 1535 1779 1576 conceptu

77 1586 378 1635 magnanimus,
397 1586 510 1635 prius
531 1585 702 1622 Jacobus
720 1585 938 1623 vocabatur.
960 1586 1131 1623 Sanctus
1152 1585 1396 1632 Antoninus,
1415 1585 1479 1623 tit.
1500 1599 1586 1632 xxl,
1606 1599 1691 1635 cap.
1710 1600 1750 1622 lv
1771 1600 1778 1622 1

84 1659 237 1695 pauper
255 1644 459 1694 temporali
476 1644 712 1691 substantia,
730 1645 798 1681 sed
815 1645 919 1681 dives
939 1644 1097 1692 ingenio
1114 1652 1148 1681 et
1168 1644 1346 1691 scientia,
1366 1658 1511 1693 parvus
1529 1658 1695 1693 corpore,
1715 1645 1781 1681 sed

85 1718 253 1753 magnus
277 1703 423 1741 animo,

136 1763 178 1802 P.
199 1763 285 1809 117,
303 1763 368 1812 lig.
389 1762 422 1799 2.
447 1762 643 1800 Scmxrm
671 1776 870 1799 MAGNL‘M.
905 1762 1067 1799 Praeter
1100 1762 1332 1799 testimonia
1361 1761 1446 1810 jani
1473 1762 1614 1808 relata,
1643 1761 1778 1799 Alber-

79 1821 191 1860 tinus
220 1822 425 1860 Mussatus
465 1821 691 1871 [Muratori‚
720 1829 749 1859 t.
780 1836 820 1863 x,
850 1821 921 1859 col.
954 1821 1049 1870 772}
1079 1821 1120 1858 in
1147 1821 1319 1870 epistola
1348 1821 1399 1858 ad
1429 1820 1570 1863 filiuni,
1599 1835 1637 1869 p.
1666 1820 1701 1867 3,
1732 1820 1779 1857 (16

78 1881 241 1919 joanne
266 1880 393 1918 XXII
416 1894 538 1930 agens
561 1880 620 1918 ait
646 1897 654 1918 ;
677 1881 755 1918 alta
777 1880 992 1929 eloquentia
1021 1879 1260 1929 scientiaque
1280 1879 1482 1929 praeditus
1510 1887 1600 1917 erat.
1627 1879 1780 1916 Auctor

79 1939 229 1978 veteris
258 1939 445 1976 Chronici
472 1939 634 1977 illorum
662 1947 895 1989 temporum
923 1939 963 1976 in
993 1938 1127 1976 codice
1156 1938 1259 1976 5496
1285 1938 1556 1976 bibliothecae
1585 1937 1779 1975 Colberti-

80 2012 156 2036 nae
175 1998 188 2020 ¹
212 2013 220 2035 ι
243 1998 323 2035 Hic
345 1998 459 2048 prius
477 2006 635 2035 vocatus
660 1998 845 2041 Jacobus,
868 1998 912 2034 de
934 1997 1125 2035 Catliurco
1147 1997 1300 2035 civitate
1321 1997 1527 2043 oriundus,
1552 1996 1594 2033 in
1614 1996 1780 2033 scientia

73 2057 256 2095 eruditus
273 2065 307 2095 et
321 2071 495 2094 sermone
511 2056 721 2106 facundus.
743 2057 845 2094 Sane
863 2056 977 2094 illum
995 2056 1116 2094 fuisse
1135 2056 1280 2093 studiis
1300 2055 1575 2104 doctrinisque
1594 2055 1779 2093 deditum

81 2116 197 2155 testis
220 2124 282 2154 est
302 2116 480 2166 locuples
505 2116 742 2154 Franciseus
768 2116 985 2154 petrarcha
1009 2115 1050 2152 in
1071 2115 1173 2152 libro
1196 2114 1373 2152 secundo
1396 2114 1542 2151 Rerum
1565 2128 1779 2151 memoran-

77 2175 221 2213 darum
245 2175 305 2212 his
330 2174 463 2213 verbis
490 2190 497 2212 :
523 2175 652 2212 Homo
676 2174 945 2224 perstudiosus
968 2182 1001 2211 et
1024 2173 1317 2212 vehementioris
1340 2173 1486 2220 animi,·
1510 2172 1602 2209 hinc
1624 2172 1779 2210 lectioni

74 2233 270 2272 librorum
291 2233 484 2280 inhiabat,
507 2233 617 2271 illinc
635 2234 853 2271 simultates
872 2233 1030 2270 acerbas
1049 2241 1082 2270 et
1103 2232 1392 2270 inextricabiles
1411 2225 1531 2280 agens
1550 2245 1637 2268 cum
1659 2231 1778 2281 impe-

79 2293 138 2330 rio
156 2307 331 2340 roman0,
346 2293 509 2330 alteram
527 2292 627 2330 vitae
645 2301 794 2342 partem
813 2292 903 2329 huic
916 2292 1045 2329 studio
1065 2292 1272 2329 devoverat.
1290 2290 1469 2328 Ceterum
1482 2304 1570 2327 cum
1584 2305 1607 2327 a
1621 2290 1779 2337 legendo

74 2360 113 2389 et
132 2351 289 2389 senium
310 2359 343 2389 et
365 2366 550 2388 curarum
572 2351 739 2389 varietas
761 2351 981 2397 retardaret,
1007 2350 1257 2399 gratissimus
1278 2357 1358 2387 erat
1381 2349 1440 2386 illi
1463 2348 1641 2398 quisquis
1663 2349 1777 2398 deflo-

79 2419 195 2458 rato-3,
219 2418 259 2448 ut
279 2410 437 2460 proprie
457 2410 599 2457 dicam,
621 2410 741 2448 libros
760 2410 836 2447 sub
860 2409 1092 2459 breviloquio
1113 2408 1386 2458 perstringeret
1405 2407 1630 2457 referretque
1653 2407 1694 2444 in
1714 2421 1779 2444 eas

75 2483 176 2519 quas
213 2469 368 2507 tabulas
400 2477 546 2508 vocant.
582 2469 688 2507 Hinc
717 2483 809 2518 ergo
842 2468 999 2518 accepit
1029 2468 1272 2517 Spondanus
1303 2480 1405 2516 quae
1442 2466 1490 2504 de
1529 2480 1575 2504 eo
1605 2465 1777 2515 scripsit,

78 2542 145 2566 an.
169 2527 283 2575 1334,
309 2527 379 2576 §4

134 2587 306 2625 Constat
326 2601 418 2636 ergo
441 2586 644 2625 Joannem
667 2586 795 2623 XXII
817 2586 938 2623 fuisse
959 2585 1092 2623 virum
1113 2585 1282 2622 doctum
1300 2583 1314 2606 ²
1334 2592 1375 2621 et
1394 2583 1667 2632 eloquentem,
1689 2591 1778 2619 tum

75 2645 205 2683 etiam
226 2645 541 2683 vehementioris
563 2645 702 2684 animi.
718 2645 873 2693 Quibus
889 2644 1112 2682 virtutihus
1133 2644 1382 2681 instructum
1396 2642 1530 2679 virum
1553 2641 1640 2690 quis
1662 2640 1777 2679 mire-

81 2712 148 2741 tur
171 2703 397 2751 conciones,
421 2718 521 2753 quas
544 2705 667 2753 vulgo
689 2718 893 2742 sermones
916 2717 1124 2749 vocamus,
1147 2701 1336 2740 habuisse
1357 2701 1397 2738 in
1423 2700 1601 2738 Ecclesia
1623 2700 1675 2737 ad
1697 2700 1777 2749 ple-

78 2763 174 2801 hem
195 2762 268 2801 Dei
286 2762 365 2801 illic
384 2763 681 2801 constitutam?
703 2763 952 2801 Referuntur
970 2775 992 2799 a
1013 2761 1227 2799 Guillelmo
1247 2760 1442 2806 Ockamo,
1463 2759 1630 2796 Nicolao
1650 2758 1776 2796 Mino-

131 2898 163 2931 1.
193 2898 235 2932 Β.
258 2898 316 2938 Ν.,
337 2911 404 2932 ms.
424 2899 520 2932 latin
540 2898 645 2939 5006,
666 2899 690 2932 f.
717 2899 782 2932 179
801 2902 845 2932 1·⁰.

132 2952 163 2984 2.
192 2951 283 2985 Voir
306 2963 369 2985 sur
392 2964 432 2985 sa
457 2952 728 2995 bibliotheque,
757 2952 879 2991 Ehrle,
896 2951 1064 2984 Historia
1087 2951 1341 2990 Bibliothecae,
1366 2956 1391 2983 t.
1417 2962 1440 2989 1,
1460 2961 1494 2993 p.
1522 2950 1602 2987 180,
1626 2949 1706 2983 181.
1732 2968 1779 2970 -

81 3002 156 3037 Sur
179 3004 231 3037 les
257 3016 405 3038 oeuvres
432 3005 476 3038 de
502 3005 599 3038 Jean
627 3005 758 3044 XXII,
786 3004 867 3038 voi-r
889 3003 1144 3038 Dictionnaire
1162 3004 1202 3037 de
1228 3004 1398 3046 theologie
1422 3002 1631 3045 catholique,
1660 3009 1685 3035 t.
1715 3013 1777 3034 vm

82 3056 222 3101 (1924),
242 3058 310 3092 col.
331 3058 500 3098 633-641,
521 3064 559 3091 et
579 3056 623 3091 N.
646 3056 773 3089 valois
796 3057 889 3090 dans
909 3057 957 3089 H.
980 3056 1034 3095 L..
1060 3063 1085 3090 t.
1107 3068 1243 3095 xxxw,
1264 3068 1299 3100 p.
1319 3056 1489 3090 391-630.
