2083 3458
131 235 244 292 [908]
647 252 863 278 PAPARUM
900 249 1282 277 AVENIONENSIUM
1733 231 1813 273 421

122 335 166 386 [t.
197 352 237 383 11,
268 352 306 387 p.
341 336 429 384 217,
456 335 568 384 218];
602 336 816 374 Albertum
847 336 1198 385 Argentinensem,
1229 349 1267 384 p.
1301 334 1485 375 270-272,
1518 334 1612 380 29ος
1645 333 1816 371 Walsin-

116 396 313 444 ghamum
356 395 401 445 [t.
434 410 460 443 1,
494 410 531 445 p.
567 395 687 445 275];
721 394 943 432 Chronicon
976 394 1318 443 Magdeburgense
1353 394 1510 432 editum
1542 407 1563 430 3
1600 391 1816 431 Meibomio

121 454 165 505 [t.
194 469 234 502 11,
262 469 300 504 p.
329 453 451 504 342];
479 453 702 491 Chronicon
737 454 1039 502 Hirsaiigiense,
1068 453 1295 499 Trithemii,
1324 460 1352 491 t.
1381 467 1421 500 11,
1450 467 1487 502 p.
1518 451 1606 499 208,
1635 459 1676 489 et
1705 459 1733 489 t.
1773 464 1814 488 1v

118 513 321 551 Historiae
348 513 617 550 universitatis
643 513 901 554 Parisiensis,
929 527 967 561 p.
997 512 1084 551 314.

172 571 214 610 Ρ.
245 569 332 618 256,
368 571 432 621 lig.
466 570 527 609 30.
557 571 885 609 VVALDEMARi-S.
921 571 1016 608 Voir
1052 571 1094 607 E.
1131 570 1377 619 Werunsky,
1414 568 1633 606 Geschichie
1670 567 1814 606 Kaiser

119 630 242 669 Karls
272 631 343 670 JV.
368 637 396 668 t.
428 645 466 670 11,
504 645 542 680 p.
574 628 759 676 125-140,
789 628 973 671 198-199,
1003 628 1188 676 213-222,
1222 627 1412 669 228-230;
1448 628 1680 674 Klickman,
1715 627 1815 664 Acta

117 688 328 728 Clementis
360 689 486 735 Vl‚11.
514 688 616 728 1030
640 697 681 726 et
709 689 891 734 Zeumer,
919 688 1242 734 Constitutiones,
1270 696 1298 726 t.
1324 702 1391 725 vm
1407 687 1434 734 ²,
1462 702 1497 725 n.
1519 685 1704 733 655-664,
1725 684 1814 732 671,

120 748 300 795 672730.

174 808 212 846 P.
239 807 327 854 257,
351 808 417 857 lig.
443 808 477 845 6.
498 807 625 844 HUGo
651 807 795 845 Fiam.
819 807 859 843 111
888 815 998 843 tomo
1024 815 1170 855 quarto
1189 805 1392 844 Historiae
1416 804 1684 843 universitatis
1698 803 1814 842 Pari-

117 867 274 914 siensis,
291 882 328 917 p.
347 867 435 913 229,
451 867 557 904 inter
571 867 700 904 socios
717 866 861 905 domus
881 866 1126 903 Sorbonicae
1145 865 1383 902 nominatur
1398 878 1506 902 anno
1525 862 1815 902 MCC‹]XXXI

120 927 239 975 Hugo
260 926 393 964 Fabri.
414 925 610 962 Rubricae
628 925 724 974 311111
743 925 854 962 tertii
874 924 1086 962 Benedicti
1106 924 1189 961 XII
1205 924 1228 961 ¹.
1254 938 1340 973 cap.
1368 937 1480 961 exin:
1496 922 1662 971 Hugoni
1678 921 1815 961 Fabri.

119 985 351 1022 Providetur
389 984 468 1021 sibi
508 984 552 1021 de
590 984 769 1033 prioratu
814 983 940 1021 Vallis
980 983 1296 1028 Aurelianensis,
1338 982 1602 1019 Ruthenensis
1639 980 1816 1027 diocesis,

116 1052 288 1083 vacante.
335 1044 477 1081 Evasit
518 1051 659 1092 postea
700 1043 827 1080 abbas
869 1043 1144 1080 Cluniacensis
1185 1056 1292 1079 anno
1335 1040 1633 1079 MCCCXLVII
1673 1048 1720 1077 ut
1760 1039 1818 1077 ait

121 1103 358 1141 Franciscus
385 1103 433 1141 de
463 1102 567 1140 Rivo
594 1102 635 1139 in
661 1101 855 1139 Chronico
881 1101 1139 1138 Clzmiacensz?
1168 1100 1256 1151 [col.
1288 1099 1425 1150 16721.
1456 1100 1517 1137 Ad
1544 1113 1636 1137 eum
1672 1107 1819 1137 extant

116 1163 158 1200 in
189 1161 369 1199 Bullari'o
397 1160 668 1209 Cluniacensi,
698 1175 735 1210 p.
769 1161 855 1208 177,
886 1160 990 1198 duae
1019 1160 1152 1198 bullae
1182 1159 1400 1197 Clementis
1430 1158 1501 1206 VI,
1531 1159 1652 1196 datae
1682 1171 1818 1196 mense

119 1222 267 1259 martio
298 1221 404 1259 illius
437 1221 546 1259 anni.
571 1220 662 1257 Non
694 1219 816 1258 fuisse
848 1220 1085 1269 episcopum
1117 1219 1390 1266 Tutelensem,
1414 1226 1460 1255 ut
1492 1217 1652 1267 scripsit
1686 1216 1817 1254 Frizo-

118 1281 222 1328 nius,
248 1294 319 1318 nos
345 1280 442 1317 olim
466 1279 718 1317 ostendimus
742 1279 784 1316 in
809 1278 1093 1316 Antifrizonio.

174 1339 216 1378 P.
244 1338 332 1386 257,
357 1339 423 1389 lig.
442 1338 476 1377 6.
494 1338 676 1376 Ome-,mn
699 1336 1038 1376 TUTELLENffls2.
1059 1337 1188 1374 Extat
1211 1337 1252 1374 in
1285 1336 1452 1374 archivo
1477 1335 1666 1373 ecclesiae
1697 1334 1819 1372 Tute-

118 1398 239 1436 lensis
267 1406 385 1436 vetus
413 1398 652 1436 membrana
680 1397 830 1447 scripta
858 1397 1028 1434 Tutelae
1055 1410 1162 1434 anno
1192 1394 1446 1442 MCCCXVI,
1475 1394 1538 1432 die
1566 1393 1752 1432 mercurii
1778 1393 1818 1430 in

119 1457 224 1495 festo
251 1456 361 1495 beati
388 1457 593 1495 Michaelis
630 1455 696 1506 [29
720 1456 991 1506 septembre],
1018 1455 1055 1492 in
1085 1469 1165 1505 qua
1190 1454 1421 1492 Bernardus
1451 1453 1584 1499 Fabri,
1611 1452 1820 1501 burgensis

120 1516 362 1563 Tutelensis,
412 1516 526 1554 dedit
574 1515 795 1554 conventui
844 1515 1051 1553 Tutelensi
1101 1513 1335 1564 quindecim
1383 1512 1531 1551 solidos
1582 1520 1819 1550 turonenses

120 1575 333 1614 renduales
372 1576 413 1613 in
451 1575 665 1624 parrochia
706 1574 845 1612 Sancti
885 1574 1077 1612 Germani
1115 1574 1172 1611 las
1213 1573 1392 1622 Vergnas
1431 1586 1504 1621 pro
1543 1570 1821 1609 anniversario

122 1634 308 1673 faciendo
324 1635 365 1672 in
383 1634 493 1672 dicto
512 1634 759 1672 monasterio
777 1633 984 1671 Tutelensi
1002 1634 1041 1670 111
1059 1632 1282 1670 crastinum
1302 1632 1339 1670 b.
1362 1631 1469 1669 Fidis
1487 1638 1528 1669 et
1544 1645 1616 1680 pro
1635 1629 1821 1668 faciendo

122 1694 226 1732 festo
257 1694 305 1732 de
337 1694 458 1731 beata
490 1693 587 1732 Fide
616 1693 657 1730 in
688 1693 798 1731 dicto
829 1692 1090 1730 monasterio.
1124 1692 1185 1728 Ex
1215 1691 1359 1728 eodem
1388 1691 1663 1728 instrumento
1692 1689 1823 1738 liquet

117 1767 215 1791 eum
237 1752 426 1790 habuisse
450 1752 579 1790 filium
602 1753 763 1791 nomine
787 1752 1004 1798 Joannem,
1028 1751 1273 1788 monachum
1298 1749 1437 1787 Sancti
1461 1748 1656 1786 Martialis
1682 1748 1822 1786 Lemo-

122 1811 307 1850 vicensis.
343 1811 462 1849 Hunc
493 1812 585 1860 ergo
616 1810 872 1849 Bernardum
902 1810 1136 1848 existimare
1166 1810 1261 1847 licet
1293 1808 1414 1846 fuisse
1443 1816 1606 1857 patrem
1640 1806 1823 1856 Hugonis

122 1871 285 1908 abbatis
314 1871 602 1909 Cluniacensis.

177 1930 218 1968 P.
250 1929 338 1977 257,
366 1930 432 1979 lig.
463 1929 522 1968 14.
554 1930 633 1967 Um
663 1943 812 1967 MAJUS.
845 1929 957 1966 Lisez
986 1943 993 1965 ε
1029 1928 1107 1965 Ubi
1127 1927 1347 1977 periculum
1370 1926 1500 1975 majus
1526 1924 1698 1974 (Corpus
1719 1923 1824 1974 juris

120 1988 318 2035 canonici,
339 1989 380 2026 in
400 1988 527 2036 Sexto,
547 1989 615 2027 lib.
643 1989 671 2035 I,
692 1988 758 2026 tit.
781 2002 834 2034 v1,
856 2001 943 2037 cap.
965 1986 1018 2034 3).

178 2048 220 2086 Ρ.
244 2047 332 2094 257,
352 2048 418 2097 lig.
436 2047 502 2086 25.
526 2048 665 2086 L1cET.
689 2047 966 2096 Cocquelines,
989 2054 1016 2084 t.
1039 2044 1113 2093 1112,
1134 2060 1172 2095 p.
1195 2045 1271 2082 313
1293 2044 1332 2094 (6
1353 2044 1565 2082 decembre
1588 2042 1717 2090 1351).

180 2107 220 2145 P.
247 2106 334 2153 257,
357 2107 423 2156 lig.
449 2106 510 2145 28.
535 2107 784 2144 AMPLIAVIT.
811 2106 885 2143 Sur
907 2106 941 2143 le
966 2105 1092 2154 palais
1117 2104 1318 2142 construit
1341 2117 1415 2153 par
1437 2103 1621 2140 Clement
1644 2101 1714 2148 VI,
1739 2100 1827 2138 voir

126 2166 168 2204 L.
206 2166 255 2204 H.
290 2166 484 2204 Labande
519 2165 595 2215 (Le
634 2165 766 2214 palais
805 2165 869 2202 (les
909 2179 1032 2213 papes
1063 2172 1096 2201 et
1134 2164 1187 2200 les
1227 2170 1473 2200 monuments
1515 2161 1744 2209 d’Avignon
1773 2173 1826 2197 aa

124 2224 250 2262 XIVe
269 2225 394 2272 sie'ole,
416 2225 507 2272 Aix,
531 2224 644 2272 1925,
664 2239 705 2274 p.-
726 2224 858 2271 67-82,
881 2223 1080 2270 132-167).

181 2284 222 2322 P.
255 2283 343 2331 258,
372 2285 438 2333 lig.
472 2283 504 2322 1.
536 2284 770 2321 TURRIBUS.
806 2283 892 2321 Une
921 2290 1015 2320 tour
1043 2282 1204 2330 d'angle
1233 2281 1361 2319 situee
1390 2281 1504 2329 place
1535 2279 1588 2316 du
1618 2278 1759 2327 pelais,
1788 2277 1825 2314 la

125 2351 222 2381 tour
249 2342 297 2381 de
324 2343 362 2380 la
392 2343 528 2381 Gache
556 2352 596 2381 et
625 2343 720 2381 celle
749 2343 797 2380 de
827 2342 864 2381 S.
895 2342 1075 2379 Laurent
1105 2340 1329 2390 (Labande,
1359 2353 1419 2388 op.
1451 2339 1528 2385 cit.,
1558 2346 1585 2376 t.
1615 2352 1640 2384 1,
1669 2351 1706 2386 p.
1739 2334 1825 2383 132,

131 2401 315 2449 149-152,
343 2401 543 2450 160-166).

184 2460 225 2499 P.
249 2460 337 2507 258,
357 2461 425 2510 lig.
462 2461 521 2499 11.
566 2461 826 2498 DEconAwT.
872 2458 1184 2497 Robert-Andre
1225 2457 1369 2494 Michel
1408 2471 1429 2493 a
1470 2457 1624 2505 prouve
1658 2468 1734 2503 que
1772 2454 1827 2491 les

128 2520 335 2569 peintures
363 2519 534 2558 decrites
560 2533 634 2569 par
658 2520 693 2558 le
721 2519 992 2568 chroniqueur
1019 2521 1208 2555 ornerent
1251 2517 1288 2553 la
1333 2516 1429 2554 salle
1474 2515 1527 2552 du
1578 2512 1828 2559 consistoire,

132 2586 173 2616 et
216 2592 298 2616 non
336 2579 562 2617 l’audience
602 2577 833 2627 (Melanges
868 2577 1068 2614 d'liistoire
1120 2584 1154 2613 et
1208 2574 1499 2622 d'circlzeologie,
1550 2572 1673 2617 Paris,
1712 2569 1825 2617 1920,

130 2651 168 2686 p.
207 2636 356 2685 60-66).

187 2696 229 2735 P.
259 2696 347 2743 298,
374 2697 439 2745 lig.
470 2695 530 2734 27.
561 2697 669 2734 CASE
701 2696 790 2734 Dm.
823 2695 873 2733 M.
905 2695 1082 2740 Faucon,
1112 2693 1248 2730 Notice
1274 2707 1342 2729 sur
1368 2693 1407 2729 la,
1433 2690 1694 2728 construction
1720 2689 1764 2725 de
1790 2688 1829 2725 la

133 2754 412 2802 Chaise-Diezi,
439 2755 564 2802 Paris,
591 2754 710 2801 19043
737 2756 773 2792 J.
802 2754 1020 2803 Langlade,
1046 2752 1245 2800 L'abbaye
1268 2751 1312 2788 de
1335 2752 1373 2788 la
1396 2748 1675 2795 Chaise-Dieu,
1703 2747 1813 2785 Paris

135 2813 254 2861 19233
278 2814 323 2852 G.
350 2814 462 2862 Paul,
484 2813 683 2863 L'abbaye
706 2813 943 2851 benedictino
963 2813 1007 2849 de
1027 2812 1065 2849 la
1086 2810 1364 2850 Clmise-Dieu,
1389 2809 1513 2855 Paris,
1537 2806 1649 2845 1924.

190 2958 220 2990 1.
255 2955 377 2996 Viden,
409 2967 443 2993 11,
476 2956 570 2989 4169
605 2955 734 2997 (bulles
767 2954 819 2985 du
850 2955 895 2988 14
920 2963 1017 2985 mars
1047 2953 1167 2995 1337).

186 3011 216 3043 2.
243 3010 378 3042 Baluze
404 3009 475 3042 cite
499 3020 571 3041 une
597 3008 790 3041 Summula
814 3007 954 3040 arboris
978 3011 1201 3047 peccatorum
1225 3004 1432 3038 mortalium
1454 3015 1474 3036 a
1497 3003 1649 3036 domino
1673 3003 1830 3046 Hugone

140 3063 261 3102 Fabri,
291 3063 527 3095 decretorum
553 3062 716 3100 doctore,
745 3061 929 3093 monacho
956 3059 990 3092 S.
1005 3058 1185 3091 Martialis
1213 3056 1488 3090 Lemovicensis
1519 3056 1699 3099 (Historia
1727 3056 1832 3088 Tute-

136 3116 259 3154 lensis,
286 3114 399 3155 Paris,
425 3115 529 3154 1717,
555 3126 590 3157 p.
615 3114 695 3153 197,
720 3113 817 3156 306).
