2083 3458
107 224 258 279 [1401]
626 241 843 267 PAPARUM
879 242 1262 268 AVENloNENsmM
1709 231 1790 272 913

94 322 263 369 dinales,
288 331 335 360 ut
358 321 442 372 ipse
474 322 490 371 ἓ
515 323 538 360 9
561 324 730 362 secundi
752 332 957 363 tractatus
983 325 1116 373 docet,
1142 326 1292 364 direxit
1313 335 1542 366 tractatum
1560 343 1632 378 pro
1654 329 1791 368 defen-

92 381 204 420 sione
221 381 430 420 electionis
450 382 620 429 Urbani,
639 397 761 432 quem
776 383 1051 434 inscripsitDe
1068 386 1160 435 fletu
1180 385 1390 433 Ecclesiae,
1411 386 1481 436 qui
1496 395 1603 426 recte
1620 397 1793 427 vocatur

91 448 297 479 tractatus
320 440 476 491 primus
502 441 672 479 ,Joannis
697 442 745 480 de
770 442 954 493 Lignano
977 443 1018 481 in
1041 443 1178 482 codice
1200 443 1278 482 815
1299 445 1571 485 bibliothecae
1596 447 1792 485 Colberti-

92 513 167 538 nae
187 500 213 538 1.
246 500 309 537 Ex
336 514 382 538 eo
412 500 644 550 fragmenta
673 501 879 551 quaedam
906 502 1037 540 edidit
1066 503 1263 542 Odoricus
1295 504 1549 553 Raynaldus‚
1579 519 1644 544 an.
1676 506 1791 554 1378,

97 559 114 607 ἓ
134 558 184 597 38
203 574 263 609 sq.
289 559 409 596 Illum
428 573 525 596 vero
545 559 716 598 missum
736 575 820 599 esse
840 561 892 598 ab
914 561 1082 599 Urbano
1102 562 1154 600 ad
1176 562 1500 602 Universitatem
1522 564 1790 604 parisiensem

93 618 217 656 fidem
243 617 343 656 facit
371 618 593 657 Rodericus
619 619 818 657 Bernardi
842 619 883 657 in
907 620 1104 658 relatione
1130 635 1202 659 sua
1228 621 1280 659 ad
1307 623 1511 661 Joannem
1536 638 1670 673 regem
1696 625 1787 662 Cas-

90 677 212 715 tellae
238 677 286 715 de
311 676 372 715 his
399 691 502 727 quae
528 677 613 728 ipse
638 687 777 728 egerat
804 679 958 717 Romae
985 694 1077 718 cum
1104 680 1286 727 Urbano,
1313 695 1415 730 quae
1442 690 1560 720 extat
1584 683 1625 720 in
1650 683 1787 722 codice

93 736 339 774 Harlaeano.
377 737 479 774 Cum
515 737 623 774 enim
662 737 884 776 Rodericus
933 738 1100 776 Urbano
1146 739 1317 778 dixisset
1356 740 1580 780 cardinales
1625 742 1787 792 publice

89 803 336 845 conquestos
365 810 449 834 esse
478 795 525 834 de
556 795 753 834 violentia
781 796 858 834 sibi
878 797 987 835 facta
1010 812 1030 835 a
1053 798 1205 848 populo
1237 813 1421 845 romano,
1446 808 1486 837 et
1507 801 1710 839 Joannem
1739 801 1787 840 de

90 854 273 904 Lignano
295 854 336 892 in
358 862 544 893 tractatu
566 869 638 893 suo
661 869 837 894 asserere
860 857 961 906 quod
978 856 993 879 2
1013 858 1186 906 populus
1215 872 1402 895 romanus
1428 859 1511 907 *fuit
1532 868 1788 909 congregatus

87 914 139 952 ad
167 914 478 963 compellendum
506 914 727 952 cardinales
758 923 798 952 ut
836 915 1020 963 eligerent
1058 931 1207 966 papam
1245 931 1453 955 romanum
1501 919 1557 955 vel
1595 919 1786 966 italicum,

90 973 281 1012 Urbanus
310 973 362 1010 ad
390 973 496 1010 istud
523 973 709 1011 ultimum
737 974 837 1012 dizit
864 975 966 1024 quod
995 975 1197 1012 Johannes
1226 976 1268 1012 de
1296 976 1454 1013 Linano
1483 991 1561 1014 non
1586 978 1665 1026 fuit
1696 986 1788 1016 tunc

87 1032 208 1070 Rome
238 1046 304 1069 nec
333 1032 431 1069 vidit
458 1032 614 1081 aliquid
641 1033 684 1070 de
713 1033 792 1070 hiis
821 1047 891 1083 que
920 1033 1015 1071 dicit
1042 1048 1121 1071 esse
1149 1035 1253 1083 facta
1293 1043 1461 1084 tempore
1489 1036 1700 1075 electionis.
1733 1038 1786 1075 Et

87 1105 184 1129 mox
211 1090 330 1129 addit
361 1091 584 1130 Rodericus
615 1107 622 1128 ε
653 1092 719 1129 Ad
745 1092 810 1129 hec
837 1106 905 1140 ego
934 1093 1018 1130 dixi
1047 1092 1146 1143 quod
1167 1093 1250 1143 ipse
1279 1094 1434 1143 primus
1461 1095 1600 1132 electus
1629 1096 1788 1134 miserat

86 1159 294 1189 tractatum
331 1150 483 1187 domini
523 1151 723 1188 Jolzannis
759 1151 811 1188 ad
853 1151 1156 1189 Universitacem
1193 1153 1474 1191 parisiensem.
1516 1154 1609 1191 Fuit
1646 1162 1786 1193 autem

86 1209 247 1257 missus,
279 1209 342 1247 uti
373 1223 496 1258 supra
529 1224 568 1259 p.
603 1210 704 1248 1083
737 1211 1002 1248 observatum
1034 1219 1109 1258 est,
1142 1225 1212 1261 per
1245 1212 1448 1250 Jacobum
1483 1213 1531 1250 de
1565 1213 1682 1260 Seva,
1717 1214 1784 1263 qui

85 1277 304 1319 propterea
335 1268 513 1306 creditus
545 1277 606 1306 est
635 1284 720 1307 esse
750 1277 895 1308 auctor
924 1269 1029 1307 illius
1061 1270 1204 1320 operis.

139 1329 259 1365 Anno
290 1328 594 1366 MCCCLXXX
624 1336 799 1366 exeunte
828 1328 958 1378 junio,
981 1329 1183 1367 ,Ioannem
1206 1329 1254 1367 de
1280 1330 1462 1379 Lignano
1490 1330 1611 1369 fuisse
1631 1332 1786 1370 Romae

85 1395 266 1425 testatur
280 1387 389 1425 idem
405 1386 628 1425 Rodericus
641 1387 700 1424 his
716 1387 848 1425 verbis
861 1387 889 1425 3:
901 1402 916 1422 «
927 1388 1115 1426 Preterea
1126 1388 1315 1426 dominus
1330 1389 1537 1427 Johannes
1552 1389 1599 1427 de
1613 1389 1783 1437 Linano,

86 1446 156 1496 qui
174 1455 273 1484 tunc
291 1454 379 1484 erat
398 1445 439 1483 in
460 1446 582 1493 Urbe,
602 1446 715 1484 venit
733 1460 813 1484 una
833 1445 896 1484 die
914 1446 966 1484 ad
984 1447 1140 1485 socium
1158 1461 1294 1484 meum
1312 1456 1352 1485 et
1370 1447 1422 1485 ad
1440 1462 1517 1495 me,
1537 1448 1606 1498 qui
1622 1463 1781 1487 eramus

85 1505 274 1544 collocati
303 1505 343 1543 in
373 1505 555 1555 quodam
583 1505 762 1555 hospitio
791 1505 901 1556 apud
929 1506 1112 1556 plateam
1142 1506 1281 1544 Sancti
1311 1506 1434 1553 Petri,
1463 1515 1504 1545 et
1533 1507 1637 1546 dixit
1665 1507 1781 1546 nobis

85 1565 195 1615 quod
218 1565 339 1614 juxta
363 1579 504 1602 casum
527 1564 604 1602 sibi
626 1564 830 1602 traditum
853 1563 951 1602 alias
975 1565 1059 1615 ipse
1084 1565 1236 1603 fecerat
1258 1580 1387 1603 unum
1409 1574 1638 1604 tractatum
1661 1582 1782 1617 super

84 1624 256 1662 materia
281 1623 498 1670 scismatis,
523 1631 585 1662 set
608 1623 727 1671 forte,
752 1623 784 1662 si
807 1623 950 1662 melius
974 1624 1266 1662 informaretur
1289 1625 1337 1662 de
1362 1624 1535 1663 veritate
1560 1634 1781 1675 gestorum,

85 1683 195 1732 quod
226 1683 311 1733 ipse
342 1683 582 1721 emendaret
613 1698 666 1721 se.
702 1683 777 1721 Hic
807 1683 1023 1733 proposuit
1054 1683 1168 1721 nobis
1201 1691 1352 1721 secrete
1383 1692 1430 1721 ut
1460 1693 1598 1734 posset
1628 1684 1726 1723 scire
1757 1699 1779 1723 a

83 1742 199 1780 nobis
231 1742 329 1792 quid
359 1742 639 1780 sentiebamus
670 1741 718 1780 de
748 1741 826 1779 ista
857 1742 1043 1780 materia.
1076 1742 1137 1780 Ad
1167 1743 1242 1780 hoc
1264 1742 1547 1792 respondimus
1571 1743 1647 1781 sibi
1670 1744 1779 1793 quod

82 1802 419 1852 presumebamus
455 1801 566 1851 quod
600 1801 652 1838 ad
685 1801 980 1851 temptandum
1014 1816 1085 1839 nos
1120 1801 1292 1847 veniret,
1327 1810 1527 1849 attamen,
1563 1803 1657 1851 quia
1692 1811 1779 1840 erat

83 1860 276 1899 notabilis
297 1875 485 1911 persona,
508 1860 618 1910 quod
639 1860 904 1898 credebamus
926 1860 1035 1909 quod
1057 1860 1182 1898 nollet
1202 1860 1385 1909 decipere
1406 1875 1492 1907 nos,
1513 1869 1553 1899 et
1573 1861 1605 1899 si
1623 1861 1779 1910 juraret

83 1920 193 1969 quod
225 1928 385 1958 teneret
417 1927 584 1966 secrete,
618 1919 728 1969 quod
761 1919 985 1958 diceremus
1018 1919 1108 1966 sibi,
1142 1919 1241 1957 item
1274 1919 1383 1968 quod
1415 1919 1447 1957 si
1479 1919 1630 1958 diceret
1662 1919 1777 1959 nobis

83 1979 300 2017 veritatem
324 1979 364 2016 in
387 1979 465 2017 ista
488 1978 660 2017 materia
684 1979 793 2027 quod
816 1978 1022 2016 sentiebat
1043 1979 1091 2016 de
1112 1978 1214 2028 jure,
1238 1978 1347 2027 quod
1369 1978 1592 2017 diceremus
1615 1978 1690 2016 sibi
1712 1979 1777 2018 illa

82 2053 159 2088 que
182 2038 508 2085 inveniebamus,
529 2037 624 2075 licet
645 2037 779 2076 adhuc
801 2038 1064 2087 sperebamus
1087 2037 1228 2075 melius
1250 2037 1474 2075 informari.
1506 2038 1593 2087 lpse
1621 2038 1778 2087 juravit

83 2097 219 2135 omnia
247 2112 324 2146 que
352 2097 609 2147 petebamus.
635 2097 688 2133 Et
715 2096 858 2134 statim
886 2096 1062 2133 diximus
1091 2096 1167 2133 sibi
1194 2096 1370 2145 qualiter
1396 2096 1777 2135 examinaveramus

82 2156 268 2194 dominos
305 2155 530 2194 cardinales
565 2156 911 2202 ultramontanos,
946 2155 1093 2193 saltem
1127 2155 1326 2204 majorem
1359 2163 1519 2204 partem
1552 2155 1733 2204 ipsorum
1769 2171 1776 2193 :

81 2215 151 2265 qui
184 2216 259 2253 sub
292 2215 529 2264 juramento
562 2214 707 2252 testati
741 2222 837 2252 sunt
872 2214 981 2264 quod
1015 2222 1110 2251 ante
1145 2214 1370 2263 ingressum
1405 2214 1608 2251 conclavis
1643 2215 1776 2252 nullus

80 2275 262 2325 ipsorum
287 2274 453 2324 gerebat
477 2274 518 2311 in
542 2282 678 2311 mente
703 2273 846 2323 eligere
870 2273 912 2311 in
934 2286 1087 2323 papam
1098 2273 1143 2310 B.
1169 2272 1520 2322 archiepiscopum
1543 2273 1776 2320 Barensem,

80 2348 152 2372 nec
180 2333 359 2383 aliquem
387 2333 513 2370 alium
541 2332 588 2371 de
616 2341 734 2370 extra
762 2332 975 2382 collegium
1004 2331 1273 2370 cardinalium
1302 2346 1373 2369 nec
1401 2340 1624 2381 postquam
1650 2331 1775 2369 intra—

81 2401 230 2431 verunt
258 2392 608 2441 conclave,usque
636 2391 689 2428 ad
715 2392 859 2428 horam
886 2399 927 2429 et
953 2398 1116 2440 tempus
1147 2404 1226 2439 quo
1254 2390 1430 2427 invaluit
1458 2391 1610 2428 clamor
1636 2390 1776 2440 populi

82 2451 259 2489 Romani
289 2460 330 2489 et
362 2451 529 2489 fuerunt
559 2458 691 2488 tracte
723 2463 921 2499 campane
953 2449 1005 2487 ad
1036 2449 1284 2496 martellum,
1316 2457 1357 2486 et
1388 2448 1467 2486 fuit
1497 2449 1776 2498 significatum

78 2510 132 2549 eis
161 2510 271 2560 quod
296 2517 416 2548 erant
440 2509 482 2547 in
520 2509 700 2559 periculo
726 2508 868 2546 mortis
908 2507 985 2546 nisi
1010 2508 1204 2557 eligerent
1239 2521 1456 2545 romanum
1481 2508 1546 2546 vel
1577 2507 1775 2556 ytalicum

78 2578 119 2607 et
139 2569 221 2608 cito
241 2584 281 2607 se
301 2568 557 2618 expedirent,
579 2576 620 2606 et
641 2568 751 2617 quod
770 2575 870 2605 tunc
891 2567 1037 2605 timore
1058 2566 1216 2613 mortis,
1237 2566 1336 2604 alias
1358 2581 1438 2604 non
1460 2566 1622 2613 facturi,
1648 2566 1772 2604 nomi-

79 2636 283 2666 naverunt
312 2627 469 2666 dictum
495 2628 731 2673 Barensem,
759 2634 799 2664 et
827 2625 981 2676 primus
1010 2625 1079 2675 qui
1106 2640 1199 2663 eum
1221 2625 1453 2663 nominavit
1480 2625 1560 2662 fuit
1585 2625 1773 2662 dominus

79 2788 110 2820 le
132 2792 238 2820 texte
259 2786 379 2819 revise
402 2785 446 2818 de
468 2797 536 2818 son
557 2785 718 2829 premier
739 2784 935 2824 memoire;
958 2785 996 2817 3⁰
1018 2784 1111 2816 dans
1133 2784 1168 2816 la
1189 2784 1298 2822 suite,
1321 2783 1346 2816 il
1366 2783 1503 2826 joignit
1524 2783 1587 2816 des
1610 2783 1774 2815 donnees

79 2839 306 2882 historiques
326 2839 347 2871 a
363 2850 404 2871 sa
421 2839 581 2871 seconde
599 2837 754 2871 edition.
775 2838 825 2870 Le
848 2837 1057 2870 manuscrit
1075 2837 1169 2870 1470
1189 2836 1264 2879 (fol.
1284 2837 1328 2869 72
1346 2837 1467 2869 r0-‘l23
1485 2837 1529 2880 ΥΟ)
1553 2837 1596 2868 de
1613 2836 1649 2868 la
1667 2835 1706 2868 B.
1729 2835 1773 2868 N.

80 2893 124 2926 de
144 2892 248 2925 Paris
267 2891 559 2935 representerait
576 2892 612 2923 la
631 2890 820 2923 troisieme
839 2890 994 2924 edition.
1014 2890 1105 2922 Voir
1125 2890 1167 2922 N.
1189 2889 1315 2922 Valois
1338 2889 1407 2932 (op.
1428 2890 1499 2928 cit„
1520 2895 1546 2922 t.
1577 2901 1600 2928 1,
1633 2900 1667 2932 p.
1689 2889 1775 2921 126-

79 2946 160 2989 127)
189 2951 227 2978 et
252 2945 290 2978 F.
319 2945 430 2977 Ehrle
460 2943 618 2986 (Martia
642 2944 682 2976 de
704 2943 899 2987 AlpartiZS,
926 2955 960 2986 p.
987 2943 1173 2985 430-439).

127 2999 159 3032 ‘l.
193 2998 234 3032 B.
270 2997 328 3037 N.‚
361 3009 428 3030 ms.
461 2997 558 3030 latin
589 2996 693 3030 1470.

130 3052 160 3084 2.
188 3051 229 3084 B.
259 3050 316 3090 N.‚
344 3062 411 3083 ms.
438 3050 535 3083 latin
559 3049 688 3088 11745,
716 3049 778 3082 fol.
806 3049 850 3082 18
878 3054 927 3082 v0.

128 3107 159 3139 3.
186 3104 253 3137 Ms.
280 3103 364 3143 cite,
389 3103 451 3136 fol.
478 3103 523 3135 19
547 3107 590 3136 r0.
