2083 3458
86 259 215 315 [917]
615 273 832 299 PAPARUM
866 273 1251 298 AVENIONENSIUM
1690 257 1772 299 433

80 358 216 413 codice
235 356 339 396 2835
357 357 629 395 bibliothecae
648 356 903 395 Colbertinae
919 356 947 395 ¹.
969 357 1029 394 Ex
1046 371 1126 406 quo
1143 355 1274 406 colligi
1291 355 1414 394 debet
1428 356 1539 394 illam
1556 355 1597 394 in
1613 355 1772 405 aliquot

73 417 379 467 exemplaribus
409 415 544 464 fuisse,
575 415 749 453 defuisse
777 416 815 452 in
847 416 946 453 aliis.

134 476 174 514 P.
195 475 284 523 303,
305 475 368 524 lig.
390 474 424 513 5.
447 475 547 512 Fam
567 488 825 511 MENTIONEM
845 475 883 511 in
912 474 1002 511 Vita
1030 474 1222 511 nimirum
1242 473 1384 511 Karolt
1406 473 1480 521 IV,
1510 473 1771 524 imperatoris

79 535 147 572 ubi
172 535 229 572 sic
250 534 390 572 scribit
418 549 425 571 :
451 533 623 583 Quidam
640 533 816 570 homines
833 533 899 582 qui
918 533 1147 570 dicebantur
1162 533 1435 581 flagellatores,
1454 532 1521 582 qui
1544 532 1587 569 in
1608 532 1774 569 diversis

79 593 297 643 provinciis
313 592 557 638 Alamannie
573 605 706 629 versus
724 606 887 639 regnum
904 592 1074 629 Francie
1090 606 1135 629 ex
1152 591 1323 640 singulis
1344 591 1583 637 civitatibus,
1611 590 1774 640 oppidis

74 661 112 690 et
133 652 239 690 vittis
260 666 328 702 per
349 660 499 690 turmas
519 658 553 688 et
573 651 891 699 congregationes
912 659 1092 687 exeuntes
1123 664 1228 688 anno
1257 650 1426 687 Domini
1455 650 1603 687 XLIX
1624 649 1774 699 portari

77 711 251 760 fecerunt
269 718 358 748 ante
377 724 439 747 eos
458 709 621 758 signum
641 709 781 755 erucis,
803 717 836 746 et
855 709 1194 758 processionaliter
1214 709 1419 758 quemdam
1439 717 1598 746 cantum
1619 709 1662 745 de
1683 723 1772 758 pas-

80 770 189 807 sione
212 769 380 807 Domini
416 769 457 805 in
487 783 558 806 suo
582 768 778 818 ydiomate
807 768 995 805 dictatum
1023 768 1247 815 cantabant,
1276 776 1309 805 et
1337 767 1575 817 quibusdam
1601 767 1774 816 flagellis

82 843 201 879 usque
226 828 442 877 sanguinis
468 828 702 877 effusionem
730 827 772 864 in
798 827 976 876 scapulis
1006 841 1041 863 se
1068 826 1350 876 percutiebant,
1378 835 1511 864 euntes
1539 827 1582 863 de
1610 826 1704 863 villa
1732 826 1775 862 in

76 888 227 935 villam,
258 887 449 925 credentes
474 901 514 924 se
538 900 607 936 per
638 885 866 935 hujusmodi
900 885 1159 935 penitentiam
1190 886 1240 922 ab
1271 885 1456 922 omnibus
1487 885 1573 922 suis
1605 884 1774 934 peccatis

75 947 290 994 absolutos,
319 946 418 984 inter
441 959 537 995 quos
563 944 682 983 etiam
708 944 845 993 magni
871 944 1047 993 episcopi
1074 953 1107 981 et
1133 944 1262 981 clerici
1288 952 1322 981 et
1346 943 1441 981 laici
1466 944 1524 981 sic
1551 943 1675 990 ibant,
1704 957 1772 993 per

76 1005 345 1056 quadraginta
369 1005 451 1042 dies
476 1003 705 1054 hujusmodi
731 1003 990 1053 penitentiam
1024 1003 1222 1051 facientes.
1250 1003 1300 1040 Et
1333 1002 1398 1040 hec
1426 1003 1662 1040 consuetudo
1688 1016 1773 1051 pre—

76 1064 177 1102 dicte
191 1072 288 1102 secte
305 1063 461 1101 duravit
478 1062 643 1113 fereper
661 1077 814 1100 annum
842 1077 961 1112 usque
984 1063 1036 1099 azl
1060 1062 1235 1099 Romane
1258 1062 1430 1098 Ecclesie
1453 1061 1772 1111 prohibitionem.

134 1124 175 1162 P.
199 1123 288 1171 303,
310 1123 376 1172 lig.
399 1122 460 1161 24.
486 1123 736 1160 PERcussus
759 1135 1053 1158 APOSTEMATE.
1082 1120 1352 1169 Raymundus
1374 1120 1571 1158 Bernardi
1594 1120 1642 1158 de
1663 1120 1775 1158 Mota

73 1183 292 1233 episcopus
324 1181 560 1220 Vasatensis
590 1181 632 1218 in
662 1195 735 1219 suo
766 1180 960 1218 Chronico
1001 1179 1054 1230 [p.
1089 1179 1188 1229 291]
1221 1187 1262 1217 et
1293 1179 1528 1217 Matthaeus
1561 1179 1774 1226 Villanius,

77 1242 146 1280 lib.
179 1242 256 1288 ΙΙΙ,
284 1255 371 1291 cap.
401 1255 499 1278 XLIII
537 1240 767 1290 [Muratori,
794 1248 823 1277 t.
854 1254 939 1286 xlv,
968 1240 1041 1277 col.
1073 1238 1171 1288 186]
1199 1238 1318 1275 aiunt
1356 1246 1567 1275 mortuum
1601 1252 1685 1276 esse
1724 1252 1775 1276 ex

79 1301 189 1339 febre
208 1300 224 1323 2
251 1301 447 1338 continua
474 1313 545 1338 sex
572 1307 645 1337 aut
672 1307 831 1348 septem
858 1298 1030 1345 dierum,
1063 1297 1260 1335 Henricus
1289 1297 1338 1334 de
1369 1297 1624 1346 Knyghthon
1659 1296 1704 1346 [t.
1732 1311 1774 1344 11,

77 1374 116 1410 p.
150 1359 239 1409 73],
271 1373 339 1409 per
370 1358 701 1396 intoxicationem.
737 1358 860 1395 Porro
892 1365 1106 1407 apostema
1137 1357 1179 1394 in
1209 1356 1343 1403 dorso,
1376 1369 1469 1394 cum
1512 1356 1565 1393 sit
1608 1356 1773 1394 morbus

79 1418 292 1466 naturalis,
332 1418 513 1456 accidere
541 1425 679 1467 potest
711 1417 838 1455 etiam
868 1416 1022 1454 homini
1058 1415 1437 1454 continentissimae
1476 1414 1600 1452 vitae.
1643 1415 1775 1462 Quare

73 1477 304 1515 admodum
328 1476 623 1515 contumeliosa
648 1484 709 1514 est
734 1475 968 1514 observatio
995 1475 1159 1513 Henrici
1185 1473 1408 1524 Spondani,
1433 1488 1498 1512 an.
1527 1473 1640 1520 1352,
1672 1473 1688 1521 ἕ
1714 1473 1776 1520 14,

78 1537 147 1574 ubi
166 1551 216 1574 ex
236 1536 297 1574 M.
318 1535 512 1573 Chronico
530 1535 690 1584 Belgico
708 1535 884 1573 referens
904 1534 1119 1572 historiam
1138 1532 1423 1583 apostematis,
1443 1532 1501 1570 ait
1520 1532 1776 1571 exsistimare

78 1610 119 1634 se
142 1595 184 1632 id
204 1595 333 1644 magis
366 1595 525 1633 dictum
551 1594 594 1632 in
621 1594 916 1644 improperium
950 1592 1183 1639 Clementis,
1214 1592 1315 1642 quod
1347 1599 1554 1629 accusatus
1584 1591 1704 1639 fuerit
1732 1591 1776 1628 cle

74 1654 260 1704 femineis
283 1653 436 1692 deliciis
451 1653 480 1701 ³,
505 1668 622 1703 quam
644 1667 690 1690 ex
711 1667 808 1691 vero.

133 1714 174 1751 P.
202 1713 292 1760 309,
316 1713 382 1762 lig.
411 1713 445 1751 1.
475 1713 538 1749 DE
565 1726 671 1750 Loco
699 1726 754 1749 DE
779 1712 933 1749 MONTE
960 1711 1070 1748 haud
1096 1711 1236 1760 procul
1262 1718 1396 1748 castro
1421 1708 1706 1759 Pompedorio,
1735 1708 1776 1746 in

78 1772 292 1822 parrochia
320 1772 368 1810 de
393 1772 611 1821 Beyssaco,
638 1771 708 1808 ubi
735 1771 964 1809 etiamnum
991 1778 1212 1820 supersunt
1238 1768 1464 1819 parietinae
1491 1768 1617 1818 ampli
1642 1768 1775 1817 cujus-

75 1831 175 1869 dam
195 1831 372 1869 aedificii
392 1830 503 1880 quod
523 1831 645 1880 vulgo
666 1830 717 1867 ab
737 1830 878 1868 incolis
899 1829 993 1880 pagi
1013 1829 1119 1866 illius
1142 1836 1315 1866 vocatur
1334 1827 1479 1866 domus
1500 1841 1632 1877 papae
1657 1827 1775 1863 Inno-

79 1891 215 1929 centii.
239 1890 418 1928 Ecclesia
437 1889 514 1928 loci
534 1889 582 1928 de
600 1889 818 1938 Beyssaco,
839 1902 934 1926 sane
954 1902 1097 1939 parva,
1118 1887 1187 1925 sed
1211 1887 1350 1926 firmae
1370 1894 1411 1924 et
1430 1886 1627 1935 elegantis
1647 1894 1776 1923 struc-

79 1958 209 1997 turae,
242 1950 323 1988 fere
354 1957 444 1987 tota
475 1963 525 1987 ex
553 1948 760 1998 lapidibus
793 1947 958 1997 quadris
990 1947 1042 1985 ad
1074 1946 1271 1985 amussim
1301 1945 1492 1996 praecisis
1524 1953 1777 1992 constructa,

79 2023 181 2059 opus
208 2016 270 2046 est
295 2008 481 2058 ejusdem
497 2021 643 2058 papae,
663 2007 779 2057 cujus
796 2007 971 2056 insignia
990 2006 1192 2056 gentilitia
1221 2019 1314 2043 cum
1340 2004 1445 2042 tiara
1469 2004 1778 2053 conspiciuntur

79 2068 121 2105 in
138 2068 378 2106 conclusura
396 2066 629 2105 testudinis.
652 2066 783 2104 Hodie
800 2067 912 2104 locus
931 2066 979 2103 de
999 2066 1137 2103 Monte
1156 2064 1336 2114 pertinet
1353 2063 1405 2101 ad
1423 2071 1588 2112 gentem
1608 2063 1777 2112 Pompe-

74 2126 251 2174 -doriam,
273 2134 436 2176 emptus
458 2140 480 2163 a
502 2126 662 2163 Joanne
683 2125 918 2164 marchione
941 2123 1216 2174 Pompedorii,
1238 2137 1318 2160 non
1340 2122 1399 2160 ita
1419 2121 1578 2172 pridem
1600 2129 1776 2159 mortuo.

135 2186 176 2223 P.
199 2185 289 2233 309,
308 2185 375 2235 lig.
397 2184 432 2223 3.
457 2184 603 2222 XVIII
630 2198 848 2222 DECEMBR.
877 2184 1057 2222 Joannes
1086 2182 1257 2229 Jofrevi‚
1291 2181 1505 2231 episcopus
1536 2180 1776 2226 Aniciensis,

80 2245 135 2283 sic
160 2244 381 2282 annotavit
404 2244 446 2282 in
463 2258 536 2282 suo
558 2243 790 2281 kalendario
808 2243 836 2291 ⁴,
861 2257 917 2280 xv
938 2243 1016 2280 kal.
1033 2241 1212 2291 januarii
1233 2257 1240 2279 z
1260 2241 1350 2278 Hac
1370 2240 1432 2277 die
1447 2239 1526 2288 suit
1548 2246 1780 2288 assumptus

80 2303 266 2341 dominus
290 2302 508 2341 cardinalis
533 2301 728 2340 Ostiensis
754 2301 797 2339 in
820 2316 1022 2339 summum
1047 2300 1274 2350 pontificem
1294 2313 1400 2337 anno
1418 2297 1662 2336 MCCCLII
1680 2297 1787 2334 inter·

46 2375 48 2382 ·
78 2362 235 2400 tertiam
254 2370 287 2399 et
308 2361 523 2399 meridiem.
547 2361 820 2399 Continuator
842 2360 1067 2398 Ptolemaei
1091 2359 1296 2405 Lucensis,
1319 2372 1341 2395 a
1362 2358 1479 2395 nobis
1501 2357 1635 2394 editus
1658 2356 1778 2403 infra,

85 2420 130 2471 [t.
153 2421 199 2471 1],
225 2435 262 2471 p.
289 2420 379 2468 343,
404 2420 463 2458 ait
487 2434 580 2458 eum
604 2421 781 2458 electum
805 2434 890 2458 esse
914 2420 1008 2457 hora
1032 2419 1248 2457 tertiarum.

138 2480 178 2518 P.
199 2479 289 2527 309,
307 2480 374 2529 lig.
395 2479 429 2518 4.
453 2479 531 2516 DIE
549 2493 653 2516 xxm
673 2492 940 2516 CORONATUS.
959 2478 1158 2526 Qdoricus
1178 2475 1432 2525 Raynaldus‚
1451 2488 1516 2512 an.
1541 2473 1655 2520 1352,
1678 2473 1694 2521 ξ
1715 2472 1779 2520 27,

82 2538 344 2589 reprehendit
369 2546 580 2576 auctorem
606 2537 728 2587 hujus
762 2537 886 2585 Vitae,
914 2545 955 2575 et
980 2537 1144 2574 innixus
1172 2534 1413 2573 auctoritati
1439 2533 1625 2582 ejusdem
1650 2531 1779 2569 conti-

81 2598 266 2636 nuatoris
285 2597 435 2647 probat
457 2596 745 2635 Innocentium
763 2596 886 2635 fuisse
906 2603 1150 2634 coronatum
1169 2594 1232 2632 die
1251 2592 1480 2643 penultima
1500 2591 1598 2629 dicti
1615 2590 1778 2637 mensis,

83 2657 192 2707 quod
215 2656 486 2694 confirmatur
507 2670 557 2693 ex
577 2655 638 2693 his
662 2669 766 2705 quae
789 2656 940 2705 scripta
963 2662 1060 2692 sunt
1082 2654 1123 2690 in
1146 2652 1328 2690 Secunda
1349 2651 1429 2688 vita
1449 2650 1635 2699 ejusdem
1661 2650 1779 2686 Inno-

84 2818 179 2850 etait
198 2828 250 2850 un
270 2817 379 2857 faux;
403 2815 483 2849 voir
503 2815 602 2848 aussi
624 2815 672 2847 du
694 2816 825 2854 meme,
846 2813 1049 2847 Geschichte
1069 2813 1128 2845 des
1147 2811 1321 2844 Ablasses
1343 2811 1393 2844 im
1407 2809 1628 2849 Mittelalter,
1647 2808 1783 2841 Pader-

82 2871 189 2910 born,
209 2870 314 2910 1923,
334 2876 360 2903 t.
378 2881 416 2909 11,
435 2881 470 2913 p.
490 2868 660 2901 114-123.

130 2924 162 2956 1.
185 2923 224 2956 Β.
250 2923 306 2963 Ν.,
329 2934 396 2956 ms.
417 2921 513 2955 latin
533 2920 628 2954 4931
650 2921 693 2960 A,
715 2920 777 2953 fol.
800 2920 868 2952 145
891 2923 940 2952 νῦ.

132 2977 162 3009 2.
190 2976 328 3023 Villanj
353 2987 398 3008 ne
423 2975 525 3018 parle
550 2985 616 3017 pas
643 2974 687 3006 de
716 2973 839 3006 fievre.

130 3031 162 3062 3.
192 3029 262 3062 Sur
287 3029 337 3061 les
364 3039 503 3061 moeurs
531 3027 574 3060 de
605 3020 774 3059 (3Ιὲωοοῖ
801 3025 864 3065 VI,
895 3024 974 3057 voir
1000 3023 1153 3056 l’article
1181 3022 1302 3065 Papes
1329 3021 1550 3064 ‹l'A‹¹ignon,
1580 3021 1671 3053 dans
1696 3020 1783 3053 Dic-

114 3083 267 3115 onnaire
287 3081 581 3125 d’apologe'tique‚
604 3086 631 3112 t.
652 3091 692 3112 111
717 3078 851 3122 (1921),
875 3078 941 3110 col.
965 3077 1183 3109 1554-1557.

104 3134 108 3138 '
138 3136 169 3168 4.
193 3135 342 3175 Baluze⁷
367 3140 392 3167 t.
414 3145 465 3174 1v‚
489 3144 524 3176 p.
548 3133 630 3165 120.
