2083 3458
255 234 334 274 776
903 245 1060 286 NOTAE,
1087 219 1151 270 *AD
1185 245 1314 270 VITAs
1811 231 1965 287 [1253]

252 346 340 371 ram
357 346 429 382 per
447 329 718 368 traditionem
738 328 878 367 vexilli
898 328 1118 376 Ecclesiae,
1139 328 1251 379 quod
1271 329 1439 379 gerebat
1457 329 1691 368 Bernardus
1713 329 1761 368 de
1782 330 1839 368 La
1859 330 1967 378 Sala,

252 400 291 429 et
317 406 388 441 per
412 389 681 428 traditionem
708 387 849 426 vexilli
876 387 1048 435 Siciliae,
1076 388 1188 439 quod
1215 388 1384 438 gerebat
1411 389 1556 426 Petrus
1584 389 1633 427 de
1660 383 1833 428 Corona.
1862 390 1968 428 Tum

252 452 379 489 lectae
406 449 547 487 literae
572 447 869 486 infeudationis
888 447 917 486 1.
946 448 1000 485 Et
1025 461 1123 488 mox
1148 462 1257 498 papa
1283 448 1551 487 confirmavit
1573 448 1775 490 Karolum
1796 449 1968 488 fratrem

252 510 370 560 regis,
390 517 430 547 et
449 523 585 559 regem
603 507 805 545 invitavit
824 507 874 545 ad
895 507 1131 558 prandium.
1155 507 1453 557 Ubiquiddam
1475 516 1627 546 notatu
1646 508 1817 558 dignum
1837 501 1967 547 conti-

254 571 354 620 gisse
372 568 473 608 mihi
488 568 668 606 videtur.
690 568 797 605 Nam
814 582 908 606 cum
926 567 1046 605 hodie
1065 567 1210 605 statim
1228 581 1274 606 ac
1293 567 1468 617 quilibet
1485 568 1757 606 confirmatus
1776 576 1839 607 est
1856 568 1967 616 aufe-

253 638 368 668 ratur
385 629 491 666 linea
509 627 619 666 vitta
637 641 719 677 qua
737 627 848 665 frons
868 626 1106 665 confirmati
1123 626 1250 677 ligata
1269 636 1345 674 est,
1365 627 1461 665 olim
1475 641 1525 666 ,ea
1545 642 1709 666 manere
1729 628 1909 666 debebat
1927 628 1966 666 in

254 690 387 727 fronte
407 702 621 738 quousque
639 687 816 727 chrisma
835 687 1090 725 desiccatum
1107 695 1229 734 esset,
1247 695 1295 724 ut
1313 695 1375 725 est
1391 686 1434 724 in
1451 687 1583 726 veteri
1599 687 1703 725 libro
1721 687 1967 738 pontificali.

256 749 373 787 Unde
388 748 429 785 in
444 747 589 787 eodem
603 746 707 785 libro
722 747 974 784 adnotatum
989 754 1051 784 est
1067 746 1272 796 quosdam
1287 746 1548 785 consuevisse
1563 755 1728 797 portare
1745 747 1968 797 ligaturam

254 817 334 846 tres
358 807 456 855 dies,
479 807 578 845 alios
600 821 732 845 unum
753 814 935 845 tantum.
964 805 1090 844 Isthic
1112 820 1208 856 ergo
1228 820 1338 857 papa
1362 806 1546 845 Clemens
1569 822 1621 845 ex
1644 806 1777 857 gratia
1799 807 1965 858 speciali

254 867 386 906 voluit
410 875 457 904 ut
482 866 627 905 statim
654 866 807 904 Karolo
833 865 941 904 vitta
966 866 1211 913 auferretur,
1237 866 1362 916 idque
1386 881 1458 917 per
1483 866 1703 916 Anglicum
1727 866 1969 917 episcopum

256 928 531 965 Albanensem
558 926 840 976 significatum
867 941 951 964 esse
979 925 1170 976 episcopo
1198 925 1441 964 Carnotensi
1467 926 1552 977 ipse
1581 926 1701 965 docet
1727 926 1792 965 hic
1817 926 1966 965 verbis:

256 989 384 1038 Apres
402 987 440 1025 Za
458 1000 579 1023 messe
595 994 629 1024 et
645 987 725 1024 lerze
742 985 1024 1035 Z'injeudation
1040 1000 1095 1023 au
1111 986 1217 1035 long,
1236 986 1268 1023 le
1284 1000 1389 1036 pape
1415 987 1614 1035 conferma
1633 986 1793 1023 messire
1811 986 1968 1034 Clzarle,

255 1056 288 1085 et
303 1047 419 1084 retint
435 1047 468 1084 le
483 1060 551 1096 roy
567 1061 592 1084 a
608 1045 754 1084 disner.
772 1046 826 1083 Le
843 1045 1026 1083 cardinal
1039 1045 1270 1083 ‘d’Albanne
1284 1060 1342 1083 me
1354 1045 1433 1083 dist
1443 1060 1514 1095 que
1529 1045 1567 1095 je
1583 1054 1730 1084 ostasse
1746 1047 1779 1084 Ze
1795 1046 1931 1084 bendel
1945 1061 1969 1084 a

258 1107 416 1144 messim
440 1106 596 1153 Clzarle,
620 1114 654 1143 et
676 1120 747 1156 que
770 1106 803 1143 le
825 1119 930 1156 pape
953 1106 985 1142 le
1009 1105 1167 1144 vouloit.
1193 1105 1245 1143 Et
1263 1106 1302 1155 je
1325 1106 1357 1143 Ze
1381 1105 1430 1155 fis
1452 1120 1569 1155 apres
1593 1105 1728 1143 disner
1760 1106 1967 1156 [Journaa

255 1182 293 1217 p.
332 1165 544 1216 110-111].

311 1226 383 1264 Die
402 1224 561 1264 veneris
581 1240 653 1263 xv1
671 1224 777 1275 junii
795 1223 1014 1263 consiliarii
1031 1224 1195 1274 reginae
1214 1223 1437 1263 adiverunt
1455 1224 1507 1262 ad
1525 1239 1680 1275 papam
1700 1225 1968 1272 Clementem,

256 1286 297 1324 in
313 1285 429 1335 cujus
446 1284 681 1336 praesentia
696 1285 803 1323 lecta
820 1293 917 1323 sunt
935 1283 1117 1334 capitula
1132 1292 1341 1323 tractatus
1359 1284 1457 1322 facti
1474 1298 1568 1322 cum
1594 1285 1717 1323 Petro
1738 1284 1787 1323 de
1810 1285 1967 1329 Corona

257 1354 297 1383 et
317 1344 528 1383 Bernardo
553 1344 601 1382 de
624 1345 662 1382 la
688 1344 781 1383 Sala
807 1360 813 1381 :
839 1358 944 1394 quae
968 1344 1216 1382 confirmata
1240 1352 1339 1382 sunt
1360 1343 1633 1394 jurejurando
1655 1359 1728 1395 per
1749 1358 1904 1395 papam
1927 1352 1968 1382 et

258 1404 528 1443 camerarium
547 1404 649 1454 ejus,
669 1412 759 1442 tum
780 1403 907 1444 etiam
925 1419 997 1454 per
1015 1403 1242 1442 cardinales
1265 1403 1603 1442 Ebredunensem
1621 1412 1663 1442 et
1682 1403 1967 1451 Cusentinum,

259 1465 469 1515 episcopos
497 1465 807 1503 Ruthenensem
832 1472 872 1502 et
896 1465 1205 1511 Carnotensem,
1234 1463 1458 1502 Henricum
1483 1463 1701 1514 despotam
1726 1463 1968 1511 Romaniae,

257 1534 297 1563 et
320 1525 356 1563 J.
378 1525 586 1575 Begutum
618 1524 823 1574 maurnai,
844 1539 883 1574 p.
908 1523 1022 1574 123].

311 1585 430 1622 Anno
457 1584 615 1631 eodem,
645 1583 708 1633 die
737 1583 944 1623 dominica
973 1598 1047 1621 xlx
1076 1582 1326 1631 novembris,
1355 1583 1570 1634 episcopus
1600 1582 1862 1621 Carnotensis
1889 1582 1969 1620 ivit

259 1644 512 1682 Avenionem
549 1643 849 1682 deliberaturus
886 1657 1068 1693 quonam
1103 1642 1227 1680 modo
1261 1642 1453 1693 impediri
1487 1657 1534 1682 ac
1570 1642 1795 1681 disturbari
1829 1650 1968 1693 posset

258 1704 334 1742 iter
357 1703 596 1751 Parisiense,
620 1703 672 1741 ad
695 1703 805 1753 quod
827 1718 867 1756 se
888 1703 1067 1753 parabat
1089 1702 1307 1741 cardinalis
1330 1702 1634 1742 Ambianensis.
1660 1703 1714 1740 Et
1735 1702 1880 1741 eadem
1904 1701 1967 1740 die

259 1778 345 1802 sero
362 1763 471 1802 idem
488 1763 702 1814 episcopus
719 1777 851 1813 papae
869 1761 1070 1801 Clementi
1087 1761 1201 1800 dedit
1217 1762 1356 1801 literas
1376 1776 1477 1813 quas
1496 1762 1543 1800 de
1560 1777 1601 1801 re
1618 1762 1671 1800 ad
1687 1762 1802 1800 illum
1819 1761 1967 1801 scribe—

259 1824 331 1861 bat
358 1822 485 1861 Maria
511 1822 664 1872 regina,
691 1822 847 1860 addens
874 1822 1000 1860 verba
1027 1822 1208 1861 multum
1233 1836 1378 1872 aspera
1403 1822 1525 1871 juxta
1552 1821 1768 1860 consilium
1795 1821 1906 1872 quod
1932 1820 1969 1860 ei

259 1883 429 1921 dederat
450 1882 666 1921 cardinalis
683 1882 1002 1929 Ebredunensis,
1016 1881 1211 1922 nimirum
1224 1881 1377 1920 amicos
1389 1881 1552 1931 reginae
1567 1882 1670 1920 tales
1684 1896 1768 1920 esse
1781 1895 1803 1919 a
1817 1880 1966 1931 quibus

259 1942 466 1990 molestias
491 1950 532 1980 et
556 1942 827 1982 contumelias
841 1951 1022 1980 metuere
1036 1949 1175 1992 posset
1186 1941 1296 1980 idem
1316 1940 1549 1988 cardinalis,
1563 1941 1595 1979 si
1606 1948 1812 1992 perstaret
1822 1941 1865 1978 in
1878 1955 1967 1979 sen-

260 2002 389 2040 tentia
403 2002 527 2040 eundi
539 2002 591 2039 ad
603 2016 753 2052 regem,
766 2000 829 2039 uti
841 2001 1025 2052 pluribus
1040 2000 1199 2039 dictum
1212 2009 1273 2039 est
1285 2015 1408 2051 supra
1422 2016 1460 2051 p.
1474 2000 1577 2039 1164
1591 2001 1794 2051 [Journal,
1807 2015 1846 2051 p.
1860 1999 1965 2050 198].

312 2062 430 2099 Anno
461 2061 842 2108 MCCCLXXXVI,
874 2060 937 2099 die
967 2060 1174 2099 dominica
1204 2075 1279 2098 XXI
1307 2060 1500 2110 januarii,
1532 2075 1623 2098 cum
1654 2060 1798 2099 eadem
1828 2059 1963 2109 regina

259 2121 481 2159 discessum
500 2130 679 2171 pararet,
700 2128 847 2160 Venere
867 2121 920 2158 ad
939 2134 1030 2159 eam
1051 2120 1277 2159 cardinales
1296 2119 1600 2158 Ebredunensis
1621 2128 1662 2158 et
1682 2119 1929 2158 Cusentinus
1959 2135 1965 2165 ς

259 2180 406 2230 quibus
435 2180 540 2219 filius
567 2181 654 2230 ejus
680 2196 752 2219 rex
780 2180 1011 2218 Ludovicus
1039 2180 1154 2218 dedit
1179 2180 1338 2227 anulos,
1368 2179 1653 2218 Ebredunensi
1680 2179 1847 2229 quidem
1882 2193 1966 2217 car-

259 2240 497 2287 bunculum,
523 2240 692 2278 un'rzcbi
720 2240 838 2287 balai,
865 2239 1088 2278 Cusentino
1112 2254 1209 2277 vero
1233 2239 1459 2290 saphirum.
1486 2239 1674 2277 Adnotat
1698 2247 1840 2277 autem
1863 2237 1966 2289 epis-

260 2314 382 2349 copus
415 2299 675 2338 Carnotensis
706 2299 793 2338 illos
834 2298 1065 2351 constitisse
1099 2314 1205 2337 CCLX
1236 2298 1399 2337 francis.
1434 2298 1661 2337 Discessere
1693 2313 1786 2348 ergo
1825 2313 1892 2336 rex
1926 2305 1967 2335 et

258 2359 394 2408 regina
412 2359 474 2398 die
490 2359 632 2398 martis
648 2358 850 2409 sequenti,
863 2374 934 2409 per
947 2358 1203 2397 Avenionem
1216 2366 1430 2409 pergentes
1445 2358 1497 2396 ad
1514 2358 1696 2397 Insulam
1709 2358 1751 2395 iii
1763 2357 1966 2396 comitatu

259 2418 523 2467 Veneyssino.
555 2418 710 2457 Deinde
737 2418 800 2457 die
828 2433 936 2456 xxlx
963 2419 1118 2468 Aptam
1146 2417 1301 2457 Juliam
1327 2417 1601 2464 advenerunt,
1628 2416 1699 2455 ubi
1724 2424 1966 2456 manserunt

259 2492 385 2527 usque
408 2478 460 2515 ad
483 2493 665 2517 mensem
686 2478 834 2528 julium
869 2478 1071 2528 [Journaa
1095 2492 1133 2527 p.
1158 2477 1248 2525 227,
1272 2477 1347 2514 229
1370 2485 1411 2515 et
1432 2477 1549 2527 233}

314 2538 470 2576 Eodem
487 2552 609 2585 anno,
628 2537 690 2576 die
709 2536 867 2576 veneris
887 2552 959 2574 X1v
977 2536 1235 2587 septembris,
1255 2536 1473 2575 cardinalis
1493 2535 1797 2574 Ebredunensis
1815 2534 1965 2573 admis-

260 2611 324 2633 sus
344 2604 406 2634 est
424 2596 531 2635 inter
549 2597 716 2635 intimos
737 2596 987 2635 consiliarios
1007 2596 1193 2646 ejusdem
1211 2596 1373 2647 reginae
1404 2596 1608 2643 [Journch
1627 2610 1666 2646 p.
1687 2595 1762 2633 317
1777 2595 1804 2646 ].
1862 2592 1864 2595 ’

313 2656 430 2693 Anno
451 2655 854 2703 MCCCLXXXVII‚
874 2648 941 2694 dier
956 2663 1104 2694 octava
1119 2654 1238 2705 junii,
1252 2655 1469 2694 cardinalis
1485 2654 1789 2694 Ebredunensis
1804 2653 1966 2704 scripsit

260 2714 311 2750 ad
331 2715 517 2753 eamdem
537 2715 718 2765 reginam
739 2715 801 2753 uti
829 2715 917 2765 ipsa
937 2715 1132 2754 scriberet
1152 2714 1429 2753 cardinalibus
1452 2714 1720 2753 Ambianensi
1747 2728 1793 2752 ac
1816 2714 1965 2764 Cusen—

260 2773 346 2810 tino
378 2782 418 2811 ct
450 2774 525 2812 sibi
558 2775 605 2813 de
637 2775 858 2813 tractando
890 2774 1156 2814 matrimonio
1187 2774 1289 2824 regis
1323 2774 1524 2812 Ludovici
1557 2773 1629 2811 filii
1659 2773 1721 2811 sui
1752 2786 1845 2812 cum
1882 2771 1964 2810 filia

268 2832 402 2868 Naroli
425 2834 472 2871 (le
498 2834 687 2872 Duracio.
715 2834 868 2883 Regina
891 2833 1104 2884 respondit
1125 2849 1165 2872 se
1187 2833 1229 2871 id
1250 2833 1382 2872 facere
1405 2847 1486 2871 non
1507 2847 1624 2883 posse
1646 2832 1687 2870 in
1714 2830 1964 2883 praesentia-

263 2905 362 2937 rum,
385 2892 588 2930 facturam
608 2902 746 2931 autem
769 2902 1043 2943 quantocyus.
1066 2893 1211 2931 Missus
1231 2901 1293 2931 est
1313 2892 1567 2931 Avenionem
1590 2892 1653 2930 die
1674 2906 1731 2929 xv
1750 2891 1964 2942 episcopus

263 2952 533 2998 (Jarrwtmlsis,
552 2952 621 3001 qui
638 2960 778 2991 tamen
796 2952 952 2989 nullam
969 2952 1080 3002 apud
1097 2966 1249 3002 papam
1266 2960 1339 2990 aut
1356 2951 1581 2990 cardinales
1599 2951 1852 2989 mentionem
1869 2949 1967 2988 fecit

262 3008 306 3045 alc
338 3011 599 3049 matrimonio
628 3011 694 3048 illo
734 3012 936 3061 l'Jozcrr‘zccl,
966 3026 1004 3061 p.
1034 3011 1208 3049 356-358
1221 3011 1248 3061 ].
1924 3007 1927 3010 .

316 3132 340 3163 1.
376 3132 416 3164 N.
443 3134 580 3169 valois,
603 3135 658 3167 Lar
680 3136 821 3169 Frcmce
842 3142 872 3169 et
893 3137 922 3169 le
949 3137 1076 3169 Grand
1096 3136 1269 3176 Schisme,
1294 3142 1320 3170 t.
1342 3148 1379 3176 11,
1402 3148 1437 3180 p.
1462 3137 1542 3169 119.
