2083 3458
284 192 361 233 112
930 205 1081 230 NOTAE
1116 204 1176 228 AD
1211 203 1338 227 VITAs
1863 188 1989 243 [632]

280 291 441 328 Veruna
466 290 576 327 haud
601 289 741 339 procul
766 288 1139 338 Montepessulano,
1165 286 1280 335 cujus
1306 286 1492 325 dominos
1517 301 1562 325 ea
1591 295 1839 338 tempestate
1864 287 1987 328 fuisse

283 349 472 388 Fredolos
500 356 675 387 constat.
706 347 876 386 Juvenis
903 347 1129 385 admodum
1156 346 1289 384 factus
1318 353 1379 383 est
1417 347 1636 387 canonicus
1662 347 1919 395 Biterrensis,
1947 356 1988 386 et

279 423 375 447 mox
394 416 619 455 succentor,
640 416 730 445 tum
748 407 876 445 abbas
897 407 933 444 S.
956 404 1191 456 Aphrodisii
1208 404 1250 441 in
1269 405 1413 443 eadem
1432 406 1544 444 urbe.
1569 406 1631 444 Ita
1651 406 1775 456 vulgo
1793 406 1986 445 traditur.

281 469 366 517 Ego
390 482 485 505 vero
509 467 551 504 in
573 481 764 517 processu
788 465 925 504 fratris
948 464 1146 503 Bernardi
1172 463 1358 502 Delitiosi
1381 465 1537 514 reperio
1561 465 1684 504 fuisse
1708 464 1835 503 etiam
1859 466 1984 504 archi·

281 527 498 565 diaconum
520 526 828 564 Narbonensem
847 526 874 572 ³,
898 532 939 563 et
960 523 1202 562 canonicum
1224 523 1261 561 S.
1286 523 1510 562 Salvator-is
1531 524 1732 574 Aquensis
1753 524 1795 562 in
1814 525 1984 563 Annali-

283 587 352 623 bus
377 585 556 623 ecclesiae
580 584 779 634 Aquensis
796 598 925 634 nuper
947 582 1065 621 editis
1091 597 1114 621 a
1137 582 1296 620 Joanne
1324 582 1575 622 scholastico
1596 583 1775 631 Pittone,
1800 599 1839 634 p.
1866 584 1941 622 166
1959 585 1983 623 ².

282 645 466 694 Denique
486 658 593 682 anno
614 643 901 681 MCCXCVIII
917 642 933 665 3
951 641 1084 681 evasit
1111 641 1325 692 episcopus
1343 641 1598 681 Biterrensis.
1629 643 1717 691 Qua
1737 651 1986 694 tempestate

280 704 513 742 Bonifacius
535 703 652 750 VIII,
675 703 859 752 cogitans
882 702 930 740 de
953 701 1110 740 edendo
1131 709 1247 739 sexto
1276 700 1379 739 libro
1398 702 1680 749 Deer'etalium,
1701 702 1819 740 istius
1839 702 1985 742 Beren-

281 763 380 813 garii
404 777 525 813 opera
547 762 589 801 in
610 762 750 812 primis
774 776 869 799 usus
894 769 968 808 est,
992 768 1097 799 teste
1119 760 1208 810 ipso
1230 760 1456 808 Bonifaeio,
1482 775 1561 811 quo
1584 762 1719 799 nullus
1742 762 1986 801 luculentior

281 837 363 860 esse
383 830 533 872 potest.
556 821 625 859 Ait
645 821 752 859 enim
774 837 781 858 :
803 835 872 871 per
891 820 1129 858 venerabiles
1147 819 1286 868 fratres
1307 828 1456 857 nostros
1483 820 1750 868 Gztillelmum,
1772 821 1985 872 archiepis—

281 896 420 931 copum
443 881 775 927 Ebreclunensem‚
800 888 834 917 et
856 879 1157 928 Berengarium‚
1182 879 1413 929 episcopum
1437 880 1711 928 Biterrensem,
1736 895 1782 918 ac
1805 880 1986 919 dilectum

283 941 412 989 filium
433 940 666 988 magistrum
686 939 930 977 Riclzcirclum
950 939 993 976 de
1015 938 1131 976 Senis
1145 938 1173 985 4,
1194 946 1325 976 sancte
1345 953 1503 976 romane
1524 939 1696 977 Ecclesie
1716 940 1984 978 vicecancella-

281 1000 399 1047 rium,
431 999 535 1049 juris
570 999 771 1048 utriusque
803 999 1004 1045 doctorem,
1049 998 1251 1035 decretales
1283 998 1511 1048 hujusmodi
1556 999 1789 1048 diligentius
1819 999 1986 1048 jecimus

282 1058 467 1096 recenseri
485 1058 511 1096 5.
532 1058 632 1096 Cum
656 1065 912 1095 accusatores
937 1056 1157 1095 memoriae
1170 1057 1371 1095 Bonifacii
1394 1066 1537 1107 postea
1561 1058 1667 1096 inter
1691 1066 1844 1097 ceteras
1869 1073 1985 1097 accu-

281 1117 456 1156 sationes
486 1117 781 1167 exprobrarent
808 1116 923 1154 illum
951 1130 1179 1166 numquam
1209 1116 1357 1155 dixisse
1386 1116 1540 1155 bonum
1569 1118 1742 1156 verbum
1772 1118 1819 1156 de
1848 1118 1986 1168 aliquo

282 1178 478 1227 praelato,
505 1176 775 1226 reposuerunt
792 1176 878 1226 ejus
900 1176 1130 1214 defensores
1146 1176 1245 1214 haee
1271 1176 1411 1223 verba,
1439 1191 1542 1226 quae
1568 1177 1760 1226 leguntur
1785 1177 1823 1214 in
1843 1177 1985 1221 Collec-

282 1237 407 1273 taneis
425 1250 546 1286 supra
566 1235 744 1273 laudatis
768 1251 806 1286 p.
830 1235 906 1273 479
929 1235 1135 1274 :Preterea
1158 1235 1260 1272 idem
1283 1236 1467 1273 dominus
1490 1236 1727 1286 Bonifacius
1752 1236 1794 1274 in.
1815 1237 1986 1287 proemio

280 1295 376 1333 sexti
400 1295 493 1332 libri
516 1295 799 1333 commendavit
820 1295 1044 1332 reverendos
1066 1302 1196 1344 patres
1220 1294 1398 1332 dominos
1421 1295 1722 1345 Ber-engarium',
1747 1304 1839 1334 tunc
1861 1296 1986 1334 Biter-

281 1369 442 1402 rensem,
470 1369 575 1398 narie
588 1354 819 1404 episcopum
847 1354 1132 1401 Tusculanum,
1152 1354 1472 1392 Ebredicnensem
1495 1363 1529 1392 et
1553 1355 1758 1393 (lominum
1783 1356 1830 1394 R.
1852 1356 1987 1395 Sancti

281 1413 488 1451 Eustachii
509 1414 719 1451 diaconum
739 1413 993 1461 cardinalem,
1015 1413 1285 1463 compilatores
1304 1414 1402 1451 sexti
1422 1414 1528 1452 libri.

333 1473 452 1512 Anno
480 1473 667 1520 MCCtiV,
697 1473 759 1511 die
786 1487 842 1510 xv
870 1472 1108 1520 decembris,
1130 1473 1313 1511 Clemens
1335 1473 1369 1510 V
1395 1488 1487 1511 eum
1519 1474 1673 1511 creavit
1699 1474 1986 1524 presbyterum

282 1532 529 1570 cardinalem
556 1532 667 1575 tituli
696 1534 940 1571 Sanctorum
970 1532 1087 1570 Nerei
1115 1540 1159 1570 et
1182 1532 1365 1571 Achillei.
1396 1533 1513 1581 Quod
1536 1533 1637 1571 adeo
1666 1541 1823 1572 certum
1851 1542 1912 1572 est
1939 1542 1986 1571 ut

281 1591 473 1629 affirmari
509 1592 663 1641 absque
700 1592 781 1629 ullo
817 1591 996 1642 periculo
1032 1591 1162 1641 possit
1199 1599 1380 1629 erratum
1417 1607 1500 1630 esse
1537 1592 1579 1631 in
1615 1592 1984 1643 subscriptionibus

282 1650 496 1700 cujusdam
518 1651 652 1690 bullae
675 1650 892 1689 Clementis
915 1650 963 1698 V,
986 1651 1096 1701 apud
1113 1651 1334 1689 Odoricum
1352 1651 1630 1700 Raynaldum,
1653 1666 1717 1690 an.
1744 1652 1857 1700 1307,
1884 1653 1900 1701 ἓ
1920 1652 1983 1700 23,

280 1710 349 1747 ubi
371 1710 518 1759 legitur
541 1726 548 1747 z
572 1710 656 1759 Ego
678 1710 912 1748 Benedictus
934 1710 989 1748 tit.
1015 1710 1249 1748 Sanctorum
1271 1710 1370 1748 Neri
1391 1719 1425 1748 et
1450 1711 1619 1749 Achillei
1640 1711 1838 1761 presbyter
1859 1712 2004 1755 cardi-⁴

281 1769 384 1806 milis
405 1769 636 1819 subscripsi.
663 1769 779 1817 Quod
801 1769 925 1808 miror
947 1769 1212 1807 observatum
1234 1784 1317 1810 non
1338 1770 1460 1808 fuisse
1482 1771 1533 1808 ab
1556 1771 1785 1820 Augustino
1811 1771 1984 1809 Oldoino

292 1828 378 1878 [col.
407 1828 521 1878 379],
550 1842 641 1866 cum
666 1829 731 1866 ille
756 1828 798 1867 in
822 1828 968 1867 iisdem
994 1828 1364 1879 subscriptionibus
1391 1829 1655 1868 annotaverit
1681 1830 1786 1868 male
1813 1830 1985 1867 Arduini

280 1901 429 1928 nomen
459 1887 640 1937 positum
673 1902 756 1925 esse
788 1901 861 1937 pro
893 1887 1057 1926 nomine
1090 1888 1260 1926 Arnaldi
1290 1889 1338 1927 de
1381 1889 1592 1938 Pelagrua,
1627 1889 1842 1930 cardinalis
1875 1889 1986 1927 tituli

281 1946 317 1984 S.
342 1946 491 1984 Mariae
513 1946 552 1984 in
576 1947 753 1986 Porticu.
782 1946 925 1985 Nescio
947 1955 1087 1985 autem
1111 1947 1182 1985 ubi
1204 1948 1458 1986 Contelorius
1486 1949 1538 1999 [p.
1562 1948 1624 1997 17]
1648 1948 1851 1987 invenerit
1871 1948 1986 1986 illum

281 2005 401 2044 fuisse
433 2006 719 2055 presbyterum
744 2006 992 2045 cardinalem
1015 2006 1128 2044 tituli
1150 2009 1395 2046 Sanctorum
1412 2007 1583 2046 ¹Ioannis
1600 2015 1640 2045 et
1656 2008 1784 2046 Pauli.
1812 2008 1916 2046 Nam
1940 2023 1986 2046 eo

281 2064 402 2102 titulo
429 2073 596 2103 ornatus
622 2065 701 2102 fuit
724 2066 977 2104 Bertrandus
1004 2066 1051 2104 de
1076 2066 1221 2104 Bordis
1246 2081 1375 2116 usque
1400 2068 1452 2104 ad
1478 2081 1633 2106 annum
1659 2067 1878 2114 MCCCXI,
1906 2082 1986 2117 quo

280 2123 448 2162 interiit.
483 2124 561 2161 Diu
592 2139 687 2162 vero
718 2133 814 2163 ante
842 2124 1111 2175 Berengarius
1142 2126 1277 2164 fuerat
1307 2126 1441 2164 faetus
1473 2126 1685 2177 episcopus
1717 2126 1984 2165 Tusculanus.

281 2183 411 2232 Vulgo
429 2191 568 2221 autem
586 2197 743 2234 semper
759 2192 931 2222 vocatus
949 2184 1028 2222 fuit
1045 2184 1260 2223 cardinalis
1277 2185 1532 2233 Biterrensis,
1550 2194 1597 2223 ut
1612 2186 1743 2236 liquet
1760 2200 1809 2224 ex
1827 2186 1986 2225 Joanne

281 2241 469 2290 Villanio,
491 2242 559 2282 lib.
588 2242 661 2290 IX,
685 2257 772 2293 cap.
798 2257 929 2280 Lxxxx
964 2243 1191 2294 [Muratori,
1214 2252 1244 2282 t.
1269 2259 1340 2292 x11,
1364 2245 1436 2283 col.
1461 2245 1561 2295 483]
1585 2253 1626 2283 et
1648 2259 1698 2283 ex
1719 2253 1834 2283 tomo
1853 2244 1985 2295 primo

282 2301 456 2339 Bullarii
471 2301 625 2349 δαείη,
641 2316 679 2352 p.
697 2302 758 2341 41.

334 2435 362 2465 1.
395 2433 423 2464 Il
452 2432 511 2464 fut
539 2433 621 2476 plus
650 2440 891 2467 exactement
919 2434 1148 2468 archidiaere
1171 2436 1215 2468 de
1245 2435 1436 2469 Corbieres
1465 2448 1510 2469 cn
1538 2429 1690 2480 I’Eglise
1714 2437 1758 2470 de
1782 2437 1985 2470 Nax-bonne

289 2486 349 2528 (H.
367 2486 421 2525 L.y
440 2492 465 2519 t.
485 2498 623 2526 xxxw,
642 2499 677 2530 p.
696 2487 768 2530 67).

331 2540 361 2571 2.
387 2540 638 2582 Raymundus
661 2541 835 2573 dominus
858 2541 1013 2574 Ucetiae
1036 2542 1153 2582 miles,
1170 2554 1285 2586 nepos
1307 2542 1522 2586 Berongarii
1537 2543 1735 2576 cardinalis
1758 2543 1986 2576 Sanctorum

285 2592 391 2625 Nerei
423 2593 565 2635 (Arrest
594 2594 637 2626 de
665 2594 700 2626 la
728 2594 932 2627 Toussaint
951 2595 1045 2628 ‘1306
1072 2597 1252 2639 rapporte
1269 2596 1390 2639 parmi
1417 2597 1468 2629 les
1497 2597 1656 2629 oxtraits
1685 2598 1729 2630 de
1756 2590 1833 2629 l’a'n
1861 2596 1983 2640 1341).

284 2646 526 2688 ljerengarius
551 2647 595 2679 de
620 2647 818 2688 Lauduno,
844 2648 934 2681 alias
960 2649 1003 2681 de
1030 2649 1175 2689 Ucetia,
1200 2649 1355 2682 Beatrix
1381 2649 1456 2682 filia
1482 2650 1681 2690 Guillelmi,
1707 2650 1836 2683 militis
1864 2650 1982 2692 (1327,

288 2699 403 2742 1328).
426 2718 473 2722 —
493 2700 738 2743 Berengarius
762 2701 909 2734 Fredoli
929 2702 1141 2742 cardinalis,
1166 2702 1418 2746 Raymundus
1441 2703 1646 2744 Gaueelmi,
1669 2704 1786 2743 miles,
1809 2704 1984 2736 dominus

287 2752 451 2792 scotiae,
473 2765 587 2796 nepos
608 2754 687 2796 ejus
711 2754 855 2796 (Arrest
874 2755 918 2787 de
938 2755 1045 2799 1306)
1081 2756 1185 2799 [c‘est
1204 2756 1332 2789 l’arret
1351 2756 1491 2800 signale
1512 2768 1580 2800 par
1603 2757 1643 2790 E.
1665 2757 1856 2797 Boutarie‚
1877 2757 1984 2791 Actes

286 2806 331 2836 (lu
356 2805 571 2845 Parlement,
599 2818 632 2839 n.
658 2808 765 2847 3405,
791 2814 829 2840 et
852 2808 1037 2851 Beugnot,
1063 2808 1172 2849 Olim,
1198 2815 1224 2843 t.
1249 2822 1286 2850 11,
1313 2822 1347 2853 p.
1374 2810 1479 2853 485).
1502 2810 1982 2851 —F1=edulus,can0nicus

286 2857 558 2899 Magalonensis
579 2860 918 2903 (Raynaldi‚1274,
942 2862 1031 2905 §48)
1064 2862 1192 2906 [Bal.].

334 2912 365 2943 3.
385 2912 674 2945 (301'11tcn21294
696 2914 841 2955 (Eubel,
859 2921 885 2947 t.
902 2927 926 2954 1,
944 2927 978 2958 p.
997 2916 1094 2959 137).

334 2965 365 2995 l„
384 2964 475 2995 vido
493 2965 751 3006 Montsaucon,
765 2967 942 3001 Diarium
958 2968 1140 3008 Italicum,
1158 2981 1192 3012 p.
1209 2969 1279 3002 344
1307 2970 1397 3012 [Bal.
1410 2969 1436 3013 ].

336 3019 365 3048 5.
390 3018 531 3060 Corpus
550 3018 645 3060 juris
665 3021 844 3060 canonici,
867 3022 923 3054 ed.
948 3020 1161 3065 Friedberg,
1185 3028 1210 3056 t.
1232 3035 1269 3061 11,
1292 3023 1359 3056 col.
1377 3024 1458 3063 933,
1476 3024 1556 3057 934.
1572 3043 1620 3046 ψ-
1640 3023 1710 3056 Sur
1728 3024 1764 3056 la
1784 3022 1980 3056 redaction

288 3070 334 3099 <211
356 3072 458 3103 Sarte
476 3077 507 3101 (¹1
530 3072 563 3103 Ia
583 3079 667 3115 part
686 3073 775 3116 qu'y
795 3074 870 3117 prit.
888 3074 1083 3118 Berenger,
1105 3076 1185 3108 voir
1203 3076 1250 3109 H.
1271 3076 1326 3115 L.,
1347 3083 1372 3109 ¹..
1393 3089 1531 3116 xxxiv,
1559 3089 1592 3120 p.
1614 3077 1735 3110 56-60.
