2083 3458
59 192 181 246 [721]
584 210 799 235 PAPARL‘M
835 206 1217 235 AVENIONENSIUM
1657 191 1740 232 217

47 290 214 328 moratis
242 290 348 328 inter
373 291 635 340 probationes
663 293 864 330 Historiae.
899 291 1164 330 cardinalium
1206 290 1419 337 Gallorum,
1447 304 1485 340 p.
1514 290 1602 337 292,
1630 298 1671 328 et
1696 290 1738 328 in

47 349 134 387 aliis
164 349 289 387 literis
319 349 502 398 ejusdem
532 351 633 400 regis
663 352 770 389 datis
800 352 910 402 apud
931 351 1177 389 Atrebatum
1206 363 1313 387 anno
1345 349 1572 395 MCCCXL,
1602 363 1741 387 mense

45 408 160 457 julio,
190 408 230 446 in
261 408 409 457 quibus
439 410 674 447 continetur
703 411 854 448 donum
887 410 1003 462 quod!
1026 409 1057 447 is
1088 417 1177 446 tuni
1208 408 1303 446 fecit
1335 408 1524 458 Philippo
1553 408 1737 459 Johannis,

46 467 182 513 militi,
214 467 354 517 nepoti
384 468 600 506 cardinalis
632 469 887 515 Albanensis,
910 468 1100 518 Philippe
1133 467 1274 507 Jehan.
1305 467 1505 513 chevalier,
1538 481 1656 504 neven
1687 467 1739 504 du

46 526 226 563 cardinal
256 525 463 565 d’Albane.
502 528 588 565 Hae
623 528 790 566 ultimae
814 519 953 566 literae
983 534 1129 566 extant
1160 526 1201 563 in
1230 526 1390 574 Regesto
1427 539 1557 562 Lxxnl
1593 525 1739 575 [JJ73]

47 585 202 622 archivi
226 585 323 634 regii
349 585 489 631 Paris.‚
516 600 604 636 cap.
634 601 784 625 chvn.

102 643 277 694 Philippi
302 644 403 682 filios
427 644 548 683 fuisse
572 645 687 683 facile
711 646 949 684 crediderim
975 644 1269 693 Raymundum
1293 643 1462 681 Joannis
1486 651 1526 681 et
1546 643 1739 681 Benedic-

48 710 137 739 tum
155 702 325 740 Joannis
339 703 542 752 juniorem
559 719 732 754 quorum
749 705 857 754 prior
872 712 1102 742 recensetur
1117 703 1223 740 inter
1237 702 1450 752 primarios
1467 702 1573 740 cives
1591 702 1740 739 Cadur-

48 776 198 807 censes,
215 762 318 800 alter
331 762 372 799 in
388 763 527 801 ordine
544 763 831 801 canonicorum
858 764 1025 813 ponitur
1048 776 1156 800 anno
1172 761 1410 799 MCCCLHI
1427 761 1535 810 apud
1553 761 1747 798 eumdem

49 821 260 867 Crueeum,
282 836 320 870 p.
343 821 430 859 259.

99 880 312 917 Benedicti
332 895 453 930 porro
474 895 636 927 nomen,
658 889 704 918 ut
726 882 800 919 hoc
823 895 984 930 quoque
1006 880 1281 925 observemus,
1304 879 1372 916 diu
1393 886 1599 916 retentum
1621 886 1681 916 est
1702 878 1741 915 in

49 952 94 975 ea
117 946 248 988 gente.
273 939 432 989 Quippe
452 939 560 978 idem
582 940 770 986 Crueeus,
793 955 830 990 p.
855 940 943 980 363,
967 939 1146 977 ostendit
1168 953 1217 976 ex
1238 938 1444 975 veteribus
1467 937 1742 975 monumentis

48 997 317 1035 Benedictum
334 998 504 1036 Joannis
517 998 639 1037 fuisse
654 1013 763 1036 anno
778 998 1091 1037 MCCCCXCIII
1107 997 1247 1035 Karoli
1262 997 1364 1034 VIII
1377 996 1478 1044 regis
1496 996 1747 1034 Francorum

50 1064 370 1106 procuratorem,
401 1065 448 1094 ut
476 1066 565 1095 tum
595 1058 884 1107 loquebantur,
924 1057 1007 1095 sive
1047 1064 1249 1094 oratorem
1287 1055 1328 1093 in
1357 1055 1466 1095 curia
1491 1069 1673 1102 romana,
1704 1062 1745 1092 et

50 1115 334 1165 episcopatum
359 1116 656 1155 Cadurcensem
681 1117 715 1155 ei
741 1117 994 1155 destinatum
1019 1115 1141 1153 fuisse
1166 1115 1217 1153 ab
1243 1115 1385 1152 eodem
1409 1128 1512 1163 rege.

105 1174 166 1211 Ex
197 1189 243 1212 ea
276 1183 394 1223 gente
428 1175 506 1213 fuit
539 1176 742 1213 Arnaldus
777 1175 961 1221 Joannis,
994 1175 1103 1225 prior
1136 1182 1362 1211 conventus
1396 1172 1748 1210 Montalbanensis

49 1233 224 1271 fratrum
250 1234 597 1281 praedicatorum,
622 1235 670 1273 de
695 1249 775 1284 quo
798 1235 897 1273 haee
921 1235 1046 1272 habet
1068 1233 1298 1271 Bernardus
1323 1232 1519 1270 Guidonis
1539 1230 1552 1253 1
1577 1247 1584 1268 :
1611 1232 1750 1268 Frater

49 1292 253 1330 Arnaldus
291 1293 490 1331 Johannis
524 1294 776 1332 Caturcensis
819 1293 1002 1331 successit
1043 1292 1158 1342 fratri
1192 1292 1316 1341 Helye
1359 1291 1402 1328 de
1450 1290 1582 1328 Briva.
1631 1290 1750 1327 Prior

47 1351 126 1399 suit
156 1352 277 1389 annis
309 1352 474 1399 duobus,
505 1352 657 1403 fuitque
697 1353 900 1390 absolutus
934 1352 976 1389 in
1017 1351 1189 1401 capitulo
1233 1349 1470 1399 provinciali
1514 1348 1746 1386 Caturcensi

48 1425 154 1448 anno
177 1411 344 1448 Domini
370 1411 700 1450 MCCXCI'III.
733 1412 769 1449 Is
797 1411 1000 1449 Arnaldus
1028 1410 1106 1448 fuit
1132 1409 1350 1459 inquisitor
1376 1408 1576 1446 hereticae
1612 1406 1745 1458 pravi—

50 1469 149 1507 tatis
172 1469 212 1507 in
234 1470 406 1508 dioecesi
428 1471 726 1521 Appamiarum
747 1485 854 1509 anno
879 1470 997 1513 1297:
1024 1469 1116 1507 vide
1131 1469 1344 1519 ‘Excerpta
1372 1482 1420 1505 ex
1446 1466 1626 1505 archivio
1655 1467 1749 1504 Car—

50 1528 295 1577 cassonensi,
315 1529 415 1568 dans
433 1530 489 1568 les
507 1530 654 1580 Cayers
671 1533 721 1568 ou
740 1530 769 1568 il
785 1538 838 1567 est
855 1530 963 1579 parle
981 1530 1045 1566 cles
1066 1528 1188 1577 Juiss.

104 1588 166 1625 Ex
183 1588 325 1626 eadem
343 1603 505 1639 quoque
523 1589 706 1627 fortassis
725 1597 843 1638 gente
862 1589 939 1626 fuit
960 1589 1102 1626 Petrus
1122 1586 1307 1633 Joannis,
1324 1586 1459 1634 legum
1477 1585 1620 1622 doctor
1636 1583 1748 1634 apud

51 1646 515 1697 Montempessulanum,
536 1648 578 1686 in
599 1648 854 1686 Collectaneis
876 1648 919 1688 de
949 1647 1115 1684 dissidio
1136 1645 1341 1694 Bonijacii
1376 1644 1488 1681 VIII
1507 1651 1541 1681 et
1561 1642 1748 1692 Philippi

50 1706 227 1753 Pulchri,
256 1721 294 1756 p.
327 1706 413 1745 157.

104 1765 205 1803 Cum
219 1779 312 1815 ergo
326 1765 390 1804 hic
406 1765 621 1804 cardinalis
637 1774 750 1804 ortus
766 1765 887 1804 fuerit
902 1780 952 1803 ex
966 1772 1085 1814 gente
1107 1762 1403 1802 Joannensium
1419 1776 1519 1811 quos
1535 1775 1584 1799 ex
1606 1774 1750 1798 monu-

51 1823 199 1862 mentis
227 1838 249 1862 a
269 1825 419 1863 Cruceo
438 1825 572 1863 allatis
591 1833 764 1875 apparet
783 1839 941 1875 semper
959 1831 1128 1862 vocatos
1148 1822 1268 1860 fuisse
1291 1821 1463 1859 ,loannis
1481 1820 1545 1858 vel
1566 1820 1610 1857 de
1631 1820 1750 1865 Jean,

50 1883 205 1932 absque
229 1883 516 1922 additamento
539 1884 789 1934 cognominis
815 1883 862 1922 de
887 1884 1002 1930 Ossa,
1024 1883 1110 1932 jam
1134 1888 1298 1920 constat
1320 1880 1468 1918 falsum
1492 1879 1614 1916 fuisse
1637 1878 1750 1915 Onu-

50 1941 214 1991 phrium
232 1942 478 1980 Panvinium
494 1951 535 1981 et
551 1943 620 1993 qui
635 1957 728 1981 eum
744 1942 872 1981 secuti
888 1950 984 1980 sunt
1000 1955 1127 1991 quum
1143 1940 1391 1979 cardinalem
1406 1939 1531 1976 istum
1546 1944 1747 1975 vocarunt

52 2000 320 2038 Ganzelinum
339 2002 402 2040 vel
421 2002 689 2040 Gaucelinum
709 2002 880 2040 Joannis
899 2002 947 2039 de
966 2001 1081 2047 Ossa,
1101 1999 1237 2037 fratris
1256 2012 1387 2049 papae
1408 1996 1549 2035 silium.
1571 1995 1747 2045 Longius

51 2067 191 2097 autem
219 2074 343 2109 quam
372 2060 555 2111 oportuit
581 2075 792 2112 progressa
820 2069 881 2099 est
908 2060 1144 2109 conjectura
1172 2057 1335 2097 Oldoini
1379 2055 1621 2106 [Ciaconius‚
1649 2062 1678 2093 t.
1706 2068 1751 2101 11,

52 2118 126 2157 col.
146 2118 237 2168 408]
263 2134 271 2156 z
300 2119 369 2168 qui
388 2134 480 2157 cum
498 2120 656 2158 videret
675 2120 782 2158 hunc
801 2119 1049 2158 cardinalem
1067 2117 1205 2156 vocari
1223 2116 1491 2155 Gaucelmum
1510 2113 1680 2152 Joannis
1699 2112 1751 2150 de>

52 2178 167 2222 Ossa,
198 2177 355 2216 censuit
383 2187 643 2229 assumptum
672 2179 724 2216 ab
753 2194 799 2217 eo
829 2178 950 2216 fuisse
987 2191 1135 2215 nomen
1162 2175 1292 2227 patris
1328 2182 1422 2225 post
1449 2172 1673 2224 proprium,
1701 2178 1750 2208 ut

52 2236 233 2286 plerique
261 2237 356 2274 olim
382 2238 584 2285 solebant,
611 2246 652 2276 et
679 2237 830 2276 Joanni
857 2251 987 2302 papae
1015 2237 1183 2274 fratrem
1211 2234 1332 2272 fuisse
1360 2233 1562 2271 Joannem
1588 2238 1747 2281 patrem

51 2295 168 2333 istius
196 2295 424 2342 Gaucelmi3
454 2297 563 2347 quod
590 2296 739 2334 falsum
766 2296 933 2334 omnino
959 2304 1032 2334 est.
1063 2294 1157 2332 Fuit.
1183 2293 1290 2332 enim
1317 2291 1560 2330 Gaucelmus
1586 2303 1636 2327 ex
1670 2288 1747 2326 alia

53 2362 185 2403 gente,
206 2354 390 2420 adeoque
410 2355 547 2394 forsan
566 2370 614 2394 ne
636 2356 800 2406 quidem
821 2354 1144 2404 consanguineus
1164 2352 1236 2390 aut
1264 2351 1394 2389 affinis
1424 2347 1587 2400 papae²
1592 2348 1750 2386 C.erte

54 2413 164 2478 apud
192 2413 396 2452 neminem
423 2414 635 2465 Onuphrio
663 2415 932 2453 vetustiorem
959 2413 1088 2463 reperi
1114 2412 1228 2449 illum
1256 2410 1377 2448 fuisse
1404 2401 1595 2458 nepotem
1624 2407 1746 2444 Joan-

54 2471 114 2509 nis
143 2472 284 2511 XXII.

111 2531 231 2568 Initia
250 2531 337 2580 ejus
358 2546 440 2569 non
458 2546 539 2570 nov
543 2531 647 2570 imus
665 2531 692 2571 3.
714 2532 819 2569 Tum
838 2531 1015 2581 primum
1036 2537 1156 2567 notus
1177 2528 1298 2565 fuisse
1317 2542 1341 2563 x
1346 2527 1480 2564 idetur
1499 2539 1545 2562 eo
1566 2532 1751 2572 tempore

54 2604 136 2638 quo
163 2590 342 2628 Joannes
372 2590 500 2628 XXII
528 2591 580 2629 ad
607 2605 813 2629 summum
840 2590 1133 2640 pontificatum
1159 2602 1207 2625 ev
1212 2594 1324 2624 ectus
1352 2592 1425 2624 est.
1455 2583 1605 2622 Statim
1639 2580 1750 2619 enim

55 2648 187 2686 factus
203 2657 264 2687 est
284 2663 477 2688 romanae
504 2650 706 2688 Ecclesiae
723 2647 1140 2687 xiceeaneellariun1.4
1169 2645 1306 2687 Fuisse
1321 2652 1461 2682 autem
1486 2641 1565 2679 cito
1591 2640 1750 2678 factum

102 2801 134 2833 1.
155 2800 351 2841 Toulouse,
371 2812 438 2834 ms.
460 2801 541 2841 490,
562 2801 585 2834 f.
608 2801 676 2834 170
696 2805 746 2834 v0.

103 2854 133 2886 2.
160 2852 339 2886 Gaueelm
362 2853 497 2887 n’etait
520 2865 586 2897 pas
611 2860 745 2897 parent
769 2854 812 2886 de
833 2853 930 2886 Jean
954 2852 1084 2891 XXII,
1111 2851 1203 2884 mais
1228 2852 1258 2883 le
1289 2861 1408 2883 neveu
1432 2860 1499 2892 par
1523 2847 1676 2880 alliance
1702 2846 1750 2877 de

53 2904 277 2949 Marguerite
299 2906 420 2939 Duese
441 2906 504 2950 qui
525 2908 665 2951 epousa
684 2907 870 2939 Bertrand
891 2905 1034 2948 Dejean
1058 2904 1175 2947 (Albe,
1196 2915 1253 2947 op.
1275 2904 1345 2942 cil„
1367 2914 1402 2946 p.
1424 2902 1505 2940 104,
1527 2899 1622 2943 105).

101 2960 134 2992 3.
155 2958 244 2992 Voir
261 2959 366 2999 Albe,
386 2971 443 3003 op.
463 2960 534 2999 cit„
554 2971 589 3003 p.
610 2959 768 2993 114-116
787 2965 824 2992 et
842 2959 891 2992 H.
911 2958 965 2998 L.,
986 2964 1012 2991 t.
1033 2968 1170 2996 xxxw,
1191 2968 1225 3000 p.
1245 2957 1326 2989 353.

103 3011 135 3044 4.
169 3010 368 3045 Gaucelme
399 3012 458 3045 fut
489 3011 795 3045 vice-chancolier
825 3011 875 3044 du
906 3011 950 3044 15
981 3009 1191 3054 septembre
1222 3009 1315 3042 1316
1346 3019 1394 3041 au
1425 3007 1445 3040 9
1475 3005 1621 3050 janvier
1650 3003 1748 3037 1319

59 3063 112 3106 (P.
131 3063 178 3097 M.
197 3064 464 3108 Baumgarten,
486 3064 566 3098 Von
582 3066 642 3098 der
656 3063 930 3108 Apostolischen
947 3062 1113 3102 Kanzlei,
1131 3073 1166 3106 p.
1185 3061 1321 3104 96-99).
