2083 3458
274 210 354 251 672
923 224 1075 249 NOTAE
1109 225 1170 249 AD
1205 224 1333 250 VITAS
1828 206 1980 262 [1152]

278 321 380 355 mus,
400 307 589 347 Lutetiae
608 307 820 355 remansit,
839 307 1041 358 nullisque
1061 307 1248 358 precibus
1268 306 1377 346 vinci
1395 307 1533 358 potuit
1551 316 1598 345 ut
1617 322 1710 346 cum
1728 307 1783 346 eis
1802 305 1984 357 proficis-

278 375 436 406 ceretur
453 367 494 405 in
513 381 604 406 eam
621 367 841 418 regionem.

329 426 449 465 Anno
471 426 724 474 MCCCCIIL
748 441 841 465 cum
861 442 881 465 e
902 427 1058 477 palatio
1080 426 1357 465 Avenionensi
1377 426 1575 465 evasisset
1594 441 1703 477 papa
1722 425 1989 470 Benedictus,

277 494 314 524 et
340 486 555 525 concordia
577 486 857 537 redintegrata
879 495 985 525 esset
1005 486 1112 525 inter
1132 486 1269 536 ipsum
1289 494 1330 524 et
1352 485 1576 525 cardinales
1599 486 1788 536 civesque
1811 485 1986 524 Avenio-

277 560 433 593 nenses,
460 561 530 596 que
556 546 599 583 in
622 546 824 584 Avinione
850 554 955 595 gesta
978 554 1100 594 erant,
1126 545 1263 596 inquit
1297 545 1560 584 continuator
1594 546 1743 596 Nangii
1760 545 1788 593 1,
1811 544 1893 595 regi
1918 560 1986 595 per

277 605 455 643 dominos
488 606 709 643 cardinales
741 606 1012 644 Pictavensem
1044 614 1078 643 et
1110 606 1154 643 de
1188 605 1363 643 Saluciis
1395 620 1505 655 papa
1535 605 1673 643 statuit
1706 605 1902 643 intimare.
1936 604 1973 642 E

276 665 333 702 liii
351 665 450 704 maii
466 665 594 703 XXIv
610 666 672 703 die
690 665 732 702 in
750 666 861 703 domo
878 665 987 715 regia
1005 665 1142 703 Sancti
1159 665 1282 703 Pauli
1300 680 1389 702 cum
1405 665 1573 712 Biturie,
1592 664 1842 714 Burgundie,
1860 665 1985 702 Aure-

276 724 462 772 lianensi,
499 734 534 763 et
568 725 762 762 Borbonii
800 725 981 773 ducibus,
1019 724 1344 772 conestabulariO,
1383 725 1517 762 comite
1553 726 1598 762 de
1637 724 1904 771 Tancarvilla,
1941 739 1986 762 ac

276 784 463 834 magistro
478 784 642 834 hospitii
658 785 757 834 regii
776 785 959 822 „Iohanne
974 785 1018 822 de
1033 785 1287 822 Monteacuto
1301 784 1549 834 presentibus
1564 784 1812 822 audientiam
1825 784 1986 833 suerunt

276 844 455 882 assecuti.
484 844 596 882 Tunc
617 845 722 894 sacta
740 844 901 882 ‘dicendi
926 844 1055 893 gratia
1078 859 1149 894 que
1171 844 1350 894 placeret,
1376 844 1533 881 nomine
1556 853 1590 882 et
1623 843 1851 882 auctoritate
1881 843 1984 881 sacri

276 903 427 953 collegii
457 904 724 942 cardinalium
754 904 939 942 dominus
969 903 1216 942 Pictavensis
1247 904 1414 941 multum
1444 904 1699 941 disertissime
1715 904 1762 941 'et
1790 903 1984 941 luculento

274 978 448 1001 sermone
468 964 664 1013 peroravit
685 980 692 1001 :
716 978 786 1014 que
808 963 987 1014 quamvis
1008 978 1138 1001 coram
1158 963 1372 1013 perpaucis
1392 972 1426 1001 et
1444 972 1596 1011 secreto,
1617 963 1912 1013 promulgatum
1932 971 1986 1000 est

275 1031 405 1060 tamen
426 1032 560 1073 postea
582 1024 632 1061 ab
653 1023 733 1061 hiis
755 1024 822 1074 qui
844 1023 999 1061 secretis
1021 1023 1201 1061 consiliis
1224 1038 1269 1061 ex
1288 1022 1411 1073 officio
1430 1023 1622 1061 assistunt
1640 1023 1811 1072 tetigisse
1832 1031 1924 1060 tunc
1944 1022 1986 1059 in

273 1082 497 1121 substantia
523 1098 593 1133 que
617 1091 845 1134 sequuntur.
874 1083 1028 1121 Statum
1054 1097 1221 1133 namque
1247 1083 1484 1121 universalis
1513 1082 1684 1120 Ecclesie
1709 1083 1929 1120 dolorosum
1953 1090 1987 1122 et

275 1157 425 1192 papam
447 1142 636 1193 primitus
659 1143 990 1190 recommendans,
1014 1151 1048 1181 et
1070 1143 1286 1192 reprobans
1312 1142 1401 1180 inde
1433 1142 1806 1192 nephandissimum
1827 1141 1985 1188 scisma,

276 1202 376 1240 dixit
397 1202 576 1240 dominos
598 1202 819 1240 cardinales
840 1202 1165 1240 substractionem
1186 1202 1437 1252 aliquamdiu
1458 1202 1701 1252 approbasse
1722 1209 1924 1252 sperantes
1946 1209 1986 1238 ut

274 1261 331 1299 sic
358 1262 476 1300 citius
502 1262 710 1312 sopiretur,
739 1271 779 1300 at
807 1262 977 1300 videntes
1006 1262 1065 1299 nil
1092 1262 1278 1301 utilitatis
1306 1262 1362 1299 vel
1389 1261 1547 1299 lionoris
1577 1261 1667 1299 inde
1692 1261 1927 1311 processisse
1954 1269 1986 1298 et

276 1322 377 1371 quod
400 1321 503 1359 dicta
526 1321 760 1360 substractio
787 1321 830 1359 in
855 1322 1125 1371 confusionem
1150 1330 1183 1359 et
1207 1322 1441 1359 scandalum
1465 1321 1637 1359 Ecclesie
1661 1336 1707 1359 ac
1731 1321 1850 1359 totius
1874 1320 1985 1358 eccle-

274 1381 426 1419 siastici
454 1381 607 1419 ordinis
635 1381 862 1428 vertebatur,
892 1382 1059 1431 dignum
1087 1382 1279 1419 diescet-ant
1306 1381 1429 1431 capiti
1455 1395 1527 1419 suo
1554 1395 1623 1431 per
1650 1395 1779 1418 veram
1808 1379 1985 1418 obedien-

275 1440 372 1478 tiam
393 1455 432 1478 se
457 1441 583 1489 unire,
610 1441 971 1491 impossibilitatem
993 1441 1112 1479 etiam
1134 1441 1305 1478 habendi
1331 1441 1518 1478 unionem
1538 1440 1674 1478 multis
1698 1440 1840 1478 mediis
1863 1448 1985 1477 osten-

276 1500 369 1537 dens
392 1501 555 1538 durante
575 1501 858 1538 substractione
882 1517 888 1538 :
914 1515 997 1551 que,
1022 1500 1163 1550 inquit,
1186 1500 1256 1538 etsi
1278 1515 1347 1550 per
1369 1500 1663 1538 indurationem
1684 1500 1812 1538 cordis
1834 1498 1986 1537 domini

275 1574 378 1609 pape
407 1560 646 1610 processerit,
677 1561 778 1598 lianc
807 1569 937 1598 tamen
965 1560 1090 1598 sentio
1119 1560 1323 1597 actualiter
1353 1560 1630 1609 mitigandam,
1660 1559 1696 1597 si
1728 1559 1863 1597 minus
1896 1559 1986 1596 bene

276 1620 452 1657 consulta
470 1620 703 1657 substractio
722 1621 962 1667 annulletur,
986 1620 1026 1657 id
1045 1620 1316 1669 multipliciter
1334 1620 1524 1666 suadens;
1545 1628 1579 1657 et
1597 1634 1748 1669 papam
1767 1619 1811 1656 de
1830 1633 1986 1656 summa

276 1679 470 1728 patientia
497 1687 530 1717 et
557 1679 827 1717 misericordia
855 1679 1079 1717 notabiliter
1106 1679 1436 1726 recommendans,
1468 1679 1601 1729 ipsum
1628 1687 1856 1729 promptum
1883 1692 1985 1716 asse-

276 1738 356 1776 ruit
381 1739 432 1776 ad
458 1739 727 1789 complendum
758 1739 944 1789 quicquid
968 1739 1057 1776 lilia
1083 1739 1292 1788 deferentes
1318 1738 1485 1776 consulti
1513 1739 1681 1776 dicerent
1706 1738 1984 1788 eoeequendum,

278 1798 420 1848 quibus
445 1798 693 1848 disposuerat
716 1799 863 1836 credere
889 1799 931 1835 in
955 1799 1023 1835 hoc
1047 1807 1136 1836 actu
1160 1807 1193 1835 et
1216 1798 1366 1836 cunctis
1390 1798 1611 1847 agibilibus
1635 1799 1889 1848 complacere;
1916 1811 1986 1847 que

277 1866 311 1895 et
325 1858 493 1895 asseruit
510 1858 668 1895 domino
687 1858 776 1896 duci
795 1858 1079 1895 Aurelianensi
1100 1857 1253 1908 pluries
1275 1858 1494 1895 innotuisse
1509 1858 1669 1907 scriptis
1690 1858 1789 1896 suis.
1809 1857 1986 1907 Cumque

277 1925 447 1954 astantes
465 1926 636 1966 rogasset
650 1925 684 1955 et
699 1918 914 1955 monuisset
930 1926 970 1955 ut
984 1918 1036 1955 ad
1049 1917 1332 1956 restitutionem
1350 1916 1565 1955 obedientie
1583 1918 1804 1955 laborarent
1818 1925 1852 1955 et
1867 1916 1986 1966 finem

277 1976 402 2014 verbis
429 1976 593 2025 fecisset,
623 1991 688 2015 rex
717 1977 852 2015 intulit
879 1986 1035 2027 propter
1063 1977 1131 2014 hoc
1159 1977 1362 2027 episcopos
1390 1977 1501 2026 regni
1529 1977 1593 2014 sui
1623 1990 1888 2026 congregasse,
1919 1975 1985 2025 qui

278 2036 546 2074 concluderent
568 2036 620 2073 'in
653 2037 755 2074 brevi
786 2036 881 2087 quid
912 2036 1001 2074 inde
1031 2037 1228 2085 agendum
1259 2044 1365 2074 esset.
1397 2037 1449 2074 Et
1477 2036 1534 2074 sic
1564 2037 1856 2086 parlamentum
1887 2035 1987 2073 illud

277 2095 447 2133 solutum
481 2104 546 2134 est.
584 2096 776 2146 Quotquot
808 2096 942 2134 studia
978 2096 1189 2145 generalia,
1225 2096 1513 2133 Aurelianense
1547 2096 1705 2143 scilicet,
1741 2094 1984 2144 Andegavie‚

277 2155 326 2192 M
330 2155 653 2205 ontispessulani,
678 2164 711 2193 et
737 2156 911 2203 leolose,
936 2156 1097 2193 nuntios
1121 2155 1422 2203 destinaverant,
1448 2156 1490 2192 in
1514 2155 1731 2193 cardinalis
1752 2154 1986 2193 sententiam

280 2214 402 2261 ibant,
427 2215 544 2252 etiam
567 2230 696 2253 coram
720 2215 940 2265 majoribus
963 2216 1133 2253 Francie
1156 2215 1306 2265 pluries
1329 2215 1561 2264 affirmando
1583 2229 1622 2252 se
1646 2229 1851 2265 nunquam
1872 2213 1984 2251 subs—

277 2274 503 2312 tractionem
521 2275 775 2324 approbasse.
797 2275 902 2313 Tum
924 2275 985 2313 die
1002 2290 1135 2312 xxvnl
1153 2274 1250 2313 maii
1268 2274 1430 2325 publice
1450 2283 1491 2313 et
1510 2274 1731 2313 solenniter
1751 2273 1983 2312 obedientia

278 2333 469 2371 restituta
493 2343 554 2372 est
576 2334 813 2373 Benedicto.
841 2334 914 2372 Die
938 2349 1034 2372 vero
1058 2334 1246 2384 sequenti
1264 2333 1278 2356 2
1303 2333 1555 2384 congregatis
1588 2334 1630 2371 in
1657 2333 1824 2372 ecclesia
1848 2333 1983 2371 cathe-

279 2392 380 2430 drali
423 2393 639 2432 Parisiensi
681 2394 867 2440 ducibus,
919 2394 1194 2432 cardinalibus
1236 2402 1276 2431 et
1322 2393 1558 2443 episcopis,›
1592 2393 1796 2431 cardinale
1850 2392 1985 2430 Picta-

277 2452 406 2490 viensi
447 2453 614 2491 missam
658 2453 904 2500 celebrante,
950 2454 1093 2491 Petrus
1139 2453 1187 2491 de
1230 2453 1385 2491 Alliaco
1428 2452 1641 2502 episcopus
1685 2451 1983 2491 Cameracensis

277 2525 505 2550 sermonem
545 2512 592 2550 de
626 2512 887 2551 restitutione
918 2512 1175 2551 obedientiae
1204 2512 1365 2559 hahuit,
1396 2511 1510 2561 eujus
1539 2512 1681 2550 thema
1710 2511 1790 2549 fuit
1809 2522 1827 2549 ἐ
1860 2511 1984 2548 Bene-

278 2571 403 2608 dictus
428 2572 549 2619 Deus,
580 2572 646 2621 qui
676 2572 779 2610 dedit
810 2572 853 2609 in
884 2586 946 2609 cor
978 2572 1093 2621 regis,
1126 2580 1203 2610 etc.
1230 2571 1364 2621 Hujus
1399 2570 1455 2609 rei
1489 2571 1768 2610 narrationem
1801 2579 1983 2608 veterem

278 2630 406 2680 reperi
437 2631 478 2668 in
510 2631 646 2669 codice
678 2630 756 2669 843
787 2631 926 2669 Sancti
948 2631 1123 2670 Victoris
1147 2630 1272 2669 Paris.
1291 2630 1318 2678 3,
1350 2630 1417 2668 fol.
1451 2629 1524 2668 201
1556 2637 1613 2678 v0,
1646 2644 1749 2680 quae
1781 2629 1890 2668 edita
1922 2637 1983 2667 est

278 2689 384 2727 inter
416 2690 672 2728 Probationes
702 2690 930 2728 libertatum
959 2690 1157 2728 Ecclesiae
1180 2690 1412 2737 gallicanae,
1438 2703 1525 2740 cap.
1559 2704 1633 2737 xx,
1666 2704 1705 2740 p.
1731 2689 1818 2736 714,
1841 2703 1983 2727 secun-

280 2748 352 2786 dae
376 2749 565 2787 editionis
590 2749 837 2788 parisiensis.
866 2750 967 2788 Vide
985 2750 1110 2788 etiam
1128 2749 1264 2787 literas
1286 2748 1427 2787 Karoli
1443 2749 1515 2796 VI,
1532 2749 1649 2799 regis,
1666 2748 1819 2787 ibidem
1836 2748 1980 2794 editas,

279 2822 316 2857 p.
349 2808 435 2846 716.
468 2809 605 2846 Fuisse
635 2817 775 2847 autem
800 2817 890 2846 tum
921 2808 1109 2847 Lutetiae
1132 2822 1225 2847 cum
1246 2808 1450 2847 cardinale
1474 2807 1722 2846 Pictaviensi
1746 2807 1907 2846 Heliam
1933 2807 1980 2845 de

281 2867 540 2917 Lestrangiis‚
583 2868 818 2918 episcopum
862 2868 1134 2915 Aniciensem,
1180 2868 1295 2906 facile
1339 2867 1542 2917 colligitur
1585 2882 1635 2906 ex
1678 2866 1850 2917 epistola
1894 2866 1980 2916 ejus

326 3004 357 3036 1.
388 3004 595 3047 Bellaguet,
619 3010 645 3038 t.
668 3017 720 3046 111,
742 3016 777 3049 p.
802 3006 925 3040 86-88.

327 3056 357 3088 2.
382 3056 539 3100 D’apres
560 3058 591 3091 le
612 3058 824 3091 manuscrit
844 3070 883 3091 cc
904 3059 963 3091 fut
984 3059 1015 3091 le
1037 3059 1082 3092 30
1103 3058 1179 3091 mai
1203 3058 1355 3102 (Valois,
1379 3064 1405 3091 t.
1426 3070 1477 3098 111,
1500 3070 1534 3101 p.
1557 3057 1656 3100 341).

327 3109 357 3141 3.
381 3109 420 3142 B.
445 3110 501 3149 N„
523 3122 590 3144 ms.
612 3111 708 3144 latin
727 3111 856 3145 14644.
877 3131 925 3134 ——
943 3111 1034 3144 Voir
1052 3111 1180 3145 Valois
1204 3112 1272 3155 (La
1291 3111 1444 3151 France,
1466 3118 1492 3144 t.
1513 3123 1564 3151 111,
1586 3123 1620 3154 p.
1642 3110 1830 3150 334-344).
