2083 3458
238 219 320 262 144
886 229 1038 256 NOTAE
1072 229 1132 254 AD
1167 227 1295 253 VITAS
1414 221 1415 224 ’
1820 208 1945 265 [659]

237 318 333 356 rarii
351 318 366 342 1
386 317 456 355 uhi
479 317 533 355 sic
556 316 754 366 scriptum
776 322 857 353 est:
885 313 1196 350 lustramentum
1210 309 1414 347 continens
1433 308 1696 346 venditionem
1717 323 1835 359 quam
1850 308 1944 346 Ber-

239 378 404 415 trandus
429 375 626 424 Eisegerii
653 375 696 412 de
729 374 899 420 Guorcla,
928 371 1037 421 filius
1063 378 1097 407 et
1121 370 1226 408 heres
1258 368 1464 417 Gaufsridi
1489 367 1698 417 Egueserii
1725 367 1823 405 civis
1847 367 1946 405 Avi-

241 436 458 482 nionensis,
479 434 653 472 vendidit
669 433 871 470 Bernardo
890 432 934 469 de
950 430 1095 477 Borda,
1115 427 1304 466 hostiario
1316 427 1469 465 domini
1481 427 1604 465 nostri
1619 441 1736 478 pape,
1753 427 1948 477 quoddam

239 495 455 545 hospitium
480 508 597 532 suum
621 507 707 530 cum
731 491 845 529 locali
867 490 947 528 sibi
970 489 1153 537 contiguo
1175 487 1253 525 sita
1275 494 1382 525 extra
1410 486 1614 524 ambarria
1648 486 1819 524 civitatis
1850 486 1947 524 Aoi-

240 554 458 599 nionensis,
482 554 523 590 in
545 553 609 590 via
629 566 737 590 crosa
757 565 826 601 per
846 564 963 600 quam
984 549 1063 586 itur
1083 548 1126 585 de
1146 546 1290 597 portali
1313 545 1632 596 infirmariam-um
1652 546 1703 583 ad
1722 546 1950 594 Rodanum,

240 614 341 664 quod
357 613 625 662 confrontatur
640 626 685 649 ex
703 625 783 648 una
799 617 909 660 parte
926 622 1014 646 cum
1031 606 1202 657 hospitio
1219 605 1401 655 magistri
1418 605 1630 643 Bertrandi
1647 604 1852 653 Richardi,
1871 612 1946 644 etc.

240 673 363 723 pretio
389 672 467 710 XC
494 671 687 709 librarum
715 678 748 707 et
775 683 862 706 cum
890 681 1025 705 annuo
1052 680 1170 704 censu
1193 679 1327 704 novem
1347 664 1600 703 denariorum
1628 664 1952 713 melgoriensium

241 732 341 782 quod
370 731 587 781 hospitium
617 738 671 767 est
700 730 929 779 deputatum
959 740 1030 777 pro
1058 725 1217 775 senaria
1245 739 1315 762 seu
1343 723 1614 774 palefrenaria
1643 723 1796 761 domini
1827 722 1950 761 nostri

240 806 354 841 pape.
372 791 523 828 Datum
541 789 754 835 Avinione,
775 801 880 825 anno
895 785 1063 823 Domini
1082 785 1197 832 1327,
1217 792 1251 822 et
1269 783 1331 821 die
1348 784 1400 823 27
1418 783 1565 823 mensis
1582 783 1690 833 julii.
1716 783 1762 820 In
1781 783 1951 821 archivo

240 850 348 900 regio
370 849 530 887 Palensi
550 847 751 898 reperitur
771 854 891 885 vetus
912 845 1237 883 instrumentum
1258 843 1494 881 confectum
1513 857 1579 881 an.
1601 841 1948 890 MCCCXXXIV,

242 909 303 947 die
324 908 447 947 tertia
469 907 706 954 decembris,
727 906 769 943 in
791 920 871 955 quo
891 904 1130 942 nominatur
1148 902 1402 941 Bertrandus
1424 902 1472 940 de
1491 901 1650 949 Bordis,
1667 901 1795 949 miles,
1816 916 1949 940 senes-

241 968 393 1006 challus
411 967 602 1005 Gastonis
620 965 779 1004 comitis
796 963 995 1002 Fuxensis
1011 971 1052 1001 et
1066 961 1320 1001 vicecomitis
1333 961 1577 999 Bearnensis
1593 975 1639 999 ac
1653 961 1789 999 locum
1803 968 1951 999 tenens

240 1028 326 1077 ejus
346 1027 386 1064 in
407 1026 608 1064 comitatu
630 1025 748 1072 Fuxi,
770 1038 891 1074 quem
912 1022 1109 1075 suspicari
1128 1022 1224 1060 licet
1243 1021 1330 1071 ejus
1351 1021 1462 1059 Petri
1483 1020 1613 1058 filium
1633 1020 1756 1059 fuisse
1776 1019 1841 1058 cui
1856 1019 1952 1057 Phi—

239 1087 372 1137 lippus
398 1086 450 1123 IV
471 1100 542 1123 rex
563 1084 761 1123 concessit
781 1091 828 1121 ut
848 1097 870 1121 a
892 1082 1077 1132 quolibet
1092 1081 1144 1119 ad
1164 1081 1240 1119 hoc
1259 1081 1407 1118 idoneo
1428 1080 1636 1130 cingulum
1656 1079 1832 1118 militare
1852 1079 1949 1118 reci-

238 1161 331 1196 pere
364 1146 532 1183 valeret.

289 1204 519 1242 Bertrando
547 1203 731 1241 Clemens
752 1202 786 1239 V
811 1201 988 1239 contulit
1015 1199 1306 1238 canonicatum
1329 1198 1534 1238 Ecclesiae
1559 1197 1814 1237 Lectorensis
1841 1212 1954 1236 anno-

239 1263 462 1310 MXXXV,
482 1277 521 1300 vr
540 1263 619 1300 kal.
639 1261 804 1311 augusti
834 1261 897 1311 [27
914 1259 1072 1310 juillet]
1088 1275 1095 1306 3
1114 1272 1160 1296 ex
1177 1266 1321 1308 regesto
1339 1258 1551 1297 Clementis
1574 1258 1620 1305 V,
1644 1257 1687 1295 in
1720 1257 1951 1295 bibliotheca

239 1323 347 1372 regia
365 1324 391 1361 2.
429 1322 532 1360 Dein
565 1336 673 1359 anno
707 1320 965 1367 MCCCVIII,
1002 1333 1094 1357 cum
1126 1318 1360 1356 Bernardus
1395 1318 1444 1355 de
1478 1317 1701 1355 Castaneto
1735 1317 1954 1367 episcopus

238 1382 440 1420 Albiensis
466 1381 518 1419 ad
544 1381 802 1418 Aniciensem
830 1379 1069 1417 cathedram
1096 1378 1322 1416 translatus
1349 1385 1468 1424 esset,
1493 1371 1747 1415 Bertrandus
1774 1376 1809 1414 ei
1835 1371 1953 1414 subs-¹

238 1441 389 1479 titutus
409 1448 470 1479 est
487 1441 529 1478 in
547 1440 730 1477 Albiensi
748 1444 774 1478 ⁷0.
797 1439 885 1487 Quo
904 1439 992 1476 loco
1011 1437 1111 1476 mihi
1130 1437 1435 1475 observandum
1452 1436 1657 1474 incumbit
1683 1436 1955 1474 vehementer

239 1514 369 1538 errare
409 1514 474 1538 eos
515 1499 584 1549 qui
621 1506 776 1550 putant
816 1497 1019 1537 Ecclesiae
1058 1496 1241 1534 Albiensi
1279 1495 1504 1546 praefuisse
1555 1509 1663 1533 anno
1702 1494 1950 1533 MCCCVIII

240 1560 460 1609 quemdam
492 1559 714 1597 Geraldum
745 1558 829 1596 sive
862 1556 1120 1595 Guiraudum
1135 1556 1161 1594 4.
1197 1555 1363 1593 Etenim
1395 1569 1445 1593 ex
1474 1554 1601 1593 literis
1634 1553 1815 1605 Philippi
1845 1553 1954 1604 regis

240 1619 345 1656 datis
377 1618 554 1656 Parisius
586 1618 648 1656 die
680 1624 827 1667 quarta
859 1616 1036 1654 octobris
1068 1615 1252 1665 ejusdem
1282 1614 1379 1653 anni
1407 1614 1538 1664 liquet
1565 1614 1776 1652 Bernardo
1807 1612 1950 1651 statim

239 1678 507 1727 subrogatum
532 1692 616 1715 esse
639 1676 930 1723 Bertrandum,
956 1676 1142 1725 adeoque
1166 1675 1325 1712 nullum
1350 1675 1456 1712 inter
1481 1687 1546 1712 eos
1573 1673 1811 1724 episcopum
1836 1686 1954 1711 cons—

238 1736 334 1774 titui
357 1751 487 1786 posse.
515 1736 694 1774 Eaedem
717 1750 838 1786 porro
861 1735 1002 1773 literae
1027 1742 1068 1772 et
1093 1734 1172 1772 alia
1193 1741 1335 1772 vetera
1358 1733 1520 1771 illorum
1549 1740 1784 1783 temporum
1805 1746 1954 1770 monn--

237 1803 377 1834 menta
406 1796 554 1833 docent
580 1795 857 1833 Bertrandum
884 1794 1007 1832 fuisse
1040 1801 1130 1831 tum
1160 1792 1379 1831 Clementis
1407 1792 1442 1830 V
1470 1792 1740 1830 camerarium
1758 1792 1784 1830 5.
1817 1791 1950 1840 Quam

239 1855 483 1905 dignitatem
507 1855 558 1892 ab
583 1869 628 1892 eo
650 1862 857 1893 retentam
880 1853 1003 1891 fuisse
1027 1860 1192 1891 constat
1214 1852 1370 1902 reliquo
1393 1851 1505 1890 vitae
1528 1859 1727 1901 tempore,
1749 1858 1797 1888 ut
1818 1851 1954 1900 legere

238 1922 298 1952 est
328 1914 369 1951 in
401 1914 656 1952 collectaneis
684 1914 743 1950 De
774 1913 941 1950 dissidio
970 1912 1176 1961 Bonisacii
1212 1911 1326 1950 VIII
1354 1919 1388 1949 et
1416 1910 1605 1961 Philippi
1626 1910 1778 1958 Palen,
1799 1924 1839 1960 p.
1858 1909 1953 1958 367,

237 1973 307 2010 ubi
325 1987 433 2010 anno
452 1972 645 2020 MCCCX,
666 1972 729 2010 die
748 1987 820 2010 xvl
839 1972 992 2019 martii,
1014 1971 1254 2009 nominatur
1273 1970 1526 2009 Bertrandus
1551 1969 1764 2020 episcopus
1783 1968 1948 2007 Albien-

238 2032 289 2070 sis
311 2032 466 2069 domini
485 2046 618 2082 papae
640 2031 899 2079 camerarius,
922 2039 963 2069 et
982 2031 1025 2068 in
1045 2031 1121 2069 hac
1142 2030 1230 2068 vita
1253 2029 1487 2077 Clementis,
1509 2029 1581 2067 ubi
1602 2027 1752 2067 diserte
1773 2023 1948 2066 voc'atur

238 2091 482 2129 camerarius
516 2105 648 2141 papae
683 2105 729 2129 eo
762 2099 946 2141 tempore
982 2104 1062 2140 quo
1097 2090 1231 2128 factus
1267 2097 1328 2128 est
1363 2088 1592 2127 cardinalis.
1628 2088 1748 2126 Anno
1783 2101 1952 2138 quoque

240 2150 456 2197 MCCCXI,
478 2150 541 2188 die
562 2164 633 2187 x1v
653 2150 831 2200 augusti,
851 2150 892 2187 id
913 2157 986 2198 est,
1007 2149 1131 2199 paulo
1151 2157 1247 2187 ante
1269 2162 1393 2199 quam
1412 2155 1652 2195 moreretur,
1673 2146 1796 2185 fuisse
1817 2160 1948 2185 came-

240 2210 391 2247 rarium
425 2223 556 2259 papae
590 2217 708 2259 patet
741 2223 791 2247 ex
825 2209 961 2247 codice
995 2209 1098 2248 3126
1130 2208 1404 2246 bibliothecae
1439 2206 1696 2246 Colbertinae
1718 2207 1745 2254 6,
1780 2206 1848 2245 fol.
1885 2205 1952 2244 55.
2017 2235 2020 2240 .

241 2268 355 2306 Obiit
384 2276 523 2306 autem
554 2268 617 2306 die
648 2283 705 2306 ΧΗ
735 2268 884 2306 mensis
914 2267 1157 2318 septembris
1188 2267 1411 2317 sequentis,
1441 2274 1489 2304 ut
1518 2266 1648 2304 tradit
1677 2264 1951 2304 Contelorius.

241 2328 485 2377 Quanquam
498 2327 538 2364 in
552 2327 753 2378 excerptis
766 2342 816 2365 ex
827 2327 948 2364 Libro
960 2327 1249 2376 obligationum
1261 2326 1314 2365 ad
1326 2340 1391 2365 me
1408 2326 1540 2363 Roma
1559 2324 1690 2363 missis
1704 2338 1779 2375 pro
1792 2324 1856 2363 die
1871 2325 1949 2362 xn⁷

288 2465 319 2497 1.
350 2465 389 2497 Β.
412 2465 468 2504 N„
489 2477 554 2498 ms.
575 2466 669 2498 latin
688 2464 793 2505 5181,
812 2464 836 2498 f.
856 2465 937 2504 112,
956 2468 1000 2498 r0.

291 2519 319 2550 2.
351 2518 509 2551 Clement
529 2519 570 2558 V,
588 2531 622 2551 n.
642 2520 702 2558 23;
721 2518 801 2551 voir
816 2518 915 2550 aussi
931 2530 965 2551 n.
984 2519 1064 2551 995.

288 2572 320 2603 3.
352 2571 510 2604 Clement
535 2572 576 2611 V,
599 2584 633 2605 n.
658 2573 748 2605 2887
775 2572 832 2614 (30
852 2571 974 2615 juillet
995 2571 1116 2615 1308).

290 2623 320 2656 ·'1.
353 2625 397 2656 (jc
425 2624 572 2657 Cei-aud
597 2625 647 2658 lui
672 2625 831 2658 succeda
855 2637 917 2657 sur
940 2625 971 2657 le
996 2625 1092 2667 siege
1119 2625 1257 2665 d’Albi,
1282 2625 1314 2658 le
1339 2625 1384 2658 13
1408 2623 1556 2668 janvier
1579 2623 1669 2656 1311
1702 2622 1876 2665 (Clement
1903 2622 1950 2662 V‚.

243 2689 275 2709 n.
300 2677 419 2720 (3474).
446 2678 474 2710 ll
495 2679 588 2711 c'lait
610 2684 850 2722 auparavant
870 2680 1012 2721 (aveque
1034 2679 1077 2711 de
1099 2678 1282 2711 Lectoure
1307 2678 1480 2721 (Clement
1503 2677 1545 2717 V,
1567 2688 1602 2709 n.
1627 2676 1737 2716 29793
1759 2676 1877 2708 bulles
1899 2675 1949 2707 du

243 2731 286 2761 ¹19
313 2732 523 2773 septembr«)
551 2732 765 2775 ‘1307),qu0i
793 2731 913 2774 qu’ait
941 2731 996 2763 dit
1022 2731 1070 2764 Μ.
1100 2732 1142 2764 de
1170 2731 1321 2774 Lacger,
1351 2723 1454 2763 Etals
1479 2729 1775 2772 administratisS,
1804 2740 1838 2772 p.
1866 2729 1948 2762 301.

292 2783 321 2815 5.
359 2784 381 2814 ll
403 2784 460 2815 l'ut
479 2787 628 2817 nomme
647 2784 825 2818 camerier
841 2785 872 2817 le
893 2785 936 2817 28
954 2785 1158 2817 novembre
1178 2785 1271 2817 1305
1294 2784 1467 2828 (Clement
1487 2784 1529 2823 V,
1547 2783 1774 2827 Appendice,
1797 2792 1831 2815 n.
1850 2781 1953 2826 320).

293 2837 322 2867 (Γ).
357 2836 391 2868 Η.
418 2836 473 2876 Ν.,
496 2849 561 2870 ms.
584 2838 677 2870 latin
699 2837 803 2870 5954.

292 2889 322 2920 7.
353 2889 400 2920 1.(λ
436 2890 588 2930 registr(-
625 2892 687 2923 ‹lcs
722 2891 953 2933 obligations
987 2896 1093 2934 porte
1120 2891 1154 2923 la
1189 2891 1275 2923 date
1311 2891 1361 2923 du
1395 2891 1440 2922 12
1465 2889 1678 2933 septembre
1708 2888 1881 2931 (Clement
1908 2887 1951 2928 V,

244 2941 467 2983 Appen(licr›‚
498 2956 531 2985 p.
564 2945 658 2987 237).
688 2963 735 2966 -—
762 2943 811 2976 Le
839 2955 949 2976 sceau
978 2944 1021 2976 de
1050 2944 1236 2976 Be1·1rand
1264 2955 1285 2976 a
1312 2944 1371 2977 ete
1400 2943 1517 2976 decrit
1554 2954 1622 2986 par
1650 2941 1778 2974 Douet
1813 2941 1955 2984 d'Arcq

251 2994 454 3029 ((J'ollec!i011
475 2998 514 3027 (le
531 3008 671 3035 seviunt,
692 3003 717 3029 t.
736 3009 773 3036 11,
794 3009 828 3029 n.
850 2997 969 3039 6263).
983 3015 1032 3019 —
1049 2996 1118 3029 Sur
1135 2997 1166 3029 le
1185 3008 1418 3040 personnage
1432 2996 1513 3029 voir
1526 2996 1675 3035 Baluze,
1696 3001 1722 3027 t.
1740 3006 1791 3034 111,
1812 3006 1846 3038 p.
1867 2994 1950 3032 138,

249 3048 327 3085 222,
347 3048 408 3078 224
425 3061 430 3081 :
450 3048 600 3090 Rynwr,
617 3056 642 3082 1..
659 3049 695 3089 14,
712 3062 746 3093 p.
761 3050 847 3088 1373
866 3049 1024 3082 Cle'ment
1040 3050 1081 3089 V,
1097 3049 1323 3093 Appendice,
1338 3062 1372 3094 p.
1391 3049 1559 3089 282-302,
1575 3060 1609 3081 n.
1625 3048 1735 3087 5299;
1752 3047 1954 3085 Schwalm,v

245 3098 536 3141 C'onstilulimzes,
558 3108 583 3134 t.
604 3114 653 3142 ιν,
675 3114 708 3146 p.
732 3103 810 3142 268,
831 3103 911 3142 468,
932 3103 1013 3142 471,
1034 3103 1114 3142 476,
1136 3103 1215 3136 552.
