2083 3458
272 212 353 253 544
895 223 1048 250 NOTAE
1082 224 1143 249 AD
1177 223 1306 249 V1TAs
1819 205 1985 264 [1027]

274 325 375 361 opus
399 310 441 348 in
465 323 551 359 cap.
580 307 699 355 Olim,
722 308 780 344 De
804 306 888 345 litis
911 314 1124 353 contestat„
1148 305 1191 343 in
1215 319 1303 356 cap.
1327 304 1431 343 Cam
1453 305 1561 354 olim,
1584 306 1644 343 De
1674 306 1799 345 testib.
1830 307 1873 344 in
1894 320 1983 357 cap.

273 369 376 407 Cum
400 367 651 415 venerabilis,
675 367 734 404 De
758 365 1036 416 exceptionib„
1062 373 1103 404 et
1127 365 1168 403 in
1194 379 1282 415 cap.
1311 364 1357 403 Si
1381 365 1549 413 duobus,
1576 373 1618 404 et
1640 365 1682 403 in
1708 380 1796 416 cap.
1827 365 1985 420 Consti-

272 428 382 476 tutis,
405 429 465 465 De
489 427 677 477 appellat.

329 487 528 537 Ejusdem
549 485 738 524 meminit
758 485 868 524 idem
890 484 1084 534 Aegidius
1105 484 1146 521 in
1169 483 1355 523 Clement.
1381 484 1426 522 Si
1456 499 1549 533 una,
1569 485 1628 522 De
1649 484 1726 524 reb.
1750 485 1878 522 eccles.
1904 498 1983 522 non

269 547 515 594 aienlamlis,
539 555 580 584 et
602 545 712 584 alibi.

325 607 367 645 P.
388 606 478 653 368,
498 606 564 655 lig.
586 605 646 643 29.
669 605 915 642 JOHANNEM
937 619 991 641 De
1013 604 1290 642 DORMANNIS.
1311 604 1448 642 Pauca
1467 604 1515 642 de
1533 604 1610 642 hoc
1627 604 1730 651 viro,
1750 617 1844 642 cum
1861 603 1982 641 multi

272 667 402 703 multa
425 666 473 704 dc
495 680 541 703 eo
563 664 815 714 scripserint,
838 663 956 702 nobis
977 663 1227 701 i'ncumbunt
1249 663 1434 702 dicenda.
1461 663 1712 702 Hemeraeus
1732 663 1774 701 in
1796 663 1984 712 Augusta

275 725 641 763 Viromanduorum
674 724 886 772 illustrata,
920 737 958 774 p.
994 722 1083 770 288,
1117 722 1260 761 scribit
1291 723 1407 761 illum
1440 737 1548 761 anno
1582 722 1825 761 MCCCLIII
1859 721 1983 760 fuisse

270 785 516 823 canonicum
540 785 575 822 S.
603 783 804 831 Quintini.
1784 774 1787 779 ’

324 844 443 882 Α11110
464 843 718 891 MCCCLIX,
742 843 806 882 die
828 857 932 880 xxv1
952 842 1072 892 junii,
1094 850 1269 880 vocatur
1299 842 1451 881 electus
1472 842 1737 881 Le-xoviensis
1757 841 1771 864 1
1789 840 1831 879 in
1851 849 1983 880 veteri

270 904 433 953 Regesto
448 903 605 942 archivi
621 902 720 952 regii
734 902 987 941 Parisiensis.
1006 902 1105 940 Inde
1121 916 1229 940 anno
1244 902 1433 951 sequenti
1452 902 1679 940 translatus
1697 909 1759 940 est
1773 901 1824 938 ad
1845 900 1982 938 Eccle-

269 963 370 1001 siam
396 963 744 1002 Bellovacensem.
775 962 891 1000 Istud
916 970 1167 1000 annotatum
1192 976 1276 1000 esse
1299 961 1341 999 in
1365 961 1451 1011 ejus
1476 961 1689 1012 epitaphio
1712 968 1822 999 recte
1847 959 1983 998 obser-

271 1031 372 1060 vant
390 1022 700 1061 Sammarthani
716 1022 758 1060 in
776 1021 966 1071 Catalogo
984 1021 1262 1072 episcoporum
1278 1020 1633 1069 Bellovacensium,
1656 1020 1726 1058 sed
1748 1017 1983 1069 cujusmodi

269 1083 447 1121 habetur
471 1082 584 1133 apud
609 1082 858 1129 Louvetum‚
883 1081 954 1119 ubi
977 1080 1208 1131 ita‘legitur
1234 1096 1241 1118 :

327 1142 364 1180 J.
386 1142 430 1180 de
446 1142 650 1179 Dormano
668 1141 847 1191 primum
864 1154 935 1190 pro
952 1140 1190 1179 Lexoviano.

322 1202 512 1239 praesule
540 1208 759 1250 susceptus,
790 1194 900 1251 pater
928 1199 1021 1237 hine
1048 1200 1243 1237 Belvacus
1270 1200 1448 1250 adeptus.

324 1260 430 1298 Nam
447 1261 549 1298 illud
569 1260 680 1311 quod
699 1260 875 1298 debetur
893 1259 1130 1309 diligentiae
1150 1259 1567 1298 Sammarthanorum
1582 1258 1610 1307 2,
1631 1271 1808 1309 quorum
1826 1270 1982 1296 errores

268 1328 433 1358 secutus
455 1328 517 1358 est
538 1320 751 1367 Oldoinus,
773 1320 934 1356 nullum
953 1333 1119 1357 sensum
1139 1318 1279 1366 habet,
1302 1333 1395 1357 cum
1414 1319 1455 1357 in
1476 1334 1521 1357 eo
1541 1319 1703 1368 legatur
1722 1316 1853 1367 primo
1872 1315 1982 1366 prole

268 1379 449 1417 Romano
469 1380 651 1429 praesule
669 1387 888 1429 susceptu&
1832 1381 1834 1383 ’

322 1439 442 1477 Α11110
459 1438 799 1485 MCCCLXVIII,
817 1438 881 1476 die
898 1452 987 1475 xxn
1003 1438 1263 1488 septembris,
1282 1438 1473 1476 Urbanus
1491 1438 1525 1475 V
1541 1452 1635 1476 611111
1650 1437 1866 1475 absentem
1881 1435 1980 1474 fecit

266 1498 559 1548 presbyterum
583 1498 854 1543 cardinalem3
877 1497 1002 1546 idque
1026 1497 1174 1535 scitum
1200 1497 1324 1535 fuisse
1348 1497 1512 1535 Parisiis
1537 1497 1601 1535 die
1625 1505 1742 1535 sexta
1768 1494 1980 1545 sequentis

268 1558 417 1595 mensis
438 1557 617 1596 octobiis
635 1565 818 1595 testatur
836 1557 1103 1595 continuator
1122 1557 1301 1595 Gallicus
1322 1556 1471 1606 Nangii
1485 1555 1513 1595 3.
1535 1557 1628 1595 Non
1646 1557 1807 1606 accepit
1836 1563 1979 1593 tamen

268 1631 313 1654 eo
331 1625 518 1666 tempore
536 1617 690 1666 pileum
707 1616 895 1663 rubeum,
914 1616 981 1654 sed
1002 1630 1110 1654 anno
1128 1624 1295 1653 tantum
1315 1615 1518 1666 sequenti,
1536 1616 1599 1654 uti
1617 1616 1799 1654 dicemus
1817 1622 1976 1665 postea.

269 1676 454 1714 Primum
490 1676 599 1714 enim
635 1675 857 1714 dicendum
892 1683 954 1713 est
992 1675 1212 1723 Joannam,
1249 1676 1433 1725 reginam
1470 1676 1735 1722 Francorum,
1772 1673 1978 1725 peperisse

270 1735 460 1773 Lutetiae
494 1735 622 1772 filium
649 1734 713 1772 die
740 1734 864 1773 tertia
892 1734 1101 1783 sequentis
1130 1735 1279 1772 mensis
1309 1735 1549 1783 decembris,
1578 1743 1619 1774 et
1646 1735 1710 1773 die
1738 1742 1855 1772 sexta
1883 1747 1978 1772 eum

268 1793 391 1832 fuisse
416 1794 678 1844 baptizatum
701 1794 742 1831 in
766 1794 933 1832 ecclesia
960 1794 1099 1831 Sancti
1126 1794 1241 1832 Pauli
1265 1808 1286 1832 a
1312 1794 1517 1832 cardinale
1540 1794 1836 1841 Bellovacensi,
1861 1806 1976 1843 prae-

268 1861 381 1891 sente
407 1853 617 1903 Stephano
642 1853 848 1892 cardinale
873 1853 1102 1891 Parisiensi.
1129 1853 1260 1903 Vulgo
1284 1862 1426 1891 autem
1448 1854 1629 1892 traditur
1649 1854 1765 1892 illum
1789 1853 1838 1891 de
1861 1867 1978 1890 sacro

267 1912 381 1950 fonte
416 1920 656 1961 susceptum
690 1926 712 1950 a
748 1912 891 1950 Carolo
928 1912 1318 1960 Montmorenciaco⁷
1352 1913 1476 1962 idque
1510 1913 1569 1950 ita
1604 1913 1805 1963 scriptum
1839 1919 1901 1951 est
1933 1912 1976 1950 in

266 1970 577 2008 Continuatione
603 1971 747 2020 gallica
772 1970 919 2020 Nangii
939 1970 965 2009 4.
989 1971 1200 2019 Quaedam
1224 1979 1363 2009 tamen
1383 1980 1524 2011 vetera
1548 1972 1798 2022 exemplaria
1819 1970 1976 2010 habent

266 2030 374 2067 hunc
405 2030 602 2069 honorem
633 2029 837 2077 habitum,
869 2044 950 2067 non
982 2031 1114 2067 solum
1146 2031 1288 2068 Carolo
1321 2031 1712 2080 Montmorenciaco,
1748 2031 1818 2070 sed
1848 2031 1974 2069 etiam

268 2089 410 2127 Carolo
428 2090 568 2127 comiti
587 2089 634 2127 de
656 2089 999 2127 Domnomartino
1018 2088 1032 2111 5
1051 2106 1058 2126 :
1078 2090 1127 2126 Et
1142 2089 1203 2138 suc
1218 2090 1328 2139 apele'
1345 2090 1507 2128 Clzurles
1523 2103 1624 2140 pour
1642 2091 1695 2129 les
1711 2091 1773 2128 <liz
1788 2090 1975 2139 seigneur

267 2148 311 2185 de
340 2148 631 2186 Montmorenci
659 2157 693 2185 et
719 2156 825 2185 conte
854 2149 898 2185 de
922 2148 1221 2197 Dampmartin,
1253 2149 1320 2198 qui
1348 2163 1386 2186 ee
1415 2164 1577 2186 mesmes
1606 2164 1697 2187 nom
1724 2149 1891 2194 ανοίεηί,
1923 2164 1973 2188 ex

265 2207 394 2245 veteri
422 2207 613 2246 videlicet
639 2221 763 2254 more,
793 2221 872 2256 quo
898 2208 1033 2256 pueris
1059 2208 1100 2245 in
1127 2207 1382 2257 baptismate
1409 2209 1619 2247 dabantur
1645 2209 1725 2247 duo
1751 2209 1907 2259 patrini
1932 2216 1974 2247 et

264 2280 345 2304 una
370 2266 564 2313 matrina,
588 2267 731 2315 puellis
757 2266 861 2304 duae
885 2267 1087 2304 matrinae
1112 2274 1152 2304 et
1175 2281 1279 2304 1111115
1304 2268 1504 2317 patrinus.
1533 2268 1692 2305 Horum
1715 2282 1812 2306 vero
1836 2282 1972 2307 exem-

264 2325 444 2374 plarium
463 2325 635 2363 traditio
655 2325 889 2363 confirmari
908 2333 1047 2375 potest
1063 2340 1112 2364 ex
1131 2340 1176 2363 eo
1194 2326 1303 2374 quod
1320 2341 1442 2376 supra
1462 2327 1663 2376 scriptum
1679 2335 1740 2366 est
1756 2327 1809 2365 ab
1827 2327 1972 2366 eodem

266 2385 555 2422 continuatore
577 2384 592 2406 ‘³
613 2400 620 2421 :
644 2384 694 2421 Et
715 2398 831 2433 apres
852 2384 963 2421 estoit
983 2385 1021 2421 la
1042 2399 1160 2433 royne
1186 2385 1367 2422 Jehanne
1389 2386 1588 2424 d’Evreucc
1609 2386 1677 2436 qui
1698 2387 1842 2436 portoit
1862 2386 1894 2424 le
1915 2386 1975 2424 dit

265 2443 403 2491 cresunt
427 2458 496 2480 sur
521 2455 580 2480 ses
610 2443 709 2481 brus.
746 2443 796 2480 Et
824 2443 1102 2491 monseigneur
1126 2443 1301 2491 Charles,
1324 2444 1510 2493 seigneur
1531 2445 1574 2482 de
1595 2445 1908 2495 llffontmorency‚
1937 2454 1974 2483 et

266 2502 546 2549 mon-seigneur
576 2501 750 2549 Chadas,
783 2511 889 2540 conte
919 2502 962 2539 de
990 2502 1287 2551 Jhcrnpmasrllsn,
1321 2504 1483 2541 estoient
1512 2505 1556 2541 de
1581 2507 1679 2542 coste
1709 2505 1780 2552 lui,
1813 2504 1864 2543 ob
1893 2505 1972 2543 hoc

314 2673 344 2705 ’1.
378 2673 406 2704 ΙΙ
426 2672 484 2704 [ut
503 2675 652 2706 nonime
671 2674 812 2716 evequc
833 2673 875 2706 dc
895 2673 1045 2706 Lisieux
1063 2674 1093 2707 Ie
1114 2675 1158 2707 19
1176 2676 1380 2708 novembre
1402 2677 1503 2716 1358,
1524 2677 1607 2720 puis
1626 2679 1768 2722 eveque
1788 2679 1831 2711 de
1850 2679 1971 2712 Beau-

267 2725 343 2757 vais
366 2726 397 2757 lc
420 2726 463 2757 ‘12
483 2726 606 2769 juillet
630 2727 719 2760 1359
744 2726 888 2769 (Eubcl,
912 2727 1141 2767 Ilierurchia,
1164 2734 1189 2760 t.
1211 2740 1234 2767 1,
1258 2740 1291 2771 p.
1316 2729 1384 2762 132
1405 2735 1443 2761 ot
1463 2730 1559 2773 304).

314 2779 344 2810 2.
376 2778 424 2811 Lc
461 2785 560 2811 texte
595 2780 637 2812 de
670 2779 874 2822 l'epitaphc
906 2787 963 2812 cst
995 2787 1267 2814 correctemcnt
1299 2782 1424 2825 publie
1458 2783 1550 2816 dans
1581 2783 1753 2818 l'edition
1786 2785 1828 2818 de
1862 2785 1968 2826 1759,

266 2836 291 2863 t.
318 2842 368 2869 X1,
394 2832 460 2864 col.
487 2833 566 2865 787.

314 2885 344 2916 3.
382 2884 543 2916 Grandes
562 2885 772 2927 chroniques
792 2886 832 2917 (Ic
852 2885 1001 2924 Franco,
1024 2886 1079 2919 ed.
1104 2886 1342 2927 Dclachenal,
1365 2894 1390 2921 t.
1411 2901 1448 2928 11,
1471 2900 1504 2932 p.
1528 2889 1583 2923 60.

315 2937 346 2968 4.
382 2937 429 2969 Ul
455 2949 497 2976 .‹›·.,
528 2944 551 2970 t.
581 2950 618 2976 11,
649 2950 681 2980 p.
713 2939 775 2976 653
809 2938 889 2970 voir
920 2939 1016 2971 aussi
1050 2939 1276 2973 Dcluchcnal
1313 2939 1495 2983 (Histoire
1527 2943 1568 2976 de
1599 2942 1748 2977 Clzarles
1781 2944 1824 2985 V,
1857 2951 1884 2979 t.
1913 2957 1965 2986 111,

265 3000 299 3032 p.
322 2990 507 3033 534-536).

315 3043 345 3074 5.
381 3041 542 3075 Grandes
566 3043 776 3086 chroniques
801 3044 841 3076 cle
866 3044 1015 3081 Franco.
1043 3045 1098 3078 cd.
1127 3045 1366 3087 Dclachcnal,
1394 3054 1419 3082 t.
1444 3060 1482 3089 11,
1509 3060 1543 3092 p.
1571 3050 1627 3083 65.

317 3095 347 3127 6.
381 3095 533 3136 Ibidem,
563 3108 595 3139 p.
627 3097 682 3129 64.
