2083 3458
112 280 266 337 [1005]
624 297 841 324 PAPARUM
877 298 1262 325 AVENIONENSIUM
1712 284 1793 328 523

98 382 206 419 vobis
225 382 344 420 istum
359 383 527 419 anulum
547 382 589 419 in
607 382 769 431 signum
788 383 974 432 specialis
993 384 1153 431 amoris,
1167 397 1278 433 quem
1297 384 1401 422 dedit
1419 384 1539 422 michi
1557 393 1677 423 mater
1692 399 1788 426 mea.

98 441 148 478 Et
165 441 233 479 hoc
251 441 346 479 dicit
361 455 401 478 se
418 441 618 478 audivisse
637 442 792 491 quando
812 442 958 491 incepit
976 457 1155 479 murmur
1173 443 1274 492 quod
1291 457 1369 480 non
1387 452 1468 481 erat
1490 458 1611 493 papa.
1634 444 1790 483 Eodem

98 508 282 550 tempore
303 500 425 549 petiit
448 501 499 538 ab
523 500 666 539 eodem
691 501 858 539 Urbano
882 502 1046 550 plenam
1069 501 1371 540 absolutionem
1395 502 1578 540 omnium
1601 511 1789 553 peccato-

97 573 201 607 rum,
228 567 274 596 ut
301 559 386 597 fieri
412 559 571 597 solebat
595 567 690 608 post
715 560 956 598 electionem
982 560 1077 597 novi
1103 574 1248 610 papae,
1275 569 1315 598 et
1335 569 1590 610 potestatem
1615 562 1790 611 eligendi

99 618 370 656 confessorem
393 618 462 667 qui
485 632 575 656 eam
597 618 673 656 sibi
696 619 944 657 auctoritate
966 619 1150 668 ejusdem
1174 619 1331 657 Urbani
1352 620 1644 670 impertiretur.
1674 621 1789 659 Istud

97 684 277 715 testatur
291 677 333 715 in
349 691 421 715 sua
439 677 693 727 depositione
710 677 836 715 frater
853 678 1029 727 Angelus
1047 678 1260 728 episcopus
1279 678 1542 727 pisaurensis,
1561 680 1629 729 qui
1645 681 1788 718 statim

97 736 215 774 addit
241 751 281 774 se
309 736 458 774 dixisse
476 736 491 758 1
518 735 676 774 domino
711 737 755 773 de
792 737 991 785 Agrijolio
1020 737 1060 773 in
1088 737 1283 785 Anagnia
1309 738 1410 787 quod
1443 738 1664 776 mirabatur
1690 740 1791 789 quod

99 795 183 844 ipse
200 809 271 844 pro
288 810 328 832 se
345 804 379 833 et
395 810 466 845 pro
484 795 580 833 aliis
597 795 796 845 petivisset
814 795 957 832 dictam
977 795 1146 843 gratiam
1164 795 1214 833 ab
1235 796 1300 834 illo
1320 811 1430 846 quem
1448 797 1596 835 sciebat
1613 812 1691 835 non
1709 812 1790 835 esse

96 868 258 904 papam.
285 854 364 904 Qui
387 855 589 904 respondit
611 855 712 904 quod
734 869 866 891 verum
889 863 970 891 erat
993 855 1094 904 quod
1115 869 1160 891 ex
1183 863 1283 892 certa
1307 870 1427 893 causa
1451 856 1595 894 dictam
1620 857 1789 905 gratiam

96 913 271 963 petierat,
299 914 366 956 sed
391 914 493 964 quod
517 914 553 951 si
581 913 802 951 invenirent
827 913 998 963 aliquem
1026 913 1092 963 qui
1120 913 1223 951 dicta
1250 914 1379 962 gratia
1404 914 1525 963 suerit
1552 929 1660 963 usus,
1689 916 1790 966 quod

96 981 242 1010 erueret
255 972 336 1010 sibi
352 974 520 1012 oculum.
542 973 671 1011 Immo
688 972 751 1011 die
773 972 879 1021 jovis
899 973 939 1009 in
956 986 1080 1011 coena
1100 972 1263 1010 Domini
1280 973 1501 1012 celebrasse
1517 988 1610 1014 eum
1627 988 1787 1013 sacrum

96 1031 242 1070 missae
269 1032 515 1071 sacrificium
547 1046 593 1070 ac
624 1031 827 1080 reliquum
861 1031 1039 1070 officium
1070 1032 1391 1070 ecclesiasticum
1413 1033 1618 1082 ¹peregisse
1652 1048 1788 1071 coram

96 1091 239 1129 eodem
260 1091 427 1129 Urbano
453 1091 576 1129 fidem
604 1090 729 1129 facit2
757 1091 932 1128 Alvarus
966 1090 1223 1137 Gundisalvi,
1258 1091 1476 1129 canonicus
1502 1092 1788 1140 Cordubensis,

95 1150 370 1199 interrogatus
403 1165 524 1200 super
547 1164 677 1187 Lxxv1
701 1150 874 1188 articulo
898 1164 1014 1188 casus
1038 1149 1158 1199 primi
1182 1150 1311 1188 electi.

150 1209 225 1247 Per
253 1209 396 1247 eadem
424 1217 626 1259 tempora,
657 1223 749 1247 cum
780 1208 971 1247 Urbanus
1002 1209 1212 1246 decretum
1242 1209 1441 1248 emisisset
1474 1210 1523 1248 de
1550 1211 1788 1260 reparandis

94 1268 226 1305 titulis
263 1268 545 1314 cardinalium,
582 1268 668 1318 ejus
704 1268 988 1306 executionem
1024 1268 1228 1305 commisit
1264 1268 1460 1306 cardinali
1495 1268 1544 1307 de
1579 1269 1787 1318 Agrifolio.

95 1327 289 1365 Testatur
312 1327 423 1366 istud
443 1328 635 1365 Alfonsus
652 1328 793 1375 Azero,
813 1327 1124 1365 archidiaconus
1145 1327 1193 1364 de
1215 1326 1396 1364 Methina
1419 1327 1460 1364 in
1484 1327 1662 1366 Ecclesia
1680 1328 1789 1366 Sala-

95 1387 281 1424 mantina
315 1402 322 1424 :
355 1386 405 1424 Et
436 1386 534 1424 vidit
563 1387 775 1436 quamdam
809 1386 955 1423 bullam
985 1385 1144 1435 afflatam
1174 1394 1281 1435 porte
1313 1385 1450 1423 Sancti
1481 1386 1602 1435 Petri,
1637 1388 1679 1424 in
1715 1402 1790 1437 qua

96 1445 310 1483 mandabat
334 1446 519 1492 omnibus
545 1446 818 1483 cardinalibus
844 1445 945 1495 quod
970 1444 1133 1494 quilibet
1157 1453 1356 1493 repararet
1378 1459 1496 1482 suum
1522 1446 1693 1485 titulum.
1741 1446 1792 1484 Et

95 1504 215 1553 liujus
238 1504 338 1542 balle
357 1497 438 1542 erat
456 1513 631 1542 executor
651 1505 869 1542 cardinalis
890 1505 933 1541 de
953 1503 1165 1553 Agrifolio.

152 1564 320 1602 Interim
339 1564 563 1602 cardinales
583 1564 750 1613 quidam
770 1572 925 1602 secreto
944 1564 1137 1613 scripsere
1155 1563 1206 1600 ad
1230 1562 1428 1601 Karolum
1446 1563 1494 1611 V,
1513 1578 1647 1613 regem
1668 1564 1790 1603 Fran-

95 1637 248 1670 corum,
276 1638 325 1662 ne
355 1623 478 1661 fidem
503 1623 718 1662 adhiberet
744 1623 975 1661 rumoribus
1003 1622 1072 1672 qui
1099 1621 1493 1660 circumferebantur
1519 1622 1567 1661 de
1594 1623 1790 1661 electione

94 1682 399 1721 Bartholomaei
423 1690 464 1720 et
487 1682 600 1721 brevi
625 1697 665 1721 se
688 1682 740 1720 ad
764 1696 857 1720 eum
881 1682 1103 1731 scripturos
1127 1695 1212 1719 rem
1239 1689 1284 1718 ut
1308 1689 1421 1730 gesta
1445 1689 1545 1720 erat.
1575 1681 1637 1719 Ita
1661 1682 1791 1720 tradit

95 1742 359 1779 continuator
382 1742 559 1780 Gallicus
586 1740 765 1791 Nangii³
787 1750 877 1779 tum
901 1741 1063 1787 vivens3
1086 1741 1210 1789 idque
1243 1740 1513 1778 confirmatur
1544 1755 1593 1779 ex
1615 1741 1662 1779 iis
1687 1755 1790 1790 quae

96 1815 166 1838 nos
182 1814 304 1850 supra
329 1801 372 1851 [t.
390 1801 417 1851 ι]
433 1800 485 1838 ad
504 1801 698 1850 paginam
713 1800 789 1838 443
804 1800 953 1838 dicturi
970 1814 1109 1838 sumus
1130 1799 1179 1837 de
1197 1799 1318 1837 Petro
1335 1799 1383 1837 de
1403 1799 1555 1838 Murlis.
1575 1800 1790 1838 Praeterea

98 1860 296 1898 Henricus
316 1860 364 1898 de
386 1860 532 1898 Hassia
550 1860 591 1897 in
607 1860 778 1908 Dialogo
797 1860 841 1897 de
858 1859 1066 1897 schismate
1082 1858 1109 1906 4,
1130 1872 1252 1908 quem
1278 1866 1402 1896 vocat
1429 1858 1646 1908 epistolam
1665 1860 1790 1909 pacis,

96 1933 184 1968 cap.
210 1933 300 1966 ΧῐΧ,
325 1919 383 1956 ait
409 1935 416 1956 :
442 1919 562 1956 Falso
586 1928 618 1957 te
639 1919 790 1968 fundas
814 1919 856 1955 in
880 1918 1078 1956 discordia
1100 1917 1294 1967 predicta3
1320 1917 1508 1967 quoniam
1531 1918 1655 1955 didici
1677 1918 1727 1955 ab
1750 1933 1791 1956 eo

95 1978 162 2027 qui
186 1992 345 2027 presens
369 1987 461 2015 tunc
486 1978 527 2015 in
552 1978 678 2015 Roma
701 1987 782 2016 erat
806 1978 907 2027 quod
931 1991 1035 2014 unus
1059 1976 1278 2014 cardinalis
1302 1976 1479 2014 electioni
1501 1976 1585 2025 jam
1610 1977 1792 2015 celebrate

93 2037 388 2086 superveniens,
438 2037 572 2075 statim
612 2052 700 2074 cum
753 2037 992 2085 informatus
1041 2036 1120 2085 suit
1161 2036 1206 2072 de
1247 2035 1360 2072 modo
1402 2035 1602 2074 electionis
1643 2036 1788 2073 archie-

95 2096 251 2146 piscopi
280 2096 504 2143 Barrensis,
537 2096 737 2134 intimavit
766 2096 848 2144 regi
878 2095 1049 2132 Francie
1078 2095 1179 2144 quod
1207 2094 1338 2132 electio
1368 2108 1447 2130 non
1476 2095 1602 2132 valuit
1629 2104 1664 2132 et
1692 2095 1792 2145 quod

96 2169 174 2192 non
192 2156 355 2193 crederet
372 2156 510 2205 cuique
527 2155 714 2193 scribenti
731 2155 812 2192 sibi
831 2155 932 2204 quod
951 2155 1015 2192 ille
1033 2162 1130 2192 esset
1146 2167 1268 2203 papa.
1290 2152 1403 2202 Quod
1418 2153 1498 2202 fuit
1513 2153 1661 2202 jactum
1680 2155 1792 2202 longe

94 2223 183 2252 ante
210 2229 327 2264 quam
356 2214 544 2263 inciperet
571 2214 768 2252 discordia
794 2214 981 2263 predicta.
1012 2213 1116 2251 Tum
1145 2226 1240 2251 vero
1269 2212 1465 2261 scriptam
1494 2227 1578 2250 esse
1607 2213 1790 2262 oportuit

94 2274 311 2323 epistolam
336 2287 460 2323 quam
484 2273 536 2310 ab
561 2274 703 2312 eodeni
728 2287 818 2322 rege
846 2273 998 2310 Karolo
1022 2280 1116 2322 post
1149 2272 1389 2310 electionem
1416 2270 1570 2308 Urbani
1596 2272 1791 2321 scriptam

95 2348 179 2372 esse
210 2333 262 2370 ad
294 2332 518 2371 cardinales
549 2341 730 2371 testatur
759 2333 801 2370 in
833 2331 1088 2381 depositione
1130 2344 1202 2368 sua
1222 2329 1237 2352 5
1269 2329 1541 2379 Raynulphus
1574 2329 1789 2368 cardinalis

97 2392 371 2430 Sistaricensis
391 2408 398 2429 ε
416 2391 513 2429 Item
535 2392 641 2429 litere
662 2406 759 2441 quas
781 2391 891 2429 misit
907 2405 972 2427 rexr
993 2389 1164 2427 Francie
1185 2389 1450 2438 conquerendo
1472 2389 1516 2425 de
1536 2389 1593 2425 eis
1614 2390 1715 2438 quod
1737 2389 1791 2427 ita

93 2451 282 2500 fecerant3
304 2465 400 2500 quas
422 2465 500 2487 non
521 2451 616 2498 vidi,
637 2451 704 2487 sed
723 2459 891 2488 tenorem
913 2450 1093 2499 ipsarum
1114 2463 1137 2485 a
1160 2448 1234 2497 fide
1255 2446 1390 2495 dignis
1410 2447 1560 2485 audivi.

150 2510 242 2547 Non
263 2511 395 2547 solum
417 2517 557 2548 autem
578 2510 657 2547 ista
679 2509 762 2559 regi
786 2509 980 2547 Franciae
1003 2508 1288 2557 significarunt
1311 2505 1549 2553 cardinales,
1573 2506 1641 2544 sed
1664 2507 1789 2544 ctiam

96 2569 196 2607 aliis.
230 2568 287 2606 De
316 2568 476 2617 regibus
507 2568 782 2618 portugalliae
810 2576 850 2606 et
881 2567 1090 2605 Navarrae
1121 2565 1243 2603 fidem
1272 2565 1371 2602 facit
1401 2564 1544 2602 Petrus
1574 2565 1789 2603 cardinalis

97 2628 146 2666 de
174 2627 350 2665 Vernhio
376 2628 418 2665 in
445 2627 698 2676 depositione
725 2641 797 2665 sua
818 2626 833 2649 ⁶
860 2643 866 2664 :
897 2627 994 2664 Item
1020 2625 1121 2663 discit
1146 2624 1247 2674 quod
1272 2623 1427 2673 quando
1459 2623 1647 2661 Barensis
1683 2624 1792 2661 misit

97 2688 230 2724 literas
255 2695 289 2724 et
313 2700 405 2723 suos
432 2686 599 2723 nuncios
625 2686 784 2734 regibus
816 2685 1009 2734 Yspanie,
1038 2684 1164 2721 noluit
1190 2683 1290 2732 quod
1317 2682 1400 2731 ipse
1425 2681 1607 2719 scriberet
1632 2682 1791 2730 regibus

103 2745 280 2794 Ungarie
302 2753 336 2782 et
358 2744 537 2782 Navarre
563 2754 597 2782 et
619 2745 862 2793 portugalie,
886 2753 921 2781 et
944 2743 1071 2780 noluit
1094 2742 1194 2792 quod
1216 2740 1409 2789 sigillaret
1433 2740 1503 2777 iste
1526 2740 1659 2778 literas
1681 2755 1790 2787 suas,

148 2899 179 2931 1.
209 2898 275 2931 Ms.
304 2898 387 2938 cite,
414 2897 475 2931 fol.
493 2893 568 2931 '191
597 2902 648 2931 v0.

148 2952 179 2984 2.
210 2951 276 2984 Ms.
305 2951 388 2991 cite,
415 2950 478 2984 fol.
506 2951 574 2984 116
600 2955 644 2984 r0.

146 3006 179 3038 3.
215 3004 375 3037 Grandes
396 3003 607 3047 chroniques
629 3004 669 3037 de
690 3004 841 3041 France‚
865 3003 921 3050 ed.
948 3001 1185 3040 Delachenal‚
1209 3007 1236 3033 t.
1258 3012 1296 3039 11,
1320 3011 1354 3043 p.
1377 2997 1459 3033 318.

147 3058 168 3089 4
196 3057 236 3090 Β.
263 3057 319 3095 Ν.,
341 3068 408 3089 ms.
430 3056 524 3089 latin
544 3055 676 3096 14644,
699 3056 761 3090 fol.
790 3056 860 3089 154
888 3060 937 3088 v0.

149 3111 178 3143 5.
210 3110 249 3142 B.
279 3109 335 3148 N.‚
361 3121 428 3142 ms.
454 3109 549 3141 latin
571 3109 701 3149 11745,
727 3109 788 3142 fol.
812 3109 856 3142 75
884 3113 926 3141 1⁸⁰.

148 3164 180 3196 6.
211 3162 277 3195 Ms.
300 3162 383 3202 cite,
406 3161 468 3195 fol.
492 3162 536 3195 39
558 3166 601 3195 r0.
644 3184 646 3186 -
