2083 3458
86 308 239 365 [1003]
602 325 820 351 PAPARUM
855 325 1240 351 AVENJONENsmM
1685 306 1764 348 521

73 405 277 443 dominum
312 406 629 444 Bartholomeum
654 407 996 456 archiepiscopum
1031 407 1259 454 Barensem,
1287 414 1322 443 et
1346 405 1482 443 animo
1503 414 1538 444 et
1572 406 1767 443 voluntate

74 465 175 514 quod
202 465 254 503 sit
283 479 394 502 verus
423 479 544 515 papa.
578 465 640 502 Ad
671 466 912 504 solvendam
942 474 1082 504 autem
1112 466 1236 503 istam
1267 465 1583 514 ambiguitatem
1615 463 1764 502 nullius

74 524 358 562 testimonium
391 532 529 574 potest
562 539 646 562 esse
681 525 823 562 melius
858 525 1095 563 testimonio
1128 524 1253 574 ipsius
1290 524 1460 562 Joannis
1495 523 1543 562 de
1577 523 1720 561 Crosso
1755 537 1762 559 ε

75 583 143 631 qui
157 583 432 633 interrogatus
448 597 470 620 a
484 582 628 633 legatis
644 583 745 632 regis
762 583 961 622 Castellae
974 583 987 606 1
1001 583 1153 632 juravit
1167 583 1208 620 in
1224 583 1462 620 conscientia
1487 597 1562 620 sua
1586 581 1765 632 ponendo

73 656 216 679 manus
242 642 294 679 ad
317 650 451 691 pectus
477 650 511 679 et
535 641 609 679 sub
635 641 858 690 juramento
885 643 1066 691 deposuit
1092 643 1193 692 qaod
1219 650 1308 679 ante
1335 656 1402 679 nec
1427 650 1515 691 post
1542 641 1765 689 ingressum

73 701 266 739 conclavis
287 715 491 751 nunquam
512 701 745 749 cogitaverat
764 701 808 738 de
828 701 1004 749 eligendo
1025 701 1171 738 (lictum
1191 701 1532 750 arehiepiscopum
1551 700 1765 737 Barensem

74 774 194 809 usque
221 760 272 797 ad
298 760 434 797 horam
461 774 538 810 qua
563 759 691 808 sactus
718 760 797 808 suit
824 761 968 797 clamor
996 760 1152 797 validus
1180 760 1334 809 populi,
1364 768 1398 797 et
1424 768 1516 797 tunc
1545 757 1765 795 nominavit

74 818 203 868 primo
228 819 347 856 istum
371 818 712 868 archiepiscopum
737 818 964 866 Bao-ensem,
991 819 1058 868 qui
1082 827 1163 856 erat
1187 819 1230 855 cle
1254 827 1361 856 extra
1385 818 1603 867 collegium,
1629 817 1765 855 timore

76 879 224 926 mortis,
245 878 348 916 alias
370 892 449 915 non
467 878 658 926 facturus,
681 887 714 916 ct
734 878 853 916 credit
873 878 974 928 quod
995 878 1079 927 ipsc
1100 877 1202 916 clioeit
1221 878 1322 927 quod
1338 877 1506 926 eligebat
1524 891 1612 914 eum
1631 876 1766 913 animo

75 945 109 975 et
126 937 326 987 proposito
346 938 447 987 quod
465 946 561 975 esset
578 952 700 987 papa,
721 937 857 975 timore
876 946 1006 975 tamen
1026 936 1172 974 mortis

129 996 245 1044 Quod
273 997 375 1034 adeo
403 1010 546 1035 verum
573 1005 634 1035 est
661 1004 707 1034 ut
734 996 878 1035 statim
904 1004 999 1045 post
1026 996 1267 1034 electionem
1294 995 1416 1033 ambo
1443 995 1499 1032 illi
1527 994 1766 1040 cardinales,

76 1055 184 1094 Urbe
202 1056 356 1103 relicta,
376 1055 614 1094 secesserint
631 1056 672 1093 in
691 1064 872 1093 castrum
891 1055 1029 1092 Sancti
1050 1054 1211 1104 Angeli3
1230 1069 1279 1092 ex
1298 1069 1378 1103 quo
1396 1054 1530 1103 egredi
1549 1054 1768 1091 noluerunt

74 1129 146 1164 pro
168 1115 515 1153 inthronizatione
537 1114 857 1162 Bartholomaei,
882 1114 1071 1163 quamvis
1095 1114 1233 1151 multis
1257 1113 1444 1163 precibus
1468 1113 1519 1150 ad
1542 1126 1632 1150 eam
1653 1125 1767 1161 pera-

75 1173 250 1223 gendam
278 1174 446 1212 invitati
477 1168 662 1222 fuissent,
694 1174 822 1212 donec
851 1181 1017 1211 senator
1046 1181 1086 1211 et
1113 1173 1180 1210 alii
1212 1172 1399 1210 officiales
1430 1179 1688 1210 accesserunt
1717 1170 1768 1207 ad

74 1233 183 1282 ipsos
218 1234 355 1282 eisque
376 1233 569 1271 dixerunt
589 1248 669 1282 quo
689 1233 886 1271 audacter
906 1240 946 1271 et
965 1246 1102 1270 secure
1121 1223 1316 1282 po‘terant
1336 1232 1443 1269 exire
1463 1239 1504 1269 et
1522 1230 1574 1268 ad
1594 1231 1769 1268 electum

75 1292 333 1342 praedictum
351 1292 541 1331 accedere
574 1300 621 1330 ut
638 1292 775 1330 videre
794 1300 855 1330 est
872 1292 913 1329 in
931 1291 1051 1329 Facto
1070 1291 1214 1328 Jacobi
1234 1291 1281 1328 de
1301 1291 1404 1328 Seva
1422 1298 1464 1329 et
1480 1289 1590 1327 alibi.
1614 1288 1769 1326 Exiisse

74 1359 215 1389 autem
249 1351 473 1390 cardinales
509 1367 527 1390 e
562 1359 696 1389 castro
732 1351 871 1389 Sancti
906 1351 1049 1399 Angeli
1082 1364 1153 1399 pro
1187 1350 1372 1387 vitatione
1406 1348 1570 1397 majoris
1603 1346 1771 1397 periculi

73 1411 222 1459 legitur
248 1411 289 1448 in
317 1410 630 1460 allegationibus
660 1410 934 1460 quorumdam
962 1410 1252 1459 magistrorum
1281 1407 1583 1454 parisiensium,
1612 1421 1649 1456 p.
1681 1405 1769 1452 556,

73 1470 117 1507 in
148 1477 261 1507 †omo
295 1478 443 1519 quarto
476 1470 679 1508 Historiae
717 1469 997 1507 Universitatis
1028 1468 1288 1514 Parisiensis‚
1323 1475 1363 1505 et
1396 1474 1605 1517 praeterea
1640 1465 1770 1513 colligi

76 1537 214 1579 potest
249 1543 298 1567 ex
334 1529 394 1566 his
431 1543 534 1578 quae
568 1529 822 1567 Bertrandus
859 1528 1075 1566 cardinalis
1112 1527 1401 1565 Glandatensis
1437 1526 1712 1574 interrogatus
1750 1537 1771 1560 a

75 1588 220 1638 legatis
238 1588 341 1637 regis
361 1589 559 1626 Castellae
576 1588 727 1637 juravit
746 1588 787 1625 in
804 1602 878 1624 sua
896 1587 1133 1625 conscientia
1155 1587 1207 1624 ita
1226 1600 1319 1633 esse,
1340 1585 1532 1622 nimirum
1551 1583 1660 1633 quod
1679 1597 1771 1621 cum

76 1655 170 1697 post
195 1647 435 1686 electionem
461 1656 501 1685 et
526 1647 919 1685 inthronizationem
943 1646 1249 1684 Bartholomaei
1269 1645 1353 1694 ipse
1380 1644 1550 1682 dixisset
1575 1641 1771 1681 cardinali

77 1707 125 1744 de
163 1706 372 1756 Agrifolio,
405 1707 498 1744 (lum
517 1706 531 1729 ²
563 1715 658 1744 esset
682 1706 724 1743 in
754 1706 869 1753 Urbe,
895 1706 996 1755 quod
1028 1706 1091 1743 ille
1115 1705 1412 1743 Bartlzolomeus
1437 1717 1515 1740 non
1538 1710 1618 1739 erat
1649 1714 1770 1750 papa,

76 1774 168 1803 tunc
187 1766 388 1815 respondit
407 1766 534 1804 (lictus
553 1766 738 1803 dominus
758 1766 802 1802 de
822 1765 1022 1814 Agrisolio
1042 1765 1143 1814 quod
1161 1772 1307 1801 caveret
1325 1763 1405 1800 sibi
1424 1762 1548 1799 (licere
1569 1761 1657 1808 ista,
1679 1759 1773 1809 quia

75 1824 187 1861 verbo
214 1839 285 1862 suo
311 1833 439 1874 posset
468 1825 681 1874 interficere
710 1825 850 1862 multos
878 1824 1058 1861 dominos
1085 1832 1119 1861 et
1147 1823 1338 1861 notabiles
1364 1835 1554 1872 personas
1580 1828 1614 1857 et
1641 1832 1773 1856 omnes

76 1884 399 1932 ultramontanos,
419 1884 486 1921 sed
504 1884 643 1922 (liceret
661 1884 816 1934 quando
835 1892 960 1921 essent
980 1883 1022 1920 in
1041 1884 1121 1920 loco
1139 1891 1238 1930 tuto,·
1256 1882 1349 1932 quia
1369 1889 1460 1918 tunc
1487 1888 1583 1917 esset
1605 1887 1771 1927 tempus,

75 1957 181 1980 nunc
201 1957 292 1982 non.

129 2002 387 2040 Confirmant
408 2003 513 2040 hanc
536 2002 814 2040 narrationem
836 2002 961 2040 verba
987 2001 1225 2050 Raynulphi
1249 1999 1465 2038 cardinalis
1483 1995 1771 2041 Sistarieensis‚

79 2062 147 2111 qui
167 2075 292 2111 nepos
313 2070 400 2099 erat
422 2062 529 2100 Petri
550 2061 767 2100 cardinalis
788 2060 1126 2110 Pampilonensis.
1145 2060 1208 2097 Sic
1226 2059 1334 2097 enim
1352 2059 1460 2096 inter
1479 2065 1611 2095 cetera
1632 2054 1773 2093 scribit

75 2120 117 2158 in
137 2120 392 2170 depositione
411 2135 483 2158 sua
503 2121 625 2158 missa
645 2119 662 2143 3
691 2120 743 2158 ad
769 2134 904 2169 regem
924 2120 1123 2158 Castellae
1144 2135 1151 2156 ε
1172 2119 1313 2156 Postea
1332 2132 1416 2155 vero
1434 2115 1578 2154 accessi
1594 2115 1646 2152 ad
1662 2114 1772 2150 Ana-

78 2179 227 2228 gniam,
250 2188 283 2217 et
301 2179 365 2228 sui
387 2179 444 2217 ibi
467 2180 658 2218 invitatus
678 2193 748 2229 per
768 2179 899 2216 domin
909 2194 973 2216 um
994 2179 1236 2216 cardinalem
1257 2178 1301 2215 cle
1323 2176 1522 2225 Agrisolio
1540 2175 1582 2211 in
1602 2172 1773 2223 prandio

75 2246 111 2276 et
128 2238 170 2275 in
186 2253 293 2286 cena,
312 2253 399 2276 cum
417 2253 489 2288 quo
507 2239 621 2276 multi
638 2239 859 2276 cardinales
878 2247 912 2276 et
929 2238 1079 2275 nobiles
1103 2237 1265 2286 fuerunt
1295 2236 1364 2274 illa
1381 2235 1455 2282 die,
1474 2243 1507 2271 et
1531 2233 1609 2282 suit
1630 2233 1772 2281 festum

76 2297 251 2347 corporis
279 2297 440 2336 Christi.
474 2298 522 2335 In
551 2312 645 2335 cena
673 2312 758 2335 vero
786 2297 906 2335 traxit
933 2311 991 2334 me
1018 2297 1070 2334 ad
1096 2297 1301 2345 capellam,
1336 2303 1369 2332 et
1397 2294 1498 2330 dixit
1526 2291 1645 2328 michi
1673 2289 1774 2339 quod

77 2357 243 2394 multum
269 2357 502 2406 displicebat
525 2357 605 2394 sibi
632 2357 732 2406 quod
756 2371 947 2394 veneram.
976 2356 1060 2405 Ego
1086 2355 1271 2404 respondi
1296 2353 1376 2391 sibi
1404 2368 1411 2389 ι
1440 2352 1568 2401 Quare
1602 2349 1770 2395 domine,

78 2415 171 2465 quia
194 2424 288 2453 certe
312 2431 376 2453 vos
397 2416 534 2464 sitistis
557 2431 678 2454 causa
699 2416 888 2453 adventus
912 2416 987 2453 mei
1010 2424 1043 2453 et
1065 2415 1172 2452 litere
1195 2413 1342 2451 westre?
1365 2412 1477 2448 Tunc
1499 2408 1684 2447 astrinxit
1713 2421 1770 2443 me

73 2474 297 2523 juramento
318 2483 351 2513 et
372 2475 473 2512 (lixit
494 2476 595 2525 quod
615 2489 693 2512 non
715 2483 796 2512 erat
816 2475 963 2524 aliquis
984 2489 1094 2524 papa
1116 2488 1183 2510 nec
1206 2473 1269 2510 ille
1291 2471 1357 2521 qui
1379 2479 1459 2508 erat
1482 2469 1523 2506 in
1546 2468 1670 2504 Roma
1692 2473 1773 2503 erat

77 2548 197 2583 papa.
225 2533 337 2571 Tunc
357 2534 442 2571 ‹lisci'
465 2547 477 2571 .·
496 2534 679 2582 Domine,
702 2534 889 2584 quomoclo
910 2533 1070 2583 potestis
1091 2532 1159 2569 lioc
1180 2532 1316 2575 dicere,
1339 2544 1427 2567 cum
1449 2542 1512 2565 vos
1532 2524 1772 2575 scripseritis

78 2592 236 2629 domino
256 2607 338 2629 meo
357 2593 510 2630 literam
530 2593 622 2631 talis
642 2593 798 2631 tenoris.
821 2592 872 2630 Et
890 2593 991 2630 sliccit
1012 2593 1095 2641 ipse
1116 2605 1129 2628 .·
1148 2591 1198 2628 Et
1219 2604 1297 2627 non
1317 2588 1452 2625 vidisti
1473 2586 1530 2623 ibi
1550 2583 1741 2623 contineri
1763 2598 1769 2619 :

73 2651 134 2688 De
152 2652 336 2689 mandato
355 2652 508 2689 ‹lomini
527 2652 650 2690 nostri
667 2652 794 2689 scribo
813 2651 933 2690 vobis
956 2651 1006 2689 Et
1023 2659 1118 2689 certe
1138 2650 1222 2699 ipse
1240 2648 1361 2685 voluit
1378 2656 1413 2685 et
1430 2644 1634 2683 mandavit
1652 2641 1770 2679 michi

78 2711 180 2760 quod
197 2710 404 2747 scriberem
424 2710 516 2748 sibi.
544 2711 655 2748 Tunc
676 2711 760 2748 (listi
784 2727 790 2748 :
815 2710 935 2758 Certe,
959 2710 1127 2756 domine,
1151 2723 1229 2745 non
1250 2706 1424 2744 recordor
1448 2704 1549 2754 quod
1568 2710 1693 2739 essent
1715 2700 1784 2737 ibi'

80 2769 150 2806 illa
181 2769 307 2808 verba.
342 2769 457 2808 Adde
489 2770 774 2808 testimonium
806 2769 942 2807 fratris
976 2768 1146 2806 Joannis
1182 2765 1369 2804 Roderici
1401 2762 1579 2813 episcopi
1613 2760 1771 2809 Neopa-

79 2828 240 2875 trensiS‚
261 2828 302 2865 in
323 2828 437 2877 cujus
459 2828 714 2877 depositione
735 2829 789 2866 sic
808 2828 957 2877 legitur
977 2827 992 2849 4
1015 2843 1021 2864 :
1041 2827 1092 2864 Et
1118 2826 1250 2864 statim
1269 2832 1356 2874 post
1375 2823 1449 2860 ista
1469 2821 1531 2858 liic
1557 2819 1664 2857 testis
1691 2818 1774 2867 yvit

78 2900 168 2923 cum
192 2887 375 2936 episcopo
401 2886 620 2924 Concltensi
645 2888 697 2924 acl
721 2888 879 2924 domum
904 2886 1122 2924 cardinatis
1148 2885 1191 2922 de
1212 2883 1412 2932 Agrifolio
1434 2881 1485 2918 acl
1504 2878 1773 2928 recipiendum

132 3028 163 3061 1.
197 3028 260 3061 Ms.
286 3028 369 3068 cite,
394 3027 457 3061 fol.
482 3029 527 3061 36
550 3032 594 3060 r0.

133 3082 153 3113 2
199 3081 260 3114 Ms.
291 3081 374 3121 cite,
403 3081 465 3114 fol.
495 3081 540 3114 36
567 3085 611 3114 r⁰.

132 3134 168 3168 3.
195 3133 261 3167 Ms.
292 3134 376 3173 cite,
405 3134 467 3167 fol.
498 3134 542 3167 74
570 3138 620 3167 νῦ.

132 3187 170 3219 4.
203 3186 264 3220 Ms.
295 3187 377 3226 cite,
407 3186 469 3219 fol.
500 3187 567 3220 223
594 3191 628 3219 ΓΟ
