2083 3458
95 262 247 318 [1024]
612 276 828 302 PAPARUM
864 275 1247 301 AVENIONENSIUM
1698 257 1779 298 541

81 360 367 399 Cantuariensi
390 359 570 407 dimissa,
594 359 646 396 ad
668 359 910 409 pontificem
932 357 1183 408 properavit.
1212 357 1271 395 Ibi
1294 365 1485 407 suscepto
1509 357 1781 400 cardinalatu,

80 419 123 456 in
143 420 325 458 maxima
344 433 476 470 papae
494 419 789 467 Romanaeque
805 418 939 455 curiae
960 417 1090 466 gratia
1111 417 1235 462 vixitg
1254 416 1402 454 Matth.
1420 416 1571 454 Parker
1586 416 1623 453 in
1643 414 1779 464 Antiq.

83 478 267 517 Britann.
289 478 498 516 Ecclesiae.
522 477 585 515 Ex
604 491 683 527 qua
704 477 939 515 narratione
958 476 1089 526 liquet
1108 476 1193 513 falli
1221 490 1286 513 eos
1308 476 1376 525 qui
1398 476 1604 513 Simonem
1634 481 1781 524 sponte

80 538 268 575 scribunt
298 538 497 576 dimisisse
526 537 927 586 archiepiscopatum
957 535 1308 575 Cantuariensem.

136 596 255 635 Anno
285 597 427 646 itaque
468 596 655 645 sequenti
689 594 984 640 MCOELXIX,
1020 608 1148 631 mense
1179 594 1336 643 aprilis,
1363 609 1495 632 versus
1527 593 1677 631 curiam
1713 590 1783 628 iter

86 655 199 705 cepit,
221 665 268 694 ut
288 656 347 694 ait
367 655 699 705 Walsinghamus
731 656 776 705 [t.
798 670 824 701 1,
847 669 883 704 p.
907 653 981 692 307
996 653 1022 702 ]‚
1045 661 1085 691 et
1106 653 1169 690 die
1191 668 1295 690 xxlv
1315 654 1411 691 maii
1432 653 1606 691 intravit
1627 651 1782 689 curiam

80 716 193 764 apud
217 715 640 762 Montemssasconem‚
665 723 711 753 ut
733 715 882 763 legitur
904 714 942 751 in
966 713 1068 750 libro
1092 712 1405 760 obligationum.
1432 713 1493 750 Ex
1517 726 1597 762 quo
1620 722 1781 748 rursum

84 773 215 824 liquet
246 775 397 813 frustra
430 775 630 825 scriptum
661 789 745 812 esse
776 774 827 811 ab
860 773 1052 821 Auberyo
1083 772 1198 810 illum
1229 772 1281 808 ad
1313 772 1528 809 Urbanum
1558 783 1710 820 papam
1741 769 1782 805 in

86 832 250 873 Italiam
274 834 506 884 profectum
529 849 613 873 esse
637 834 781 872 statim
804 841 930 882 atque
955 831 1113 880 accepit
1137 831 1330 869 nuntium
1354 833 1402 870 de
1427 831 1628 880 dignitate
1653 828 1781 866 cardi-

82 893 184 931 nalis
211 894 287 932 sibi
313 894 475 932 collata.

136 952 238 992 Cum
260 954 515 1003 pervenisset
539 954 678 993 Simon
701 954 753 991 ad
778 952 994 990 Urbanum
1017 965 1183 1000 papam,
1208 951 1239 988 is
1264 951 1377 988 dedit
1401 950 1457 987 illi
1480 949 1648 987 titulum
1674 959 1782 997 pres-

82 1010 217 1060 byteri
257 1013 486 1051 cardinalis.
530 1013 724 1052 Diversae
763 1020 860 1050 sunt
898 1019 1038 1049 autem
1077 1018 1295 1048 auctorum
1333 1009 1574 1047 sententiae.
1617 1004 1782 1043 Etenim

84 1070 429 1122 Walsinghamus,
471 1073 706 1122 Onuphrius
748 1071 986 1117 panvinius,
1027 1079 1172 1107 auctor
1210 1068 1475 1119 Antiquitatis
1524 1064 1782 1104 Britannicae

82 1130 293 1179 Ecclesiae,
325 1132 516 1179 Bzovius‚
552 1131 834 1170 Ferdinandus
869 1130 1077 1179 Ughellus‚
1111 1137 1152 1167 et
1184 1128 1382 1167 Odoricus
1417 1126 1657 1176 Raynaldus
1690 1136 1783 1162 eum

83 1188 201 1228 aiunt
220 1190 342 1230 fuisse
360 1192 649 1241 presbyterum
668 1191 918 1229 cardinalem
936 1189 1048 1227 tituli
1065 1189 1203 1226 Sancti
1218 1188 1334 1226 Sixti.
1351 1188 1530 1224 Joannes
1545 1183 1780 1227 Godwinus,

83 1248 311 1297 Ciaconius‚
341 1251 544 1301 Josephus
573 1251 700 1288 Maria
730 1249 953 1296 SuaresiuS,
983 1257 1023 1286 et
1050 1248 1305 1286 Contelorius
1333 1248 1367 1285 ei
1394 1246 1585 1284 tribuunt
1612 1243 1782 1280 titulum

83 1307 259 1347 Sanctae
286 1310 493 1349 Praxedis.
522 1310 719 1347 Oldoinus
745 1310 1014 1360 posteriorem
1039 1307 1289 1345 sententiam
1315 1321 1395 1344 non
1419 1305 1582 1355 probat,
1606 1302 1782 1352 priorem

80 1368 363 1418 amplectitur.⁴
389 1370 461 1408 Cui
487 1384 580 1419 ergo
605 1370 795 1407 lubenter
819 1369 981 1407 accedo.
1011 1367 1177 1405 Etenim
1203 1381 1296 1405 cum
1322 1366 1481 1403 Marcus
1508 1364 1556 1401 de
1582 1359 1780 1405 viterbio,

83 1429 152 1476 qui
183 1428 352 1466 titulum
387 1429 560 1467 Sanctae
595 1429 788 1467 praxedis
821 1428 1016 1475 habebat,
1050 1427 1197 1465 obierit
1226 1433 1395 1462 tantum
1425 1422 1613 1472 sequenti
1645 1432 1782 1457 mense

81 1487 321 1537 septembri,
349 1488 618 1528 manifestum
645 1497 707 1527 est
733 1488 849 1525 illum
877 1487 963 1525 dari
993 1501 1073 1524 non
1100 1486 1284 1536 potuisse
1314 1483 1467 1523 Simoni
1496 1495 1632 1521 mense
1660 1478 1783 1523 maio,

83 1546 423 1596 quandoquidem
439 1562 518 1585 non
537 1548 727 1586 vacabat.
750 1548 964 1585 Praeterea
981 1546 1172 1592 Bzovius‚
1191 1559 1254 1583 an.
1276 1543 1390 1590 1372,
1415 1543 1430 1591 ξ
1447 1542 1510 1589 33,
1528 1549 1568 1579 et
1586 1537 1783 1578 Odoricus

86 1605 342 1655 Raynaldus‚
361 1622 425 1646 an.
452 1607 566 1654 1371,
595 1607 662 1656 §1,
686 1622 735 1645 ex
757 1605 935 1655 Rege-stis
958 1605 1138 1654 Gregorii
1164 1605 1239 1651 XI,
1263 1604 1412 1641 docent
1436 1602 1642 1640 Simonem
1663 1596 1784 1634 fuisse

83 1665 370 1715 presbyterum
402 1667 653 1714 cardinalem
682 1666 793 1704 tituli
826 1666 965 1703 Sancti
997 1665 1102 1703 Sixti
1121 1664 1147 1703 ¹.

137 1726 256 1764 Anno
276 1726 549 1773 MCOELXX,
572 1727 762 1764 Urbanus
783 1725 816 1762 V
835 1725 943 1763 hunc
964 1725 1171 1763 Simonem
1190 1731 1230 1762 et
1251 1724 1455 1762 Joannem
1475 1721 1523 1758 de
1545 1720 1784 1756 Dormanno

82 1784 367 1824 destinaverat
388 1787 543 1836 legatos
568 1786 620 1823 ad
643 1800 753 1835 reges
780 1784 975 1822 Franciae
998 1792 1039 1822 et
1064 1783 1232 1833 Angliae
1256 1783 1362 1821 bello
1386 1783 1656 1819 decertantes.
1683 1776 1784 1813 Cum

84 1858 180 1882 vero
206 1844 371 1883 interim
400 1845 591 1883 Urbanus
619 1853 725 1884 esset
752 1852 953 1892 mortuus,
982 1843 1198 1892 Gregorius
1229 1842 1289 1879 XI
1317 1855 1407 1879 eam
1434 1840 1509 1877 illis
1537 1836 1783 1886 legationem

83 1903 396 1951 confirmavit-‘23
421 1905 619 1943 Odoricus
645 1903 900 1953 Raynaldus,
924 1917 1032 1941 anno
1057 1902 1170 1949 1371,
1198 1902 1214 1950 ἓ
1238 1902 1272 1949 1,
1291 1901 1432 1946 Bzov.‚
1456 1913 1520 1936 an.
1547 1895 1661 1941 1372,
1690 1891 1783 1942 §33-

86 1962 162 2000 Sed
188 1963 352 2001 illorum
379 1978 545 2014 operam
571 1971 612 2002 et
638 1963 824 2002 studium
851 1962 1002 2001 frustra
1031 1962 1153 1999 fuisse
1181 1962 1301 1999 docet
1327 1967 1470 1998 auctor
1498 1957 1660 1995 Primae
1686 1952 1786 1990 vitae

90 2021 271 2071 Gregorii
291 2022 372 2069 XI,
394 2037 432 2073 p.
456 2023 543 2061 417.
569 2023 686 2071 Quod
709 2023 835 2061 etiam
854 2030 1036 2060 testatur
1058 2020 1389 2069 &Valsinghamus
1423 2018 1468 2068 lt.
1490 2032 1517 2064 1,
1539 2031 1577 2066 p.
1601 2011 1702 2062 313]
1725 2010 1785 2048 his

86 2081 219 2119 verbis
251 2097 258 2119 :
290 2082 368 2119 Per
397 2081 498 2119 idem
527 2091 681 2131 tempus
708 2082 825 2131 jussa
855 2080 1007 2118 domini
1037 2093 1167 2130 papae
1195 2078 1340 2128 egressi
1369 2086 1463 2115 sant
1491 2077 1535 2113 de
1568 2073 1680 2112 caria
1710 2071 1786 2107 dico

84 2140 307 2180 cardinales
339 2141 391 2178 ad
421 2142 670 2179 tractandum
702 2142 746 2179 cle
778 2155 873 2190 pace
906 2140 1006 2178 inter
1038 2140 1114 2177 duo
1147 2153 1281 2187 regna,
1316 2137 1514 2186 Anglicus
1547 2132 1722 2171 videlicet
1753 2136 1787 2165 et

86 2199 377 2239 parisiensis...
404 2200 574 2250 acceptis
605 2200 955 2250 procurationibus
976 2199 1122 2249 absque
1142 2197 1254 2247 pacis
1275 2197 1413 2246 effectu
1439 2196 1491 2233 ad
1512 2193 1665 2231 curiam
1693 2194 1787 2225 sunt

91 2272 244 2298 reversz.

140 2317 259 2356 Anno
275 2318 606 2357 MCCCLXXIII
622 2319 755 2358 factus
767 2318 1053 2368 estepiscopus
1069 2316 1359 2355 Praenestinus
1375 2322 1469 2365 post
1488 2308 1785 2360 Raymundum

86 2376 136 2414 de
158 2377 390 2425 Canilhaco‚
414 2379 482 2428 qui
504 2378 663 2417 obierat
683 2379 747 2417 die
769 2393 828 2415 xx
848 2377 964 2426 junii.

141 2436 338 2474 Oldoinus
364 2445 576 2476 auctorem
600 2438 773 2476 laudans
801 2436 1035 2475 Suaresium
1060 2435 1119 2473 ait
1142 2436 1258 2473 illum
1283 2450 1304 2472 a
1332 2432 1524 2483 Gregorio
1553 2424 1612 2467 XI
1638 2437 1784 2465 renun-

54 2521 58 2524 -
89 2495 239 2534 tiatum
263 2497 407 2536 eodem
431 2505 616 2547 tempore
641 2497 879 2548 episcopum
907 2496 1219 2533 Praenestinum
1243 2502 1284 2532 et
1308 2495 1491 2543 legatum
1514 2491 1555 2528 in
1580 2487 1784 2537 Angliam,

85 2554 156 2593 sed
185 2563 317 2594 morte
346 2564 620 2606 praeventum
648 2556 896 2606 legationem
924 2555 1037 2592 illam
1066 2568 1147 2591 non
1177 2553 1347 2591 subiisse
1393 2552 1544 2589 Verum
1575 2545 1784 2585 Suaresius

86 2614 128 2652 id
150 2628 230 2652 non
253 2615 366 2662 dicit,
389 2616 457 2654 sed
480 2623 650 2655 tantum
670 2616 783 2653 illum
807 2606 828 2652 a
853 2614 1045 2663 Gregorio
1070 2613 1129 2650 XI
1150 2611 1464 2650 Praenestinum
1485 2608 1722 2658 episcopum
1744 2608 1785 2639 et

86 2674 270 2723 legatum
296 2675 338 2712 in
365 2675 556 2724 Angliam
584 2675 706 2712 fuisse
735 2674 1004 2720 declaratum,
1034 2673 1189 2721 absque
1217 2671 1298 2708 ulla
1325 2678 1423 2707 nota
1452 2666 1662 2717 temporis,
1690 2664 1785 2701 licet

88 2733 309 2771 obscurum
335 2733 539 2772 scribendi
567 2748 692 2783 genus
719 2734 887 2771 innuere
914 2732 1045 2782 possit
1072 2739 1213 2769 actum
1238 2730 1279 2767 id
1307 2743 1391 2767 esse
1419 2742 1464 2765 eo
1490 2736 1676 2775 tempore
1704 2735 1784 2772 quo

135 2887 167 2920 1.
197 2886 326 2920 Simon
350 2887 520 2931 posseda‚
547 2899 593 2920 en
617 2887 717 2927 estet,
744 2878 894 2930 l’Eglise
921 2885 1087 2918 titulaire
1114 2884 1157 2917 de
1184 2881 1413 2916 Saint-Sixte
1434 2880 1524 2925 qu'il
1557 2879 1785 2912 abandonna

89 2951 169 2972 vers
197 2940 287 2972 aofit
314 2941 418 2980 1373,
446 2940 576 2984 quand
601 2946 666 2973 eut
690 2940 764 2973 lieu
790 2951 858 2972 son
884 2938 1064 2971 transfert
1091 2937 1111 2969 a
1136 2936 1300 2969 l’eveche
1328 2935 1371 2968 de
1401 2933 1608 2967 Palestrina
1638 2931 1783 2975 (Eubel,

90 2992 317 3032 Hierarchia,
340 2998 365 3026 t.
386 3005 410 3032 1,
432 3005 466 3036 p.
490 2993 561 3035 21).

139 3046 168 3078 2.
199 3045 288 3078 Voir
308 3045 347 3079 L.
371 3045 484 3078 Mirot
508 3045 575 3088 (La
593 3046 768 3089 politique
787 3044 995 3088 pontificale
1015 3048 1045 3075 et
1065 3043 1095 3075 le
1114 3047 1231 3075 retour
1251 3042 1299 3074 du
1320 3039 1552 3082 saint-siege
1571 3040 1594 3071 ἀ
1612 3038 1723 3070 Rome
1743 3049 1785 3070 en

89 3099 193 3137 1376,
220 3098 333 3137 Paris,
357 3098 462 3138 1899,
487 3109 522 3141 p.
547 3098 684 3141 56-58)‚
710 3097 855 3130 Denisse
882 3095 957 3139 (La
978 3095 1185 3134 desolatwn,
1210 3101 1236 3128 t.
1259 3106 1296 3133 11,
1321 3105 1355 3137 p.
1380 3092 1476 3136 576),
1507 3092 1668 3125 Grandes
1689 3091 1787 3123 chro-

90 3152 216 3194 niques
239 3152 280 3184 de
302 3151 442 3184 France
467 3151 535 3194 (ed.
562 3151 801 3189 Delachenal,
826 3156 852 3183 t.
878 3162 913 3188 11,
938 3161 973 3192 p.
998 3147 1184 3191 156-157).
