2083 3458
326 209 400 250 122
968 223 1119 247 NOTAE
1154 222 1214 246 AD
1249 221 1376 246 vlTAs
1899 206 2022 262 [639]

320 308 494 358 quilibet
516 321 655 345 eorum
677 306 843 355 singulis
866 306 1008 345 diebus
1030 306 1210 355 exigeret
1232 313 1273 343 et
1298 304 1496 355 reciperet
1516 305 1664 355 viginti
1685 306 1809 344 libras
1832 314 2022 346 turonen-

319 367 424 405 sium
446 380 681 417 parvorum.
704 366 854 403 Datum
876 365 1087 412 Avinioni,
1117 364 1229 402 VIII
1251 364 1328 402 kal.
1356 364 1465 413 julii,
1490 365 1746 414 pontificatus
1770 365 1893 403 nostri
1919 380 2025 403 anno

320 426 455 476 quinto
487 424 553 475 [24
583 423 688 474 junii
715 423 846 474 1310}
871 425 972 462 Cum
993 438 1090 462 vero
1110 423 1168 461 illi
1199 437 1289 461 eam
1310 424 1642 474 procurationem
1664 433 1853 474 peterent
1875 437 1896 461 a
1920 425 2024 463 clero

318 485 547 523 dioeceseos
572 483 824 531 Helenensis,
853 497 957 533 quae
978 491 1068 520 tum
1099 490 1186 521 erat
1208 496 1302 533 pars
1328 482 1440 532 regni
1461 483 1769 533 Arragonensis,
1793 484 2025 527 intercessit

322 543 608 593 Raymundus,
641 542 854 593 episcopus
884 542 1136 589 Helenensis,
1176 542 1313 580 dicens
1352 542 1446 592 quia
1481 542 1823 593 quotienscumque
1862 558 2026 581 romana

320 602 496 641 Ecclesia
521 603 666 651 legatos
679 617 748 639 seu
775 601 943 639 nuncios
970 601 1089 639 mittit
1109 602 1161 639 ad
1184 601 1501 639 illustrissimum
1522 602 1727 639 dominum
1747 617 1873 651 regem
1897 602 2024 640 Fran-

318 663 375 700 cie
401 677 472 712 pro
503 661 670 710 negotiis
703 661 850 699 dictum
883 661 1089 699 dominum
1123 675 1249 710 regem
1283 669 1316 698 et
1349 675 1514 710 regnum
1536 661 1707 699 Francie
1759 661 2025 711 tangentibus,

318 722 406 759 licet
427 721 634 771 provincia
656 720 945 767 Narbonensis,
967 728 1159 770 quantum
1177 721 1229 757 ad
1246 734 1378 757 omnes
1397 720 1624 758 diocesanos
1644 720 1710 770 qui
1734 729 1827 758 sunt
1847 721 1889 758 in
1909 735 2026 770 regno

320 780 503 827 Francie,
526 780 568 818 in
586 780 782 817 solvendis
815 779 999 830 expensis
1021 787 1055 817 et
1088 779 1288 817 mittendis
1323 779 1484 817 nunciis
1506 795 1551 817 ac
1586 780 1680 817 aliis
1716 780 2026 830 dependentibus

318 840 459 878 erinde
492 847 747 889 computetur,
779 838 973 877 dioecesis
1007 846 1149 879 tamen
1185 838 1437 885 Helenensis,
1470 847 1599 888 utpote
1622 839 1666 876 de
1687 839 1767 877 alio
1790 853 1921 888 regno,
1944 854 2024 878 non

322 899 456 937 fuerat
487 898 623 948 aliquo
657 906 842 948 tempore
874 906 1117 948 computata
1150 912 1220 936 seu
1253 897 1379 936 etiam
1411 897 1585 936 talliata.
1621 898 1782 948 Allegat
1813 907 2025 949 praeterea

321 959 476 996 bullam
495 958 709 996 Innocenti
728 958 795 1005 IV,
812 957 1011 995 directam
1030 957 1186 995 Jacobo
1204 956 1287 1007 regi
1304 957 1575 1007 Arragonum,
1595 958 1738 995 datam
1763 957 1953 1008 Lugduni
1969 958 2025 995 Vl

320 1017 412 1055 idus
431 1017 521 1066 julii
545 1017 609 1067 [10
627 1016 776 1067 juillet]
801 1031 910 1057 anno
933 1016 1056 1055 tertio
1074 1014 1224 1066 [1245],
1243 1016 1314 1054 ubi
1338 1016 1393 1054 sic
1416 1016 1588 1066 legitur:
1614 1017 1724 1054 Hinc
1747 1025 1801 1055 est
1825 1018 2027 1067 quodcum

319 1077 572 1127 episcopatus
595 1076 784 1114 Elnensis
820 1076 863 1114 in
894 1090 1012 1125 regno
1034 1073 1302 1125 ⁷:1rragonum
1335 1076 1437 1113 situs
1468 1090 1548 1113 esse
1581 1076 1746 1123 dicatur,
1783 1076 1869 1114 licet
1901 1077 1953 1114 sit
1984 1077 2027 1114 de

321 1135 528 1186 provincia
550 1135 819 1182 Narbonensi,
861 1150 944 1183 nos,
975 1135 1120 1184 regalis
1154 1135 1373 1172 excellentie
1416 1135 1599 1185 precibus
1636 1135 1833 1182 inclinati,
1871 1149 2026 1186 presen-

320 1195 422 1233 tium
446 1195 674 1233 auctoritate
698 1194 917 1232 districtius
942 1194 1169 1232 inhibemus
1206 1209 1253 1231 ne
1289 1194 1437 1244 aliquis
1473 1194 1641 1244 predicte
1668 1195 1782 1233 Sedis
1807 1196 1958 1244 legatus
1984 1195 2027 1233 in

318 1255 450 1292 eodem
475 1254 719 1304 episcopatu,
747 1254 828 1291 nisi
864 1254 907 1291 in
948 1253 1087 1291 litteris
1123 1253 1332 1303 legationis
1364 1253 1443 1291 sibi
1476 1254 1679 1292 commisse
1712 1255 1757 1291 de
1791 1254 2027 1292 inhibitione

319 1314 550 1363 Jnijusmodi
571 1322 605 1351 et
626 1314 727 1364 quod
738 1313 865 1351 dictus
886 1313 1138 1363 episcopatus
1162 1313 1204 1350 in
1224 1316 1342 1362 regno
1365 1314 1494 1350 eodem
1516 1313 1656 1351 existat
1678 1316 1861 1363 expressa
1884 1314 2026 1352 mentio

319 1373 522 1420 habeatur,
547 1373 756 1422 legationis
779 1372 949 1422 officium
972 1387 1140 1410 exercere
1162 1380 1373 1422 presumat.
1401 1373 1512 1410 Haec
1542 1372 1780 1411 testimonia
1811 1381 1957 1414 extant
1984 1373 2026 1412 in

321 1432 488 1470 archivo
514 1432 808 1482 archiepiscopi
823 1432 1113 1472 Narbonensis.
1140 1431 1343 1469 Videntur
1368 1440 1508 1470 autem
1534 1432 1658 1481 legati
1680 1447 1698 1470 e
1723 1432 1853 1470 Gallia
1881 1432 2025 1471 disces-

321 1491 419 1529 sisse
445 1499 485 1529 et
512 1491 767 1530 Avenionem
792 1491 1025 1542 pervenisse
1051 1499 1148 1529 ante
1174 1505 1356 1529 mensem
1385 1491 1641 1529 decembrem
1671 1500 1744 1529 aut
1772 1491 1859 1542 ipso
1889 1506 2026 1530 mense

321 1550 529 1589 decembri
555 1551 736 1598 ineunte,
776 1565 869 1589 cum
909 1565 959 1588 ex
986 1550 1099 1588 Actis
1138 1551 1182 1588 de
1215 1549 1382 1588 dissidio
1414 1550 1633 1599 Bonisacii,
1666 1566 1706 1601 p.
1742 1550 1830 1598 522,
1866 1559 2026 1590 constet.

324 1610 579 1660 Stephanum
602 1610 851 1648 cardinalem
873 1610 984 1647 tituli
1007 1610 1044 1648 S.
1086 1609 1244 1659 Cyriaci
1264 1609 1308 1648 in
1339 1609 1522 1648 Thermis
1545 1609 1674 1648 fuisse
1696 1610 1899 1648 Avenioni
1919 1625 2026 1648 anno

323 1669 516 1716 MCCCX,
539 1670 601 1707 die
624 1685 713 1707 xxn
746 1669 983 1707 decembris.
1007 1669 1108 1707 Vide
1130 1669 1256 1707 etiam
1278 1669 1499 1707 Odoricum
1520 1669 1798 1719 Raynaldum,
1825 1684 1888 1707 an.
1913 1670 2026 1717 1310,

328 1728 345 1776 ἓ
365 1728 426 1766 34.

376 1787 558 1828 Tandem
585 1802 692 1826 anno
720 1788 937 1835 MCCCXI,
966 1788 1029 1826 die
1057 1787 1213 1826 decima
1241 1787 1479 1835 decembris,
1508 1788 1611 1825 obiit
1635 1788 1676 1825 in
1704 1802 1873 1826 romana
1902 1788 2025 1835 curia,

322 1854 369 1883 ut
392 1847 518 1885 habet
539 1846 656 1884 Liber
679 1847 968 1896 obligationum
987 1847 1137 1885 archivi
1162 1846 1386 1885 Vaticani'.
1409 1847 1526 1895 Quod
1546 1847 1781 1897 Onuphrius
1803 1847 2026 1885 Panvinius

328 2033 469 2072 (Finke,
505 2032 587 2065 Aus
625 2034 684 2066 der
724 2034 845 2075 Tagen
877 2033 1036 2075 Bonifaz
1062 2032 1178 2073 VIII,
1200 2045 1234 2077 p.
1264 2033 1344 2076 xv).
1375 2033 1464 2066 Lors
1500 2034 1549 2066 du
1576 2034 1752 2066 conclave
1782 2034 1824 2067 de
1855 2034 2025 2067 Perouso.

323 2086 509 2119 Landolfo
537 2086 596 2118 sut
617 2093 831 2119 scrutamur
853 2087 915 2119 des
932 2093 1163 2119 serutateurs
1190 2087 1332 2129 (Finke,
1355 2087 1449 2120 Acta
1470 2087 1739 2130 Aragonensia,
1766 2094 1792 2120 t.
1818 2100 1840 2125 1.
1868 2100 1902 2131 p.
1928 2088 2025 2131 192).

325 2140 417 2172 Sous
442 2140 473 2172 le
498 2140 700 2182 pontificat
725 2140 767 2172 de
794 2139 963 2173 Clement
985 2139 1029 2179 V,
1055 2140 1079 2172 il
1103 2140 1162 2172 fut
1190 2141 1283 2173 mele
1317 2152 1364 2173 au
1398 2143 1525 2184 proces
1562 2141 1623 2173 des
1653 2141 1856 2184 Templicrs
1883 2141 2025 2184 (Finke,

323 2193 529 2236 Papsttum,
566 2193 646 2225 voir
679 2194 715 2225 la
751 2194 852 2226 table
888 2193 950 2226 des
985 2193 1172 2236 matieres)
1208 2200 1245 2226 et
1279 2194 1300 2226 a
1343 2194 1436 2227 celui
1475 2195 1517 2227 dc
1556 2194 1732 2227 Boniface
1772 2194 1878 2227 VIII.
1907 2194 1957 2227 Le
1983 2195 2028 2228 16

325 2246 418 2278 avril
444 2247 533 2279 '1311
562 2246 586 2279 il
628 2246 670 2278 fit
706 2258 778 2279 une
820 2246 1033 2290 deposition
1075 2246 1126 2289 (L.
1154 2247 1309 2287 Mohler‚
1334 2248 1405 2280 Die
1437 2245 1636 2280 Cardinale
1669 2247 1790 2280 ζῙαΙςοῖ)
1822 2249 1898 2281 und
1926 2248 2030 2281 Peter

324 2299 499 2339 Colonna,
521 2311 555 2342 p.
579 2300 674 2343 266).
697 2299 744 2332 Sa
764 2306 863 2332 mort
882 2306 947 2332 eut
965 2300 1039 2332 lieu
1057 2300 1088 2333 le
1109 2300 1153 2333 29
1174 2301 1325 2334 octobre
1355 2301 1459 2339 1312,
1489 2301 1697 2344 aAvignon
1715 2301 1860 2343 (Eubel,
1877 2301 2029 2334 Hierar-

322 2353 415 2391 chia,
434 2360 459 2385 t.
474 2365 497 2392 1,
515 2365 549 2396 p.
570 2354 639 2395 12).
657 2352 727 2385 Sur
743 2353 928 2385 Landolfo
944 2353 1133 2386 consulter
1146 2354 1196 2386 les
1212 2354 1302 2387 trois
1319 2366 1499 2397 ouvrages
1521 2354 1609 2388 cites
1633 2355 1676 2387 de
1694 2354 1809 2387 Fiuke
1826 2361 1864 2387 et
1878 2355 2027 2394 Baluze,

325 2412 351 2438 t.
374 2418 424 2445 111,
449 2418 483 2448 p.
521 2406 564 2438 99
600 2413 637 2439 ct
672 2407 753 2439 109.
791 2406 976 2439 Landolfo
1000 2406 1225 2440 Brancaccio
1251 2407 1294 2440 fit.
1328 2408 1533 2440 construire
1559 2408 1580 2439 a
1605 2419 1660 2440 ses
1687 2408 1775 2440 frais
1801 2408 1836 2440 la
1862 2408 2028 2452 chapelle

325 2459 369 2491 ‹le
397 2458 625 2502 Saint-Angc
666 2460 685 2491 a
727 2460 838 2492 N.-D.
889 2460 950 2492 des
997 2459 1113 2492 Doms
1150 2472 1197 2493 en
1233 2461 1409 2504 Avignon
1447 2467 1484 2494 et
1527 2473 1551 2504 y
1588 2461 1645 2493 sut
1679 2461 1833 2495 inhume
1874 2461 2028 2504 (Mollat,

326 2524 360 2544 11.
382 2512 525 2555 49466).

380 2565 408 2597 1.
427 2565 584 2598 Clement
609 2566 649 2603 Γ,
671 2566 896 2609 Appendice,
919 2578 953 2609 p.
978 2567 1057 2605 240,
1079 2573 1117 2599 ct
1138 2567 1266 2606 Finke,
1284 2567 1489 2611 Papsttum,
1507 2574 1533 2600 t.
1554 2580 1591 2607 11,
1609 2580 1642 2611 p.
1662 2568 1794 2601 252.—-
1810 2559 1967 2600 Etiennc
1985 2568 2028 2600 de

329 2618 438 2661 Suisy
461 2619 519 2650 fut
542 2620 634 2651 mele
658 2631 704 2651 au
727 2622 854 2662 proces
880 2620 941 2652 des
965 2620 1168 2663 Templiers
1193 2621 1286 2653 dont
1308 2621 1332 2653 il
1354 2621 1526 2653 cntendit
1550 2621 1731 2654 certaines
1755 2621 1985 2664 depositions
2008 2622 2028 2652 ἐι

330 2671 484 2704 l’oitiers
505 2678 542 2704 et
563 2672 582 2703 ἐι
603 2671 747 2704 Chinon
767 2684 812 2704 en
832 2673 936 2706 1308.
960 2673 1017 2705 On
1037 2673 1068 2705 lc
1089 2679 1222 2706 trouve
1246 2674 1456 2717 egalcment
1476 2676 1614 2718 occupe
1636 2675 1685 2707 du
1705 2677 1832 2717 proces
1856 2675 1898 2707 de
1919 2686 2029 2707 cano-

330 2724 492 2756 nisation
517 2725 559 2756 de
588 2725 707 2758 Pici-re
735 2726 777 2757 de
804 2725 986 2763 Mox-rone.
1014 2738 1059 2759 en
1083 2727 1188 2760 1307.
1215 2727 1305 2760 Voir
1329 2739 1391 2760 sur
1415 2739 1482 2760 son
1506 2727 1662 2761 activite
1687 2728 1835 2766 Baluze,
1863 2734 1888 2760 t.
1913 2739 1965 2767 iv,
1991 2734 2029 2760 et

335 2777 457 2815 Finko,
478 2777 682 2820 Ραρειιιυη,
703 2785 729 2811 1.
748 2791 785 2817 11,
806 2778 854 2811 H.
875 2779 930 2818 L.‚
950 2786 976 2812 t.
998 2791 1135 2819 xxxw,
1155 2780 1191 2812 la
1209 2780 1310 2813 table
1331 2781 1393 2813 des
1412 2780 1598 2821 matieres‚
1619 2780 1779 2814 Clement
1801 2781 1842 2820 V,
1863 2792 1897 2813 n.
1920 2781 2029 2813 2291-

332 2830 433 2868 2293,
456 2831 565 2867 7735;
588 2831 713 2863 Douct
735 2832 873 2874 d’Arcq
897 2832 1104 2873 (Collection
1124 2834 1164 2866 de
1181 2845 1322 2873 sceauzr,
1344 2846 1378 2866 11.
1401 2834 1527 2877 6174);
1549 2834 1691 2873 Mollat‚
1713 2845 1747 2867 11.
1770 2834 1864 2867 6814
1882 2840 1920 2866 et
1935 2834 2027 2867 6817

333 2888 445 2921 (arn-s
477 2891 703 2916 conccrnant
733 2885 766 2917 la
797 2885 1023 2928 liquidation
1054 2886 1096 2918 de
1127 2897 1167 2919 sa
1196 2887 1440 2929 succession);
1461 2887 1623 2920 Journal
1642 2888 1702 2920 des
1723 2887 1888 2926 Savants,
1920 2886 2026 2924 1887,

337 2947 366 2976 p.
398 2937 463 2968 :307
501 2935 690 2976 (Hauraessau
720 2944 865 2970 montrc
897 2950 979 2981 que,
1011 2938 1174 2982 quoique
1203 2942 1354 2973 nomme
1384 2941 1695 2973 administrateur
1716 2939 1759 2973 de
1789 2940 1953 2973 l'eveche
1983 2940 2026 2972 dc

338 2988 434 3019 l’nris
456 2989 474 3019 ἐι
497 3000 604 3021 cause
627 2990 675 3021 du
697 2991 813 3031 grand
834 2992 899 3033 age
922 2991 965 3023 dc
986 2991 1155 3035 l’eveque
1177 2992 1306 3025 Simon
1327 2992 1479 3026 Matifas
1501 2994 1544 3026 de
1565 2993 1655 3026 Buci
1681 2993 1738 3036 (16
1758 2993 1840 3036 juin
1859 2993 1980 3036 1304),
2001 2993 2025 3025 il

332 3040 499 3081 next-rga
530 3054 594 3084 pas
623 3054 677 3075 scs
708 3043 926 3086 l'onctions};
956 3044 995 3077 L.
1027 3044 1180 3085 Mohlcr,
1199 3046 1272 3079 Die
1303 3046 1514 3086 Ix'ardinale,
1537 3058 1572 3090 p.
1598 3047 1677 3084 276,
1701 3047 1768 3079 277
1802 3045 2026 3089 (deposition

332 3092 420 3124 sain·
441 3094 469 3125 lv
491 3095 531 3126 24
552 3095 643 3127 avril
664 3096 749 3128 1311
772 3108 818 3128 au
838 3108 943 3130 eours
963 3097 1010 3129 du
1031 3100 1157 3140 proces
1177 3099 1220 3131 de
1238 3099 1414 3131 Boniface
1434 3099 1557 3143 VIII).
