2083 3458
40 234 162 288 [717]
568 247 783 272 PAPARUM
819 246 1200 271 AVENJONENsmM
1641 217 1726 268 ’213

30 340 77 369 ut
100 332 182 370 fieri
205 338 343 382 posset
364 330 526 368 collatio
548 330 704 367 numeri
725 329 777 367 ad
799 343 1014 367 numerum
1035 329 1155 366 fuisse
1179 327 1438 366 Franciscum
1461 327 1722 376 Gayetanum

29 391 275 429 cardinalem
310 389 528 427 diaconum
554 388 726 425 Sanctae
753 388 904 425 Mariae
928 388 970 425 in
1003 387 1231 433 Cosmedin‚
1258 394 1304 423 ut
1339 386 1486 435 legitur
1512 386 1553 423 in
1581 386 1723 424 eodem

27 448 175 487 Ordine
195 461 370 486 romano,
393 447 520 496 Atqui
539 447 602 484 hic
626 447 861 484 Franciscus
891 446 993 484 obiit
1015 446 1089 484 sub
1109 445 1226 483 initia
1246 445 1513 495 pontificatus
1539 444 1722 494 ejusdem

32 508 212 546 ..Ioannis
239 508 339 545 Cum
362 520 454 555 ergo
486 506 584 543 haec
607 505 665 542 ita
689 520 728 543 se
753 506 945 551 habeant,
971 519 1051 542 non
1078 512 1179 555 puto
1212 504 1400 553 deinceps
1433 503 1584 553 ambigi
1607 518 1723 553 posse

30 567 128 617 quin
150 567 327 604 Joannes
350 565 476 602 XXII
497 565 648 602 electus
668 564 721 601 sit
741 579 810 614 per
831 565 940 601 viam
960 563 1144 601 scrutinii
1164 563 1346 611 adeoque
1367 576 1519 600 meram
1540 562 1721 600 fabulam

29 633 70 664 et
88 626 281 690 putidum
304 624 546 673 figmentum
567 637 649 661 esse
672 623 780 672 quod
801 637 824 660 a
846 623 1003 660 Joanne
1025 622 1199 659 Villanio
1219 621 1429 672 proditum
1449 629 1510 658 est
1531 621 1579 658 de
1601 621 1723 658 modo

31 698 111 734 quo
131 684 162 722 is
184 684 357 734 adeptus
378 697 461 721 esse
483 682 632 720 dicitur
651 696 858 719 summum
878 681 1180 731 pontificatum.

86 743 143 781 De
169 751 333 780 auctore
359 755 478 792 porro
503 741 619 778 istius
645 739 810 778 Ordinis
841 739 995 775 romani
1024 740 1194 777 dicenda
1226 746 1322 776 sunt
1347 738 1466 776 isthic
1492 738 1626 787 aliqua
1653 753 1723 788 per

30 810 307 840 transennam.
348 799 606 838 Mabillonius
645 799 752 837 enim
791 799 875 848 ejus
915 807 1124 836 auctorem
1162 798 1283 835 fuisse
1322 796 1482 847 scripsit
1521 797 1723 834 Jacobum

30 862 120 910 Ga)
124 861 211 898 tani
235 859 481 898 cardinalem
506 858 644 896 Sancti
670 858 829 907 Georgii
854 858 905 895 ad
925 858 1069 895 Velum
1094 871 1275 901 aureum,
1301 870 1350 894 ex
1375 855 1609 905 conjectura
1633 863 1722 893 tan-

31 928 133 966 tum,
159 933 251 957 curn
275 917 623 963 nomenauctoris
649 932 728 954 non
753 924 913 954 extaret
936 916 978 953 in
1000 916 1235 966 apographo
1259 914 1472 964 Ciampini,
1497 914 1617 952 sicuti
1642 928 1724 952 non

31 986 147 1016 extat
181 978 222 1016 in
257 976 536 1016 vetustissimo
581 976 716 1014 codice
752 975 984 1013 Colbertino
1003 974 1029 1013 ¹.
1068 975 1130 1011 Ex
1164 973 1400 1021 testimonio
1438 981 1576 1010 autem
1615 973 1722 1010 Petri

30 1036 245 1076 Bertrandi
265 1035 478 1074 cardinalis
499 1035 609 1072 tituli
629 1035 767 1072 Sancti
787 1034 1003 1072 Clementis
1024 1033 1154 1082 colligi
1184 1032 1348 1082 quidem
1366 1039 1503 1081 potest
1523 1032 1723 1069 „Iacobum

31 1096 219 1134 habuisse
243 1109 364 1146 penes
388 1109 427 1133 se
451 1093 635 1132 Ordinem
662 1093 904 1138 istiusmodi,
928 1093 996 1130 sed
1020 1100 1158 1130 tamen
1181 1106 1273 1129 eum
1297 1091 1416 1128 fuisse
1442 1091 1596 1128 Jacobo
1620 1091 1724 1128 anti-

32 1155 226 1204 quiorem.
256 1154 418 1192 Etenim
443 1154 600 1194 Petrus,
625 1153 665 1190 in
690 1167 777 1201 cap.
809 1152 887 1189 [ibi
914 1151 1043 1200 majus
1066 1151 1297 1200 pericnlum,
1319 1150 1379 1186 De
1401 1150 1516 1201 elect,
1541 1149 1581 1186 in
1606 1149 1640 1195 6,
1665 1149 1723 1186 ita

31 1214 171 1252 scribit
195 1214 243 1251 de
267 1213 397 1251 forma
421 1212 621 1250 servanda
645 1212 685 1249 in
709 1211 903 1249 electione
942 1210 1099 1247 romani
1128 1209 1337 1247 Pontificis
1366 1224 1373 1245 :
1408 1208 1456 1245 In
1489 1208 1726 1257 quibusdam

33 1272 192 1322 scriptis
222 1272 397 1322 antiquis
428 1286 497 1321 qne
527 1270 691 1308 habebat
722 1270 905 1307 (lominus
938 1269 1110 1306 „lacobus
1143 1268 1277 1306 Sancti
1315 1266 1472 1315 Georgii
1502 1267 1554 1303 ad
1588 1266 1726 1303 Velnm

31 1346 195 1369 aureum
216 1331 406 1369 diaconus
427 1329 644 1367 cardinalis
670 1329 724 1367 bo.
750 1343 818 1366 me.
844 1343 913 1378 que
934 1328 1027 1376 legit
1049 1328 1092 1365 in
1113 1327 1306 1377 presentia
1331 1325 1577 1363 dominorum
1598 1325 1722 1362 cardi—

33 1391 199 1437 nalium,
224 1390 322 1428 inter
343 1404 436 1439 quos
457 1403 575 1431 eram,
598 1388 846 1426 ea‘istentizim
870 1387 912 1424 in
933 1386 1106 1424 conclavi
1133 1394 1289 1423 vacante
1309 1385 1394 1422 sede
1419 1399 1486 1434 per
1507 1384 1653 1421 obitum
1672 1384 1722 1432 fe.

32 1464 102 1488 rec
126 1449 276 1486 domini
299 1449 360 1487 ιΙο.
384 1463 486 1498 pcipe
504 1447 655 1493 XXII,
678 1447 744 1496 qui
766 1461 822 1483 me
842 1446 931 1495 feczt
950 1445 1200 1492 cardinalem
1221 1444 1279 1481 sic
1298 1443 1461 1481 habebat
1481 1443 1524 1480 (le
1544 1443 1654 1480 verbo
1673 1443 1725 1480 ad

32 1508 201 1546 verbum.
222 1508 273 1545 Et
290 1507 439 1545 (licebat
457 1507 557 1544 idem
570 1479 752 1544 donimus
774 1505 944 1543 Jacobns
958 1505 1069 1554 quod,
1088 1504 1190 1541 sicut
1208 1503 1264 1540 ibi
1282 1502 1509 1547 continetur,
1531 1502 1583 1539 ita
1600 1501 1727 1550 suerat

32 1567 275 1605 observatum
308 1567 350 1604 in
380 1565 631 1604 electionibus
662 1578 914 1602 romanorum
950 1563 1187 1627 Pontificum
1229 1562 1271 1599 in
1311 1561 1453 1611 quibus
1486 1560 1722 1608 inteiszcerat.

34 1626 83 1663 Et
111 1626 211 1664 illud
236 1626 439 1675 scriptum,
471 1625 571 1674 quod
596 1632 693 1661 satis
719 1623 802 1673 juri
831 1630 1026 1667 consonat,
1057 1622 1173 1671 posui
1201 1621 1245 1657 sle
1273 1620 1383 1657 verbo
1411 1620 1462 1657 acl
1489 1619 1663 1665 werburm
1693 1627 1727 1656 et

32 1685 126 1722 dicit
141 1685 210 1724 sic.
230 1685 334 1722 Tum
352 1684 545 1722 describit
562 1683 686 1721 verba
705 1697 754 1720 ex
771 1697 816 1719 eo
834 1680 980 1719 Ordine
995 1695 1097 1730 quae
1115 1679 1368 1717 habenturin
1389 1678 1566 1716 editione
1584 1677 1725 1715 Mabil-

34 1744 142 1791 lonii,
168 1738 204 1794 p).
230 1743 317 1790 250,
339 1743 390 1781 ab
414 1743 474 1780 his
498 1742 631 1780 verbis
656 1757 663 1779 ε
690 1741 924 1789 Singularin
947 1740 1136 1789 quaedam
1160 1739 1201 1776 in
1222 1738 1399 1776 electione
1420 1736 1567 1774 summi
1593 1736 1725 1773 Ponti-

35 1803 133 1852 ficis,
155 1811 230 1841 etc.
253 1816 381 1851 usque
401 1802 453 1839 ad
473 1802 585 1847 haee,
607 1816 645 1851 p.
668 1800 742 1837 252
765 1816 772 1837 z
794 1808 827 1837 et
848 1799 948 1848 ipsis
969 1813 1045 1836 non
1066 1797 1418 1835 contradicentibus
1439 1797 1495 1833 vel
1514 1803 1724 1845 protestan-

33 1862 149 1900 tibus.
176 1862 319 1910 Itaque
340 1861 394 1899 sic
414 1861 646 1899 existimare
668 1873 881 1909 possumus
904 1858 1105 1895 Jacobum
1126 1856 1305 1905 Gaytani
1325 1869 1478 1893 novum
1499 1869 1597 1904 opus
1619 1867 1726 1891 com-

34 1921 214 1970 posuisse
238 1934 288 1958 ex
312 1920 439 1958 veteri
464 1927 504 1957 et
529 1933 574 1957 ea
600 1918 779 1968 antiquis
805 1917 1006 1955 addidisse
1033 1930 1135 1965 quae
1161 1916 1201 1953 in
1226 1929 1345 1952 usum
1369 1915 1531 1951 invecta
1558 1913 1723 1950 fuerunt

34 1994 135 2017 aevo
153 1980 251 2028 ejus.

88 2039 130 2076 P.
169 2038 255 2084 153,
289 2037 355 2087 lig.
390 2037 426 2075 8.
462 2038 733 2075 CORONATUS.
770 2036 949 2073 Joannes
983 2034 1167 2071 Andreae
1201 2032 1242 2069 in
1274 2032 1486 2081 prologum
1520 2029 1725 2068 Clementi-

35 2112 177 2135 narnm
200 2097 255 2135 sic
278 2096 418 2135 scribit
442 2096 490 2134 de
513 2096 589 2133 hoc
613 2096 771 2133 Joanne
798 2110 806 2132 z
826 2093 977 2143 Incepit
992 2092 1107 2130 nonis
1132 2092 1172 2129 ist
1192 2099 1246 2128 est
1268 2090 1402 2140 quinto
1424 2090 1485 2127 (lie
1498 2088 1728 2139 septembris

32 2170 139 2194 anno
157 2156 322 2193 Domini
345 2154 622 2199 MCCCXVI,
645 2169 719 2204 qna
742 2153 803 2191 (lie
823 2160 1066 2190 consecratus
1085 2151 1176 2199 suit,
1201 2149 1433 2196 benedictus,
1454 2156 1488 2185 et
1507 2155 1724 2185 coronatus.

36 2215 159 2253 Miror
176 2223 316 2253 autem
332 2214 411 2252 ista
430 2214 549 2252 scribi
566 2213 747 2263 potuisse
766 2226 788 2250 a
808 2213 966 2249 „Ioanne
986 2211 1183 2247 Andreae.
1205 2208 1369 2247 Etenim
1388 2207 1456 2257 qui
1472 2207 1557 2256 jam
1575 2206 1727 2256 episco-
1764 2234 1765 2239 ¹

35 2288 110 2324 pus
138 2282 239 2321 erat,
266 2288 347 2312 non
372 2273 583 2323 indigebat
609 2272 924 2310 consecratione.
953 2270 1056 2307 Sane
1084 2269 1273 2306 Urbanus
1291 2268 1332 2304 ·V
1358 2274 1398 2304 et
1424 2265 1637 2315 Gregorius
1665 2264 1725 2301 XI

35 2332 260 2371 consecrati
286 2340 382 2370 sunt
405 2340 446 2370 et
472 2331 669 2375 coronati,
697 2331 766 2369 sed
794 2330 888 2379 quia
912 2343 992 2366 non
1018 2335 1134 2366 erant
1160 2326 1338 2376 episcopi
1364 2340 1410 2363 eo
1436 2333 1618 2374 tempore
1646 2337 1727 2372 quo

35 2392 152 2430 electi
176 2399 271 2430 sunt
294 2391 442 2429 summi
467 2391 700 2428 Pontifices.
727 2390 781 2426 At
803 2388 1048 2427 Benedictus
1074 2386 1157 2424 XII
1182 2384 1475 2423 benedictionis
1499 2390 1664 2420 tantum
1688 2389 1728 2419 et

35 2450 308 2489 coronationis
328 2450 521 2488 solemnia
543 2449 709 2499 recepit,
730 2456 776 2485 ut
795 2448 879 2498 ipse
899 2447 957 2484 ait
975 2446 990 2469 '²
1009 2445 1118 2496 apud
1134 2444 1354 2483 Odoricum
1371 2442 1645 2491 Raynaldum,
1661 2454 1726 2478 an.

36 2509 150 2557 1334,
172 2510 264 2557 847.

90 2569 132 2606 Ρ.
175 2568 261 2614 153,
297 2568 362 2618 lig.
400 2567 461 2605 23.
501 2567 632 2604 Fssnm
669 2567 702 2603 V
711 2565 759 2604 Ia.
800 2566 846 2602 D'
853 2579 968 2615 apres
1004 2564 1038 2601 le
1065 2562 1231 2611 registre
1267 2559 1344 2598 313
1377 2560 1446 2597 des
1481 2557 1731 2607 Obligations

36 2635 144 2665 cette
161 2627 395 2677 promotion
413 2625 654 2665 cardinalice
673 2633 742 2663 eut
760 2625 839 2663 lieu
858 2625 891 2661 le
912 2624 959 2661 18
978 2622 1189 2660 decembre
1209 2620 1397 2668 (Clement
1420 2619 1452 2655 1
1457 2616 1727 2667 ,Appendice,

36 2685 202 2735 p.257t

85 2838 116 2871 1.
147 2838 196 2871 Le
222 2838 259 2871 P.
287 2838 396 2871 Erhle
423 2838 581 2881 (Archiv,
606 2843 632 2870 t.
659 2848 692 2871 v.
718 2848 752 2880 p.
778 2835 947 2877 565-602)
984 2839 1021 2866 et
1044 2831 1091 2865 M.
1117 2831 1156 2864 L.
1184 2830 1229 2864 H.
1264 2829 1442 2863 Labande
1469 2827 1733 2872 (Bibliotheque

36 2892 78 2924 de
98 2884 230 2924 l’Ecole
252 2891 310 2924 des
333 2891 491 2931 Chanes,
517 2897 543 2924 t.
570 2902 631 2923 [ιν
657 2889 791 2932 (1893),
814 2900 847 2931 p.
873 2887 995 2929 45—74)
1022 2891 1089 2918 ont
1109 2885 1252 2927 prouve
1277 2895 1348 2926 que
1371 2882 1525 2915 l'oeuvre
1550 2880 1730 2924 premiere

37 2944 86 2976 du
109 2943 275 2977 cardinal
297 2943 531 2977 Stefaneschi
552 2955 590 2976 se
612 2942 782 2975 trouvait
815 2941 907 2973 dans
938 2940 970 2972 le
993 2937 1201 2977 manuscrit
1223 2936 1319 2970 1706
1341 2936 1384 2968 de
1416 2935 1451 2967 la
1473 2933 1732 2976 bibliotheque

37 2988 263 3040 d’Avignim,
297 2996 378 3030 voir
409 2996 508 3029 aussi
541 2996 594 3039 Ig.
630 2995 755 3034 Hoesl‚
783 2992 970 3028 Kardinal
1000 2990 1161 3024 Jacobus
1189 2988 1423 3032 Stesaneschi,
1442 2986 1592 3026 -Berlin,
1625 2986 1731 3026 1908,

37 3061 72 3093 p.
96 3050 240 3083 96-105.

90 3104 120 3136 2.
156 3104 332 3142 Daumet,
365 3114 399 3136 n.
433 3104 464 3136 2.
