2083 3458
280 217 358 258 772
928 229 1080 253 NOTAE
1116 229 1175 253 AD
1210 228 1339 253 VITAS
1835 214 1984 271 [1249]

277 315 339 354 die
372 330 481 353 xx1x
512 313 611 352 maii
643 329 651 351 :
688 314 785 351 Item
817 312 899 350 vidi
930 321 964 350 et
994 326 1156 362 presens
1185 312 1248 362 fui
1279 313 1435 362 quando
1467 313 1653 350 dominus
1685 314 1913 364 Stephanus
1943 315 1988 353 de

277 375 421 414 Sancto
456 374 641 412 Severino
675 374 719 411 de
753 372 898 422 majori
931 371 1125 422 prosapia
1158 371 1270 421 regni
1305 372 1348 409 in
1381 380 1506 410 castro
1539 372 1612 410 Ovi
1645 373 1817 422 reginali
1850 383 1987 424 sponte

276 435 406 485 primo
434 448 503 485 per
529 432 732 471 sindicum
760 441 794 470 et
821 440 1125 483 procuratorem,
1156 439 1289 481 postea
1318 431 1403 482 ipse
1430 433 1587 470 oraculo
1616 432 1698 470 vive
1726 433 1830 470 vocis
1857 448 1988 472 coram

278 494 416 543 regina
443 502 477 531 et
506 492 760 531 multitudine
788 491 930 542 populi
959 491 1119 542 copiosa
1147 491 1399 529 renunciavit
1426 492 1574 542 capello
1602 506 1715 542 quem
1742 501 1937 543 receperat
1963 508 1987 531 a

278 554 550 592 Bartholomeo
576 553 776 603 quondam
800 550 987 598 Barensi,
1013 559 1047 589 et
1074 550 1116 588 in
1143 550 1331 588 manibus
1356 551 1490 600 regine
1513 551 1676 601 suerunt
1700 552 1826 602 posite
1852 567 1988 591 novem

281 614 381 651 bulle
413 621 493 651 tam
524 611 887 650 anticardinalatus
927 610 992 648 sui
1035 625 1154 660 quam
1188 610 1467 660 beneficiorum
1499 611 1712 649 multorum
1743 626 1814 662 que
1845 612 1988 663 recepit

277 673 327 711 ab
355 673 497 711 eodem.
529 672 697 710 Carolus
728 671 777 709 de
809 671 866 709 Ur
895 669 1113 709 cardinalis
1144 669 1284 708 Sancti
1314 669 1476 720 Georgii
1504 670 1547 708 in
1574 679 1761 710 tractatu
1790 671 1986 710 adversus

278 731 505 771 cardinales
528 730 689 770 concilii
712 730 850 769 Pisani
874 746 881 768 ;
909 730 1006 768 Item
1026 744 1072 768 ecc
1092 729 1161 767 hoc
1182 729 1357 767 Vidimus
1377 730 1497 767 etiam
1523 730 1677 780 aliquos
1702 745 1747 768 ecc
1772 731 1986 769 anticardi-

280 792 442 830 nalibus
468 791 638 829 Ytalicis
659 790 896 829 dimittentes
917 790 1066 828 dictum
1093 789 1316 837 Urbanum,
1338 803 1377 826 se
1398 791 1635 828 reduxerunt
1654 791 1707 828 ad
1727 791 1990 830 obedientiam

280 851 433 890 domini
462 850 695 897 Clementis,
725 850 827 900 quod
854 864 872 887 e
900 857 1035 887 contra
1061 849 1211 898 factum
1240 848 1405 887 minime
1433 850 1637 899 reperitur.
1671 850 1811 889 Recte.
1843 851 1988 889 Nullus

280 911 389 951 enim
422 911 474 949 ab
510 909 747 949 obedientia
782 908 1003 949 Clementis
1038 908 1204 947 recessit
1237 917 1285 946 ut
1319 923 1358 947 se
1392 909 1635 948 transferret
1669 910 1721 947 ad
1758 910 1987 950 Urbanum.

282 970 559 1021 Excipiendus
589 978 651 1008 est
678 978 822 1009 tamen
850 967 1055 1007 versatilis
1084 968 1149 1006 ille
1180 967 1397 1007 cardinalis
1424 968 1557 1007 Pileus
1588 969 1636 1007 de
1668 970 1806 1018 Prata,
1837 969 1908 1020 qui
1935 970 1987 1008 ab

282 1030 449 1069 Urbano
479 1029 740 1079 dissociatus,
767 1027 989 1067 Clementis
1017 1037 1155 1079 partes
1187 1027 1444 1078 aliquamdiu
1481 1037 1660 1076 secutus,
1700 1037 1909 1079 postremo
1946 1045 1986 1068 se

281 1089 400 1129 solita
419 1089 590 1128 levitate
611 1088 817 1128 convertit
835 1088 887 1126 ad
905 1087 1167 1126 Bonifaeium
1190 1087 1263 1126 IX.

335 1150 379 1188 P.
400 1149 491 1197 472,
511 1149 578 1199 lig.
602 1148 663 1188 11.
686 1149 994 1186 ACCEPTANDO.
1018 1147 1178 1198 Quippe
1201 1147 1392 1185 Urbanus
1416 1147 1560 1185 XXVI
1582 1148 1804 1186 cardinales
1825 1163 1908 1187 una
1927 1149 1990 1187 die

281 1208 436 1256 creavit,
460 1208 695 1246 existimans
716 1208 814 1257 sorte
837 1208 939 1258 quod
961 1208 1005 1245 de
1023 1215 1130 1245 tanto
1148 1221 1311 1244 numero
1328 1221 1462 1245 eorum
1479 1207 1607 1257 aliqui
1630 1208 1853 1246 cardinales
1873 1208 1987 1258 fasti-

282 1269 393 1318 gium
418 1268 648 1318 hujusmodi
676 1267 808 1317 utique
833 1275 1092 1317 acceptarent,
1118 1275 1235 1317 prout
1261 1281 1329 1304 nec
1356 1266 1492 1317 ipsum
1513 1267 1654 1316 fefellit
1678 1267 1830 1318 opinio,
1856 1276 1904 1306 ut
1929 1267 1988 1306 ait

281 1327 554 1367 Theodericus
575 1342 597 1365 a
621 1327 756 1375 Niem,
776 1326 847 1366 lib.
872 1327 965 1364 IDe
983 1326 1206 1374 schismate,
1227 1340 1315 1377 cap.
1337 1341 1396 1364 XII
1428 1326 1482 1377 [p.
1505 1326 1595 1377 28],

335 1388 378 1427 Ρ.
403 1388 494 1435 473,
517 1387 584 1437 lig.
610 1387 671 1425 15.
698 1388 905 1425 JACOBUM
931 1400 986 1423 DE
1014 1386 1129 1424 ITRO.
1155 1387 1251 1426 Jam
1273 1385 1508 1426 monuimus
1532 1400 1670 1437 supra,
1693 1401 1732 1437 p.
1762 1386 1877 1434 1233,
1901 1386 1988 1424 falli

281 1462 347 1486 eos
370 1447 440 1497 qui
460 1454 614 1498 putant
634 1446 750 1484 illum
769 1446 892 1485 fuisse
912 1445 1080 1484 natione
1102 1446 1280 1485 Gallum.
1305 1445 1476 1485 Initium
1496 1445 1750 1496 dignitatum
1765 1446 1777 1468 ¹
1799 1455 1840 1484 et
1859 1447 1986 1484 hono-

281 1521 372 1546 rum
392 1506 449 1544 illi
467 1506 546 1544 fuit
565 1506 827 1557 episcopatus
851 1505 1032 1544 Isclanus
1052 1505 1094 1543 in
1112 1519 1237 1555 regno
1258 1505 1549 1555 Neapolitano,
1570 1520 1589 1543 e
1610 1520 1691 1555 quo
1710 1506 1762 1544 ad
1783 1506 1986 1544 Martura-

282 1581 449 1606 nensem
471 1566 513 1604 in
535 1566 724 1604 Calabria
746 1565 974 1604 translatus
997 1572 1059 1603 est
1080 1579 1188 1602 anno
1211 1564 1427 1604 millesimo
1450 1565 1661 1613 CCCLIX,
1685 1565 1818 1604 factus
1841 1574 1985 1616 postea

281 1625 612 1677 archiepiscopus
642 1625 934 1675 Hydruntinus
962 1638 1070 1662 anno
1097 1624 1312 1664 millesimo
1338 1624 1595 1663 CCCLXIII.

334 1686 452 1723 Anno
486 1685 787 1724 MCCCLXVII
819 1684 860 1722 in
892 1684 1207 1735 quadragesima
1239 1692 1327 1722 erat
1357 1684 1399 1721 in
1429 1699 1552 1734 regno
1586 1684 1861 1735 Neapolitano
1893 1699 1986 1724 cum

282 1745 450 1795 Aegidio
476 1744 720 1783 Albornotio
744 1744 965 1792 cardinale,
991 1758 1112 1794 quem
1137 1743 1327 1791 Bzovius,
1352 1757 1417 1782 an.
1445 1743 1560 1791 1366,
1586 1741 1656 1793 56,
1683 1744 1802 1787 docet
1827 1744 1985 1783 Siciliae

280 1805 463 1854 legatum
484 1804 622 1852 fuisse,
642 1812 684 1843 et
705 1818 826 1854 quern
848 1803 933 1854 ipse
956 1804 1136 1842 Jacobus
1157 1803 1216 1841 ait
1236 1803 1288 1841 ad
1308 1802 1645 1843 reformationem
1665 1803 1850 1853 ejusdem
1874 1803 1987 1853 regni

281 1864 627 1915 opportunissime
658 1863 914 1903 destinatum
943 1878 1042 1901 esse.
1078 1862 1161 1901 Illic
1191 1877 1286 1913 ergo
1315 1862 1356 1900 in
1393 1862 1902 1907 celeberrimoeconventu
1943 1863 1986 1900 in

282 1924 454 1973 generali
473 1924 719 1974 parlamento
738 1923 864 1972 regni,
883 1931 931 1960 ut
946 1923 998 1960 ad
1017 1923 1233 1962 Urbanum
1250 1922 1284 1960 V
1302 1922 1387 1973 ipse
1405 1922 1581 1973 scripsit,
1600 1922 1828 1961 orationem
1848 1924 1992 1961 coram*

283 1984 444 2021 Joanna
472 1983 610 2033 regina
639 1991 680 2021 et
707 1983 852 2022 eodem
878 1983 1015 2032 legato
1041 1982 1190 2020 habuit
1216 1982 1334 2032 jussu
1358 1982 1652 2032 praelatorum,
1680 1997 1731 2020 ex
1759 1996 1839 2032 qua
1866 1982 1984 2021 facile

281 2042 485 2092 colligitur
504 2042 619 2080 illum
639 2057 721 2080 non
741 2042 1002 2082 mediocriter
1022 2041 1144 2080 fuisse
1166 2049 1378 2081 versatum
1398 2041 1439 2079 in
1459 2041 1605 2079 studiis
1626 2042 1830 2080 bonarum
1849 2041 1985 2080 litera-

280 2116 384 2141 rum.
405 2102 510 2140 Sunt
527 2111 667 2141 autem
686 2102 728 2139 in
747 2101 931 2140 oratione
950 2101 1017 2139 illa
1037 2101 1244 2151 quaedam
1260 2101 1348 2140 loca
1373 2115 1477 2151 quae
1497 2100 1597 2138 mihi
1615 2100 1701 2138 visa
1720 2109 1818 2139 sunt
1835 2109 1985 2139 notatu

281 2161 417 2211 digna.
440 2161 547 2201 Nam
566 2161 623 2199 ibi
644 2161 794 2200 dicitur
813 2161 934 2199 :Dico
953 2169 988 2198 et
1006 2175 1095 2199 cum
1114 2160 1242 2198 cordis
1258 2160 1528 2198 amaritudine
1548 2161 1650 2210 quod
1670 2160 1712 2197 in
1733 2160 1845 2210 regni
1864 2160 1986 2209 hujus

281 2220 375 2258 locis
400 2221 606 2258 nonnullis
630 2229 724 2259 sunt
748 2220 918 2268 heretici,
945 2220 1013 2270 qui
1039 2220 1195 2258 utinam
1218 2220 1292 2258 soli
1317 2220 1393 2258 ceci
1418 2228 1556 2267 essent,
1582 2220 1649 2257 sed
1672 2220 1787 2257 duces
1811 2234 1986 2257 cecorum

281 2280 421 2329 effecti,
453 2280 611 2330 publice
642 2280 909 2330 dogmatizant
939 2279 1146 2317 dominum
1177 2287 1354 2317 nostrum
1391 2279 1600 2317 Urbanum
1631 2293 1710 2316 non
1741 2293 1822 2316 esse
1853 2293 1986 2317 verum

280 2354 431 2389 papam
460 2340 674 2390 multosque
703 2339 996 2390 predecessores*
1014 2353 1107 2376 suos
1136 2353 1242 2377 veros
1271 2339 1472 2376 Romanos
1501 2338 1708 2389 pontifices
1737 2352 1817 2376 non
1844 2338 1985 2388 fuisse,

281 2408 552 2448 consequenter
574 2408 607 2437 et
630 2413 707 2448 vos,
731 2407 841 2449 pater
863 2398 1197 2446 reverendissime,
1221 2412 1354 2436 verum
1376 2397 1620 2436 cardinalem
1642 2412 1710 2450 nec
1732 2397 1847 2436 Sedis
1868 2412 1984 2448 apos—

281 2458 389 2495 tolice
407 2472 556 2508 quoquo
574 2460 685 2496 modo
702 2459 888 2507 legatum,
907 2472 977 2495 nos
994 2458 1095 2495 alios
1113 2458 1313 2495 ordinatos
1328 2471 1397 2495 seu
1411 2465 1607 2507 promotos
1623 2457 1674 2495 ab
1690 2471 1732 2494 eo
1749 2471 1983 2507 consequen-

281 2525 346 2564 ter,
362 2518 462 2555 alios
478 2533 501 2555 a
518 2518 632 2555 nobis
647 2518 831 2556 hereticos
848 2532 941 2556 esse.
961 2517 1014 2555 Et
1030 2517 1135 2555 infra
1152 2517 1204 2554 ad
1221 2516 1404 2566 reginam
1423 2532 1430 2554 :
1448 2516 1641 2554 Meminit
1655 2525 1779 2554 vestra
1793 2516 1985 2554 serenitas

282 2577 436 2625 quando
464 2576 527 2614 ille
553 2577 800 2615 heresiarcha
826 2577 1024 2627 quondam
1050 2576 1237 2626 Aquinas
1264 2576 1307 2613 in
1333 2576 1531 2626 presentia
1558 2584 1682 2613 vestra
1708 2590 1773 2613 vos
1799 2590 1878 2612 non
1904 2589 1985 2612 esse

281 2635 459 2683 reginam
484 2636 736 2686 pertinaciter
760 2636 957 2674 asserebat
981 2644 1015 2673 et
1039 2636 1329 2673 coronationem
1354 2644 1519 2673 vestram
1544 2635 1698 2672 nullam
1721 2643 1911 2685 tanquam
1934 2634 1984 2672 ab

282 2694 555 2743 incompetenti
584 2696 770 2745 pontifice
801 2695 1054 2745 impertitam.
1088 2695 1146 2733 De
1175 2695 1316 2733 Judeis
1343 2709 1439 2733 vero
1472 2695 1527 2732 sic
1555 2695 1597 2732 in
1622 2694 1702 2731 alio
1732 2695 1819 2732 loco
1851 2694 1985 2746 :Sunt

282 2754 533 2802 quamplures
558 2754 600 2791 in
615 2755 922 2804 quampluribus
936 2754 1049 2803 regni
1063 2754 1158 2792 locis
1172 2754 1239 2804 qui
1252 2754 1416 2804 suerunt
1429 2753 1614 2804 neophyti
1628 2762 1662 2790 et
1674 2753 1985 2802 adjudaismum
2033 2757 2040 2763 '

283 2812 423 2849 iterum
446 2822 539 2851 sunt
563 2814 717 2861 reversi,
742 2823 778 2852 et
801 2815 1016 2852 clamantes
1040 2822 1174 2851 contra
1190 2813 1412 2851 Dominum
1438 2813 1579 2851 iterum
1599 2829 1606 2850 :
1630 2812 1844 2862 Crucifige,
1868 2812 1985 2862 fidem

281 2870 428 2908 Christi
454 2872 659 2910 insaniam
681 2887 761 2910 esse
784 2873 1003 2923 predicant,
1027 2873 1265 2922 confugiunt
1286 2873 1338 2910 ad
1359 2872 1534 2910 civitates
1557 2880 1591 2909 et
1611 2880 1738 2909 castra
1760 2871 1985 2921 aliquorum

281 2930 556 2977 temporalium
588 2932 853 2980 dominorum,
888 2932 1021 2982 ibique
1053 2946 1174 2969 novas
1206 2932 1364 2980 erigunt
1393 2945 1637 2981 synagoga-53
1670 2939 1704 2968 et
1734 2929 1929 2968 admoniti
1961 2945 1985 2967 a

332 3058 359 3089 l.
392 3058 554 3101 Jurqurs
585 3060 644 3092 sut
674 3063 824 3094 nomme
855 3063 998 3105 eveque
1030 3062 1073 3094 de
1104 3061 1313 3094 Martirano
1342 3061 1374 3094 le
1406 3062 1449 3094 22
1479 3073 1579 3094 mars
1609 3061 1714 3101 1359,
1747 3061 1982 3103 archeveque

281 3110 328 3139 d(
344 3116 481 3143 ›ti-ante
500 3112 531 3143 h·
554 3114 596 3145 20
617 3114 813 3147 decembre
834 3115 926 3148 *1363
950 3115 1097 3158 (Eubel,
1119 3115 1351 3154 Hierarchia,
1373 3121 1399 3147 t.
1419 3127 1442 3154 1,
1464 3126 1498 3158 p.
1521 3115 1601 3154 206,
1624 3115 1693 3147 280
1712 3120 1750 3146 et
1768 3113 1866 3156 329).
