2083 3458
84 238 235 293 [1407]
603 255 819 280 PAPARUM
854 257 1237 283 AVENIONENSIUM
1687 245 1768 285 919

71 337 141 387 qui
163 337 371 376 communi
393 338 622 377 sententiae
645 339 923 378 detrahebant
944 348 986 378 et
1010 340 1352 390 obloquebantur.
1380 342 1484 379 Nam
1507 343 1629 381 fuisse
1648 358 1766 393 quos·

70 396 180 444 dam,
206 405 252 435 ut
279 397 400 447 vulgo
425 397 491 444 sit,
518 397 587 447 qui
612 412 873 437 communem
896 399 1146 437 sententiam
1170 400 1284 450 sequi
1310 400 1465 439 nollent
1490 410 1607 451 patet
1631 416 1681 440 ex
1705 401 1766 440 his

71 470 175 505 quae
195 456 428 494 referuntur
448 456 489 493 in
509 456 653 494 eodem
671 465 787 495 tomo
809 466 956 507 quarto
977 458 1180 496 Historiae
1206 459 1485 497 Universitatis
1506 461 1766 508 Parisiensis,

69 529 108 565 p.
139 514 227 553 581.
261 515 372 553 Inter
399 515 485 553 illos
514 530 634 565 porro
661 516 813 566 primas
841 516 1020 555 tenuisse
1049 518 1156 556 hunc
1185 526 1394 557 cantorem
1423 519 1690 558 Parisiensem
1726 527 1767 558 et

71 574 275 612 Joannem
305 574 462 624 Aegidii
489 588 626 613 sacrae
654 575 883 624 theologiae
910 576 1195 626 professorem,
1225 577 1294 627 qui
1332 586 1548 628 propterea
1592 579 1766 616 Romam

69 633 244 683 profecti
260 642 357 671 sunt
373 634 425 671 ad
445 634 672 681 Urbanum,
692 634 811 672 docet
827 643 972 673 auctor
993 635 1105 673 Vitae
1122 636 1265 673 Karoli
1287 636 1358 683 Vl,
1376 636 1476 687 regis
1503 637 1764 675 Francorum.

69 692 217 729 Eodem
250 707 397 742 qaoque
429 700 610 742 tempore,
644 693 793 742 inquit,
828 708 917 731 cum
949 702 1102 732 cantore
1136 694 1275 733 Nostre
1305 696 1475 733 Domine
1506 696 1766 742 Parisiensis‚

70 751 259 800 magistro
283 751 326 789 in
349 752 553 800 theologia,
578 752 753 801 ejusdem
774 753 935 790 scientie
957 754 1164 802 professor,
1191 754 1375 803 magister
1401 755 1602 792 Jolzannes
1626 755 1766 803 Egidzssi

69 825 115 848 ac
139 811 324 848 nonnulli
349 810 560 848 eminentis
591 811 752 848 scientie
787 811 889 849 idem
920 811 990 849 iter
1013 813 1283 862 arripuerant,
1310 813 1465 862 publice
1489 814 1767 863 exprobrantes

70 870 171 919 qaod
195 884 264 919 per
290 870 516 907 violentiam
543 871 622 907 daz
655 870 877 908 electionem
908 871 1063 908 Urbani
1089 872 1321 921 reprobabat
1354 880 1387 909 et
1412 886 1481 922 per
1517 874 1767 910 eamdemmet

69 928 176 966 viam
199 929 422 966 electionem
447 929 657 966 Clementis
682 930 902 979 approbare
927 931 1188 979 compellebat.
1218 931 1323 969 Hinc
1348 945 1442 981 ergo
1466 940 1583 981 patet
1609 939 1764 981 quanta

72 987 171 1025 fides
196 987 431 1026 adhibenda
454 988 507 1025 sit
530 988 649 1026 rebus
674 988 715 1026 in
738 989 813 1026 hac
837 989 1014 1027 cantoris
1039 989 1155 1027 istius
1180 989 1352 1039 epistola
1376 990 1549 1040 scriptis.
1576 991 1765 1028 Ceterum

70 1046 134 1085 hic
150 1047 345 1095 magister
362 1048 542 1085 Joannes
561 1047 718 1097 Aegidii
735 1048 868 1085 factus
885 1056 946 1086 est
962 1056 1105 1098 postea
1125 1048 1341 1087 cardinalis
1358 1049 1409 1086 ab
1429 1049 1668 1087 Innocentio
1685 1049 1763 1086 VII

70 1119 178 1143 anno
205 1106 426 1153 MCCCCV,
452 1106 499 1144 de
527 1120 606 1155 quo
633 1106 724 1145 vide
751 1106 1047 1145 Theodericum
1071 1121 1093 1144 a
1121 1107 1252 1155 Niem‚
1277 1107 1346 1146 lib.
1377 1108 1520 1154 IILDe
1543 1108 1763 1154 schismate,

70 1178 158 1215 cap.
184 1180 306 1202 xxxn
341 1165 394 1215 [p.
420 1165 512 1214 281]
539 1173 580 1203 et
602 1174 788 1203 tractatu
810 1174 927 1203 sexto
952 1166 1135 1203 Nemoris
1159 1166 1336 1214 unionis,
1372 1181 1459 1217 cap.
1486 1182 1540 1205 xl.
1568 1167 1764 1216 Ejusdem

69 1232 187 1263 extat
216 1224 258 1262 in
287 1224 417 1262 veteri
447 1224 583 1262 codice
614 1239 687 1262 ms.
720 1224 991 1263 bibliothecae
1025 1225 1278 1263 Harlaeanae
1309 1225 1480 1275 epistola
1510 1226 1562 1263 ad
1594 1225 1764 1263 Univer-

69 1283 238 1322 sitatem
260 1283 531 1321 parisiensem
551 1284 703 1333 scripta
725 1298 832 1321 anno
854 1284 1097 1331 MCCCCVI,
1120 1284 1182 1322 die
1204 1299 1290 1322 xv11
1312 1284 1550 1331 decembris,
1573 1299 1652 1334 qua
1674 1298 1764 1323 eam

70 1342 170 1381 facit
195 1342 409 1381 certiorem
435 1343 482 1381 de
507 1343 704 1381 electione
731 1342 913 1392 Gregorii
939 1343 1023 1380 XII
1048 1351 1089 1381 et
1113 1344 1162 1381 de
1187 1343 1294 1381 bona
1319 1343 1424 1381 illius
1449 1344 1665 1381 voluntate
1691 1357 1764 1393 pro

71 1402 351 1451 extinguendo
378 1402 598 1440 schismate
626 1417 698 1452 per
725 1402 835 1439 viam
863 1401 1066 1440 cessionis.

125 1461 168 1500 Ρ.
193 1460 283 1509 534,
306 1460 371 1511 lig.
397 1461 432 1499 2.
458 1461 610 1498 MENSE
636 1475 874 1507 NOVEMHRI,
898 1460 960 1498 die
992 1476 1077 1506 xVI,
1105 1461 1166 1498 uti
1197 1461 1396 1511 scriptum
1434 1469 1494 1499 est
1516 1461 1557 1498 in
1606 1460 1763 1510 exposi-

70 1520 213 1559 tione1
246 1534 369 1570 supra
402 1520 586 1567 laudata,
619 1535 657 1570 p.
693 1520 780 1558 524.

124 1580 167 1618 Ρ.
188 1579 277 1626 535,
297 1579 362 1629 lig.
384 1580 419 1617 3.
442 1580 723 1617 JANUENSEM.
747 1580 798 1617 Le
819 1579 868 1617 23
887 1579 1118 1629 septembre
1140 1579 1239 1617 1385
1261 1579 1326 1628 (N.
1349 1578 1499 1625 Valois,
1519 1586 1548 1616 t.
1568 1593 1609 1625 11,
1630 1593 1667 1628 p.
1692 1578 1764 1615 116

69 1647 110 1677 et
134 1639 186 1677 M.
216 1639 467 1685 Rothbarth,
499 1639 637 1676 Urban
666 1638 725 1675 VI
750 1639 831 1675 and
855 1637 1019 1687 Neapel,
1044 1652 1083 1687 p.
1109 1637 1189 1686 91).

123 1698 166 1737 Ρ,
183 1698 272 1745 539,
286 1697 353 1746 lig.
376 1699 410 1736 4.
435 1698 637 1735 D0M1Nus
660 1712 714 1734 DE
736 1698 942 1735 GIFFONO.
961 1697 1101 1735 Falsus
1122 1705 1183 1735 est
1203 1711 1296 1746 ergo
1317 1696 1452 1734 Surita
1473 1696 1541 1734 lib.
1561 1696 1598 1733 X
1614 1696 1762 1734 Annal.

71 1757 283 1806 Art-agon„
310 1770 398 1807 cap.
428 1771 508 1802 L111,
534 1756 612 1794 ista
638 1757 813 1794 referens
840 1756 892 1794 ad
918 1756 1181 1794 Guillelmum
1206 1755 1454 1794 cardinalem
1480 1755 1527 1792 de
1555 1755 1762 1804 Agrifolio.

123 1817 166 1854 P.
193 1816 282 1863 539,
307 1816 373 1865 lig.
400 1816 435 1854 7.
463 1816 654 1853 NUMERO
679 1830 767 1853 xxl.
795 1815 903 1852 Nota
929 1815 1087 1852 numeri
1110 1815 1251 1853 deerat
1274 1815 1315 1852 in
1339 1814 1467 1852 veteri
1492 1814 1642 1852 codice.
1669 1813 1762 1861 Qui-

69 1875 166 1913 dam
188 1875 416 1913 neotericus
438 1875 657 1913 addiderat
680 1889 767 1912 xxn
791 1874 906 1912 falso.
931 1874 1068 1912 Fuisse
1090 1874 1199 1911 enirn
1220 1873 1366 1923 viginti
1387 1882 1428 1911 et
1448 1887 1576 1910 unum
1596 1881 1763 1910 tantum

70 1943 181 1973 certo
206 1942 384 1973 constat.
415 1934 560 1983 Itaque
588 1949 658 1971 nos
684 1933 740 1971 sic
765 1933 1034 1983 reposuimus.

123 1994 167 2032 P.
193 1993 282 2041 539,
307 1993 373 2043 lig.
399 1994 461 2031 20.
489 1994 731 2030 JOHANNEM
760 1993 855 2030 OST.
876 1993 1042 2030 Certum
1066 2000 1127 2029 est
1151 1991 1265 2029 illum
1289 1991 1410 2028 fuisse
1434 1990 1475 2028 in
1498 1990 1761 2039 Lotharingia

69 2067 115 2091 eo
140 2061 326 2103 tempore
353 2067 435 2102 quo
459 2061 553 2102 post
580 2060 755 2089 mortem
781 2051 1000 2089 Clementis
1028 2050 1107 2088 VII
1134 2050 1358 2089 cardinales
1384 2049 1644 2087 intraverunt
1671 2063 1762 2086 con-

70 2112 198 2151 clave.
229 2111 383 2149 Audita
412 2111 536 2161 igitur
563 2111 650 2160 ejus
680 2119 825 2157 morte,
850 2109 1006 2159 magnis
1025 2109 1238 2147 itineribus
1261 2108 1474 2147 contendit
1497 2108 1763 2154 Avenionem‚

71 2186 152 2221 quo
180 2170 394 2209 advenisse
421 2185 515 2208 eum
541 2170 672 2219 liquet
698 2177 794 2207 ante
822 2169 930 2207 diem
958 2183 999 2206 Χ]
1028 2168 1219 2215 octobris,
1248 2182 1327 2217 quo
1355 2167 1406 2204 ab
1433 2181 1478 2205 eo
1508 2175 1675 2216 peracta
1702 2174 1764 2204 est

71 2229 283 2269 coronatio
308 2229 522 2267 Benedicti
549 2229 671 2275 XIII,
699 2228 760 2266 uti
786 2228 911 2266 etiam
937 2227 1136 2277 scriptum
1161 2235 1223 2265 est
1247 2227 1288 2264 in
1313 2241 1394 2263 uno
1419 2225 1521 2263 libro
1548 2225 1762 2274 Obligatio-

72 2304 170 2327 num
202 2288 359 2327 archivi
393 2288 596 2327 Vaticani.
634 2288 696 2325 Ex
729 2287 789 2324 his
822 2301 943 2337 porro
978 2300 1081 2336 quae
1116 2285 1236 2324 isthic
1269 2285 1517 2322 adnotamus
1552 2283 1667 2322 facile
1702 2291 1763 2321 est

73 2348 258 2398 colligere
292 2347 501 2386 erratum2
534 2361 556 2384 a
589 2346 705 2384 nobis
739 2361 810 2396 per
834 2345 1148 2395 incogitantiam
1172 2344 1293 2382 fuisse
1327 2357 1447 2393 supra
1481 2357 1519 2392 p.
1556 2342 1669 2388 1315,
1692 2341 1763 2379 ubi

73 2407 250 2445 diximus
269 2407 377 2445 hunc
397 2407 601 2444 Joannem
619 2406 667 2443 de
687 2405 943 2442 Novocastro
960 2403 1192 2442 interfuisse
1210 2402 1398 2441 electioni
1412 2401 1623 2439 Benedicti
1640 2401 1761 2438 XIII.

128 2467 170 2504 P.
206 2465 296 2512 540,
328 2465 395 2514 lig.
431 2466 465 2503 7.
502 2465 597 2502 NON
633 2478 834 2502 HABEBAT
867 2477 1069 2501 TITULUM.
1107 2462 1211 2500 Hinc
1244 2461 1373 2511 liquet
1406 2461 1507 2498 falso
1543 2459 1763 2498 Oldoinum

84 2526 130 2576 [t.
154 2540 196 2572 11,
221 2525 294 2563 col.
320 2524 412 2574 689]
439 2523 645 2573 scripsisse
668 2523 838 2561 titulum
863 2522 1037 2560 Sanctae
1062 2520 1255 2559 Praxedis
1279 2519 1372 2557 huic
1396 2518 1591 2558 cardinali
1618 2518 1762 2555 datum

73 2599 158 2622 esse
184 2598 205 2621 a
232 2583 452 2621 Clemente.
482 2582 599 2630 Quod
625 2582 718 2620 hinc
744 2595 906 2631 quoque
933 2580 1201 2619 confirmatur
1227 2578 1335 2628 quod
1362 2578 1392 2615 is
1418 2577 1563 2615 titulus
1590 2591 1635 2615 ea
1660 2585 1762 2614 tem-

74 2651 235 2693 pestate
290 2642 525 2692 pertinebat
583 2641 634 2678 ad
687 2641 888 2678 Thomam
943 2639 991 2677 de
1048 2637 1276 2684 Amanatis,
1333 2636 1402 2686 qui
1449 2650 1556 2673 anno
1595 2644 1762 2673 tantum

76 2700 348 2740 MCCCXCVI
380 2709 555 2738 exeunte
586 2699 793 2738 extinctus
824 2706 899 2736 est.
932 2698 1035 2736 Sane
1066 2711 1116 2735 ex
1146 2696 1257 2734 Actis
1287 2694 1445 2734 concilii
1477 2694 1612 2732 Pisani
1642 2693 1761 2732 editis

73 2761 117 2799 in
137 2769 252 2799 tomo
275 2768 392 2798 sexto
416 2759 626 2809 Spicilegz'i
652 2757 909 2804 Dacheriani,
931 2771 971 2806 p.
995 2756 1136 2802 344‚et
1157 2764 1187 2794 t.
1210 2770 1252 2792 111
1278 2754 1419 2792 Italiae
1439 2767 1585 2800 sacrae,
1608 2767 1647 2802 p.
1672 2752 1761 2799 556,

76 2828 250 2859 vocatur
270 2818 486 2857 cardinalis
508 2818 681 2856 Sanctae
704 2815 912 2855 Praxedis.
937 2816 1081 2864 Itaque
1103 2822 1266 2864 oportet
1285 2814 1391 2851 hunc
1410 2812 1578 2850 titulum
1596 2825 1618 2849 a
1636 2812 1761 2849 Bene-

77 2879 188 2917 dicto
218 2877 326 2915 XIII
354 2877 389 2915 ei
417 2877 613 2915 collatum
650 2875 771 2914 fuisse
798 2882 892 2925 post
915 2882 1091 2912 mortem
1118 2874 1298 2910 Thomae
1326 2871 1373 2909 de
1402 2870 1629 2908 Amanatis.
1662 2870 1760 2919 Ejus

77 2937 223 2976 deinde
252 2936 426 2974 inductu
454 2943 579 2984 atque
608 2934 865 2984 impulsione,
894 2940 942 2970 ut
971 2932 1106 2970 Surita
1136 2932 1207 2977 ait,
1240 2930 1437 2968 Henricus
1467 2943 1537 2967 rex
1564 2928 1762 2966 Castellae

127 3065 159 3097 1.
184 3063 275 3096 Voir
298 3063 342 3095 N.
367 3061 493 3094 Valois
521 3061 559 3103 (t.
583 3073 607 3100 1,
632 3072 666 3104 p.
691 3060 789 3103 114).

134 3118 165 3151 2.
189 3117 294 3150 Cette
315 3128 441 3149 erreur
464 3127 484 3147 a
514 3116 572 3148 ete
599 3114 759 3156 corrigee
789 3124 857 3156 par
877 3113 1013 3144 Baluze
1033 3111 1224 3143 lui—meme
1258 3111 1349 3142 dans
1371 3110 1406 3141 la
1434 3110 1594 3151 presente
1614 3107 1760 3140 edition.
