2083 3458
100 239 250 295 [1444]
617 256 832 281 PAPARUM
870 256 1252 281 AVENJONENslUM
1702 238 1785 279 589

86 340 267 385 lelmum,
291 339 542 385 Girbertum,
567 353 686 388 quem
712 340 801 376 vult
823 354 906 377 csse
929 340 1133 386 clericum,
1156 340 1271 377 illum
1292 339 1425 389 ipsum
1450 339 1641 376 nimirum
1668 351 1788 388 quem

86 400 128 436 in
159 399 389 447 necrologio
409 398 613 435 Ecclesiae
645 398 871 435 Tolosanae
904 399 1059 447 reperio
1092 399 1214 436 fuisse
1243 398 1579 436 archidiaconum
1612 397 1789 435 Melden-

88 471 172 496 sem
193 466 234 495 et
255 457 424 495 tandem
448 456 690 494 canonicum
715 457 979 503 Tolosanum,
1004 457 1185 501 Petrum,
1212 457 1442 506 Hugonem,
1465 465 1506 495 et
1527 457 1791 505 Aymericum

89 531 189 566 quos
215 516 335 565 jubet
364 515 449 553 fieri
476 515 698 564 religiosos,
727 524 768 552 et
797 515 1060 564 Dalphinam.
1090 516 1330 553 Guillelmus
1362 516 1400 553 ΙΙ
1429 515 1477 553 de
1506 516 1701 562 Cosnaco,
1730 515 1793 551 vir

88 590 133 613 ea
158 582 407 624 tempestate
431 574 722 621 memorabilis,
748 573 994 623 desponsam
1018 574 1164 611 habuit
1187 574 1412 612 admodum
1435 589 1535 624 puer
1558 574 1791 612 Almodian'i

89 635 137 673 de
165 634 405 683 Malaguisa,
433 641 474 671 et
498 633 631 683 ipsam
659 646 822 681 quoque
849 632 969 669 valde
996 646 1179 682 pueram,
1210 632 1336 670 filiam
1361 633 1559 671 Bernardi
1587 633 1635 671 de
1668 633 1791 670 Mala-

89 693 201 742 guisa
228 693 277 730 de
302 692 548 730 Donzenaco
572 699 613 729 et
629 691 780 728 Mariae
796 691 1157 738 Ventedornensis,
1183 706 1287 740 quae
1310 707 1423 729 soror
1443 700 1531 730 erat
1555 692 1793 741 Raymundi

90 760 131 790 et
154 752 295 789 Heliae
317 751 365 789 de
387 751 623 788 Ventedoro
644 750 837 793 militum,
860 758 1025 799 neptem
1048 764 1158 796 vero,
1180 758 1227 787 ut
1247 764 1321 800 par
1341 759 1402 788 est
1423 751 1671 798 existimare,
1698 750 1793 788 Gui-

91 811 207 848 donis
237 811 285 849 de
314 810 540 859 Malaguisa
568 809 732 846 abbatis
763 808 903 846 Sancti
934 808 1100 846 Martini
1138 809 1452 848 Lemovicensis.
1493 810 1551 847 Ea
1576 810 1794 848 Guillelmo

91 870 240 907 marito
262 882 454 918 magnam
476 868 697 906 liberorum
720 875 930 905 catervam
953 868 1200 916 procreavit⁷
1226 868 1442 916 Hugonem
1464 868 1656 906 nimirum
1678 869 1795 906 istius

91 928 267 966 nominis
293 928 534 974 secundum,
559 926 837 965 Bertrandum
865 926 1129 972 cardinalem,
1158 927 1325 964 Petrum
1351 928 1598 965 monachum
1626 936 1666 965 et
1691 927 1795 977 prio-

91 1001 175 1026 rem
201 987 441 1025 monasteiii
468 986 516 1024 de
541 986 718 1023 Buxeria
744 985 878 1023 Badili
903 985 945 1022 in
970 985 1143 1022 dioecesi
1171 986 1466 1032 Lemovicensi‚
1494 999 1614 1035 quem
1640 986 1796 1036 reperio

92 1055 303 1084 mortuum
323 1061 408 1084 esse
440 1045 611 1083 Tolosae
635 1044 765 1094 pridie
797 1058 925 1082 nonas
942 1043 1005 1092 [4]
1025 1044 1178 1093 aprilis,
1214 1044 1476 1082 Guillclmum
1497 1045 1796 1094 jurisperitum,

93 1105 352 1143 Guillelmam
380 1118 551 1142 uxorem
578 1103 777 1141 Guidonis
806 1102 1041 1152 Escharpiti
1068 1102 1208 1140 militis
1237 1103 1285 1140 de
1313 1103 1463 1141 Sancta
1492 1104 1656 1141 Eularia
1688 1103 1799 1153 apud

96 1165 345 1211 Lemovices,
371 1164 487 1213 cujus
512 1163 766 1215 cognominis
792 1162 896 1199 infra
921 1176 959 1211 p.
979 1161 1078 1198 1072
1111 1162 1344 1199 monuimus
1378 1162 1499 1200 fuisse
1522 1162 1799 1200 Bertrandum

93 1223 273 1273 Latgerii
304 1223 568 1269 cardinalem,
601 1221 836 1259 Almodiam
867 1229 1043 1270 nuptam
1075 1220 1292 1258 Guillelmo
1323 1220 1539 1269 Maynardi
1571 1221 1799 1268 domicello,

94 1289 270 1320 matrem
288 1296 383 1320 vero
401 1281 600 1331 Stephani
618 1280 835 1329 Maynardi
853 1279 1070 1325 domicelli,
1090 1279 1384 1327 Raymundam
1401 1288 1575 1329 nuptam
1591 1280 1800 1317 Bernardo

95 1342 143 1380 de
166 1341 328 1379 Asnaco
352 1341 580 1386 domicello,
605 1339 851 1377 Aisselinam
875 1347 1048 1387 nuptam
1072 1338 1302 1375 Bertrando
1325 1339 1362 1375 la
1385 1337 1548 1376 Branda
1572 1339 1799 1384 domicello,

95 1409 137 1438 et
158 1400 409 1450 Dalphinam
430 1399 687 1437 abbatissam
708 1412 893 1436 sororum
915 1397 1222 1435 Minorissarum
1243 1397 1403 1435 Brivae.
1429 1398 1643 1435 Praeterea
1665 1397 1800 1434 Almo·
1851 1421 1854 1425 ι

96 1460 162 1497 (lia
181 1473 284 1497 uxor
300 1459 388 1509 ejus
413 1458 455 1496 in
471 1472 545 1496 suo
570 1465 825 1496 testamento
850 1464 1148 1495 commemorat
1165 1456 1290 1493 alium
1317 1470 1454 1493 eorum
1478 1456 1619 1502 filium,
1642 1456 1801 1502 Girber·

98 1527 187 1556 tum
204 1518 398 1556 nimirum
415 1517 591 1567 priorem
608 1516 820 1566 quondam
836 1516 884 1553 de
903 1515 1102 1565 Aspreriis
1117 1515 1158 1552 in
1174 1515 1346 1552 dioecesi
1367 1515 1635 1553 Ruthenensi.
1653 1515 1802 1552 Guille-

54 1620 56 1622 ,
97 1579 200 1615 lmus
233 1577 272 1614 II
302 1585 367 1615 tot
394 1577 616 1615 liberorum
645 1589 792 1625 parens
819 1575 985 1612 videtur
1015 1574 1162 1612 obiisse
1191 1588 1299 1611 anno
1329 1574 1581 1620 MCCCXLI,
1611 1588 1691 1623 quo
1713 1588 1803 1623 pos-

97 1645 276 1675 tremum
307 1644 607 1673 testamentum
641 1634 827 1673 condidit
859 1634 922 1671 die
955 1648 1011 1670 ΧΠ
1044 1633 1192 1670 mensis
1222 1633 1327 1682 junii
1360 1633 1402 1669 in
1432 1633 1524 1670 lecto
1556 1632 1805 1681 infirmitatis

95 1710 191 1732 suae
226 1695 399 1744 positum
437 1694 785 1744 superstitemque
822 1692 971 1730 habuit
1006 1706 1177 1729 uxorem
1213 1691 1462 1738 Almodiam‚
1500 1706 1604 1740 quae
1641 1691 1804 1729 biennio

98 1762 192 1804 post
220 1762 523 1792 testamentum
553 1753 664 1799 fecit,
693 1753 734 1790 in
764 1766 845 1801 quo
874 1767 914 1789 se
945 1759 1068 1788 vocat
1097 1751 1321 1789 Almosiam
1353 1750 1400 1788 de
1431 1751 1591 1789 Conaco
1619 1750 1805 1788 relictam

97 1814 229 1851 bonae
264 1813 484 1850 memoriae
518 1812 665 1849 nobilis
701 1811 903 1848 domicelli
939 1810 1145 1848 Guillelmi
1180 1809 1228 1847 de
1263 1810 1423 1847 Conaco
1458 1809 1613 1846 domini
1647 1809 1722 1847 loci
1758 1808 1805 1846 dc

99 1874 272 1910 Conaco.
314 1872 434 1921 Hugo
474 1872 512 1908 II
549 1871 628 1908 tria
665 1870 930 1909 matrimonia
967 1877 1161 1918 expertus
1206 1876 1279 1906 est.
1328 1868 1511 1906 Primum
1555 1869 1662 1906 enim
1698 1882 1805 1904 anno

99 1931 386 1969 MCCCXXVI
427 1931 637 1968 contraxit
677 1929 992 1967 matrimonium
1032 1941 1126 1966 cum
1168 1927 1312 1965 Helide
1352 1927 1400 1965 de
1442 1927 1680 1964 Mulcedone
1724 1926 1805 1963 filia

98 1990 317 2028 Bertrandi
342 1990 390 2027 de
416 1989 656 2027 Mulcedone
682 1988 837 2026 domini
862 1988 910 2025 de
934 1988 1061 2024 Barro
1086 1987 1126 2024 in
1152 1986 1325 2024 dioecesi
1349 1986 1578 2027 Tutelensi2
1604 2000 1653 2023 ex
1677 1999 1805 2034 eoque

99 2049 365 2088 matrimonio
396 2049 474 2086 orti
503 2056 601 2085 sunt
631 2048 839 2085 Gilbcrtus
869 2054 1057 2084 mortuus
1088 2045 1243 2094 absque
1270 2046 1396 2094 prole,
1428 2045 1681 2090 Guillelmus,
1710 2044 1804 2081 Ber-

102 2108 272 2146 trandus
303 2116 344 2145 et
374 2108 519 2145 Petrus
550 2107 730 2156 episcopi
760 2106 1014 2151 Tutelenses,
1047 2105 1227 2142 „Ioannes
1259 2104 1478 2141 canonicus
1503 2103 1740 2152 Bajocensis
1765 2110 1805 2140 ct

100 2167 419 2213 Lombaiiensis,
443 2166 676 2204 Bernardus
703 2165 923 2203 canonicus
950 2163 1249 2209 Laudunensis,
1274 2162 1504 2200 Bertranda
1531 2170 1661 2211 nupta
1696 2175 1804 2198 anno

100 2226 318 2264 MCCCLII
362 2226 514 2263 Joanni
556 2224 739 2262 Mascalli
769 2223 984 2261 domicello
1026 2237 1076 2260 cx
1100 2222 1230 2259 veteri
1278 2221 1495 2258 nobilitate
1538 2220 1803 2265 Tui-ennensi,

99 2285 234 2322 Guina
264 2299 369 2322 uxor
400 2285 510 2322 Petri
542 2284 626 2321 dels
659 2284 765 2330 Plas,
793 2291 834 2320 et
868 2282 1074 2331 Dalphina
1105 2280 1293 2319 monialis
1324 2280 1364 2316 in
1396 2279 1645 2317 monasterio
1677 2278 1804 2315 Mino-

99 2344 294 2382 rissarum
320 2343 482 2381 Brivae.
512 2342 653 2381 Altera
682 2357 786 2379 uxor
816 2341 1001 2390 Hugonis
1034 2340 1073 2377 II
1102 2339 1181 2377 fuit
1210 2339 1343 2376 Guina
1374 2338 1564 2386 Faydita,
1596 2337 1677 2374 filia
1695 2337 1803 2375 Petri

102 2403 267 2451 Fayditi
291 2402 495 2440 domicelli
519 2402 567 2440 de
592 2402 754 2450 Jutgals
777 2401 819 2438 in
842 2399 1136 2437 vicecomitatu
1159 2398 1426 2442 Turennensi,
1450 2411 1499 2434 ex
1522 2410 1602 2445 qua
1625 2396 1805 2445 suscepit

103 2461 398 2510 Raymundum
428 2460 764 2498 archidiaconum
799 2459 846 2496 dc
876 2459 984 2495 Aura
1006 2458 1047 2495 in
1071 2457 1251 2495 Ecclesia
1276 2456 1575 2501 Convenarum,
1600 2454 1804 2501 eumdem,

100 2528 148 2558 ut
171 2520 362 2567 arbitror,
388 2520 457 2569 qui
481 2520 708 2557 Tolosanae
724 2518 928 2556 Ecclesiae
953 2516 1172 2554 canonicus
1197 2515 1347 2552 dicitur
1374 2514 1415 2551 in
1448 2513 1676 2562 necrologio
1700 2513 1805 2550 illius

104 2579 321 2626 Ecclesiae,
350 2587 390 2616 et
404 2578 680 2616 Bertrandam
697 2586 842 2615 natam
868 2584 962 2626 post
986 2589 1141 2612 annum
1169 2573 1402 2611 MCCCLIV
1430 2586 1533 2621 quae
1553 2571 1806 2609 matrimonii

103 2638 266 2676 vinculo
292 2638 515 2686 conjuncta
541 2637 621 2674 fuit
646 2651 754 2674 anno
781 2633 1126 2673 MCCCLXXVII
1153 2646 1243 2670 cum
1272 2632 1431 2669 Joanne
1459 2630 1630 2668 Roberti
1656 2638 1805 2680 nepote

102 2697 297 2735 Ademari
328 2696 499 2734 Roberti
527 2695 823 2744 archiepiscopi
853 2693 1110 2731 Senonensis.
1141 2691 1278 2729 Tertia
1310 2690 1495 2739 Hugonis
1528 2690 1566 2726 ΙΙ
1596 2703 1699 2726 uxor
1727 2689 1806 2726 fuit

104 2755 326 2804 Margarita
360 2755 409 2792 de
444 2755 612 2801 Palisas,
647 2754 763 2802 cujus
797 2753 973 2790 nominis
1007 2752 1118 2788 locus
1152 2757 1269 2787 extat
1302 2749 1343 2785 in
1376 2748 1663 2786 Lemovicibus
1696 2747 1806 2784 haud

102 2815 243 2864 procul
277 2822 411 2851 castro
445 2812 785 2858 Ventedornensi,
819 2826 869 2849 ex
902 2824 981 2860 qua
1013 2817 1116 2859 puto
1149 2822 1240 2846 eum
1281 2822 1362 2844 non
1403 2807 1612 2856 reliquisse
1644 2805 1806 2845 liberos.

105 2874 285 2910 Joannes
307 2872 356 2910 de
378 2873 559 2909 Cosnaco
581 2871 687 2908 filius
711 2870 896 2919 Hugonis
925 2869 963 2906 ΙΙ
984 2869 1125 2905 relicto
1151 2867 1324 2904 clericali
1351 2865 1498 2903 habitu
1519 2865 1807 2903 ut=Guillelmo

105 2932 222 2969 fratri
247 2932 332 2969 sine
357 2930 494 2968 liberis
520 2937 684 2967 mortuo
709 2928 947 2967 succederet
971 2941 1021 2964 ex
1045 2933 1298 2964 testamento
1323 2924 1465 2974 patris,
1492 2937 1663 2961 uxorem
1688 2923 1808 2960 duxit

104 3004 213 3028 anno
239 2989 524 3027 MCCCLXIX
550 2988 737 3025 Matham
765 2987 892 3024 filiam
916 2984 1134 3023 Bertrandi
1160 2984 1208 3021 de
1232 2983 1368 3020 Borno
1394 2983 1535 3020 militis
1570 2982 1725 3019 domini
1760 2982 1807 3019 de

107 3049 312 3086 Altaforte
333 3056 373 3085 et
393 3048 441 3085 de
461 3047 616 3093 Theno⁷
638 3060 742 3095 quae
762 3045 976 3095 proaviam
997 3043 1132 3081 ciebat
1152 3042 1324 3079 Mariam
1344 3041 1393 3079 de
1413 3040 1659 3078 Combornio
1682 3040 1808 3078 filiam

110 3107 308 3145 Guidonis
352 3105 604 3144 vicecomitis
648 3104 975 3143 Combornensis.
1022 3102 1111 3151 Ipse
1151 3108 1453 3138 testamentum
1484 3099 1668 3137 condidit
1701 3113 1809 3136 anno
