2083 3458
285 226 367 268 510
923 249 1074 275 NOTAE
1110 250 1170 275 AD
1204 250 1332 276 V1TAs
1861 235 1962 291 [993
1973 235 1993 291 ]

340 327 519 368 Joannes
560 332 755 379 Mariana,
785 333 853 372 lib.
888 334 1011 371 XVII
1041 334 1129 373 Rer.
1162 334 1355 384 Hispan„
1386 349 1473 386 cap.
1506 350 1562 384 xi,
1600 345 1742 375 narrat
1771 336 1988 375 Urbanum

286 399 451 436 papam,
483 404 575 427 cum
604 392 830 431 remedium
860 403 1074 443 quaereret
1104 394 1300 433 adversus
1331 395 1485 433 furores
1517 395 1627 434 Petri
1655 396 1758 446 regis
1788 396 1988 434 Castellae

288 445 483 485 minantis
512 464 551 487 se
580 451 787 499 pontificis
814 452 960 502 jugum
988 468 1271 502 excussurum,
1299 455 1434 504 legato
1461 454 1504 492 in
1531 468 1622 494 eam
1647 470 1734 494 rem
1761 454 1988 505 Anglicano

288 505 493 546 cardinale
508 508 540 545 S.
564 509 672 548 Petri
692 510 851 550 flexisse
868 512 1044 552 ferocem
1059 514 1245 553 animum
1259 514 1311 551 ad
1328 522 1458 553 certas
1472 514 1583 566 pacis
1599 515 1854 553 conditiones
1867 514 1993 552 valde·

286 562 448 613 iniquas
479 576 518 605 et
546 569 693 617 paruin
723 571 930 620 honestas,
961 572 1030 610 sed
1059 581 1151 612 tum
1180 573 1440 612 necessarias.
1474 574 1537 611 Ex
1566 588 1646 624 quo
1676 574 1843 624 quidem
1871 573 1988 612 colle-

287 633 432 670 gerunt
464 626 681 677 Anglicum
714 644 806 669 cum
838 632 1088 671 auctoritate
1119 633 1260 682 legati·
1275 633 1509 683 profectum
1540 648 1624 672 esse
1653 633 1696 671 in
1728 633 1992 683 Hispaniam..

288 681 438 721 Verum
456 700 548 725 cum
565 689 756 738 nuspiam
772 691 1000 740 reperiatur
1016 706 1110 731 eum
1126 706 1149 729 a
1165 692 1292 731 fratre
1310 692 1536 742 digressum
1553 707 1651 741 esse,
1669 701 1812 731 contra
1829 700 1988 731 certum

286 741 337 777 sit
356 757 446 780 cum
466 744 590 785 fratre
607 748 729 786 fuisse
748 750 915 798 quando
931 751 963 789 is
982 760 1159 790 exeunte
1175 752 1295 802 aprili
1311 753 1485 791 excessit
1502 752 1713 790 Avenione
1729 752 1994 802 profecturus»

286 799 327 836 in
351 801 528 852 Italiam,
549 814 589 843 et
608 822 657 845 ex
677 807 853 847 Odorico
874 810 1108 860 Raynaldo,
1122 825 1187 849 an.
1203 811 1317 860 1367,
1341 811 1357 860 ἓ
1379 812 1439 859 17,
1460 820 1622 850 constet
1640 811 1831 850 eumdem
1850 811 1994 860 Angli--

286 873 379 897 cuni
398 861 519 902 fuisse
539 865 711 905 Viterbii
729 870 918 917 sequenti
936 884 1074 909 mense
1091 871 1193 921 julio
1210 880 1401 919 exeunte,
1421 886 1541 921 cogor
1557 871 1734 910 eximere
1752 871 1991 920 delegatum

286 919 452 967 quidem
478 923 600 963 fuisse
625 926 677 963 ab
704 928 873 966 Urbano
898 938 944 967 ut
968 930 1063 968 huic
1088 931 1253 980 negotio
1282 930 1406 969 finem
1429 931 1673 981 imponeret,
1700 939 1882 969 ceterum
1906 943 1988 967 non

287 978 433 1018 abiisse
456 981 496 1019 in
521 983 779 1035 Hispaniam,
803 988 873 1026 sed
894 1004 980 1027 rem
1003 990 1280 1040 composuisse
1302 990 1413 1040 apud
1436 990 1703 1028 Avenionem.

339 1038 458 1078 Anno
484 1042 784 1084 MCCCLXVII
810 1048 1042 1087 comitatus·
1059 1057 1120 1087 est
1145 1049 1363 1087 Urbanum
1385 1049 1717 1100 proficiscentem
1740 1049 1782 1086 in
1810 1048 2013 1096 Italiam„

288 1096 341 1134 Et
374 1113 466 1138 cum
498 1112 592 1151 post
625 1104 851 1155 digressum
884 1108 970 1158 ejus
1005 1108 1173 1147 obiisset
1205 1109 1417 1148 Avenione
1450 1109 1595 1148 Petrus
1631 1109 1743 1147 Iterii
1774 1108 1993 1158 episcopus-
2023 1163 2025 1166 ι

287 1155 543 1209 Albanensis‚
567 1163 757 1203 Urbanus
779 1167 813 1205 ei
833 1167 995 1206 suffecit
1014 1168 1232 1218 Anglicum
1251 1168 1277 1208 1.

340 1217 459 1257 Anno
487 1220 812 1264 MCCCLXVHI
840 1228 1092 1266 constitutus
1119 1236 1181 1275 est
1206 1230 1365 1278 legatus
1397 1228 1540 1266 Italiae
1559 1228 1593 1274 ²3
1618 1228 1760 1275 Bzov.,
1779 1241 1844 1265 an.
1874 1225 1993 1274 1368,

294 1275 310 1323 ἓ
332 1275 354 1313 6
375 1286 415 1315 et
437 1279 550 1329 1369,
578 1281 596 1330 ,ξ
615 1283 650 1322 5.
676 1284 911 1324 Habitabat
930 1295 1072 1326 autem
1090 1288 1315 1336 Bononiae,
1337 1296 1385 1325 ut
1411 1295 1530 1338 patet
1549 1302 1600 1326 ex
1618 1286 1802 1325 Historia
1822 1286 1990 1324 transla-

288 1334 409 1374 tionis
438 1342 612 1389 corporis
639 1345 768 1382 sancti
800 1346 972 1384 Thomae
1000 1347 1220 1397 Aquinatis
1251 1348 1447 1395 Tolosam,
1477 1347 1519 1385 in
1546 1355 1661 1386 tomo
1690 1346 1823 1396 primo
1852 1344 1995 1383 martii

287 1394 561 1448 Bollandiani,
580 1416 617 1451 p.
639 1403 725 1442 732.

343 1455 430 1503 Qua
450 1466 700 1510 tempestate
720 1465 832 1514 apud
852 1466 1069 1504 Mantuam
1088 1467 1259 1516 pallium
1279 1466 1624 1516 archiepiscopale
1642 1465 1758 1515 jussu
1778 1464 1937 1503 Urbani
1955 1463 1990 1501 V

289 1513 403 1553 dedit
424 1516 594 1558 Alberto
615 1522 663 1561 de
686 1523 914 1575 Sternburg
933 1526 1240 1576 archiepiscopo
1261 1525 1617 1575 Magdeburgemi,
1638 1533 1686 1563 ut
1706 1525 1826 1563 docet
1847 1531 1997 1562 auctor>

290 1573 478 1614 Chronici
495 1578 859 1632 Magdeburgensis
877 1585 977 1623 editi
995 1585 1046 1623 ab
1068 1586 1245 1624 Henrico
1264 1585 1499 1633 Meibomio,
1517 1600 1556 1635 p.
1576 1584 1664 1624 346.

342 1634 461 1674 Anno
483 1638 743 1680 MCCCLXX
764 1643 871 1682 idem
896 1645 1088 1683 Urbanus
1110 1645 1315 1683 meditans
1337 1645 1518 1683 reditum
1537 1645 1578 1682 in
1600 1644 1751 1682 Gallias
1774 1643 1993 1693 Anglicum

290 1693 456 1743 reliquit
475 1697 517 1735 in
537 1699 741 1749 legatione
767 1703 911 1743 Italiae
931 1703 965 1749 33
986 1704 1300 1754 Boninsegnius,
1321 1719 1360 1754 p.
1378 1704 1454 1742 549
1475 1719 1552 1754 sq.‚
1568 1712 1608 1742 et
1627 1704 1768 1751 Bzov.,
1785 1717 1850 1741 an.
1875 1701 1990 1750 1370,

292 1751 309 1799 ἓ
334 1753 355 1790 5
379 1768 437 1804 sq.

342 1814 490 1854 Postea
505 1833 598 1856 cum
612 1833 720 1864 anno
736 1821 1019 1861 MCCCLXX!
1035 1823 1251 1873 Gregorius
1269 1824 1329 1860 XI
1344 1837 1436 1862 eam
1449 1823 1706 1873 provinciam
1720 1821 1995 1860 commisisset

290 1872 411 1911 Petro
430 1876 478 1914 de
498 1877 651 1927 Stagno
671 1881 869 1926 cardinali
885 1882 1146 1931 Bituricensi,
1166 1883 1359 1933 Anglicus
1378 1883 1413 1921 ei
1431 1882 1545 1921 dedit
1561 1881 1852 1920 instructiones
1872 1894 1996 1930 quas—

291 1931 399 1981 dam,
429 1950 533 1985 quae
560 1938 789 1989 descriptae
816 1938 1024 1980 habentur
1049 1942 1091 1980 in
1118 1943 1255 1981 codice
1285 1941 1363 1980 756
1386 1942 1661 1980 bibliothecae
1688 1940 1946 1979 Colbertinae
1962 1939 1994 1978 4.

291 1992 388 2030 Post
412 2008 515 2043 quae
537 1997 622 2046 ipse
645 1999 767 2037 rediit
790 2000 1061 2049 Avenionem,
1084 2010 1132 2039 ut
1155 2002 1275 2040 docet
1295 1999 1609 2051 Boninse'gnius,
1631 2015 1670 2051 p.
1696 1999 1785 2038 552.

342 2051 460 2092 Anno
489 2055 825 2108 MCCCLXXVL
848 2061 1041 2110 Gregorio
1070 2062 1132 2099 XI
1158 2062 1335 2101 Romam
1361 2061 1554 2108 abeunte,
1574 2060 1768 2109 Anglicus
1794 2058 1991 2097 remansit

289 2110 500 2152 Avenione
531 2130 624 2155 cum
654 2119 743 2156 aliis
775 2120 956 2169 quinque
987 2121 1276 2159 cardinalibus.
1310 2120 1412 2159 Vide
1443 2120 1601 2158 factum
1632 2119 1778 2157 Jacobi
1809 2118 1858 2157 de
1888 2118 1995 2156 Seva

290 2171 460 2210 missum
482 2174 755 2216 Universitati
775 2179 993 2218 Parisiensi
1013 2195 1134 2230 super
1153 2180 1350 2219 electione
1371 2180 1422 2217 Ul
1432 2179 1528 2217 bani
1548 2179 1620 2226 VI,
1640 2178 1798 2217 editum
1817 2177 1859 2215 in
1877 2185 1996 2215 tomo

292 2240 439 2279 quarto
465 2233 669 2273 Historiae
700 2237 981 2276 Universitatis
1006 2240 1155 2287 Paria,
1182 2254 1220 2289 p.
1248 2239 1336 2277 485.

347 2290 515 2332 Interim
554 2295 770 2345 Gregorius
811 2298 914 2336 obiit
954 2299 1110 2338 Romae
1149 2313 1257 2336 anno
1296 2298 1511 2336 millesimo
1550 2296 1889 2344 CCCLXXVIII,
1929 2295 1997 2334 die·

291 2363 410 2387 xxvu
435 2354 588 2401 martii,
613 2364 654 2393 et
678 2371 771 2396 cum
793 2357 1136 2397 Bartholomaeus
1162 2358 1491 2408 archiepiscopus
1516 2356 1704 2395 Barensis
1728 2356 1770 2393 in
1792 2356 1880 2393 loco
1905 2354 1992 2404 ejus

291 2409 442 2448 electus
474 2426 495 2448 a
528 2414 650 2452 Petro
683 2416 901 2455 Gaudelini
933 2418 981 2456 de
1014 2418 1050 2456 S.
1085 2418 1283 2467 Crispino,
1316 2417 1545 2464 domicello,
1576 2423 1781 2465 repeteret
1811 2422 1997 2453 castrum.

292 2468 327 2505 S.
352 2469 496 2519 Angeli
518 2473 565 2511 de
588 2474 711 2521 Urbe,
732 2476 799 2514 ille
820 2491 916 2514 vero
938 2477 1091 2516 diceret
1112 2492 1151 2515 se
1171 2476 1440 2526 jurejurando
1462 2475 1660 2513 adactum
1684 2488 1706 2512 a
1729 2473 1922 2523 Gregorio
1944 2487 1996 2511 ne-

340 2649 370 2681 1.
403 2649 451 2683 Le
473 2652 517 2684 17
538 2655 750 2696 septembre
777 2655 922 2698 (Eubel,
944 2656 1175 2696 Hierarchia,
1199 2661 1225 2689 t.
1246 2668 1270 2695 1,
1293 2667 1328 2699 p.
1353 2654 1424 2699 20).

342 2702 371 2734 2.
402 2703 571 2743 Theiner,
597 2707 725 2747 Codeoe,
750 2715 775 2741 t.
798 2722 835 2748 11,
859 2721 893 2742 n.
918 2710 983 2743 431
1013 2710 1143 2752 (bulles
1167 2710 1217 2742 du
1238 2709 1283 2742 15
1305 2709 1509 2741 novembre
1532 2708 1653 2751 1367).

340 2756 371 2787 3.
403 2756 472 2789 Sur
500 2766 598 2792 cette
627 2761 803 2803 legation‚
835 2763 916 2795 voir
942 2763 1123 2796 Archives
1153 2764 1203 2796 du
1230 2762 1393 2795 Vatican
1425 2760 1617 2804 (Armario
1644 2761 1812 2801 XXXV,
1843 2767 1868 2794 t.
1899 2773 1997 2801 xxu,

292 2818 325 2849 p.
352 2809 404 2849 27,
430 2816 468 2842 ct
489 2811 527 2844 B.
555 2812 611 2852 N„
636 2825 702 2847 ms.
725 2815 821 2847 latin
843 2815 951 2856 4190,
975 2816 1037 2849 fol.
1062 2817 1105 2849 67
1127 2815 1186 2859 r0).

342 2863 372 2894 li.
407 2864 442 2896 13».
463 2864 518 2904 N„
535 2877 601 2899 ms.
618 2867 713 2900 latin
729 2867 836 2908 4115,
852 2869 914 2902 fol.
932 2870 999 2902 117
1015 2870 1135 2903 r0—135
1151 2874 1207 2908 v0;
1224 2869 1305 2901 voir
1319 2868 1500 2900 Fantuzzi
1519 2868 1766 2911 (Monumenti
1778 2867 1995 2907 Ravennati,

295 2912 438 2955 Venisc⁷
463 2919 567 2958 1891,
593 2926 617 2952 t.
644 2933 677 2960 v,
702 2933 736 2964 p.
762 2922 883 2966 1—109)
909 2929 948 2956 et
970 2923 1129 2955 Theiner
1155 2920 1304 2965 (Codex,
1328 2928 1354 2954 t.
1377 2934 1414 2961 11,
1438 2932 1473 2954 n.
1498 2921 1594 2965 527).
1616 2939 1666 2944 —
1686 2920 1757 2954 Sur
1776 2921 1812 2953 la
1832 2920 1999 2963 legation

295 2966 343 2998 du
365 2971 529 3003 cardinal
550 2984 593 3004 en
617 2973 736 3013 Italic,
760 2975 840 3007 voir
861 2976 902 3009 O.
925 2976 1083 3009 V-ancini
1109 2974 1294 3018 (Bologna
1313 2975 1405 3008 della
1425 2974 1567 3014 Clziesa,
1582 2974 1674 3007 dans
1693 2973 1774 3007 Atti
1796 2985 1813 3006 e
1832 2974 2004 3007 memorie

295 3019 386 3053 della
407 3024 448 3055 Ja'.
475 3025 709 3068 (leputazione
731 3028 767 3061 dt·
791 3028 912 3062 Storia
932 3029 1063 3062 Patria
1084 3040 1147 3072 per
1169 3029 1198 3061 le
1218 3028 1416 3071 Romagne‚
1441 3033 1467 3060 t.
1492 3039 1589 3060 xxw
1614 3026 1748 3070 (1906),
1772 3038 1807 3070 p.
1821 3026 1999 3066 501-552;

297 3077 319 3104 ¹.
344 3087 425 3107 xxv
450 3078 581 3121 (1907),
605 3091 638 3122 p.
665 3081 808 3124 16-108)
833 3088 871 3114 et
892 3081 929 3115 P.
952 3082 1071 3114 Balan
1111 3080 1185 3125 (La
1203 3081 1392 3115 ribellione
1415 3080 1452 3114 di
1471 3079 1635 3123 Perugia
1653 3080 1711 3113 nel
1727 3079 1823 3113 1368
1842 3079 1913 3112 ela
1929 3090 2000 3112 sua

294 3131 561 3163 sommiossione
586 3133 642 3165 nel
668 3133 773 3173 1370,
802 3135 894 3168 dans
921 3135 1028 3168 studi
1052 3147 1069 3167 e
1093 3135 1295 3168 documenti
1320 3135 1357 3167 di
1381 3134 1493 3167 storia
1516 3145 1533 3166 e
1557 3134 1690 3173 diruto,
1718 3132 1848 3173 Rome,
1875 3131 1998 3175 1880).
