2083 3458
91 241 233 299 [1055]
301 294 303 297 Υ
609 258 829 283 PAPARUM
866 256 1247 281 AVENIONENSIUM
1695 233 1773 274 571

78 343 280 390 doctorem,
316 342 360 380 in
398 341 502 380 Urbe
533 341 903 379 excellentissimum
933 341 1050 390 jussu
1082 340 1327 378 sanctissimi
1362 339 1405 376 in
1438 336 1593 374 Christo
1627 328 1779 371 domini

86 402 241 439 Urbani
268 415 373 451 pape
406 400 450 448 V,
472 409 607 450 postea
634 400 869 438 canonizati.
896 399 958 438 Sic
981 399 1105 437 etiam
1142 399 1184 436 in
1220 398 1399 436 editione
1433 395 1619 446 ejusdem
1647 390 1777 442 operis

80 475 184 510 quae
208 475 316 498 anno
341 459 512 497 MDXII
535 459 690 509 prodiit
712 459 753 497 in
776 459 852 497 hac
876 457 975 496 urbe
1000 458 1229 495 Parisiensi.

134 519 240 557 Utar
267 526 407 557 autem
437 519 513 556 hac
543 518 754 556 occasione
783 526 830 555 ut
859 518 1029 567 planum
1058 517 1207 554 faciam
1237 516 1326 565 quis
1364 514 1533 564 cujusve
1564 511 1687 549 fuerit
1714 508 1779 546 hic

84 578 287 616 Robertus
317 578 531 628 episcopus
562 577 810 623 Senecensis,
840 584 880 614 et
909 590 990 625 quo
1019 575 1185 613 demum
1214 583 1398 624 tempore
1426 573 1478 611 ad
1506 569 1779 621 episcopalem

80 637 329 687 dignitatem
350 644 508 675 erectus
531 636 596 674 sit.
623 635 835 673 Hactenus
857 635 963 673 enim
987 648 1032 672 ea
1055 635 1191 672 omnia
1213 634 1254 671 in
1277 633 1448 671 obscuro
1471 632 1594 669 fuere.
1622 630 1711 678 Ipse
1739 641 1779 664 se

78 698 119 734 in
140 710 264 746 regno
287 695 483 733 Franciae
506 703 643 732 ortum
663 702 704 732 et
724 694 930 731 nutritum
951 693 1074 730 fuisse
1096 692 1216 731 docet
1235 693 1277 730 in
1297 691 1553 742 praefatione
1574 688 1704 738 operis
1721 685 1780 723 De,

79 755 237 805 speculo
259 753 400 792 morali
421 753 541 801 regio,
565 753 676 803 quod
697 761 815 791 extat
835 753 877 790 in
899 752 1037 790 codice
1058 749 1161 789 5420
1181 750 1454 789 bibliothecae
1475 747 1735 787 Colbertinae
1753 745 1780 791 ¹,

80 821 122 852 et
142 814 327 864 regulam
351 813 502 852 ordinis
527 812 704 850 fratrum
728 811 1065 849 praedicatorum
1088 811 1326 860 amplexum
1354 810 1396 847 in
1418 815 1625 847 conventu
1650 805 1781 842 Maro-

79 872 188 922 logii,
214 872 468 911 Mimatensis
493 871 701 918 dioecesis,
724 871 766 908 in
790 871 898 908 calce
921 877 1126 908 tractatus
1148 869 1206 905 De
1227 868 1446 906 schismate.
1473 867 1618 905 Sacrae
1641 872 1782 902 autem

80 931 254 982 paginae
278 931 549 982 professorem
574 945 615 968 se
640 929 861 979 utrobique
886 936 1022 967 vocat.
1051 928 1195 966 Nescio
1220 936 1360 965 autem
1385 940 1522 964 annon
1547 924 1782 964 existimare

81 990 305 1029 debeamus
336 991 452 1028 illum
484 989 607 1028 fuisse
639 997 777 1027 ortum
807 1002 858 1026 ex
889 987 1041 1037 oppido
1073 986 1271 1034 Andusia,
1305 986 1413 1036 quod
1446 993 1507 1024 est
1537 985 1578 1022 in
1610 979 1782 1021 dioecesi

83 1049 352 1088 Nemausensi
381 1048 560 1087 finitima
589 1048 769 1087 Gabalis.
807 1047 972 1086 Etenim
1007 1047 1049 1084 in
1084 1045 1211 1084 literis
1239 1045 1441 1095 Arnulphi
1470 1041 1782 1086 d’Audenehan,

82 1108 338 1147 mareschalli
363 1108 558 1146 Franciae
581 1116 622 1146 et
643 1106 962 1146 locumtenentis
986 1105 1141 1144 domini
1163 1105 1265 1154 regis
1288 1104 1328 1141 in
1350 1103 1538 1154 partibus
1563 1099 1786 1146 OccitaniS,

82 1182 188 1217 quae
209 1167 332 1206 datae
353 1175 451 1205 sunt
471 1167 582 1217 apud
604 1166 910 1205 Villamnovam
930 1178 1057 1214 prope
1078 1163 1332 1202 Avenionem
1354 1177 1462 1200 anno
1484 1158 1784 1205 MCCCLXIII,

83 1227 147 1265 die
175 1241 248 1264 xm
277 1226 470 1274 octobris,
497 1225 655 1276 reperio
684 1225 889 1263 ,Ioannem
916 1232 957 1262 et
983 1223 1240 1262 Bernardum
1269 1222 1452 1260 Gervasii
1482 1221 1626 1258 fratres
1662 1219 1784 1256 fuisse
1847 1227 1853 1231 “

81 1285 338 1324 habitatores
374 1285 560 1335 ejusdem
595 1284 748 1335 oppidi.
785 1283 905 1321 Anno
941 1283 1107 1321 demum
1143 1280 1439 1327 MCCCLXIX,
1477 1293 1569 1317 cum
1604 1277 1785 1316 Ecclesia

84 1345 319 1383 Senecensis
338 1352 507 1383 vacaret
524 1358 596 1394 per
613 1351 789 1382 mortem
809 1342 933 1389 Petri,
955 1341 1146 1380 Urbanus
1166 1340 1199 1377 V
1217 1341 1251 1378 ei
1270 1340 1488 1377 substituit
1505 1339 1613 1376 hunc
1634 1336 1787 1374 Rober-

84 1412 175 1442 tum
197 1403 382 1442 Gervasii
402 1404 530 1441 literis
549 1401 566 1425 2
586 1402 693 1441 datis
715 1402 826 1452 apud
849 1401 1003 1439 Urbem
1027 1408 1208 1439 veterem
1239 1400 1357 1437 vidus
1376 1397 1456 1448 [11]
1480 1397 1657 1435 octobris
1678 1407 1786 1433 anno

83 1462 260 1513 septimo
296 1461 453 1512 [1370].
482 1462 632 1511 Hujus,
658 1470 704 1499 ut
729 1461 921 1508 diximus,
948 1467 1094 1498 extant
1119 1459 1223 1496 duae
1247 1458 1553 1496 lucubrationes
1578 1456 1618 1492 in
1643 1453 1786 1492 biblio-

83 1522 204 1560 theca
229 1521 477 1561 Colbertina.
504 1521 641 1560 Prima
665 1528 727 1559 est
750 1528 955 1558 tractatus
978 1519 1037 1556 De
1058 1518 1266 1556 schismate
1289 1517 1484 1554 adversus
1511 1516 1715 1552 joannem
1738 1512 1786 1550 de

85 1581 269 1632 Lignano
307 1588 348 1619 et
374 1580 553 1619 Baldum
583 1579 840 1627 Perusinum,
871 1578 1102 1617 defensores
1129 1576 1436 1614 Bartholomaei
1464 1574 1651 1612 Barensis
1681 1571 1787 1610 anti-

83 1654 231 1690 papae,
265 1638 476 1690 scriptus3
535 1648 630 1689 post
663 1652 820 1677 annum
852 1637 1115 1675 millesimum
1149 1634 1508 1681 CCCLXXXVII,
1543 1646 1635 1671 cum
1666 1632 1708 1669 in
1740 1644 1786 1668 eo

84 1699 239 1738 mentio
270 1698 344 1737 fiat
370 1699 663 1737 miraculorum
691 1697 802 1736 beati
832 1697 941 1735 Petri
970 1696 1187 1735 cardinalis
1217 1695 1265 1733 de
1295 1693 1596 1742 Luxeniburgo.
1626 1691 1786 1729 Titulus

83 1766 224 1797 autem
240 1758 327 1808 eJus
342 1758 408 1796 hic
423 1765 485 1797 est
502 1773 509 1795 :
528 1757 682 1807 Incipit
695 1757 793 1795 liber
805 1771 874 1793 seu
889 1764 1076 1794 tractatus
1091 1763 1247 1792 vocatus
1262 1753 1397 1790 Mirra
1410 1753 1526 1789 electa
1539 1750 1787 1801 putredinem

81 1817 304 1855 scismatice
320 1817 532 1866 pravitatis
551 1817 753 1854 destruens
770 1824 804 1853 et
821 1815 1053 1862 annullans,
1070 1822 1105 1852 et
1120 1812 1406 1851 sublimitatem
1424 1811 1596 1849 Ecclesie
1613 1818 1647 1847 et
1663 1817 1786 1859 potes-

83 1884 200 1915 tatem
215 1876 489 1925 manifcstanS.
508 1876 648 1914 Altera
663 1874 897 1914 lucubratio
913 1874 1000 1923 ejus
1016 1873 1126 1912 edita
1144 1881 1205 1911 est
1220 1871 1295 1909 sub
1310 1871 1427 1908 initia
1443 1870 1554 1920 regni
1574 1869 1713 1906 Karoli
1729 1866 1786 1904 VI

84 1943 126 1973 et
145 1943 320 1974 vocatur
340 1935 555 1985 Speculum
576 1935 721 1972 morale
740 1934 905 1983 regium.
923 1933 1103 1971 Eaedem
1122 1931 1292 1969 Roberti
1314 1929 1636 1975 lucubrationes,
1658 1940 1785 1977 quan-

84 2007 210 2044 quam
234 2008 316 2032 non
339 1995 538 2043 integrae,
564 2001 713 2032 extant
737 1994 864 2032 etiam
887 1992 928 2030 in
954 1991 1162 2030 codicibus
1188 1987 1293 2028 4206
1315 1997 1356 2027 et
1379 1987 1483 2026 5372
1510 1986 1784 2026 bibliothecae

84 2053 217 2103 regiae
233 2051 259 2092 4.
297 2053 344 2091 Ei
379 2053 571 2091 Nicolaus
605 2053 654 2091 de
688 2052 840 2091 Sancto
875 2051 1098 2090 Saturnino
1129 2049 1285 2100 legavit
1316 2061 1424 2085 anno
1458 2044 1784 2084 MCCCLXXXI

83 2126 240 2150 novum
272 2112 517 2151 mantellum
551 2125 671 2150 suum
705 2111 896 2149 foliatum
930 2110 978 2149 de
1011 2109 1194 2159 agniellis
1228 2107 1366 2157 nigris,
1400 2114 1446 2144 ut
1479 2106 1616 2143 videre
1650 2112 1711 2143 est
1742 2103 1784 2140 in

83 2170 170 2220 ejus
201 2179 455 2210 testamento
485 2171 597 2209 edito
626 2172 734 2209 inter
763 2169 1024 2208 Probationes
1053 2167 1240 2206 historiae
1267 2165 1536 2204 cardinalium
1566 2164 1779 2209 Gallorum,

83 2245 122 2281 p.
155 2229 232 2268 490
752 2227 754 2231 ’

138 2289 181 2329 Ρ.
217 2289 306 2337 384,
339 2290 405 2339 lig.
443 2288 502 2328 11.
541 2289 755 2326 DOMINUM
790 2288 1155 2325 MAGALONENSEM
1191 2284 1442 2332 Audoynum
1476 2282 1646 2320 Alberti.
1683 2280 1783 2318 Vide

83 2361 205 2399 supra
227 2362 266 2398 p.
287 2347 377 2389 926.
836 2384 838 2387 ,

138 2407 181 2446 Ρ.
213 2406 303 2454 385,
331 2407 398 2456 lig.
431 2406 467 2447 5.
499 2407 635 2446 GELU.
668 2406 764 2444 Voir
792 2407 828 2444 le
858 2405 963 2443 Petit
995 2404 1213 2441 Thalamus
1245 2403 1322 2449 (ed.
1358 2398 1783 2443 Albanas-chevalier,

86 2467 201 2505 Actes
225 2466 401 2514 anciens,
428 2474 456 2505 t.
483 2480 510 2513 1,
536 2481 574 2516 p.
602 2465 681 2514 89).

139 2525 182 2564 Ρ.
209 2524 298 2572 385,
323 2525 390 2574 lig.
418 2523 479 2563 27.
507 2525 718 2563 Locnsm.
752 2524 803 2562 Ut
824 2538 870 2568 3.,
895 2538 934 2572 p.
961 2521 1022 2561 90.

141 2583 183 2623 Ρ.
209 2583 299 2632 386,
323 2584 390 2632 lig.
417 2583 478 2622 23.
509 2584 679 2621 INDIXIT
705 2583 841 2629 (Prou,
870 2574 1011 2629 Etude,
1036 2595 1074 2630 p.
1102 2579 1192 2628 144)
1218 2587 1258 2617 et
1291 2578 1333 2616 L.
1362 2578 1412 2616 H.
1448 2575 1643 2614 Labande
1677 2574 1785 2621 (Ber-

85 2643 204 2681 trancl
225 2643 278 2680 clu
313 2642 499 2680 Guesclin
526 2651 561 2680 et
586 2642 640 2680 les
667 2629 780 2680 Etats
809 2640 1068 2690 Pontificaux
1098 2640 1143 2676 dc
1171 2638 1334 2685 France,
1368 2636 1468 2675 dans
1501 2634 1715 2673 Memoires
1742 2633 1786 2670 de

85 2701 315 2740 l'academic
335 2702 379 2738 cle
408 2701 616 2747 Vaucluse,
647 2700 760 2748 1904,
789 2715 827 2750 p.
860 2698 1008 2747 14-19).

135 2854 168 2888 1.
197 2855 238 2888 B.
268 2854 325 2894 N.,
352 2866 420 2887 ms.
447 2853 542 2887 latin
566 2853 671 2887 3490.

136 2908 168 2942 2.
199 2906 356 2951 D'apres
382 2918 455 2939 une
482 2906 582 2940 bulle
611 2906 796 2940 d’Urbain
822 2905 855 2938 V
883 2905 1027 2938 Rohert
1055 2901 1208 2937 Gervais
1236 2901 1330 2935 etait
1357 2902 1498 2944 eveque
1527 2900 1570 2932 de
1599 2898 1713 2937 Senez
1740 2909 1785 2930 en

87 2961 181 2995 1368
209 2960 355 3004 (Eubel,
380 2959 611 3000 Hicrarchia,
637 2965 663 2993 t.
686 2972 710 2999 1,
736 2971 771 3002 p.
797 2958 893 3001 445).

135 3014 168 3047 3.
199 3012 243 3047 Ν.
265 3012 391 3047 Valois
415 3012 483 3056 (La
500 3012 641 3046 France
659 3017 690 3045 et
709 3012 739 3045 le
763 3011 888 3045 Grand
906 3010 1077 3049 Schisma,
1099 3015 1125 3042 t.
1145 3020 1169 3048 1,
1191 3019 1226 3051 p.
1247 3006 1329 3050 375)
1353 3018 1463 3050 pense
1485 3017 1555 3049 que
1575 3005 1611 3037 la
1631 3004 1786 3048 ll1yrrha

87 3066 194 3100 electa
219 3066 279 3099 fut
305 3065 417 3100 ecrite
445 3071 549 3098 entre
577 3066 669 3099 1387
696 3071 735 3098 et
761 3065 865 3098 1389.

136 3120 169 3153 4.
198 3119 239 3153 B.
267 3119 326 3160 N.,
352 3130 419 3152 ms.
447 3118 559 3152 latins
584 3117 679 3151 1468
702 3123 740 3151 et
765 3116 870 3151 6485.
