2083 3458
300 224 384 265 218
949 235 1101 261 NOTAE
1136 234 1195 259 AD
1230 233 1357 258 VITAS
1881 215 2004 270 [722]

301 322 678 361 vicecancellarium
701 329 814 371 patet
835 320 960 358 etiam
981 333 1030 357 ex
1049 317 1184 356 verbis
1202 316 1401 355 Bernardi
1421 316 1633 363 Guidonis,
1655 316 1724 366 qui
1753 316 1872 354 docet
1891 315 2005 353 illum

302 382 423 420 fuisse
453 380 831 419 vicecancellarium
861 393 906 417 eo
936 387 1120 428 tempore
1152 391 1232 427 quo
1263 377 1396 414 factus
1426 384 1488 414 est
1527 375 1756 414 cardinalis.
1790 375 2004 413 Praeterea

300 449 541 491 sequentem
568 439 896 485 adnotationem,
925 451 1029 487 quae
1057 437 1098 474 id
1127 437 1260 483 docet,
1288 434 1512 485 reperimus
1539 435 1580 473 in
1609 435 1737 473 veteri
1766 434 1902 472 codice
1930 448 2004 472 ms.

302 500 574 538 bibliothecae
601 499 733 548 regiae
761 497 998 535 continente
1026 495 1160 534 varias
1190 494 1361 533 Joannis
1391 494 1520 532 XXII
1548 494 1741 545 epistolas
1770 494 2006 541 decretales,

300 560 341 597 in
360 559 496 597 codice
514 556 592 595 349
610 557 622 579 ¹
640 557 913 595 bibliothecae
932 555 1204 602 Colbertinae,
1223 562 1264 592 et
1292 554 1334 592 in
1351 554 1512 603 Regesto
1530 554 1795 592 cancellariae
1813 552 2007 603 apostoli-

303 632 371 656 cae
390 618 404 640 '2
425 617 651 667 composito
681 630 702 654 a
724 616 972 654 Theoderico
994 615 1041 653 de
1064 614 1182 652 Niem
1205 630 1212 651 :
1234 614 1354 651 Anno
1371 613 1544 650 Domino
1564 612 1721 651 MCCC
1739 621 1842 650 sexto
1863 612 2009 650 decimo

300 677 437 715 XVII
463 677 540 715 kal.
563 676 727 713 octobris
753 675 817 725 [15
845 673 1091 724 septembre]
1115 673 1306 722 Lugduni
1333 673 1610 710 scmctissimus
1632 680 1743 722 pater
1768 680 1802 709 et
1824 671 2010 710 dominus

305 736 507 774 Johannes
532 750 641 785 papa
665 734 816 781 XXII,
843 734 1100 784 pontificatus
1124 733 1190 770 sui
1216 746 1322 770 anno
1347 732 1490 782 primo,
1518 732 1725 769 reservavit
1749 746 1818 768 sue
1843 739 1876 768 et
1897 730 2010 769 Sedis

299 795 510 845 apostolice
536 794 734 832 collationi
761 793 895 830 omnia
925 792 1114 842 beneficia
1138 791 1399 829 ecclesiastica
1427 806 1497 841 que
1526 793 1688 840 suerunt
1713 799 1747 828 et
1772 804 2010 841 quocumque
2068 801 2069 806 ¹

304 854 462 892 nomine
480 861 722 900 censeantur,
744 852 977 902 ubicumque
995 866 1039 889 ea
1058 866 1193 889 vacare
1211 850 1416 900 contigerit
1441 865 1509 901 per
1526 850 1831 901 acceptationem
1848 849 2011 887 alterius

305 913 483 963 beneficii
509 921 682 962 pretextu
710 911 832 961 gratie
857 912 907 949 ab
933 912 1063 949 eodem
1092 910 1250 948 domino
1276 925 1386 960 papa
1409 910 1508 959 facte
1542 911 1600 948 vel
1623 910 1801 959 faciende
1821 908 2010 959 acceptati

303 972 475 1022 mihique
507 972 727 1018 Gaucelmo,
754 970 1068 1009 vicecancellario
1093 983 1178 1018 suc,
1205 969 1377 1034 precepit
1403 969 1446 1007 in
1470 969 1669 1020 presentia
1694 968 1876 1018 magistri
1901 968 2010 1006 Petri

302 1031 427 1069 Fabri
448 1032 548 1081 quod
566 1031 631 1068 hec
649 1031 701 1068 ad
720 1045 864 1067 memor
868 1030 949 1067 iam
967 1029 1181 1079 redigerem
1202 1029 1244 1066 in
1262 1037 1435 1079 scriptur
1437 1044 1514 1068 am

355 1091 475 1128 Anno
506 1090 786 1137 MCCCXVII,
817 1089 963 1127 missus
993 1088 1085 1128 est3
1113 1089 1155 1127 in
1184 1088 1375 1138 Angliam
1413 1102 1495 1126 una
1534 1103 1628 1126 cum
1659 1075 1769 1126 Luca
1799 1087 1848 1125 de
1879 1087 2010 1125 Flisco

300 1150 507 1188 cardinale
523 1157 570 1186 ut
585 1163 727 1199 pacem
747 1156 989 1187 revocarent
1009 1149 1117 1186 inter
1130 1163 1243 1198 reges
1263 1148 1368 1186 illius
1390 1148 1566 1194 insulae,
1588 1147 1920 1197 Walsinohamus
1935 1147 2011 1184 hoc

299 1223 422 1257 anno,
447 1209 625 1246 Annales
640 1208 861 1245 Hiberniae
882 1208 936 1258 [t.
960 1223 986 1252 I.
1010 1223 1049 1258 p.
1074 1207 1163 1257 150]
1189 1207 1327 1246 editia
1351 1208 1572 1254 Camdeno,
1597 1207 1834 1244 Matthaeus
1860 1207 2011 1244 Parker

300 1269 342 1305 in
366 1268 470 1306 libro
484 1268 542 1305 Dc
556 1268 790 1318 antiquitate
804 1267 1001 1306 Ecclesiae
1019 1267 1277 1314 britannicae,
1294 1267 1417 1305 Odor.
1436 1267 1661 1316 Raynald.,¹
1679 1280 1742 1304 an.
1769 1265 1882 1313 1317,
1905 1266 1922 1314 ἓ
1947 1265 2010 1313 42,

304 1328 418 1375 1318,
445 1328 461 1376 ξ
480 1327 542 1375 27,
563 1335 604 1365 et
621 1327 663 1364 in
681 1327 880 1365 addendis
900 1341 965 1365 an.
987 1327 1102 1374 1317,
1129 1327 1145 1375 ξ,
1164 1327 1227 1374 28,
1247 1326 1309 1365 48.
1332 1326 1571 1364 Franciscus
1599 1326 1829 1364 Joannetus
1848 1325 1889 1362 in
1907 1325 2010 1362 libro

302 1387 545 1436 Pontificum
568 1401 833 1433 romanorum,
858 1401 896 1437 p.
922 1386 1011 1434 288,
1035 1386 1160 1424 refert
1184 1386 1401 1436 epistolam
1426 1385 1597 1425 Joannis
1623 1385 1752 1422 XXII
1777 1385 1829 1422 ad
1854 1384 2011 1422 Eduar-

301 1446 401 1483 dum
426 1459 562 1496 regem
579 1446 762 1495 Angliae,
781 1461 831 1484 ex
848 1460 929 1496 qua
946 1454 1062 1496 patet
1081 1453 1294 1495 magnates
1313 1453 1353 1484 et
1369 1445 1569 1496 populum
1588 1444 1810 1483 Hiberniae
1828 1444 2011 1494 querelas

301 1519 396 1543 suas
415 1505 612 1544 adversus
631 1506 821 1543 eumdem
838 1519 975 1555 regem
993 1505 1186 1543 detulisse
1205 1505 1257 1543 ad
1277 1505 1560 1552 Gaucelmum,
1581 1504 1650 1554 qui
1667 1503 1748 1542 illic
1767 1504 1872 1542 male
1891 1517 2011 1541 voca-

303 1573 371 1602 tur
388 1565 618 1612 Anselmus,
632 1572 673 1602 et
685 1565 736 1602 ad
750 1566 904 1602 Lucam
923 1564 971 1602 de
992 1565 1135 1612 Flisco,
1160 1564 1400 1612 cardinales,
1413 1563 1668 1615 ‘apostolicae
1700 1563 1811 1601 Sedis
1830 1562 2010 1600 nuntios.

327 1655 330 1658 .
357 1625 477 1661 Anno
497 1624 746 1662 MCCCXIX
766 1624 949 1662 mittitur
968 1624 1010 1662 in
1031 1624 1207 1662 Galliam
1226 1624 1241 1646 4
1260 1625 1311 1662 ad
1334 1624 1638 1674 componendas
1667 1638 1728 1661 res
1761 1622 2010 1670 Flandricas,

304 1691 350 1720 ut
375 1683 522 1733 legitur
548 1697 670 1733 supra
700 1684 744 1733 [t.
777 1698 802 1730 1,
835 1698 873 1733 p.
903 1682 1008 1733 125]
1384 1676 1385 1679 Ἴ

356 1743 473 1782 Anno
494 1743 781 1789 MCCCXXII,
801 1743 841 1780 in
862 1743 1122 1781 celeberrima
1141 1742 1209 1780 illa
1229 1742 1508 1781 controversia
1528 1742 1576 1780 de
1595 1749 1842 1792 paupertate
1863 1739 2012 1779 Christi

301 1809 344 1839 et
365 1802 672 1851 Apostolorum,
695 1816 788 1839 cum
811 1802 991 1840 Joannes
1013 1816 1121 1853 papa
1144 1802 1397 1852 singulorum
1429 1801 1699 1840 cardinalium
1730 1800 1980 1839 sententiam
1997 1798 2012 1821 5

300 1861 576 1910 exquisiisset‚
611 1862 856 1899 Gaucelmus
891 1876 1007 1900 suam
1052 1862 1256 1912 prompsit
1297 1862 1468 1912 ejusque
1501 1861 1657 1899 mentio
1690 1860 1867 1898 habetur
1900 1859 2011 1910 apud

301 1920 525 1958 Odoricum
547 1921 827 1969 Raynaldum,
849 1935 914 1959 an.
939 1920 1053 1968 1322,
1082 1921 1098 1969 ξ
1120 1921 1181 1959 65.

359 1979 479 2017 Anno
501 1980 800 2027 MCCCXXVI,
834 1980 1044 2030 delegatus
1068 1988 1129 2018 est
1147 1980 1162 2002 ⁶
1183 1972 1265 2018 una
1286 1994 1381 2022 ,cum
1405 1979 1679 2018 cardinalibus
1710 1978 1940 2017 Bertrando
1964 1978 2012 2015 de

306 2038 634 2077 Montel'aventio
670 2047 711 2077 et
745 2039 927 2077 Arnaldo
954 2040 1002 2078 de
1040 2039 1115 2077 Via
1135 2039 1149 2062 ⁷
1173 2048 1220 2077 ut
1254 2039 1510 2078 examinaret
1540 2038 1845 2076 accusationem
1879 2037 2011 2075 inten-

304 2105 440 2135 tatam
476 2098 671 2136 adversus
704 2099 905 2148 quosdam
936 2099 1125 2146 Minores,
1157 2098 1227 2148 qui
1256 2114 1341 2137 rem
1373 2098 1613 2148 quampiam
1646 2098 1766 2135 valde
1796 2097 2011 2135 ridiculam

306 2157 409 2194 Serio
437 2165 604 2206 egerant
632 2158 742 2207 apud
772 2158 1037 2195 Exoldunum
1065 2158 1106 2195 in
1135 2158 1308 2196 dioecesi
1334 2157 1597 2208 Biturigensi,
1639 2157 1762 2195 Odor.
1792 2156 2017 2205 Raynald.,.

307 2230 374 2253 an.
406 2216 520 2264 1326,
558 2216 659 2264 §22

353 2365 384 2395 1.
406 2363 446 2396 Β.
469 2363 527 2403 Ν.,
548 2375 615 2397 ms.
636 2364 732 2397 latin
752 2364 856 2398 3204.

355 2418 384 2449 ⁴2.
407 2416 474 2449 Ed.
497 2415 610 2457 Erler,
626 2417 701 2450 Der
717 2417 807 2451 liber
823 2418 1071 2458 cancellariae,
1091 2429 1125 2461 p.
1146 2418 1226 2451 167.

353 2471 385 2502 3.
416 2469 468 2501 La
486 2470 665 2513 premiere
686 2470 855 2503 mention
875 2471 919 2503 de
938 2482 978 2504 sa
996 2471 1162 2514 legation
1181 2472 1268 2504 date
1288 2471 1338 2503 du
1361 2471 1404 2504 15
1425 2482 1523 2504 mars
1552 2473 1644 2506 1317
1668 2471 1824 2515 (Mollat,
1845 2483 1879 2504 n.
1901 2471 2008 2514 3133)

303 2528 342 2554 ct
358 2534 424 2554 son
441 2522 700 2556 saus-conduit
717 2524 766 2556 du
784 2524 828 2556 24
845 2524 937 2556 avril
959 2524 1115 2567 (Mollat,
1134 2536 1168 2557 n.
1188 2525 1308 2567 5222).
1328 2523 1392 2557 Ses
1408 2524 1537 2558 lettres
1555 2526 1599 2558 de
1617 2525 1794 2569 pouvoirs
1817 2516 1868 2557 sui
1885 2524 2012 2557 {urent

308 2575 485 2608 delivrecs
505 2576 535 2607 le
560 2577 604 2609 ’16
628 2588 726 2609 mars
747 2577 902 2619 (Mollat,
927 2589 962 2610 n.
989 2577 1223 2620 5148-5184)‚
1243 2577 1274 2610 le
1300 2578 1343 2610 24
1367 2577 1460 2610 avril
1488 2577 1643 2620 (Mollat,
1668 2590 1703 2611 n.
1730 2577 1948 2621 5208-5223)
1975 2583 2013 2610 et

307 2628 337 2659 le
361 2628 413 2659 1er
436 2628 509 2661 mai
537 2629 691 2671 (Mollat,
716 2642 750 2662 n.
776 2630 1009 2673 5233-5235).
1035 2630 1216 2663 Gaucelm
1237 2637 1274 2670 et
1296 2631 1398 2663 Luca
1422 2630 1564 2664 Fieschi
1587 2631 1730 2665 etaient
1753 2631 1796 2664 de
1818 2637 1946 2664 retour
1967 2643 2012 2664 en

306 2681 479 2723 Avignon
499 2682 530 2714 lc
551 2683 570 2715 5
590 2683 793 2716 novembre
814 2683 907 2717 1318
928 2696 934 2716 z
953 2684 1162 2723 Dominica,
1187 2683 1218 2715 V
1246 2684 1303 2717 die
1330 2684 1525 2718 decembris
1552 2686 1644 2718 anni
1673 2683 2012 2729 [MJCCCXVIJL

307 2735 445 2766 domini
476 2734 691 2769 Gaucelmus
714 2741 745 2768 ct
767 2736 886 2769 Lucas
909 2738 1094 2770 redeuntes
1118 2738 1158 2770 de
1180 2737 1323 2779 Anglia
1348 2738 1571 2771 intraverunt
1593 2738 1816 2771 Avinionem
1844 2737 2011 2780 (Coulon,

311 2792 333 2818 ι
362 2799 384 2821 1
412 2787 477 2819 col.
505 2788 600 2831 334).
629 2788 699 2821 Sur
723 2795 820 2821 cette
847 2789 1000 2822 mission
1024 2789 1188 2833 anglaise
1214 2789 1295 2823 voir
1315 2790 1456 2823 Coulon
1478 2790 1524 2833 (n.
1552 2791 1649 2835 504),
1677 2791 1809 2824 Mollat
1832 2791 1878 2833 (n.
1902 2791 2012 2824 5320-

310 2822 410 2881 5327)
438 2846 473 2872 ct
499 2840 650 2883 Rymcr,
675 2842 844 2878 Foedera,
868 2843 1019 2886 passim.

356 2892 698 2937 ‘1.Voi1*supra‚p.
736 2897 812 2928 191.

358 2946 385 2976 Γ).
412 2945 483 2977 Son
507 2948 682 2989 opuscule
705 2959 725 2980 a
747 2949 805 2981 ete
827 2948 953 2991 publie
975 2960 1043 2992 par
1066 2949 1103 2982 F.
1127 2948 1260 2989 Tocco,
1283 2949 1339 2982 La
1359 2949 1549 2992 Quislione
1581 2950 1673 2983 della
1704 2949 1868 2990 Pon-erm,
1891 2962 1926 2993 p.
1950 2950 2012 2983 88—

312 2997 386 3029 101.
402 3016 448 3019 ἡ
460 2998 506 3030 M.
526 3000 549 3027 (
544 3000 666 3032 oulon
687 3001 856 3044 (11.1695)
877 3013 897 3033 a
914 3002 1036 3035 donne
1051 3002 1083 3034 le
1100 3008 1206 3035 texte
1224 3002 1267 3035 de
1283 3014 1350 3034 son
1367 3002 1544 3036 nlemoire
1560 3015 1623 3036 sur
1637 3003 1672 3036 la
1689 3002 1855 3036 croisade
1876 3002 2009 3046 (1323).

358 3051 656 3085 (lillltl
665 3055 917 3093 ‚.t.v‚11626.

359 3103 388 3134 7.
419 3104 548 3135 malua
572 3117 590 3136 a
616 3106 683 3138 mis
708 3118 774 3149 par
795 3118 920 3140 erreur
941 3107 1136 3150 Pelagrua.
