2083 3458
127 263 251 321 [911]
652 281 868 307 PAPARUM
902 279 1287 307 AVENIONENSIUM
1732 265 1815 307 425

174 362 217 399 In
242 361 344 399 libro
370 361 539 399 Arnald1
565 362 784 400 Canierarii
808 362 887 400 ista
912 362 1148 400 scribuntur
1166 362 1181 385 1
1207 377 1215 400 :
1246 361 1394 400 Littera
1426 362 1579 400 domini
1603 361 1816 400 Clementis

115 434 218 470 pape
248 420 309 457 VI
332 420 535 458 declarans
560 421 662 470 quod
684 429 841 470 propter
865 421 1179 459 commissionem
1202 421 1348 470 factam
1371 421 1555 471 episcopo
1579 421 1815 459 Carnotensi

113 493 234 528 super
257 478 417 528 justitia
438 479 656 517 exhibenda
676 479 968 529 querelantibus
990 481 1034 518 de
1056 479 1292 529 officialibus
1320 494 1468 518 camere
1495 480 1706 530 apostolice
1736 493 1814 517 non

113 545 168 575 est
184 537 416 575 intentionis
430 552 500 575 sue
515 538 617 588 quod
630 546 832 588 propterea
850 538 1002 576 domini
1017 538 1308 577 camerarius·et
1322 538 1593 577 thesaurarius
1605 539 1813 588 apostolici

114 605 260 634 cessent
282 611 359 634 sua
382 596 510 646 officia
533 596 669 646 exequi
693 596 795 634 siout
820 597 946 646 prius.
973 598 1123 635 Datum
1147 597 1358 645 Avinioni,
1385 597 1494 635 XVI
1517 598 1597 636 kal.
1623 597 1813 646 februar„

114 655 370 705 pontificatus
388 655 453 693 sui
471 670 578 693 anno
595 656 763 693 secundo
786 655 851 705 [17
869 656 1030 705 janvier
1062 656 1160 694 1344
1173 656 1200 707 ].

167 714 286 752 Anno
323 714 608 752 MCCCXLIII
645 715 796 752 electus
833 723 894 752 est
929 715 1082 753 arbiter
1125 715 1232 753 inter
1268 715 1531 754 Guillelmum
1578 715 1810 763 Bertrandi‚
1863 710 1869 717 ’

114 773 327 810 dominum
345 773 467 811 castri
486 773 625 811 Sancti
645 773 834 820 Romani,
851 773 892 810 in
908 773 1080 811 dioecesi
1094 774 1234 812 Sancti
1251 774 1372 822 Flori‚
1385 782 1426 813 et
1440 775 1644 813 Joannem
1659 774 1812 824 episco-

113 846 212 882 pum
236 832 493 870 Aniciensem
515 847 635 882 super
656 832 907 882 proprietate
931 833 1050 871 villae
1074 833 1121 871 de
1146 833 1308 883 Capella
1330 833 1371 870 in
1394 833 1568 871 dioecesi
1592 833 1811 881 Aniciensi‚

113 899 161 929 ut
176 899 295 941 patet
310 905 360 929 ex
376 891 488 929 Actis
503 891 623 929 editis
639 891 746 929 inter
762 891 1022 929 Probationes
1037 891 1223 929 historiae
1244 892 1431 930 comitum
1452 892 1812 939 Valenhnensium,

112 964 151 1000 p.
174 949 234 988 20.

166 1009 285 1046 Anno
305 1009 558 1047 MCCCXLV
576 1008 591 1032 2
597 1009 769 1057 ‚missus
789 1017 851 1047 est
868 1009 909 1046 in
929 1009 1102 1047 Galliam
1124 1024 1217 1047 cuni
1237 1010 1404 1047 Pastore
1425 1010 1473 1048 de
1493 1009 1811 1057 Semescuderio,

114 1068 421 1118 archiepiscopo
441 1040 738 1115 Ebrefflinensi,
757 1076 804 1105 ut
821 1069 1004 1106 revocari
1022 1076 1262 1118 procuraret
1276 1068 1618 1107 constitutionem
1632 1041 1812 1133 Philippi

112 1127 226 1176 regis
247 1127 378 1165 latam
410 1127 605 1165 adversus
639 1127 844 1177 praelatos
877 1141 923 1165 ac
956 1142 1148 1177 personas
1182 1127 1476 1166 ecclesiasticas
1510 1142 1614 1177 quae
1647 1135 1738 1166 tum
1769 1127 1812 1165 in

111 1200 236 1235 regno
256 1200 337 1224 non
357 1194 475 1224 erant
494 1194 743 1236 praesentes.
767 1186 854 1234 Qua
876 1186 923 1223 de
944 1201 984 1224 re
1005 1186 1189 1236 pluribus
1211 1194 1352 1224 actum
1372 1194 1433 1224 est
1452 1201 1589 1237 supra,
1614 1201 1652 1236 p.
1676 1186 1750 1224 785
1771 1195 1812 1225 et

110 1244 200 1283 893.

167 1304 285 1341 Anno
316 1304 600 1342 MCCCXLIX
631 1304 765 1342 factus
793 1312 855 1343 est
877 1304 1112 1354 patriarcha
1140 1304 1560 1354 Hierosolymitanus3
1585 1304 1811 1354 eodemque

111 1370 296 1413 tempore
328 1363 617 1402 commendata
648 1363 683 1401 ei
725 1371 787 1401 est
819 1363 997 1401 Ecclesia
1028 1363 1329 1412 Forojuliensis.
1354 1363 1548 1401 Testatur
1577 1372 1719 1401 autem
1751 1363 1813 1401 vir

113 1422 359 1460 clarissimus
382 1423 586 1472 Josephus
609 1422 838 1460 Antelmius
859 1422 901 1459 in
921 1422 1024 1460 libro
1042 1422 1102 1459 De
1123 1421 1254 1460 initiis
1281 1421 1478 1460 Ecclesiae
1504 1422 1811 1471 Forojuliensis,

112 1495 151 1531 p.
176 1480 264 1529 164,
284 1481 400 1518 illum
416 1481 641 1520 Ecclesiam
663 1481 986 1531 Forojuliensem
1009 1481 1161 1519 sanctis
1192 1481 1521 1519 ordinationibus
1551 1490 1592 1520 et
1612 1480 1811 1519 laudabili

112 1540 395 1578 munificentia
426 1540 675 1579 nobilitasse.

168 1599 273 1637 Huic
303 1599 519 1638 Guillelmo
548 1599 806 1650 patriarchae
838 1599 1215 1649 Hierosolymitano
1244 1608 1285 1638 et
1313 1600 1400 1637 aliis
1431 1599 1680 1649 quibusdam
1709 1599 1811 1649 epis-

113 1658 223 1708 copis
248 1659 432 1696 Clemens
457 1659 513 1696 VI
537 1658 700 1708 scripsit
722 1672 830 1696 anno
856 1658 1050 1697 MCCCLI
1073 1659 1112 1696 in
1139 1672 1261 1696 causa
1287 1658 1382 1697 fidei
1400 1659 1685 1697 Armenorum.
1711 1658 1810 1708 Ejus

112 1717 285 1767 epistola
306 1726 424 1755 extat
443 1717 554 1768 apud
575 1717 866 1767 Waddingum,
887 1731 952 1756 an.
977 1717 1090 1765 1351,
1118 1718 1134 1766 ξ
1154 1718 1177 1756 3
1198 1717 1244 1767 [t.
1267 1732 1349 1765 vm,
1370 1733 1409 1768 p.
1432 1717 1480 1754 52
1494 1717 1519 1768 ].

167 1776 318 1814 Errant
340 1777 525 1827 profecto
549 1776 618 1826 qui
641 1777 826 1815 scribunt
847 1776 963 1814 illum
987 1777 1108 1815 fuisse
1131 1777 1485 1827 archiepiscopum
1509 1776 1755 1826 Aquensem.

167 1835 280 1873 Obiit
320 1835 430 1886 apud
474 1836 924 1886 Montempessulanum
965 1849 1073 1873 anno
1114 1836 1328 1874 millesimo
1370 1836 1555 1883 CCCLX,
1598 1835 1661 1874 die
1702 1849 1810 1873 nona

52 1894 56 1899 ⁵
114 1894 261 1932 mensis
286 1895 404 1944 junii.
433 1895 618 1933 Cadaver
643 1909 740 1933 vero
766 1895 853 1944 ejus
880 1895 1064 1933 delatum
1090 1895 1142 1932 ad
1170 1895 1421 1942 Lemovices,
1447 1895 1656 1944 sepultum
1682 1902 1745 1932 est
1769 1894 1808 1932 in

113 1953 339 1992 cathedrali
362 1954 529 1992 ecclesia
553 1953 834 1992 Lemovicensi
856 1954 894 1991 in
919 1954 1066 1992 sacello
1088 1954 1221 1992 sancti
1243 1954 1439 2001 Thomae,
1459 1953 1569 2003 quod
1593 1961 1811 2003 propterea

113 2020 266 2050 vocant
291 2013 485 2051 sacellum
511 2013 783 2063 patriarchae.
816 2013 876 2050 Ibi
903 2013 1050 2050 visitur
1076 2021 1217 2051 statua
1242 2013 1405 2063 lapidea
1432 2013 1612 2063 episcopi
1639 2013 1810 2062 genibus

117 2071 230 2109 flexis
254 2086 346 2109 cum
368 2072 444 2110 hac
465 2072 730 2122 inscriptione
754 2088 761 2110 :

766 2161 1129 2199 GUILLERMUS

882 2219 1039 2258 AMICI

782 2278 983 2316 PATRIA
993 2278 1058 2316 Rs
1067 2279 1141 2316 HA

802 2338 824 2375 J
832 2337 1111 2375 HEROSOLI

893 2396 1028 2433 ΜΙΤΑ

928 2455 1003 2493 NU

940 2514 977 2552 S.

114 2603 223 2640 Pone
251 2610 436 2640 statuam
464 2603 598 2653 posita
627 2595 696 2641 est*
718 2602 861 2640 tabula
887 2616 1003 2641 aerea
1031 2617 1124 2641 cum
1144 2603 1220 2641 hac
1241 2601 1506 2652 inscriptione
1528 2617 1536 2638 ε
1566 2600 1806 2638 Guillermus

113 2661 261 2708 Amici,
283 2675 329 2699 ex
351 2661 443 2699 urbe
468 2661 734 2699 Lemovicensi
762 2661 969 2709 oriundus,
1001 2661 1227 2711 patriarcha
1256 2660 1604 2698 Jerosolimitanus
1628 2667 1662 2697 et
1686 2659 1806 2696 Foro·

109 2719 297 2770 juliensis
322 2721 518 2770 quondam
541 2721 764 2770 episcopus,
790 2720 850 2757 vir
873 2720 1014 2769 pietate
1040 2720 1215 2769 insignis
1238 2728 1272 2758 et
1298 2718 1504 2757 miraculis
1529 2719 1671 2765 clarus,
1697 2717 1808 2767 apud

113 2779 553 2828 Montempessulanum
570 2794 616 2817 ex
633 2779 704 2817 hac
722 2779 801 2816 vita
819 2780 1002 2816 excedens
1021 2778 1207 2828 migravit
1226 2778 1269 2815 in
1286 2778 1438 2816 eaelum
1456 2777 1518 2815 die
1537 2791 1642 2814 nona
1660 2781 1806 2814 mensis

110 2837 220 2887 junii
253 2852 359 2875 anno
393 2838 601 2875 millesimo
628 2837 890 2875 trecentesimo
913 2838 1185 2886 sexagesimo:
1214 2836 1329 2886 cujus
1357 2850 1497 2886 corpus
1521 2850 1679 2873 sacrum
1717 2849 1806 2872 cum

112 2896 290 2946 primum
311 2896 354 2933 in
371 2897 512 2947 templo
530 2896 697 2934 Sanctae
716 2896 877 2934 issariae
896 2897 939 2933 de
960 2895 1138 2933 Carmelo
1161 2895 1391 2944 honorificis
1413 2894 1586 2944 exequiis
1607 2893 1804 2932 ecclesias-

113 2955 210 2992 ticae
234 2955 459 3005 sepulturae
476 2955 708 2994 mandatum
724 2963 832 3002 esset,
850 2963 936 3004 post
953 2955 1113 3005 aliquod
1132 2963 1285 3004 tempus
1305 2954 1420 3003 juoeta
1441 2967 1536 2991 suae
1558 2953 1650 3002 piae
1670 2953 1805 2990 volun·

161 3085 195 3117 1.
218 3085 257 3117 B.
283 3084 339 3124 N.‚
362 3097 429 3118 ms.
451 3084 546 3118 latin
567 3085 675 3126 5181,
697 3086 759 3120 fol.
782 3086 850 3119 223
871 3090 914 3125 r⁰‚
937 3091 975 3118 et
997 3085 1151 3128 Deprez‚
1174 3096 1209 3118 n.
1231 3085 1312 3117 619.

160 3140 179 3170 2
217 3138 320 3171 Lisez
344 3150 350 3170 :
376 3138 480 3171 1347.
