2083 3458
278 206 358 248 598
925 220 1077 245 NOTAE
1113 220 1172 244 AD
1207 219 1335 244 V1TAs
1829 203 1982 259 [1076]

277 306 409 356 primo
442 305 551 342 facta
585 305 731 342 suerat.
768 305 898 341 Extat
930 304 1038 341 enim
1068 303 1110 341 in
1141 303 1279 342 codice
1306 303 1540 342 Harlaeano
1570 304 1784 355 publicum
1802 318 1847 343 ea
1875 305 1924 343 de
1945 319 1987 343 re

278 365 617 411 instrumentum,
641 364 751 413 quod
774 378 846 401 nos
869 363 975 401 infra
998 377 1071 401 suo
1093 363 1182 401 1000
1205 362 1343 400 daturi
1365 377 1505 401 sumus
1528 362 1555 402 ¹.

334 424 388 461 Et
409 432 551 462 tamen
572 423 732 461 inventi
754 431 852 460 sunt
873 431 1018 472 postea
1042 422 1117 459 viri
1141 422 1317 460 audaces
1342 422 1411 472 qui
1433 422 1596 473 publice
1618 422 1802 461 dicerent
1824 436 1871 461 30
1893 423 1986 462 scri-

280 483 423 521 berent
461 482 711 520 cardinalem
749 482 1087 528 Clandatensem,
1127 482 1222 531 quia
1259 482 1568 521 Bartholomaei
1603 482 1793 521 Barensis
1832 482 1987 521 amicus

280 550 381 589 erat,
408 542 607 591 cogitasse
629 541 678 590 de
701 541 769 579 illo
794 541 980 591 eligendo
1005 541 1131 579 etiam
1145 549 1243 579 ante
1268 555 1394 591 quam
1416 541 1459 578 in
1483 542 1677 580 0011013νο
1691 542 1989 591 ingrederetur,

278 602 403 651 idque
422 601 558 651 ipsum
579 600 710 638 eidem
729 601 1050 638 Bartholomaeo
1071 600 1221 638 dixisse
1241 608 1338 638 ante
1358 600 1586 650 ingressum
1607 601 1825 640 conclavis.
1848 601 1988 639 Testa-

280 670 348 698 tur
375 660 487 698 istud
518 660 664 697 beatus
696 660 936 698 Vincentius
969 660 1176 698 Ferrarius
1206 660 1248 697 in
1276 668 1463 698 tractatu
1490 661 1549 697 De
1579 661 1761 698 moderno
1790 660 1992 698 Ecclesiae

278 720 499 767 schismate,
526 728 632 769 part.
666 720 718 766 Il,
747 733 834 769 cap.
862 734 903 766 11,
930 719 1000 757 ubi
1025 719 1192 757 interim
1219 719 1413 758 observat
1437 720 1550 757 istud
1576 734 1661 758 esse
1697 720 1924 759 confictum
1950 728 1991 758 et

280 779 542 817 mendacium
560 779 840 816 manifestum.
865 779 976 817 Haec
994 787 1084 816 suni
1113 778 1199 827 ejus
1221 779 1347 816 verba
1367 779 1381 801 2
1402 795 1409 816 ;
1429 779 1567 817 Primo
1585 779 1692 817 enim
1710 779 1847 817 dicunt
1863 779 1991 830 aliqui

281 840 382 889 quod
414 847 503 876 ante
537 838 754 888 predictam
789 838 1089 888 impressionem
1124 838 1396 876 Romanorum
1430 839 1506 876 duo
1541 839 1598 877 vel
1630 847 1705 876 tres
1739 840 1783 876 de
1817 839 1992 877 dominis

280 898 556 936 cardinalibus
585 898 841 947 predixerunt
867 897 1072 948 aliquibus
1095 899 1197 947 quod
1221 897 1368 935 [lictum
1385 898 1706 936 Bartlzolomeum
1733 898 1920 947 eligerent
1941 899 1994 936 ad

281 965 489 1008 papatum,
522 972 625 1007 ymo,
661 965 701 994 ut
734 957 883 1003 dicunt,
919 958 1021 1007 quod
1051 958 1169 994 semel
1200 965 1289 994 ante
1324 957 1436 995 illam
1470 958 1771 1007 impressionem
1804 958 1992 995 dominus

289 1016 569 1055 Glandatensis
601 1016 702 1054 dz'axit
733 1016 832 1054 dicto
864 1016 1136 1054 Bartholomeo
1165 1031 1177 1054 .·
1210 1016 1298 1054 Etsi
1331 1018 1441 1054 modo
1472 1017 1565 1054 estis
1596 1017 1727 1054 minor
1757 1031 1827 1065 me,
1861 1025 1993 1055 tamen

283 1076 355 1114 cito
388 1076 498 1113 eritis
532 1090 639 1113 meus
673 1075 859 1113 (lominus
891 1084 924 1113 et
958 1076 1156 1125 magister.
1191 1076 1242 1113 Et
1273 1076 1331 1113 sic
1363 1076 1557 1117 videretur
1589 1077 1691 1127 quod
1721 1076 1805 1125 jam
1838 1076 1991 1114 domini

282 1136 504 1173 cardinales
535 1136 814 1173 deliberassent
845 1135 979 1185 ipsum
1009 1135 1149 1184 eligere
1178 1136 1231 1173 ad
1258 1144 1455 1185 papatum
1484 1144 1518 1173 et
1545 1150 1615 1186 per
1644 1150 1882 1186 consequens
1914 1151 1993 1174 non

280 1195 442 1244 fuerunt
470 1195 522 1232 ad
550 1195 618 1232 ho'c
649 1195 801 1232 inducti
831 1209 900 1244 per
930 1203 1086 1241 metum,
1117 1195 1185 1232 sed
1213 1195 1279 1233 liec
1308 1195 1444 1233 omnia
1472 1203 1566 1233 sunt
1596 1195 1687 1245 ficta
1724 1203 1758 1234 et
1786 1195 1995 1234 mendacia

284 1254 507 1303 manifesta.
534 1254 665 1291 Extat
687 1255 763 1292 hoc
787 1254 899 1292 beati
923 1254 1130 1292 Vincentii
1154 1268 1255 1304 opus
1278 1254 1321 1292 in
1343 1254 1482 1293 codice
1504 1254 1583 1293 815
1604 1255 1881 1293 bibliothecae
1904 1255 1992 1294 Col-

283 1313 482 1352 bertinae.
506 1313 569 1351 Ad
590 1327 715 1363 quam
735 1313 952 1353 historiam
971 1313 1184 1352 referenda
1205 1322 1303 1352 sunt
1322 1315 1423 1353 haec
1442 1314 1569 1353 verba
1589 1329 1640 1352 ex
1661 1314 1846 1353 oratione
1868 1315 1993 1353 Fran—

285 1373 379 1411 cisci
403 1373 451 1410 de
477 1372 648 1420 Urbino,
673 1373 854 1423 episcopi
879 1373 1113 1420 Faventini,
1138 1373 1190 1410 ad
1213 1387 1350 1423 regem
1374 1374 1575 1412 Castellae
1599 1374 1805 1414 Joannem
1827 1374 1870 1412 111
1893 1375 1992 1413 0010-

285 1432 461 1470 berrimo
492 1432 561 1476 illo
596 1440 804 1470 conventu
833 1432 1059 1471 Medinensi
1095 1448 1101 1469 :
1136 1433 1207 1470 ubi
1228 1433 1399 1482 loquens
1434 1433 1483 1471 de
1516 1433 1687 1471 discidio
1721 1433 1994 1472 cardinalium

283 1491 391 1529 inter
420 1506 461 1529 se
491 1499 588 1529 ante
617 1486 847 1541 ingressum
877 1492 1097 1539 conclavis,
1129 1492 1228 1529 dum
1259 1492 1326 1530 3111
1356 1493 1511 1531 vellent
1541 1493 1685 1543 eligere
1716 1493 1993 1541 Lemovicem,

285 1551 352 1588 alii
378 1550 722 1598 contradicerent,
750 1565 844 1589 cum
870 1551 1041 1589 dixisset
1068 1551 1305 1590 Lemovices
1333 1552 1560 1591 decrevisse
1585 1561 1685 1591 vota
1712 1567 1785 1591 sua
1811 1553 1996 1591 conferre

285 1610 327 1647 in
358 1610 724 1648 Bartholomaeum
757 1611 1112 1660 archiepiscopum
1142 1611 1379 1659 Barensem,
1412 1611 1537 1661 idque
1568 1611 1723 1661 liquere
1755 1626 1801 1650 ea:
1831 1612 1996 1663 publica
2030 1648 2031 1651 ,

283 1671 395 1719 fama.
417 1684 522 1706 nunc
542 1678 575 1706 et
598 1678 690 1707 tunc
722 1670 761 1706 in
785 1670 967 1707 Romana
994 1670 1106 1707 curia
1127 1670 1297 1719 vigente,=
1320 1671 1439 1709 addit
1462 1687 1468 1708 ;
1495 1672 1593 1709 Item
1612 1680 1717 1722 patet
1743 1686 1812 1722 per
1840 1672 1994 1710 literam

288 1728 440 1765 domini
486 1728 765 1766 Glandatensis
803 1729 993 1779 scriptam
1030 1743 1098 1779 per
1136 1738 1209 1766 tres
1247 1730 1330 1768 dies
1376 1739 1466 1768 ante
1513 1730 1738 1780 ingressum
1783 1731 1994 1778 conclavis,

288 1787 403 1837 cujus
434 1788 590 1837 copiam
620 1787 759 1825 habere
789 1789 896 1825 debet
925 1796 1035 1838 pater
1066 1803 1174 1826 meus
1205 1791 1436 1827 reverendus
1467 1790 1654 1828 dominus
1684 1790 1823 1840 infans
1852 1791 1996 1829 Petrus

289 1847 332 1884 de
368 1847 588 1895 Aragonia.
627 1847 689 1884 Ad
726 1848 831 1886 hanc
866 1847 1029 1885 literam
1064 1848 1263 1898 respicere
1299 1848 1465 1887 videtur
1500 1849 1676 1888 Alvarus
1714 1850 1994 1898 Gundissalvi,

289 1906 508 1944 canonicus
536 1906 823 1953 Cordubensis,
850 1907 892 1944 in
918 1907 1174 1956 depositione
1201 1922 1288 1955 sua,
1324 1908 1394 1946 ubi
1429 1909 1485 1947 sic
1510 1909 1659 1959 legitur
1678 1908 1694 1932 3
1722 1925 1728 1947 :
1753 1909 1871 1948 Dixit
1895 1910 1999 1961 quod

289 1964 443 2003 audivit
474 1965 536 2002 die
567 1965 718 2002 veneris
750 1974 837 2015 post
866 1966 1013 2014 factam
1043 1966 1267 2004 electionem
1297 1968 1348 2005 ab
1378 1968 1584 2018 aliquibus
1621 1968 1800 2017 Gallicis,
1834 1970 1878 2007 de
1910 1968 1995 2020 qui-

292 2024 362 2061 bus
395 2039 473 2061 non
505 2025 740 2071 recordatur,
774 2026 875 2075 quod
905 2033 1116 2075 antequam
1147 2026 1370 2064 cardinales
1403 2027 1616 2066 intrassent
1646 2028 1837 2076 conclave,
1869 2028 1995 2066 cardi-

291 2083 395 2120 nalis
458 2083 736 2121 Glandatensis
788 2084 945 2122 miserat
996 2099 1118 2122 unam
1168 2086 1345 2123 cedulam
1385 2086 1680 2137 archiepiscopo
1724 2087 1908 2137 Barensi,
1953 2087 1997 2125 in

290 2157 366 2192 qua
381 2142 654 2180 continebatur
670 2144 771 2192 quod
786 2152 874 2181 ante
891 2144 1032 2181 multos
1047 2144 1130 2182 dies
1145 2159 1234 2182 eum
1250 2144 1405 2183 haberet
1422 2146 1464 2182 in
1486 2146 1692 2184 dominum
1708 2155 1742 2184 et
1758 2147 1995 2196 magistrum

290 2210 323 2239 et
348 2202 450 2251 quod
473 2201 629 2240 haberet
652 2217 740 2239 eum
766 2203 1131 2241 recommendatum.
1160 2204 1377 2242 Praeterea
1403 2204 1581 2243 Thomas
1609 2205 1657 2243 de
1683 2205 1856 2254 Acervo,
1891 2206 1994 2257 epis-

292 2275 415 2310 copus
450 2261 687 2309 Lucerinus,
720 2261 761 2298 in
794 2261 1050 2326 depositione
1081 2276 1154 2299 sua
1188 2263 1243 2301 510
1275 2263 1459 2313 loquitur
1492 2264 1540 2302 de
1574 2265 1780 2304 cardinale
1814 2265 1992 2304 Glanda—

292 2320 395 2357 tensi
415 2319 457 2357 4;
490 2320 587 2358 Item
614 2334 702 2358 cum
721 2321 801 2370 ipsi
821 2321 973 2358 domini
991 2322 1213 2359 cardinales
1231 2322 1385 2360 diversa
1402 2337 1508 2360 cons
1506 2323 1571 2360 'lia
1588 2332 1758 2374 tempore
1775 2325 1996 2363 vacationis

292 2351 465 2429 papatus
493 2379 536 2416 in
563 2379 711 2417 Sancta
738 2379 878 2417 ,Μανία
906 2379 1033 2427 Nova,
1062 2375 1132 2417 ubi
1159 2381 1267 2418 omni
1295 2396 1409 2418 mane
1436 2382 1683 2421 celebrabant
1714 2384 1899 2434 exequias
1924 2399 1992 2421 seu

293 2453 483 2475 novenam
514 2439 666 2476 domini
704 2438 896 2488 Gregorii,
929 2454 1048 2489 super
1078 2440 1256 2488 eligendo
1288 2440 1467 2478 Romano
1499 2442 1694 2491 Pontifice
1724 2443 1905 2481 Romano
1936 2445 1995 2481 vel

300 2498 464 2545 ltalt'w,
493 2498 752 2535 nominarunt
779 2499 820 2535 in
848 2498 930 2536 illis
955 2499 1136 2536 consi'lzis
1162 2490 1304 2537 multos
1328 2508 1362 2538 et
1386 2500 1558 2538 diversos
1583 2502 1753 2551 prelatos
1792 2502 1995 2540 Romanos

292 2565 325 2594 et
358 2557 392 2593 1
394 2530 543 2604 talicos,
573 2557 672 2595 inter
697 2571 792 2607 quos
818 2558 1090 2608 principalius
1116 2558 1420 2597 nominaverunt
1445 2560 1651 2598 dominum
1676 2561 1996 2600 Bartholomeum

293 2589 635 2680 archiepiscopum
656 2616 885 2664 Bar-ensem,
910 2609 977 2667 qui
999 2625 1091 2655 tunc
1113 2617 1268 2666 regebat
1290 2619 1580 2667 cancellariam,
1605 2628 1639 2658 et
1662 2620 1704 2657 in
1727 2628 1881 2658 tantum
1904 2635 1991 2670 pro

293 2683 487 2712 cesserunt
511 2676 562 2712 ad
587 2675 718 2724 ipsius
744 2676 1055 2714 nominationem
1080 2677 1182 2726 quod
1207 2691 1311 2714 unus
1337 2677 1516 2727 ipsorum
1540 2679 1822 2719 cardinalium
1848 2680 1997 2718 scilicet

299 2734 590 2781 Clandatensis,
619 2734 718 2772 dimit
742 2744 879 2772 secrete
905 2735 985 2784 ipsi
1014 2735 1159 2773 leome
1185 2736 1227 2773 in
1253 2736 1400 2774 Sancta
1425 2737 1567 2775 Μανία
1593 2754 1600 2776 :
1633 2738 1805 2776 Domine
1833 2739 1997 2786 Thema,

343 2880 372 2913 1.
404 2880 551 2919 Baluze,
578 2887 602 2913 t.
627 2893 677 2921 lv,
703 2893 737 2925 p.
765 2882 844 2915 169.

346 2934 374 2965 2.
406 2933 444 2965 13.
468 2934 509 2966 N
503 2961 523 2972 ,
544 2945 610 2966 ms.
630 2934 723 2966 latin
752 2935 855 2969 1470.
885 2935 946 2968 fol.
968 2937 1035 2969 262
1054 2941 1095 2969 r0.
1116 2956 1163 2960 —
1181 2936 1251 2970 Sur
1277 2936 1469 2971 l'attitudc
1490 2940 1539 2971 du
1557 2940 1723 2972 cardinal
1741 2952 1789 2973 au
1807 2941 1996 2981 conclave,

299 2986 377 3017 voii
402 2986 443 3018 N.
473 2987 513 3018 V
506 2987 594 3018 11015
621 2989 659 3029 (t.
683 3000 706 3026 1,
732 3000 764 3030 p.
792 2990 846 3026 23,
874 2990 927 3028 26,
954 2990 1011 3029 31,
1035 2989 1106 3033 32)

344 3040 374 3070 53.
410 3040 444 3070 11.
474 3040 617 3075 N.,n1s
643 3040 735 3072 111111
761 3041 887 3080 1174}
913 3042 1066 3075 s01.194
1090 3055 1109 3074 v

348 3092 374 3123 ’,ι
410 3092 472 3123 MS.
504 3093 585 3131 vili),
618 3094 677 3125 101.
709 3095 751 3125 87
785 3100 831 3130 ΣΟ
