2083 3458
115 202 240 258 [655]
645 218 862 243 PAPARUM
898 220 1283 246 AVENIONENSIUM
1729 209 1810 250 139

156 302 199 342 Ρ.
234 301 296 349 65,
331 301 398 351 lig.
431 300 466 339 9.
507 301 695 338 PENITUS
730 316 845 338 NiniL
882 316 989 340 Efflr.
1028 303 1178 341 Contra
1217 304 1466 343 Froissartus
1506 307 1550 356 [t.
1576 306 1605 343 1²
1639 322 1678 357 p.
1718 308 1806 358 115]

103 361 244 399 scribit
265 360 450 398 inimicos
476 359 562 406 Dei,
586 359 627 396 id
651 368 724 406 cst,
749 361 899 398 Turcos
923 370 995 399 aut
1019 362 1260 401 Sarracenos
1286 378 1545 414 recuperasse
1568 366 1649 404 fere
1672 375 1809 405 totum

101 433 271 469 regnum
294 418 460 457 Rassiae
481 427 522 456 et
541 433 689 468 regem,
711 419 777 468 qui
797 419 942 457 s’estoii
962 421 1005 458 de
1024 436 1095 458 son
1115 430 1238 471 temps
1258 423 1482 471 crestienne‚
1515 424 1555 461 id
1580 432 1654 472 est,
1683 426 1751 475 qui
1769 442 1809 465 sc

103 478 199 516 olim
220 478 373 516 fecerat
393 477 606 528 baptisari,
630 478 780 527 cepisse
802 492 848 515 ac
870 479 1021 517 crudeli
1043 481 1241 529 martyrio
1264 482 1490 519 cruciatum
1513 497 1688 522 necasse.

156 536 198 574 P.
221 535 283 583 65,
304 535 370 585 lig.
393 535 454 573 29.
490 535 594 572 FUIT
627 532 808 573 Torosn.
843 537 922 583 Bis,
956 545 1003 574 ut
1032 546 1154 576 antea
1185 538 1376 586 diximus,
1410 540 1579 579 Tolosae
1613 542 1691 579 fuit
1723 543 1807 581 Cle-

102 609 230 642 mens,
249 608 356 632 anno
381 593 574 632 nimirum
590 594 778 641 MCCCV,
793 595 835 632 in
850 595 976 633 initiis
993 596 1052 633 sui
1074 597 1357 646 pontificatus,
1378 606 1418 636 et
1440 605 1549 637 anno
1563 600 1809 640 MCCCVIII

102 661 289 692 exeunte.
321 653 445 691 Isthic
470 653 605 702 agitur
630 652 677 690 de
704 654 880 691 secunda
905 655 1005 692 vice.
1035 655 1092 693 De
1118 656 1263 694 ultimo
1289 671 1452 695 accessu
1478 659 1563 707 ejus
1589 660 1640 697 ad
1665 660 1808 699 urbem

102 713 347 751 Tolosanam
367 712 446 750 ista
466 713 658 761 leguntur
678 712 788 761 apud
810 713 1072 751 Guillelmum
1092 715 1330 763 Bardinum‚
1354 717 1629 754 consiliarium
1653 719 1807 768 regium

100 771 141 809 in
166 772 424 821 parlamento
449 771 665 818 TolosanO,
687 771 728 807 in
746 771 928 809 Historia
949 773 1246 822 chronolog-„ica¹
1276 789 1345 812 ms.
1373 777 1708 824 pat-lamentorum
1733 778 1809 816 lin—

100 845 199 879 guae
234 830 431 867 occitanae
468 845 480 868 .·
517 830 657 867 Mense
692 830 903 868 decembris
939 832 1123 869 dominus
1159 832 1337 870 Clemens
1372 849 1481 884 papa
1518 835 1720 884 ingressus
1755 851 1811 880 est

102 890 295 927 Tolosam.
322 889 465 926 Omnes
489 889 645 925 ordines
669 897 747 926 tam
770 890 961 927 seculares
986 905 1102 940 quam
1125 893 1322 940 regulares
1345 894 1685 942 processionaliter
1709 896 1809 934 ince-

99 948 240 986 debant
262 963 350 985 cum
373 948 526 998 cappis,
551 948 704 985 vexillis
726 956 759 985 et
780 949 973 987 crucibus.
998 950 1182 987 Vicarius
1204 951 1365 988 Tolosae
1389 952 1664 1002 insequebatur
1685 954 1808 1004 stipa-

98 1015 160 1044 tus
191 1015 343 1044 centum
374 1007 634 1044 servientibus
665 1021 876 1045 armorum.
911 1009 1050 1047 Postea
1081 1009 1404 1059 subsequebatur·
1427 1012 1690 1050 seneschallus
1721 1028 1809 1051 cum

99 1081 245 1115 magna
263 1074 413 1103 caterva
429 1066 651 1115 nobilium,
667 1067 844 1103 consules
862 1067 1023 1104 Tolosae
1040 1068 1186 1117 pedites
1201 1077 1311 1106 erant
1324 1077 1357 1106 et
1371 1070 1583 1119 pretiosam
1600 1072 1809 1110 umbellam

98 1125 331 1174 deserebant,
347 1125 421 1162 sub
436 1140 511 1174 qua
527 1125 712 1162 dominus
726 1140 835 1175 papa
851 1126 981 1163 incede
989 1127 1049 1163 bat
1063 1141 1182 1176 super
1202 1129 1310 1165 mula
1329 1137 1509 1176 argenteo
1522 1130 1658 1178 fraeno
1680 1131 1811 1168 decore

97 1192 131 1221 et
148 1185 351 1234 splendide
373 1184 574 1222 instructa.
596 1184 631 1221 A
652 1184 841 1222 lateribus
861 1200 989 1234 papae
1008 1194 1117 1222 erant
1136 1195 1301 1235 quatuor
1320 1187 1469 1224 nobiles
1489 1188 1599 1226 illius
1619 1204 1808 1228 commen-

96 1244 209 1290 sales,
235 1243 302 1292 qui
325 1243 399 1280 sub
425 1243 594 1280 umbella
617 1243 785 1293 pedibus
811 1244 932 1282 ibant.
959 1244 1023 1281 Ab
1049 1253 1206 1294 utroque
1229 1247 1344 1282 latere
1369 1247 1559 1284 umbellae
1582 1248 1810 1297 equitabant

97 1302 249 1340 domini
271 1303 314 1339 de
342 1302 507 1349 Vivona,
531 1303 575 1339 de
597 1302 813 1352 Illirapice,
837 1304 881 1339 de
901 1304 1108 1351 Archiaco,
1131 1305 1175 1341 de
1197 1305 1408 1354 lWornayo,
1440 1306 1484 1343 de
1515 1306 1750 1345 Barbasano
1775 1317 1808 1346 et

97 1362 140 1398 de
159 1361 408 1411 Rapistagno
428 1361 541 1398 missi
560 1361 610 1398 ab
631 1361 900 1399 illustrissimo
920 1377 1005 1411 rege
1025 1371 1153 1400 nostro
1171 1364 1223 1400 ad
1240 1364 1584 1413 honorificandum
1603 1366 1809 1404 dominum

96 1435 257 1470 papam.
284 1420 451 1457 Domini
479 1421 523 1457 de
551 1421 795 1470 parlamento
825 1421 976 1458 inverso
1004 1422 1152 1469 ordine,
1184 1422 1238 1459 ita
1267 1431 1307 1459 ut
1333 1431 1420 1472 post
1447 1424 1630 1461 ostiarios
1663 1428 1808 1476 graffa-

96 1479 194 1526 rius,
212 1487 440 1529 procurator
457 1479 662 1528 generalis,
681 1480 905 1517 consiliarii
922 1480 1051 1518 cleriei
1068 1489 1101 1518 et
1117 1481 1224 1527 laici,
1243 1489 1276 1518 et
1289 1482 1528 1531 presidentes
1544 1497 1664 1533 super
1680 1486 1810 1522 mulas

95 1538 311 1588 equitarent
347 1538 477 1576 induti
520 1538 673 1588 palliis,
709 1539 809 1588 togis
843 1547 877 1576 et
910 1539 1004 1576 aliis
1039 1540 1277 1577 vestimentis
1320 1541 1574 1580 solemnibus,
1608 1543 1809 1581 Dominus

98 1597 300 1635 Johannes
325 1598 371 1635 de
397 1597 623 1646 Savigneio,
650 1598 860 1648 episcopus
886 1599 1160 1645 Niwernensis,
1187 1600 1395 1649 proposuit
1420 1600 1593 1638 dominis
1618 1603 1808 1651 praelatis

96 1656 162 1706 qui
188 1656 393 1694 dominum
417 1671 568 1706 papam
593 1657 882 1694 comitabantur
907 1658 1008 1707 quod
1032 1672 1102 1707 pro
1127 1658 1360 1696 characteris
1393 1659 1632 1709 episcopalis
1666 1661 1808 1698 honore

94 1715 322 1765 expediebat
365 1716 555 1765 impedire
597 1730 644 1753 ne
685 1717 977 1766 parlamentum
1019 1725 1222 1766 occuparet
1263 1718 1389 1754 locum
1436 1719 1685 1757 destinatum.
1731 1720 1808 1758 Sed

95 1775 286 1812 decretum
310 1774 410 1812 inter
431 1789 494 1811 eos
514 1775 594 1824 fuit
616 1775 878 1812 conditionem
901 1776 1147 1813 subeundam
1170 1790 1249 1813 esse
1272 1784 1306 1813 et
1329 1776 1525 1814 incessum
1547 1786 1633 1827 post
1655 1793 1805 1828 papam

95 1833 176 1870 illis
195 1848 219 1871 a
238 1834 482 1883 parlamento
502 1834 710 1883 definitum
731 1834 962 1871 nobiliorem
982 1849 1073 1872 esse.
1095 1835 1181 1872 Hoc
1201 1835 1336 1872 ordine
1355 1844 1388 1873 et
1407 1836 1478 1873 hac
1502 1836 1631 1885 forma
1650 1848 1805 1876 ventum

92 1900 147 1929 est
171 1893 223 1930 ad
246 1893 447 1930 ecclesiam
474 1893 610 1932 Sancti
637 1893 856 1944 Stephani,-
883 1893 951 1931 ubi
977 1894 1089 1931 certis
1115 1894 1362 1931 orationibus
1385 1894 1514 1943 factis,
1541 1904 1575 1933 et
1595 1896 1649 1934 Te
1672 1896 1803 1934 Deum

93 1951 309 1989 laudamus
335 1952 548 1999 decantato,
574 1953 760 1990 dominus
785 1967 894 2003 papa
917 1953 995 2002 fuit
1019 1953 1186 2002 pedibus
1210 1953 1284 1990 sub
1320 1953 1489 1991 umbella
1523 1955 1575 1991 ad
1606 1955 1804 2004 palatium

92 2010 326 2060 episcopale,
352 2010 421 2048 ubi
443 2012 580 2048 sedens
604 2011 647 2048 in
669 2012 804 2049 throno
827 2012 877 2049 ab
900 2012 1084 2049 omnibus
1107 2011 1316 2049 ordinibus
1338 2013 1523 2050 adoratus
1545 2021 1579 2050 et
1600 2023 1803 2063 peroratus

91 2068 170 2118 suit
202 2069 362 2107 breviter
390 2077 424 2107 et
452 2070 657 2109 succincte.
686 2071 764 2108 Die
794 2085 879 2108 vero
911 2071 1131 2108 nativitatis
1164 2071 1261 2108 Jesu
1291 2070 1440 2108 Christi
1471 2072 1656 2109 dominus
1694 2088 1802 2123 papa

93 2127 257 2166 missam
276 2129 462 2178 papalem
483 2129 687 2167 celebravit
708 2130 751 2167 in
771 2130 931 2167 ecclesia
952 2130 1175 2177 cathedrali,
1198 2130 1383 2167 omnibus
1403 2130 1576 2168 dominis
1606 2131 1650 2168 de
1670 2133 1801 2181 parla-

92 2195 217 2224 mento
239 2188 475 2237 purpuratis
496 2203 650 2226 sacram
672 2189 986 2226 communionem
1009 2203 1131 2226 manu
1153 2188 1318 2238 propria
1340 2189 1455 2235 dedit,
1478 2197 1512 2227 et
1532 2198 1620 2239 post
1641 2204 1703 2228 eos
1725 2191 1800 2228 viri

91 2246 330 2295 capitulares
365 2247 513 2296 pariter
548 2247 934 2285 communicaverunt
969 2247 1095 2285 vestiti
1130 2247 1374 2297 paramentis
1409 2248 1711 2297 capitularibus.
1750 2250 1801 2287 Et

93 2304 179 2342 istis
198 2320 223 2342 a
242 2305 378 2343 tabula
398 2306 552 2354 amotis,
574 2306 786 2356 episcopus
807 2306 1068 2344 Nivernensis
1089 2306 1132 2343 in
1152 2307 1220 2343 hoc
1238 2320 1372 2355 gerens
1392 2306 1492 2344 vices
1511 2322 1642 2356 papae
1661 2316 1802 2346 ceteros

90 2363 157 2413 qui
192 2365 396 2402 voluerunt
430 2365 745 2403 communionem
780 2365 1094 2403 communicavit.
1131 2365 1217 2402 Hoc
1253 2365 1339 2415 ipso
1374 2365 1436 2402 die
1471 2366 1656 2403 dominus
1688 2381 1799 2417 papa

89 2436 221 2460 omnes
251 2432 493 2473 purpuratos
524 2425 568 2461 de
599 2425 712 2462 curia
741 2424 980 2474 parlamenti
1011 2425 1062 2462 ad
1091 2439 1206 2461 suam
1237 2438 1411 2461 mensam
1442 2424 1617 2472 admisit,
1650 2433 1684 2462 et
1715 2426 1799 2463 illis

89 2495 235 2530 magna
254 2481 467 2532 privilegia
486 2484 683 2522 concessit.
709 2484 759 2521 In
778 2483 1075 2521 circumcisione
1095 2483 1279 2520 dominus
1299 2497 1407 2532 papa
1428 2483 1591 2520 missam
1609 2485 1797 2534 papalem

87 2540 236 2589 pariter
261 2541 476 2588 celebravit,
505 2550 538 2579 et
564 2556 696 2580 omnes
722 2543 890 2592 praelati
918 2551 996 2579 tam
1023 2542 1190 2591 majores
1216 2556 1333 2591 quam
1360 2542 1530 2579 minores
1555 2552 1796 2592 pranserant

89 2598 132 2636 in
148 2599 243 2637 aula
259 2600 412 2650 papali.
435 2601 594 2639 Novem
610 2615 731 2651 porro
750 2601 974 2639 cardinales
992 2601 1114 2639 fuisse
1133 2609 1222 2637 tum
1241 2600 1409 2638 Tolosae
1428 2614 1520 2638 cum
1541 2615 1649 2651 papa
1676 2609 1794 2652 patet

88 2671 138 2695 ex
164 2665 278 2696 tomo
304 2658 436 2709 primo
463 2660 639 2697 Bullarii
666 2660 914 2707 Casinensis,
941 2675 978 2711 p.
1018 2659 1078 2697 41.
1111 2659 1330 2697 Discedens
1367 2666 1508 2698 autem
1533 2659 1680 2699 Tolosa
1715 2660 1792 2698 ivit

87 2716 139 2754 ad
159 2717 303 2755 urbem
325 2717 625 2766 Convenarum,
647 2719 709 2756 uti
731 2733 827 2757 mox
848 2719 1042 2766 dicemus,
1066 2726 1106 2756 et
1128 2718 1220 2756 dein
1241 2717 1293 2755 ad
1320 2718 1615 2757 monasterium
1637 2719 1791 2757 Prulia-

134 2865 166 2898 1.
183 2865 346 2899 Histoire
361 2867 401 2900 de
414 2867 641 2911 Langumioc,
662 2875 687 2902 t.
715 2881 752 2908 x,
772 2868 947 2905 PreuveS,
965 2868 1031 2900 col.
1051 2868 1105 2903 24,
1125 2868 1178 2899 25.
1195 2886 1244 2889 ——
1257 2866 1397 2899 Bardin
1416 2867 1520 2910 place
1544 2867 1579 2899 la
1605 2879 1723 2901 venue
1745 2869 1788 2901 de

85 2917 255 2951 Clement
276 2919 308 2951 V
324 2920 344 2951 a
357 2920 541 2954 Toulouse
554 2933 599 2954 en
621 2923 731 2960 1306;
747 2922 837 2954 c'est
849 2922 985 2953 Baluze
1008 2921 1072 2964 qui
1094 2925 1341 2963 comprenant
1353 2919 1642 2962 l'impossibilite
1656 2921 1705 2953 du
1718 2921 1789 2954 fait

83 2989 132 2993 —
147 2983 193 3004 cn
211 2972 406 3005 decembre
424 2974 517 3007 1306
530 2975 561 3007 le
575 2986 670 3018 pape
684 2987 720 3007 se
734 2974 903 3007 trouvait
916 2975 935 3005 ἐι
949 2974 1148 3006 Bordeaux
1158 2991 1207 2995 —-
1218 2984 1238 3004 a
1251 2972 1390 3015 corrige
1403 2973 1438 3005 la
1452 2973 1550 3005 date.
1567 2973 1788 3016 Cependant

84 3024 116 3057 le
135 3024 227 3057 recit
247 3025 290 3057 de
310 3025 461 3066 Bardin‚
484 3027 533 3059 du
553 3028 672 3060 moins
693 3039 738 3061 en
758 3039 796 3060 ce
817 3027 880 3070 qui
900 3038 1079 3059 concerne
1099 3026 1130 3058 le
1151 3026 1371 3068 parlement,
1393 3025 1490 3058 n’est
1509 3037 1575 3069 pas
1598 3027 1787 3070 croyable,

85 3088 147 3110 car
166 3077 310 3110 celui-ci
330 3078 524 3112 n'existait
540 3092 605 3123 pas
625 3092 756 3113 encore
782 3080 956 3123 (Histoire
975 3080 1016 3112 de
1034 3079 1261 3121 Langualoc,
1283 3084 1309 3111 t.
1332 3090 1370 3118 x,
1392 3084 1480 3111 note
1500 3079 1557 3120 31,
1579 3090 1614 3122 p.
1638 3080 1694 3118 66,
1712 3080 1787 3124 67).
