2083 3458
228 197 308 238 588
877 211 1028 235 NOTAE
1063 211 1122 235 AD
1158 209 1286 234 V1TAs
1781 189 1934 245 [1070]

228 292 296 342 qui
320 307 360 330 se
386 306 435 330 ex
459 305 504 330 ea
529 299 754 341 prognatos
778 300 933 342 putant
957 300 1005 329 ut
1028 292 1129 330 mihi
1154 292 1405 329 documenta
1429 305 1526 328 suae
1552 290 1754 341 opinionis
1785 286 1940 327 submi-

227 352 465 398 nistrarent,
485 364 578 389 cum
594 350 635 388 id
652 365 735 388 non
752 351 938 398 fecerint,
956 351 1223 390 manifestum
1243 358 1306 389 est
1322 364 1389 388 eos
1407 349 1603 388 defecisse
1619 350 1661 387 in
1677 347 1938 400 probatione.

280 410 379 448 Post
401 410 481 447 ista
505 409 631 456 edita,
656 424 747 448 cum
772 410 824 448 ad
847 424 912 448 me
936 410 1074 448 delata
1098 425 1117 448 e
1140 408 1431 448 Lemovicibus
1454 409 1630 448 fuissent
1651 416 1776 459 pacta
1798 405 1944 444 matri·-

229 469 473 516 moniorum,
490 476 760 517 testamenta,
778 478 820 508 et
835 470 914 507 alia
940 477 1081 508 vetera
1106 483 1153 507 ac
1168 468 1350 508 recentia
1373 468 1652 506 instrumenta
1668 467 1776 506 illius
1794 464 1941 516 gentis,

228 528 363 567 omnia
395 528 637 565 authentica
666 536 707 566 et
737 537 854 567 extra
887 542 1050 567 omnem
1073 529 1364 581 suspicionem,
1395 527 1557 566 decrevi
1585 534 1813 566 retractare
1837 537 1949 576 quae*
1997 536 1998 539 ’

228 588 275 626 de
291 588 371 626 isto
389 587 596 625 cardinale
614 595 655 625 et
672 587 759 637 ejus
776 588 1004 638 majoribus
1022 602 1069 626 ac
1084 587 1260 638 posteris
1283 595 1407 625 antea
1425 586 1524 634 dixi,
1543 600 1648 637 quae
1664 585 1785 623 nimis
1801 584 1944 634 jejuna

227 655 324 685 sunt
338 647 380 684 in
396 647 707 696 comparatione
723 660 865 685 eorum
881 661 986 697 quae
1003 647 1188 685 dicturus
1204 660 1308 686 sum.
1325 645 1384 684 Ac
1399 646 1532 696 primo
1549 645 1716 695 quidem
1736 644 1943 695 proferam

228 720 331 756 quae
348 706 390 743 in
406 705 616 744 veteribus
635 706 895 744 chartulariis
912 706 1259 745 monasteriorum
1277 705 1484 744 Vosiensis
1502 714 1543 744 et
1560 704 1796 743 Usercensis
1813 701 1944 753 reperi

230 766 281 803 ad
323 765 526 803 Cosnacos
565 766 834 815 pertinentia,
867 766 1058 816 quamvis
1090 773 1203 804 certo
1238 778 1493 815 nequeamus
1524 764 1736 802 ostendere
1766 775 1947 812 quonam

233 824 353 862 niodo
376 838 425 862 ex
446 824 523 862 illis
547 824 758 863 veteribus
780 825 1069 864 descenderint
1086 825 1115 863 ii
1134 825 1204 875 qui
1221 833 1318 875 post
1337 837 1491 862 annum
1512 824 1663 862 Christi
1682 822 1946 861 millesimum

233 883 564 922 ducentesimum
600 898 731 934 usque
765 884 816 922 ad
851 899 924 922 nos
953 899 1176 934 pervenere
1205 892 1316 922 certa
1342 892 1384 922 et
1416 897 1500 921 non
1531 883 1768 933 interrupta
1803 895 1947 931 genea-

228 944 350 994 logia.
375 943 643 993 Antiquiores
661 952 804 982 tamen
821 944 997 982 istorum
1015 943 1299 994 progenitores
1316 942 1504 982 extitisse
1524 943 1762 980 nullatenus
1785 940 1947 988 dubito,

228 1011 357 1053 atque
386 1011 433 1040 ut
457 1002 517 1040 ita
544 1003 708 1041 credam
735 1003 920 1041 adducor
947 1003 1074 1041 etiam
1102 1003 1153 1041 ob
1180 1016 1333 1041 nomen
1361 1002 1582 1052 Engalvini
1614 997 1710 1040 sive>
1731 1000 1947 1050 Ingelvini,

228 1062 341 1112 quod
367 1070 407 1100 et
429 1062 471 1100 in
494 1062 801 1112 antiquioribus
824 1062 902 1101 illis
926 1063 1144 1113 reperitur,
1169 1062 1232 1100 uti
1259 1075 1358 1099 mox
1383 1062 1512 1100 visuri
1541 1075 1696 1108 sumus,
1728 1068 1769 1099 et
1796 1060 1839 1097 in
1866 1059 1944 1097 illis

228 1121 300 1171 qui
322 1121 447 1171 paulo
465 1129 562 1171 post
581 1135 739 1160 annum
759 1122 1025 1161 millesimum
1046 1121 1379 1160 ducentesimum
1397 1121 1550 1159 vixere.
1570 1120 1678 1158 Nam
1699 1120 1846 1158 Petrus
1871 1119 1947 1156 Iin

229 1195 302 1219 suo
331 1188 588 1219 testamento
617 1194 727 1219 anno
756 1181 986 1219 MCCLXX
1016 1181 1222 1231 quaedam
1259 1181 1367 1219 dona
1400 1180 1553 1219 faciens
1579 1179 1824 1230 propinquis
1848 1178 1945 1226 suis,

227 1241 338 1290 legat
361 1248 528 1278 centum
551 1240 703 1279 solidos
729 1240 895 1290 filiabus
916 1240 1074 1279 duabus
1095 1240 1330 1290 Angelvini.

280 1299 466 1338 Primum
487 1314 537 1337 ex
557 1313 603 1337 ea
625 1308 746 1349 gente
765 1300 924 1350 reperio
949 1300 1141 1338 Israelem
1170 1307 1212 1338 et
1231 1313 1403 1337 uxorem
1429 1299 1516 1349 ejus
1544 1298 1820 1345 Guiniardim,
1843 1311 1945 1347 quos

228 1367 338 1397 certo
356 1366 521 1397 constat
537 1359 662 1397 fuisse
678 1367 871 1409 parentes
890 1359 1001 1398 Petri
1018 1368 1059 1397 et
1075 1359 1241 1409 Geraldi
1258 1359 1307 1397 de
1322 1359 1517 1397 Cosnaco.
1539 1358 1613 1396 Isti
1629 1372 1726 1396 vero
1742 1356 1946 1395 vivebant

226 1418 330 1456 circa
351 1431 508 1457 annum
528 1418 794 1457 millesimum
814 1419 1156 1469 octuagesimum.
1180 1418 1327 1457 Petrus
1348 1431 1520 1456 uxorem
1539 1416 1689 1455 habuit
1707 1416 1944 1462 Belieldim3

227 1491 330 1528 quae
352 1478 386 1516 ei
406 1477 567 1530 peperit
587 1477 782 1525 Ebolum,
805 1478 1103 1525 Gauzbertum,
1125 1477 1349 1516 Geraldum
1371 1477 1676 1528 presbyterum,
1698 1475 1944 1521 Galterium‚

227 1545 268 1575 et
284 1537 543 1587 Stephanum
555 1537 862 1587 presbyterum.
880 1537 1048 1576 Geraldi
1060 1537 1168 1575 illius
1185 1551 1307 1587 quem
1321 1537 1455 1587 primo
1474 1536 1689 1574 nominavi
1711 1543 1815 1585 puto
1839 1534 1943 1573 filios

226 1596 349 1635 fuisse
375 1597 576 1635 Joannem
600 1596 648 1635 de
671 1596 867 1645 Cosnaco,
891 1597 961 1647 qui
983 1597 1088 1635 cii-ca
1104 1610 1261 1634 annum
1277 1595 1483 1634 MCXXX
1502 1595 1801 1646 impignoravit
1823 1607 1944 1644 quar-

225 1664 312 1694 tam
337 1664 499 1706 partem
522 1656 678 1705 jutziae
703 1656 789 1695 sive
811 1656 1000 1706 justitiae
1025 1655 1250 1695 Aldeberto
1274 1655 1421 1693 abbati
1446 1655 1675 1702 Usercensi,
1703 1662 1745 1692 et
1766 1653 1943 1691 Bartho-

224 1716 431 1754 lomaeum
465 1724 629 1765 patrem
664 1715 899 1765 Engalvini,
936 1716 1005 1765 qui
1040 1724 1259 1765 propterea
1300 1723 1485 1753 aetatem
1527 1714 1771 1764 produxisse
1803 1712 1944 1763 potuit

228 1788 357 1824 usque
387 1775 438 1812 ad
468 1788 625 1812 ann-um
655 1774 910 1823 MCLXXX,
940 1775 1127 1824 adeoque
1156 1774 1324 1813 videtur
1353 1774 1477 1812 fuisse
1505 1782 1626 1824 pater
1654 1772 1864 1811 Guillelmi
1894 1772 1943 1810 de

229 1834 408 1872 Cosnaco
438 1834 556 1872 istius
578 1834 755 1872 nominis
777 1834 900 1884 primi
920 1848 943 1872 a
964 1849 1046 1884 quo
1066 1834 1213 1884 incipit
1234 1842 1345 1872 certa
1366 1833 1617 1883 genealogia.

280 1893 522 1931 Guillelmus
562 1893 577 1931 I
613 1893 661 1932 de
696 1894 879 1932 Cosnaco
913 1894 1042 1939 nfiles,
1077 1894 1136 1931 ita
1171 1901 1345 1931 vocatus
1379 1893 1421 1930 in
1454 1900 1711 1931 testamento
1747 1891 1820 1929 filii
1854 1891 1942 1941 ejus

232 1953 354 2000 Petri,
382 1954 554 1991 fratrem
580 1953 730 1990 habuit
758 1953 978 2003 Hugonem
1005 1961 1207 1991 rectorem
1235 1960 1276 1991 et
1304 1953 1564 2003 capellanum
1586 1950 1778 1990 ecclesiae
1800 1950 1942 1989 Sancti

231 2011 428 2061 Supplicii
455 2012 503 2050 de
529 2011 725 2050 Cosnaco.
758 2012 862 2062 Ipse,
889 2020 937 2050 ut
962 2021 1078 2062 puto,
1106 2025 1278 2050 uxorem
1304 2011 1465 2061 accepit
1489 2011 1532 2048 in
1557 2019 1677 2061 gente
1703 2023 1846 2049 eorum
1872 2009 1942 2059 qui

229 2071 631 2120 cognominabantur
673 2071 721 2110 de
761 2071 1015 2121 Malasayda,
1057 2072 1173 2121 cujus
1215 2071 1469 2121 cognominis
1510 2070 1586 2108 sub
1627 2069 1859 2108 Innocentii
1902 2069 1941 2106 II

227 2130 478 2180 pontificatu
512 2131 592 2168 fuit
625 2131 867 2180 Aymericus
901 2131 1139 2181 patriarcha
1174 2130 1471 2168 Antiochenus.
1509 2129 1676 2168 Etenim
1712 2128 1819 2166 filius
1854 2128 1941 2178 ejus

230 2190 375 2228 Petrus
400 2190 442 2227 in
467 2204 539 2228 suo
565 2198 820 2228 testamento
848 2190 1014 2240 Hugoni
1040 2190 1158 2228 fratri
1183 2204 1270 2238 suo,
1297 2190 1329 2227 si
1354 2197 1584 2227 moreretur
1607 2188 1764 2237 absque
1788 2187 1941 2234 liberis,

230 2248 449 2287 substituit
480 2263 609 2286 unum
642 2249 690 2287 de
724 2249 815 2287 filiis
849 2249 1004 2287 domini
1036 2249 1202 2288 Geraldi
1234 2249 1282 2287 de
1304 2248 1559 2297 Malafayda,
1586 2248 1744 2294 militis,
1770 2260 1942 2284 consan-

231 2308 365 2357 guinei
386 2309 462 2356 sui,
484 2308 590 2347 illius
613 2309 808 2347 nimirum
830 2322 950 2358 quem
973 2308 1083 2346 idem
1105 2309 1228 2358 Hugo
1248 2322 1358 2345 anno
1379 2306 1700 2346 MCCLXXXII
1722 2305 1943 2344 constituit

230 2376 491 2406 executorem
512 2368 574 2406 sui
594 2368 852 2406 testamenti.
875 2368 1117 2406 Guillelmus
1139 2381 1233 2417 ergo
1254 2367 1334 2405 fuit
1354 2375 1473 2416 pater
1494 2366 1605 2404 Petri
1625 2366 1743 2404 istius
1765 2365 1942 2402 nominis

232 2426 364 2475 primi,
396 2427 595 2476 Hugonis,
624 2435 665 2465 et
692 2427 899 2465 Guillelmi
927 2427 1114 2465 canonici
1141 2426 1190 2465 de
1215 2426 1457 2464 Benevento
1483 2425 1525 2463 in
1552 2425 1727 2463 dioecesi
1754 2424 1943 2462 Lemovi-

234 2486 356 2533 censi,
385 2494 425 2523 et
453 2486 629 2523 duarum
659 2486 857 2531 filiarum;
886 2500 1062 2536 quarum
1088 2500 1170 2523 una
1197 2486 1278 2523 fuit
1303 2492 1437 2523 mater
1463 2484 1510 2523 G.
1540 2484 1677 2531 Fabri,
1704 2484 1784 2521 alia
1810 2491 1946 2521 mater

234 2545 481 2583 petronillae
522 2544 720 2594 Magistri.
764 2545 964 2595 Ejusdem
1007 2545 1135 2583 filium·
1177 2558 1341 2594 quoque
1378 2544 1502 2582 fuisse
1542 2544 1661 2581 facile
1701 2542 1944 2581 crediderim

233 2603 599 2642 Bartholomaeum
614 2604 662 2643 de
678 2604 860 2643 Cosnaco
876 2604 1152 2651 domicellum,
1174 2604 1291 2653 cujus
1312 2603 1469 2641 mentio
1488 2611 1551 2641 est
1573 2616 1682 2640 anno
1697 2600 1945 2640 MCCLXIV

234 2663 275 2698 in
294 2663 422 2700 veteri
441 2663 720 2702 instrumento
740 2664 897 2702 archivi
917 2663 1196 2702 Cosnacensis.
1219 2663 1365 2701 Petrus
1388 2662 1405 2699 I
1425 2662 1632 2700 Guillelmi
1649 2661 1755 2699 filius
1773 2673 1945 2698 uxorem

236 2721 355 2758 duxit
384 2721 648 2771 le'largaritam
680 2722 877 2761 Gaufredi
907 2737 1084 2761 sororem
1116 2721 1323 2760 Guillelmi
1360 2721 1557 2759 Gaufredi
1586 2720 1742 2768 militis,
1772 2728 1813 2758 et
1842 2718 1946 2756 obiit

236 2788 330 2817 ante
359 2794 514 2817 annum
543 2781 863 2819 MCCLXXXII
891 2782 1047 2831 absque
1074 2781 1224 2819 liberis.
1259 2781 1405 2830 Itaque
1435 2780 1557 2830 Hugo
1586 2780 1601 2817 I
1628 2779 1761 2817 adivit
1787 2777 1928 2816 heredi

241 2847 367 2875 tatem
401 2839 500 2888 ejus.
541 2840 622 2878 Iste
664 2841 920 2878 matrimonii
961 2841 1127 2878 vinculo
1166 2840 1336 2890 junctus
1379 2839 1459 2877 fuit
1501 2852 1593 2877 cum
1637 2837 1861 2876 Petronilla
1897 2836 1946 2874 de

238 2898 439 2944 *lrnhacffi
475 2912 578 2946 quac
611 2899 645 2936 ei
679 2908 885 2948 superstes
920 2901 1010 2937 suit.
1047 2899 1208 2950 Quippe
1243 2898 1429 2949 Hugonis
1451 2899 1539 2948 jam
1573 2896 1757 2935 defuncti
1789 2896 1946 2934 m'entio

241 2956 413 2992 habetur
451 2971 559 2993 anno
598 2957 956 2995 MCCLXXXVII
996 2967 1036 2996 et
1074 2958 1212 2996 uxoris
1251 2957 1338 3007 ejus
1376 2965 1577 3007 tanquam
1617 2955 1797 2994 viventis
1836 2968 1946 2992 anno

244 3014 372 3049 &11AEst
411 3016 595 3052 summust
630 3017 871 3055 Guillelmus
910 3018 947 3054 II
983 3031 1121 3055 eorum
1160 3017 1266 3055 filius
1294 3016 1335 3054 in
1368 3030 1441 3054 suo
1475 3023 1742 3054 testamento.
1779 3013 1946 3052 Liberos

240 3087 329 3108 wios-
357 3074 428 3108 lm·
455 3075 593 3112 ordine
617 3084 801 3113 recenset
826 3076 946 3125 Hugo
970 3077 1010 3113 in
1035 3091 1107 3114 suo
1131 3083 1386 3114 testamento
1409 3089 1518 3113 anno
1537 3073 1812 3112 MCCLXXII
1835 3072 1946 3110 Guil-
