2083 3458
215 195 296 235 654
867 209 1018 234 NOTAE
1053 209 1113 234 AD
1148 208 1276 233 VITAs
1771 195 1923 250 [1132]

215 294 393 344 Alioqui,
421 294 453 332 si
480 308 611 333 mores
638 295 802 332 illorum
827 302 1064 344 temporum
1090 293 1370 344 inspiciamus,
1398 294 1608 333 vocandus
1636 295 1771 333 fuerat
1798 295 1926 333 cardi-

215 353 316 391 nalis
344 353 686 403 Rothomagensis
711 368 761 392 ex
785 353 948 391 nomine
975 352 1179 391 Ecclesiae
1202 367 1222 391 e
1247 366 1328 402 qua
1352 362 1588 404 assumptus
1612 363 1700 393 erat
1722 355 1775 392 ad
1798 355 1925 393 cardi-

215 414 413 451 nalatum.

267 472 385 510 Anno
405 472 726 510 MCCCLXXVI
744 472 967 511 comitatus
987 480 1049 510 est
1066 471 1258 511 eumdem
1277 471 1518 522 Gregorium
1534 473 1866 523 proficiscentem
1882 474 1924 511 in

218 531 393 569 Italiam.
419 532 464 569 In
485 546 565 582 quo
592 532 737 570 itinere
769 531 871 570 adeo
891 531 1127 582 exagitatus
1156 539 1218 570 est
1236 531 1279 569 in
1298 532 1401 569 mari
1419 540 1467 570 ut
1485 532 1527 570 in
1547 547 1711 583 gravem
1732 533 1924 572 morbum

212 590 400 629 inciderit
421 591 464 630 in
483 592 572 630 loco
595 591 643 630 de
667 591 845 629 Liborna
869 591 1040 629 Pisanae
1063 590 1306 639 dioeceseos,
1330 591 1400 629 ubi
1421 599 1722 631 testamentum
1739 592 1924 631 condidit

214 649 275 688 die
300 664 357 687 xv
379 651 633 697 novembris3
657 651 765 689 unde
786 652 1013 689 translatus
1038 651 1150 689 Pisas
1172 650 1216 688 in
1237 651 1440 700 palatium
1463 652 1820 702 archiepiscopale,
1842 652 1923 691 illic

213 709 416 748 codicillos
435 710 450 733 1
483 711 658 749 confecit
683 711 746 749 die
780 725 881 748 xv111
905 710 1091 760 ejusdem
1114 710 1278 757 mensis,
1302 710 1538 761 ibidemque
1562 720 1749 750 mortuus
1773 720 1835 750 est
1859 711 1921 750 die

214 783 287 806 xxi
309 777 356 807 ut
379 770 499 808 docet
522 770 666 809 Petrus
691 770 838 809 Amelii
859 770 902 807 in
927 769 1138 808 Itinerario
1168 769 1346 819 Gregorii
1368 770 1438 807 XI
1460 771 1521 808 his
1544 771 1678 809 verbis
1697 770 1712 793 2
1737 787 1744 809 :

323 852 485 890 Veneris
509 853 653 903 seriata
677 853 792 891 XXI
817 853 1037 891 novembris
1065 852 1200 891 multis
1226 852 1352 891 eaetitit
1376 868 1526 893 amara.

324 912 506 961 Virginis
531 912 677 951 Cecilie
702 912 844 962 vigilia
870 912 913 950 in
938 912 1094 950 Christo
1120 912 1355 951 obdormivit
1378 913 1485 950 clara
1510 928 1663 963 gemma

317 971 549 1010 Cardinalis
577 972 853 1010 Narbonensis
879 986 996 1010 senex
1022 972 1198 1020 antistes,
1228 972 1415 1010 humatur
1443 973 1486 1010 in
1512 973 1668 1011 Pisana
1695 973 1885 1022 Eccbesia,

317 1031 451 1069 Maris
476 1032 626 1081 fractus
653 1032 868 1070 laboribus.
900 1031 1100 1082 Spiritum
1127 1031 1213 1081 ejns
1240 1032 1414 1082 suscepit
1440 1032 1510 1070 celi
1539 1032 1677 1082 gloria.

267 1113 426 1152 Dicitur
443 1123 581 1154 autem
598 1116 680 1154 illic
697 1130 814 1153 senem
830 1114 1005 1163 antistes,
1018 1109 1102 1153 non
1115 1115 1165 1153 ob
1184 1123 1379 1162 aetatem,
1397 1116 1547 1166 quippe
1564 1116 1633 1166 qui
1648 1130 1756 1154 anno
1771 1117 1919 1155 aetatis

212 1187 291 1210 Lv11
322 1174 529 1213 extinctus
560 1184 636 1223 est,
667 1175 738 1214 sed
767 1175 911 1212 habita
941 1174 1099 1213 ratione
1130 1188 1333 1213 annorum
1361 1190 1433 1225 per
1472 1190 1572 1225 quos
1612 1176 1690 1213 fuit
1732 1176 1917 1215 antistes.

212 1232 377 1271 Etenim
414 1234 548 1273 factus
587 1244 649 1274 est
686 1235 1013 1285 archiepiscopus
1053 1234 1457 1285 Caesaraugustanus
1494 1249 1603 1273 anno
1641 1236 1919 1274 MCCCXLIV

209 1291 376 1331 ineunte
399 1302 441 1332 et
464 1294 568 1333 obiit
592 1309 700 1333 anno
724 1294 1048 1332 MCCCLXXVI‘
1070 1302 1259 1333 exeunte.
1298 1294 1442 1344 ltaque
1466 1294 1545 1332 fuit
1576 1295 1748 1334 antistes
1784 1296 1918 1346 spatio

212 1365 413 1390 annorum
439 1354 609 1405 triginta
634 1355 774 1393 trium.

263 1411 435 1450 Variant
448 1422 586 1453 autem
601 1416 818 1465 scriptores
828 1412 844 1435 3
855 1413 897 1451 in
909 1413 972 1451 die
986 1427 1066 1463 qua
1081 1413 1297 1451 cardinalis
1310 1414 1386 1451 iste
1400 1414 1573 1452 excessit
1584 1429 1604 1452 e
1617 1414 1735 1452 vivis.
1753 1414 1915 1453 Etenim

211 1470 353 1509 Petrus
370 1472 517 1512 Ameh'i
532 1489 626 1514 eum
639 1473 771 1513 tradit
785 1481 996 1512 mortuum
1010 1473 1073 1511 die
1089 1473 1246 1511 veneris
1264 1488 1338 1510 xxi
1355 1473 1606 1521 novembris,
1619 1473 1916 1525 Boninsegnius

210 1529 272 1568 die
303 1530 499 1581 vigesima
524 1535 717 1581 secunda,
735 1541 879 1571 auctor
900 1532 1012 1570 Vitae
1034 1533 1228 1570 secundae
1258 1532 1436 1582 Gregorii
1451 1533 1532 1581 XI,
1548 1548 1587 1583 p.
1611 1533 1700 1581 442,
1724 1533 1787 1572 die
1809 1534 1916 1584 vige-

209 1589 310 1628 sima
327 1589 354 1637 4,
376 1591 628 1633 Bertrandus
650 1596 873 1642 Boyssetus
890 1592 989 1631 civis
1006 1592 1255 1630 Arelatensis
1277 1600 1369 1631 tum
1385 1592 1610 1640 vivens,die
1631 1594 1821 1631 mercurii
1842 1608 1915 1631 xlx

210 1648 393 1698 ejusdem
431 1654 592 1693 mensis.
627 1655 739 1692 Haec
768 1660 865 1690 sunt
895 1651 981 1702 ejus
1020 1652 1146 1690 verba
1184 1668 1191 1689 :
1234 1652 1332 1689 Item
1366 1652 1550 1690 mercurii
1577 1652 1639 1690 die
1666 1661 1743 1685 XIX
1771 1653 1916 1691 mensis

719 1711 951 1759 novembris,
971 1711 1092 1748 'circa
1134 1710 1289 1749 tertiam
1326 1719 1359 1749 et
1403 1720 1584 1761 quartam
1613 1712 1750 1750 horam
1779 1713 1914 1751 noctis.

717 1770 906 1808 dominns
934 1770 1154 1808 cardinalis
1173 1769 1452 1809 Narbonensis
1484 1771 1672 1819 migravit
1698 1771 1750 1809 ad
1776 1772 1915 1810 Domi-

718 1845 815 1868 niirn
831 1830 858 1869 5.

771 1890 925 1940 Corpus
939 1890 1025 1940 ejus
1038 1890 1080 1927 in
1093 1889 1320 1928 cathedrali
1335 1886 1504 1928 ecclesia
1518 1890 1666 1929 Pisana
1679 1890 1913 1941 depositum

717 1958 792 1997 est,
814 1949 1038 1988 secundum
1054 1949 1165 1999 quod
1179 1950 1264 1999 ipse
1276 1957 1578 1988 testamentum
1599 1950 1777 1989 condens
1798 1964 1912 1990 man-

718 2009 904 2056 daverat,
926 2023 973 2047 ac
995 2009 1140 2047 deinde
1154 2009 1206 2046 ad
1229 2009 1538 2047 Narbonensem
1559 2010 1823 2057 translatum,
1842 2010 1912 2048 ubi

717 2069 924 2118 sepultum
944 2077 1006 2107 est
1018 2068 1033 2091 6
1051 2069 1092 2106 in
1111 2068 1331 2118 magnifico
1344 2069 1529 2118 sepulcro
1543 2069 1653 2118 quod
1671 2069 1756 2119 ipse
1768 2069 1925 2123 vivens»

717 2128 793 2166 sibi
812 2128 965 2166 fecerat
982 2143 1032 2166 ex
1049 2142 1251 2167 marmore
1270 2128 1458 2166 candido.
1480 2127 1587 2166 Huic
1613 2137 1754 2167 autem
1780 2130 1911 2179 sepul-

716 2202 783 2225 cro
801 2187 1117 2238 superimposita
1144 2196 1206 2225 est
1231 2201 1460 2227 marmorea
1488 2187 1594 2225 illius
1619 2187 1782 2238 effigies,
1806 2197 1848 2227 et
1870 2188 1911 2226 in

715 2247 913 2285 lateribus
946 2246 1080 2285 efficta
1107 2247 1310 2297 gentilitia
1339 2246 1425 2296 ejus
1448 2246 1623 2296 insignia
1650 2248 1829 2287 multum
1853 2247 1910 2285 di-

716 2320 832 2344 versa
851 2307 903 2344 ab
927 2306 974 2344 iis
1002 2320 1105 2356 quae
1131 2307 1253 2356 vulgo
1279 2306 1634 2345 circumferuntur.

256 2365 566 2415 Boninsegnius,
583 2380 622 2415 p.
641 2365 730 2413 583,
747 2366 918 2415 loquens
936 2366 984 2404 de
1002 2374 1133 2404 morte
1150 2365 1236 2415 ejus
1254 2365 1313 2403 ait
1329 2380 1379 2404 ex
1394 2365 1507 2415 vulgi
1522 2380 1683 2404 rumore
1699 2366 1813 2404 illum
1830 2375 1909 2405 tes-

204 2431 390 2462 tamento
412 2425 564 2475 legasse
589 2425 814 2474 quingenta
836 2425 963 2464 millia
989 2425 1250 2464 florenorum:
1274 2424 1384 2462 Mori
1409 2424 1451 2461 in
1473 2424 1573 2462 Pisa
1598 2424 1627 2462 il
1648 2425 1848 2463 cardinale
1869 2425 1910 2464 di

205 2482 394 2520 Narbona
414 2498 485 2520 sno
506 2484 669 2533 cugin03
692 2484 721 2522 il
740 2485 864 2534 quale,
885 2485 1047 2522 secondo
1066 2484 1102 2522 si
1123 2484 1238 2532 disse,
1260 2492 1350 2522 testo
1371 2482 1449 2520 500
1463 2484 1647 2533 migliaia
1667 2484 1708 2522 di
1729 2484 1865 2534 fiorini
1887 2500 1910 2522 a

250 2608 281 2640 1.
312 2608 459 2648 Baluzc,
485 2615 511 2642 t.
534 2621 584 2649 iv,
609 2621 643 2653 p.
669 2610 839 2643 140-149.

251 2661 280 2693 2.
306 2661 343 2694 F.
368 2661 577 2702 Duchesne,
598 2663 763 2696 Histoire
782 2664 823 2696 de
842 2669 921 2696 tous
940 2664 989 2696 les
1007 2664 1212 2697 cat-dimanat
1228 2664 1401 2706 Ῐιτιηςοιζς,
1424 2669 1450 2696 t.
1470 2675 1508 2702 11,
1530 2674 1565 2706 p.
1587 2663 1668 2697 443.

249 2715 279 2746 3.
309 2714 361 2746 La
396 2716 482 2748 date.
518 2717 567 2748 du
602 2717 621 2748 2
647 2717 851 2749 novembre
879 2718 972 2750 1370
997 2719 1166 2760 reportee
1190 2718 1282 2749 dans
1308 2728 1360 2749 un
1379 2717 1534 2760 registre
1561 2716 1624 2749 des
1659 2716 1909 2760 Obligaliones

204 2765 344 2807 (Eubcl,
370 2768 600 2809 Hiaaoehia,
624 2775 649 2803 t.
667 2782 693 2810 1,
711 2781 746 2813 p.
785 2770 841 2813 22)
866 2782 940 2802 aux
960 2770 1140 2803 Archives
1161 2770 1363 2803 Vaticanes
1382 2776 1440 2803 est
1455 2769 1765 2803 manifestement
1784 2770 1907 2804 faussc

202 2820 357 2863 puisque
386 2822 416 2853 le
446 2822 612 2855 cardinal
640 2829 740 2856 testa
767 2824 817 2856 les
846 2824 890 2856 15
918 2830 955 2856 ct
984 2824 1028 2857 18
1056 2824 1272 2857 novembre.

249 2874 279 2905 si.
311 2873 413 2906 LiSOZ
442 2876 497 2907 ¹19.

250 2927 279 2957 5.
310 2927 455 2962 Archiv.
489 2934 514 2961 t.
552 2940 610 2968 vn,
644 2941 677 2972 p.
711 2930 791 2962 328.

250 2979 279 3010 6.
312 2978 360 3010 Lo
400 2980 523 3018 nisani
561 2993 581 3013 a
619 2983 676 3015 ete
708 2985 923 3026 transporte
954 2994 1001 3015 au
1031 2985 1156 3017 musee
1189 2983 1231 3016 de
1263 2983 1466 3023 Toulouse;
1498 2989 1619 3026 quant
1649 2994 1696 3015 au
1727 2984 1905 3016 tombcau

202 3032 317 3062 menie
346 3032 371 3064 il
400 3034 559 3065 subsiste
589 3046 720 3068 encore
751 3036 771 3068 a
799 3037 834 3068 la
855 3037 1078 3077 *cathedrale
1108 3036 1323 3070 saint-Just
1353 3037 1396 3069 de
1429 3036 1630 3069 Nax-bonne
1664 3036 1840 3079 (Histoire
1867 3038 1907 3070 de

201 3083 424 3126 Langneflor·,
453 3095 477 3118 1.
503 3099 555 3125 IX,
582 3099 615 3129 p.
644 3088 739 3131 631).
