2083 3458
123 257 274 314 [1469]
641 273 857 297 PAPARUM
892 272 1276 297 AVENIONENSIUM
1725 255 1806 297 749

110 370 278 395 causam
298 356 441 393 Petrus
462 355 509 392 de
530 356 672 393 Crosso
693 354 730 392 S.
754 355 801 391 R.
824 355 868 392 E.
889 354 1150 401 camerarius,
1170 354 1239 403 qui
1258 354 1357 392 satis
1376 353 1633 403 intelligebat
1651 362 1809 403 quanto

110 415 152 453 in
175 414 355 466 periculo
379 413 514 464 posita
540 422 646 452 esset
670 428 731 451 res
760 414 961 460 Romana,
988 427 1135 478 panem
1162 421 1203 451 et
1227 413 1371 452 vinum
1394 412 1559 477 utrique
1585 412 1810 452 ministrari

109 473 231 524 jussit
247 472 487 523 aequaliter,
504 481 551 510 ut
568 488 613 511 eo
630 472 752 511 modo
770 472 982 521 negotium
998 472 1082 522 ipse
1101 486 1263 521 quoque
1279 471 1553 521 relinqueret
1544 486 1583 508 111
1601 472 1808 521 ambiguo.

110 533 345 571 Bonifacius
376 532 424 570 de
456 532 671 570 Amanatis
714 531 990 580 interrogatus
1021 545 1141 581 super
1172 545 1299 568 valn
1330 531 1502 569 articulo
1533 545 1648 569 casus
1687 530 1810 581 primi

111 592 230 631 electi
259 591 365 629 dixit
391 590 405 613 1
444 592 545 641 quod
575 591 635 628 die
665 591 815 628 veneris
845 590 939 627 liora
967 590 1133 640 prandii
1163 590 1267 627 venit
1296 591 1339 627 de
1369 591 1468 628 dicto
1497 598 1622 628 castro
1652 589 1811 637 (Sancti

112 651 270 701 Angeli)
295 651 346 689 ad
368 650 516 688 dictum
538 650 737 699 palatium
759 650 921 699 quidam
944 649 1130 686 dominus
1156 649 1358 686 „Iohannes
1381 649 1560 698 Rigaldi,
1583 649 1811 698 paneterius

112 710 263 749 domini
291 710 483 758 Gregorii,
506 718 621 746 notus
641 709 741 746 (licto
762 708 992 758 deponenti,
1014 722 1126 757 quem
1147 708 1249 745 idem
1270 709 1467 758 deponens
1485 708 1565 757 fuit
1598 708 1640 745 in
1670 709 1810 757 effectu

110 771 302 808 allocutus
321 769 416 819 quid
434 777 588 805 venerat
604 768 786 817 faciendo
804 782 871 804 seu
890 767 1088 815 sacturus;
1103 775 1137 804 et
1155 775 1246 804 tunc
1262 767 1343 803 sibi
1361 767 1565 817 respondit
1583 781 1595 804 .·
1611 767 1811 804 Dominus

110 828 352 867 camerarius
374 827 483 865 misit
505 842 562 864 me
584 828 628 864 de
653 835 778 864 castro
804 835 845 864 ut
872 840 940 874 ego
966 826 1187 863 ministrem
1206 841 1351 875 panem
1371 835 1405 864 et
1425 826 1563 864 vinum
1583 834 1616 864 et
1635 827 1719 864 alia
1740 840 1811 876 que

112 888 305 938 pertinent
324 888 376 925 ad
395 887 567 936 officium
589 900 717 923 meum
739 894 780 923 ut
800 885 1048 935 paneterium
1067 885 1255 934 equaliter
1276 886 1433 923 domino
1454 886 1652 923 cardinali
1674 885 1812 923 Sancti

115 947 220 985 Petri
246 955 280 984 et
306 946 464 984 domino
490 945 787 994 archiepiscopo
814 944 998 982 Barensi

164 1007 208 1044 P.
227 1006 317 1052 448,
336 1005 402 1054 lig.
424 1005 485 1043 10.
505 1005 647 1042 Gumo
669 1018 723 1040 DE
744 1003 932 1041 Pamisus.
954 1003 1065 1040 Miles
1084 1003 1435 1050 ultramontfflius,
1452 1003 1515 1041 uti
1532 1003 1731 1054 scriptum
1749 1011 1812 1041 est

111 1065 152 1103 in
175 1065 295 1102 Facto
316 1063 623 1102 Bartholomaei
647 1062 769 1100 misso
793 1063 844 1099 ad
867 1077 1001 1112 regen]
1027 1062 1225 1100 Castellae
1249 1063 1359 1112 apud
1385 1062 1605 1101 Odoricum
1633 1061 1811 1112 Η3)1131-

113 1124 436 1171 1111111,311.1378,
457 1123 549 1172 §75
569 1122 904 1171 Consanguineus
924 1121 1063 1159 Ρο11011
1079 1121 1257 1168 Beraldi,
1275 1129 1321 1158 ut
1343 1130 1519 1159 testatur
1535 1121 1619 1172 ipse
1637 1102 1811 1160 Poiicius

112 1184 153 1221 in
172 1198 244 1221 sua
263 1155 533 1233 depositione.
556 1183 618 1220 Ex
637 1196 717 1231 quo
736 1181 902 1219 videtur
921 1180 1053 1229 colligi
1072 1195 1188 1229 posse
1208 1180 1323 1218 illum
1352 1180 1474 1218 fuisse
1494 1181 1628 1230 patria
1660 1180 1811 1219 Cadur-

113 1257 274 1281 censem
293 1242 320 1289 ²,
342 1256 432 1279 cum
455 1256 593 1292 supra,
614 1256 653 1291 p.
677 1241 791 1286 1204,
813 1240 971 1278 dictum
992 1239 1044 1277 sit
1066 1239 1264 1279 Poncium
1278 1239 1441 1277 Beraldi
1462 1239 1590 1278 videri
1612 1248 1748 1278 ortum
1763 1255 1813 1277 ex

113 1316 159 1340 03
188 1301 364 1352 regione.
397 1302 503 1339 Puto
533 1315 626 1339 eum
659 1292 834 1338 Romam
865 1313 957 1337 cum
988 1299 1181 1347 Gregorio
1213 1298 1273 1335 XI
1303 1299 1536 1349 profectum
1565 1314 1664 1338 0550.
1695 1300 1811 1337 Certe

112 1361 153 1399 in
180 1361 266 1410 ejus
295 1360 498 1399 comitatu
526 1360 604 1397 fuit
631 1374 739 1397 anno
768 1358 1127 1404 MCCCLXXVII,
1155 1367 1331 1395 exeunte
1359 1358 1480 1404 maio,
1510 1358 1675 1407 quando
1703 1359 1811 1395 idem

113 1419 328 1469 Gregorius
350 1420 558 1470 profectus
579 1428 640 1457 est
662 1418 894 1467 Anagniam
908 1417 971 1454 uti
991 1417 1139 1465 legitur
1158 1417 1269 1467 apud
1286 1418 1454 1455 Petrum
1472 1417 1617 1455 Amelii
1632 1417 1671 1454 in
1693 1417 1810 1455 itine-

112 1479 218 1517 rario
243 1479 429 1528 ejusdem
454 1493 585 1529 papae
603 1477 618 1500 3
645 1494 651 1515 :
683 1478 732 1515 In
759 1478 913 1514 incessu
940 1477 1065 1514 nobili
1092 1491 1167 1513 non
1196 1476 1320 1525 defuit
1344 1477 1477 1513 calvus
1501 1476 1673 1526 ephebus
1700 1477 1811 1514 miles

119 1538 248 1576 Guiclo
262 1539 306 1576 de
320 1538 490 1575 Bruinis
505 1552 594 1575 cum
607 1537 693 1574 suis
707 1536 955 1586 sequacibus,
976 1535 1129 1573 Deinde
1146 1549 1239 1575 cum
1254 1544 1443 1585 ageretur
1458 1536 1505 1573 dc
1522 1535 1812 1573 constituenda

114 1612 213 1648 pace
239 1598 346 1635 inter
372 1597 635 1636 Franciscum
660 1597 708 1633 de
737 1596 847 1642 Vico,
873 1595 1130 1645 praefectum
1158 1594 1293 1641 Urbis,
1318 1603 1359 1632 et
1387 1594 1658 1642 Florentinos,
1683 1603 1724 1632 et
1749 1594 1814 1632 ille

115 1657 314 1707 quasdam
334 1657 529 1695 adversus
548 1671 614 1694 eos
635 1656 818 1705 querelas
838 1654 1053 1693 detulisset
1071 1654 1122 1691 ad
1141 1668 1307 1704 papam,
1327 1654 1542 1703 Gregorius
1563 1653 1814 1691 Florentiam

115 1715 226 1754 misit
246 1717 357 1754 hunc
376 1715 620 1754 Guidonem.
645 1715 743 1764 Ejus
766 1714 821 1752 rei
842 1713 959 1752 testis
980 1721 1042 1751 est
1062 1713 1146 1763 ipse
1169 1712 1384 1762 Gregorius
1405 1713 1445 1750 in
1467 1713 1639 1762 epistola
1661 1712 1811 1762 scripta

116 1775 325 1824 Anagniae
348 1775 412 1813 die
438 1790 543 1812 xx¹x
568 1773 811 1824 septembris
838 1789 844 1810 :
872 1772 956 1809 Nos
977 1781 1107 1810 autem
1130 1772 1314 1809 dilectum
1338 1772 1469 1820 silium
1492 1772 1663 1809 nobilem
1685 1771 1815 1809 virum

123 1834 355 1881 Guidonem,
380 1834 586 1872 dominum
608 1835 652 1870 sle
676 1832 910 1879 Prouliinis,
936 1832 1113 1878 militem,
1137 1832 1188 1869 acl
1209 1837 1408 1881 prefatum
1428 1832 1623 1881 populum
1646 1831 1814 1868 destina-

117 1908 217 1940 mus,
237 1901 439 1943 sperantes
459 1894 560 1943 quod
588 1892 878 1930 ambam‘atores
898 1905 990 1928 suos
1010 1905 1099 1928 cum
1118 1890 1328 1940 sufficienti
1358 1892 1543 1928 mandato
1571 1891 1623 1928 ad
1642 1898 1816 1927 nostram

115 1953 354 2002 presentiam
385 1952 650 1990 destinabunt.
687 1952 739 1988 Et
771 1959 913 2001 postea
947 1949 1162 1999 Gregorius
1198 1950 1352 1988 Romae
1384 1949 1513 1987 redux
1544 1948 1607 1987 die
1639 1948 1815 1999 septima

115 2011 323 2061 sequentis
349 2011 496 2049 mensis
524 2010 757 2049 novembris
783 2010 895 2047 illum
924 2009 1019 2047 fecit
1044 2017 1275 2047 senatorem
1303 2008 1438 2055 Urbis,
1462 2016 1509 2045 ut
1533 2008 1681 2057 legitur
1705 2008 1816 2058 apud

114 2071 392 2108 Bertrandum
417 2071 664 2120 Boyssetum
680 2070 708 2107 ⁴¹.
737 2071 855 2107 Anno
882 2068 1070 2117 sequenti
1096 2068 1202 2106 idem
1232 2067 1447 2117 Gregorius
1473 2068 1661 2105 sublatus
1687 2071 1748 2104 est
1774 2066 1816 2103 in

117 2130 288 2168 caelum.
326 2130 431 2167 Ante
466 2144 562 2168 vero
597 2143 720 2178 quam
756 2128 986 2174 excederet,
1021 2141 1148 2177 quum
1182 2141 1372 2177 suprema
1407 2140 1500 2165 eum
1534 2134 1739 2175 urgerent,
1773 2133 1816 2163 et

116 2188 341 2227 cardinales
365 2197 500 2227 essent
522 2188 757 2237 congregati
779 2188 819 2224 in
841 2186 1007 2225 ecclesia
1032 2185 1171 2224 Sancti
1195 2185 1384 2236 Spiritus,
1408 2185 1540 2223 Guido
1562 2193 1603 2223 et
1626 2184 1814 2222 officiales

119 2247 238 2285 Urbis
262 2248 314 2285 ad
337 2262 403 2286 eos
428 2255 686 2286 accesserunt
709 2255 750 2285 et
773 2255 906 2285 cetera
930 2253 1101 2295 egerunt
1124 2259 1228 2294 quae
1251 2244 1358 2295 ipsos
1382 2244 1507 2293 egisse
1531 2243 1729 2294 scriptum
1753 2251 1815 2280 est

116 2306 157 2344 in
177 2307 322 2347 eodem
344 2307 463 2344 Facto
484 2306 793 2344 Bartholomaei
813 2313 856 2344 et
876 2304 918 2342 in
940 2305 1060 2342 Facto
1083 2303 1228 2342 ι1300131
1250 2304 1299 2341 de
1322 2304 1440 2350 Seva,
1463 2318 1502 2353 p.
1525 2302 1615 2350 486,
1636 2302 1678 2339 111
1699 2310 1813 2340 tomo

117 2374 266 2416 quarto
282 2366 487 2403 Historiae
504 2365 775 2403 universitatis
788 2363 1049 2402 Parisiensz's.
1068 2362 1237 2401 Interim
1252 2361 1428 2400 Romani
1447 2362 1557 2399 illum
1575 2369 1815 2412 suspectum

117 2425 317 2463 habentes
341 2424 509 2463 consilia
533 2439 605 2462 sua
630 2432 724 2474 post
748 2431 924 2462 mortem
947 2436 1078 2472 papae
1103 2422 1368 2460 celebrabant
1391 2421 1546 2469 absque
1581 2435 1640 2458 00.
1677 2420 1734 2458 De
1767 2433 1813 2457 ea

118 2499 158 2522 re
187 2483 272 2534 ipse
302 2483 567 2533 conqueritur
595 2483 637 2520 in
665 2482 920 2533 depositione
950 2495 1022 2519 sua
1036 2481 1064 2519 5.
1095 2481 1146 2518 Et
1175 2480 1256 2530 ipsi
1284 2488 1582 2526 conservatores,
1604 2479 1754 2528 inquit,
1774 2487 1816 2515 et

117 2543 394 2580 Bandarenses
407 2551 441 2580 et
453 2543 526 2580 alii
541 2541 830 2592 quamplurimi
844 2540 1017 2578 Romani
1031 2541 1074 2577 de
1088 2554 1222 2576 eorum
1235 2538 1401 2576 consilio
1412 2538 1592 2576 tenebant
1603 2537 1815 2575 consilium

118 2601 161 2639 in
189 2602 316 2639 Roma
342 2610 482 2639 secreto
511 2602 621 2639 modo
650 2601 822 2650 qualibet
849 2600 924 2646 die,
954 2600 1054 2649 quod
1081 2613 1159 2636 non
1188 2598 1377 2635 dehebant
1401 2598 1528 2646 jacere
1555 2596 1641 2634 sine
1673 2611 1731 2633 me
1759 2597 1817 2633 vel

116 2661 277 2698 licentia
298 2660 386 2699 mei.
412 2661 464 2697 Et
485 2674 581 2700 mox
603 2659 719 2697 addit
741 2675 747 2696 :
771 2660 821 2696 Et
839 2658 957 2707 sactis
976 2672 1046 2707 per
1064 2671 1127 2694 eos
1147 2656 1328 2694 consiliis
1350 2656 1430 2705 ipsi
1451 2656 1658 2693 veniebant
1677 2656 1728 2693 ad
1757 2669 1816 2692 me

116 2720 278 2757 dicendo
304 2719 402 2757 talia
426 2720 541 2756 verba
567 2719 610 2756 in
635 2718 790 2767 vulgari
815 2732 886 2754 suo
911 2733 918 2754 ε
952 2716 1083 2764 Vejas,
1109 2716 1286 2754 senador.
1316 2715 1400 2751 Nos
1423 2729 1533 2752 avem
1557 2715 1657 2763 huey
1682 2722 1816 2762 tengut

163 2874 195 2906 1.
227 2873 293 2906 Ms.
315 2873 399 2911 cite,
420 2873 482 2906 fol.
503 2874 572 2906 186
592 2878 642 2905 νο.

165 2927 196 2959 2.
234 2926 302 2958 Les
329 2927 552 2958 documents
579 2926 641 2958 des
667 2925 848 2958 Archives
871 2923 1072 2955 Vaticanes
1098 2923 1129 2954 le
1156 2922 1280 2954 disent
1306 2921 1502 2964 originaire
1523 2921 1573 2952 du
1599 2920 1742 2952 diocese
1771 2920 1815 2952 de

117 2979 254 3012 Rodez
279 2979 416 3020 (Mirm,
439 2979 494 3011 La
514 2979 690 3022 potitique
709 2977 931 3021 pontificale,
956 2988 989 3019 p.
1013 2975 1110 3018 150).

167 3033 200 3065 3.
223 3032 260 3065 F.
282 3032 479 3064 Duchesne
504 3032 681 3069 (Histoire
699 3032 739 3063 de
757 3036 835 3063 tous
853 3030 902 3062 les
919 3029 1125 3061 cardinaux
1140 3027 1315 3070 srancois,
1337 3033 1364 3059 t.
1383 3039 1419 3066 11,
1440 3038 1474 3069 p.
1495 3026 1617 3068 1128).

166 3085 198 3118 4.
229 3085 377 3123 Archiv,
405 3091 431 3118 t.
460 3097 522 3121 vn
550 3096 584 3128 p.
611 3085 692 3117 330.

167 3138 199 3171 5.
229 3138 269 3171 Β.
294 3137 351 3177 Ν.,
374 3149 440 3170 1115.
462 3138 556 3170 latin
578 3136 707 3176 11745,
729 3136 790 3168 fol.
813 3136 857 3168 55
877 3139 920 3167 1⁸0
