2083 3458
100 255 251 312 [1432]
625 271 842 296 PAPARUM
878 268 1261 296 AVENIONENSIUM
1704 250 1784 292 417

142 355 246 393 Utar
288 362 429 392 autem
471 354 547 391 hac
591 353 800 392 occasione
844 362 891 391 ut
933 353 1145 392 emendem
1189 352 1423 402 Catalogum
1439 352 1453 374 1
1514 352 1786 401 episcoporum

88 413 385 460 Helenensium,
413 412 482 462 qui
506 427 577 462 per
602 426 648 450 ea
673 412 913 461 praesertim
938 420 1125 462 tempora
1151 412 1269 450 valde
1296 411 1463 450 mutilus
1490 419 1551 449 est
1575 419 1616 448 et
1640 410 1785 462 imper-

88 472 232 510 fectus.
259 471 441 510 Primum
465 479 628 509 constat
651 471 882 509 Guidonem
905 471 1081 518 Terreni,
1104 472 1226 520 vulgo
1248 478 1443 508 vocatum
1461 470 1509 508 de
1529 469 1785 519 perpiniano,

88 545 195 569 anno
217 530 477 569 MCCCXLII
497 530 728 568 extinctum
748 530 882 567 fuisse.
924 530 1021 567 Post
1039 530 1154 569 illum
1173 530 1340 579 ponitur
1358 528 1624 578 Berengarius
1644 527 1755 565 Balle
1772 526 1787 550 ²

88 604 216 639 usque
235 590 287 627 ad
306 603 461 633 annum
481 588 771 635 MCCCXLVI,
792 603 872 637 quo
892 603 984 626 eum
1003 589 1151 626 sedisse
1169 589 1334 638 reperiri
1354 588 1502 626 dicitur
1520 587 1561 624 in
1580 586 1786 624 veteribus

90 648 359 686 documentis.
384 648 550 686 Certum
581 655 642 685 est
667 647 924 685 Bernardum
951 648 1135 697 Hugonis
1168 646 1418 693 oriundumss
1441 662 1460 684 e
1482 646 1650 684 civitate
1683 645 1790 682 Ave-

89 707 274 746 nionensi
319 707 556 756 episcopum
595 706 865 743 Helenenscm
901 715 1043 755 postea
1080 707 1202 744 fuisse
1238 714 1279 744 et
1314 714 1523 744 mortuum
1560 719 1643 743 esse
1678 714 1782 741 anno

88 766 425 813 MCCCXLVIII‚
447 765 489 803 in
510 764 760 803 monasterio
781 765 826 802 B.
854 765 1003 803 Mariae
1026 765 1074 803 de
1096 766 1210 803 Bona
1232 765 1370 814 requie
1394 764 1544 802 ordinis
1569 764 1605 802 S.
1633 765 1788 811 Augus-

89 825 165 862 tini
201 824 497 863 Avenionensis
535 824 740 871 dioecesis,
770 823 887 873 eique
915 824 1135 863 suffectum
1160 824 1282 862 fuisse
1317 824 1573 862 Bernardum
1611 821 1791 859 Fornerii

90 884 332 922 canonicum
366 884 650 929 Helenensem,
675 897 775 920 xvnl
809 883 887 920 kal.
921 883 1163 933 septembris
1199 882 1264 932 [15
1296 882 1434 932 aofit),
1467 882 1650 931 ejusdem
1682 880 1790 917 anni.

90 943 237 980 Munus
264 950 404 981 autem
431 941 747 980 consecrationis
774 941 808 979 ei
834 941 1065 991 impensum
1092 950 1153 979 est
1178 941 1219 979 in
1245 941 1411 980 ecclesia
1439 940 1663 978 cathedrali
1691 939 1791 976 Nar-

88 1002 258 1040 bonensi
291 1016 313 1039 a
348 1002 468 1040 Petro
502 1001 550 1039 de
585 1000 747 1038 Judicia
781 1000 1099 1050 archiepiscopo,
1134 1000 1420 1038 assistentibus
1454 1000 1487 1037 ei
1521 1000 1567 1037 G.
1602 989 1792 1048 episcopo

89 1061 376 1099 Convenarum
401 1068 442 1099 et
468 1060 627 1098 Joanne
655 1059 881 1097 Gardiensi.
910 1059 1021 1097 Obiit
1049 1074 1156 1097 anno
1183 1059 1383 1108 sequenti,
1402 1067 1456 1096 ·ut
1481 1058 1657 1096 videtur.
1687 1057 1792 1094 Nam

89 1134 197 1158 anno
227 1120 411 1166 MCCCL,
442 1134 543 1156 xvnl
574 1119 652 1157 kal.
682 1118 874 1156 februarii
906 1117 971 1167 [15
993 1118 1192 1168 janvier).
1218 1119 1400 1156 Clemens
1429 1118 1485 1154 VI
1509 1118 1792 1167 episcopatum

92 1179 362 1217 Helenensem
386 1186 606 1216 vacantem
630 1193 701 1227 per
726 1178 886 1215 obitum
909 1178 1120 1225 Bernardi,
1147 1178 1216 1226 qui
1240 1185 1356 1215 extra
1385 1177 1615 1214 Romanam
1640 1174 1794 1213 curiam

89 1237 196 1276 diem
232 1238 434 1276 clauserat
468 1245 712 1283 extremum,
749 1237 926 1274 contulit
959 1236 999 1273 in
1036 1237 1292 1286 Stephanum
1327 1236 1522 1273 abbatem
1559 1232 1792 1272 Casae-Dei.

89 1297 299 1347 Stephano
322 1297 468 1334 deinde
494 1297 696 1333 translato
719 1296 770 1333 ad
795 1295 1017 1334 Ecclesiam
1044 1296 1319 1333 Dertusanam
1341 1294 1535 1332 successit
1559 1293 1795 1331 Franciscus

90 1356 272 1406 quidam,
294 1356 362 1394 isti
383 1370 478 1394 vero
500 1355 696 1393 defuncto
718 1355 898 1393 Joannes
921 1355 1078 1393 Jofrevi
1099 1355 1313 1404 episcopus
1335 1362 1424 1391 tum
1444 1352 1719 1397 LucionensiS,
1747 1351 1795 1388 de

89 1415 329 1465 episcopatu
356 1414 575 1452 Helenensi
596 1413 785 1464 provisus
809 1414 861 1451 ab
889 1414 1128 1451 Innocentio
1152 1414 1223 1461 VI,
1247 1413 1372 1451 literis
1398 1412 1503 1450 datis
1530 1411 1729 1449 Avenioni
1754 1424 1795 1446 xl

91 1474 170 1512 kal.
194 1474 346 1512 decem.
372 1473 444 1523 [21
468 1473 715 1523 novembre]
740 1487 848 1510 anno
870 1474 1062 1519 secundo,
1085 1473 1126 1510 id
1148 1481 1222 1519 est,
1246 1487 1353 1510 anno
1377 1471 1524 1509 Christi
1548 1469 1794 1515 MCCCLIV,

89 1541 137 1571 ut
161 1533 287 1571 etiam
310 1533 396 1583 ipse
422 1540 671 1570 annotatum
697 1532 863 1581 reliquit
886 1532 927 1569 in
953 1547 1025 1569 suo
1051 1532 1203 1570 missali
1221 1531 1247 1570 ⁴.
1292 1531 1411 1568 Anno
1437 1529 1623 1579 sequenti
1649 1528 1794 1565 missus

89 1600 150 1630 est
172 1592 224 1630 ab
247 1592 390 1630 eodem
416 1591 656 1629 Innocentio
678 1591 718 1628 in
742 1591 932 1641 Angliam
955 1605 1098 1641 pacem
1120 1598 1387 1629 revocaturus
1410 1590 1516 1627 inter
1537 1603 1647 1636 reges
1673 1588 1794 1624 Fran-

89 1650 173 1689 ciae
193 1659 234 1689 et
254 1651 437 1701 Angliae,
458 1659 506 1688 ut
526 1651 646 1688 docet
663 1650 861 1688 Odoricus
886 1651 1138 1699 Raynaldus,
1160 1664 1224 1688 an.
1249 1650 1362 1696 1354,
1386 1649 1402 1697 ἓ
1422 1648 1481 1695 19,
1504 1656 1543 1685 et
1563 1647 1675 1692 1355,
1700 1645 1795 1693 §26³

89 1710 197 1748 unde
220 1710 411 1749 reducem
434 1724 474 1748 se
497 1709 619 1748 fuisse
643 1723 781 1747 mense
805 1709 912 1747 maio
935 1709 1019 1760 ipse
1044 1709 1185 1747 scribit
1206 1709 1247 1746 in
1271 1709 1414 1747 eodem
1448 1707 1599 1745 missali
1617 1706 1643 1743 ⁵.
1683 1705 1794 1743 Idem

89 1769 141 1807 ab
174 1769 354 1808 Ecclesia
390 1768 608 1807 Helenensi
639 1768 788 1806 transit
821 1769 871 1805 ad
907 1768 1164 1806 Aniciensem
1197 1783 1304 1806 anno
1338 1766 1608 1805 MCCCLVII.
1640 1780 1681 1801 iv
1715 1764 1793 1801 kal.

89 1828 226 1867 martii
259 1827 327 1878 [26
357 1828 542 1877 sevrier)

145 1888 186 1925 Ρ.
212 1887 300 1934 256,
322 1887 388 1937 lig.
414 1887 474 1925 15.
500 1887 679 1924 Eolnlus
708 1886 909 1924 RloAtm.
934 1887 1130 1924 Ruhrz'cae
1160 1886 1255 1924 anni
1274 1886 1289 1908 ⁶
1319 1885 1431 1923 tertii
1451 1883 1661 1922 Benedicti
1695 1881 1793 1927 XII,

89 1960 176 1996 cap.
201 1961 323 1984 exmn
346 1962 353 1984 ε
376 1946 519 1995 Egidio
539 1945 730 1994 Rigattdi.
754 1946 1027 1983 Provideretm·
1055 1945 1135 1983 sibi
1165 1946 1209 1982 de
1237 1945 1417 1995 prioratu
1438 1945 1482 1981 cle
1502 1943 1657 1980 Essona
1677 1941 1791 1978 Pari—

86 2017 231 2054 siensis
253 2017 418 2054 diocesi-s·
440 2025 609 2055 vacante.
956 2058 959 2061 ¹

143 2077 249 2115 Eum
277 2077 459 2114 Clemens
488 2076 544 2113 VI
573 2075 670 2113 fecit
698 2076 946 2114 cardinalem
975 2091 1082 2114 anno
1112 2077 1250 2114 MCCL
1278 2083 1467 2119 exeunte,
1496 2074 1612 2123 eique
1640 2072 1791 2122 pileum

90 2135 262 2173 rubeum
286 2135 396 2172 misit
419 2150 489 2185 per
512 2134 691 2173 nobilem
709 2135 843 2173 virum
864 2135 1079 2173 Nicolaum
1104 2135 1274 2182 Judicis,
1294 2134 1572 2178 domicellumss,
1593 2130 1790 2170 Odoricus

94 2194 346 2244 Raynaldus,
366 2208 473 2231 anno
495 2193 608 2240 1350,
634 2193 650 2242 ξ
670 2193 730 2231 48.
756 2194 885 2231 Datus
906 2202 967 2232 est
985 2203 1125 2232 autem
1144 2194 1178 2232 ei
1200 2194 1375 2241 Parisiis,
1394 2207 1484 2242 rege
1504 2198 1731 2242 praesente,
1751 2189 1789 2226 in

90 2253 293 2291 dominica
317 2253 549 2303 palmarum
567 2251 582 2275 ⁷
605 2252 736 2302 prima
761 2253 898 2303 aprilis
923 2267 1031 2291 anno
1057 2253 1250 2291 MCCCLI
1276 2253 1327 2290 ab
1353 2251 1550 2302 episcopis
1577 2248 1790 2287 parisiensi

90 2319 131 2350 et
151 2312 432 2358 Laudunensi3
456 2312 684 2359 Froissart.,
705 2320 734 2350 t.
754 2327 779 2359 1,
802 2326 888 2362 cap.
912 2327 1016 2351 CLIII.

137 2395 169 2428 1.
198 2394 355 2438 D’apres
378 2395 496 2428 Eubel
522 2395 599 2438 (loc.
619 2394 691 2438 cit.)
714 2395 750 2427 la
775 2394 858 2428 liste
886 2395 948 2427 des
975 2396 1135 2439 eveques
1164 2395 1296 2428 d'Elne
1323 2393 1490 2427 s'etablit
1516 2391 1609 2424 ainsi
1629 2403 1635 2422 :
1654 2389 1725 2423 Gui
1745 2390 1788 2422 de

90 2446 250 2481 Terrena
275 2448 332 2490 (27
354 2447 477 2492 juillet
499 2449 591 2481 1332
615 2451 637 2493 †
660 2449 696 2480 21
726 2449 816 2481 aout
840 2449 966 2491 ’1342);
992 2448 1113 2481 Pierre
1137 2449 1180 2481 de
1204 2447 1355 2491 Seguier
1381 2448 1437 2489 (25
1460 2444 1671 2488 septembre
1694 2443 1787 2475 1342

89 2502 110 2542 †
129 2500 256 2544 1346);
277 2501 444 2534 Bernard
466 2501 618 2544 Hugues
640 2503 683 2535 de
705 2501 1045 2534 Sainte-Arthemie
1071 2502 1127 2544 (16
1148 2501 1299 2534 octobre
1320 2500 1413 2533 1346
1434 2501 1454 2540 ἢ·
1475 2498 1601 2539 ’1348);
1622 2496 1787 2528 Bernard

91 2553 270 2587 Fournier
297 2554 354 2597 (14
378 2554 470 2587 aofit
492 2555 725 2599 1348†1349
746 2566 791 2587 ou
816 2555 943 2598 1350);
964 2546 1122 2587 Etienne
1139 2554 1254 2587 Malet
1274 2553 1330 2596 (15
1350 2552 1496 2596 janvier
1520 2549 1640 2592 1350),
1667 2555 1787 2581 trans-

90 2607 165 2641 fere
184 2607 205 2639 a
223 2607 382 2640 Tortosa
399 2607 431 2640 le
450 2608 495 2640 15
513 2608 649 2642 sevrier
667 2608 778 2647 1252;
800 2607 974 2649 Francois
995 2609 1038 2640 de
1058 2607 1264 2640 Montolieu
1284 2607 1341 2649 (118
1360 2605 1453 2638 avril
1471 2604 1564 2637 1352
1583 2605 1604 2645 ἦ·
1623 2603 1667 2634 ’12
1687 2607 1788 2634 octo-

88 2660 151 2693 bre
170 2660 298 2703 1354);
318 2660 415 2692 Jean
433 2660 594 2694 Jouffroi
617 2662 674 2705 (20
693 2661 897 2694 novembre
916 2661 1037 2703 1354),
1059 2660 1240 2693 transfere
1260 2672 1307 2692 au
1328 2659 1408 2702 Puy
1427 2659 1458 2690 le
1479 2658 1521 2690 27
1540 2655 1676 2690 sevrier
1693 2654 1785 2687 1357

92 2713 186 2756 (voir
208 2712 306 2746 aussi
332 2713 372 2746 E.
397 2713 502 2752 Albe,
526 2715 672 2748 Αιιίοιιν
694 2715 734 2747 de
756 2714 853 2746 Jean
875 2713 1013 2750 XXII,
1040 2720 1065 2746 t.
1088 2726 1125 2752 11,
1151 2725 1184 2756 p.
1212 2712 1396 2754 242-248).

138 2767 168 2799 2.
192 2766 376 2809 Berenger
408 2766 533 2800 Battle
565 2767 625 2800 fut
646 2769 677 2800 le
700 2767 962 2810 predecesseur
985 2767 1028 2799 de
1052 2766 1123 2799 Gui
1146 2766 1189 2798 de
1213 2766 1372 2798 Terrena
1399 2763 1553 2807 (Mollat‚
1577 2774 1612 2794 n.
1636 2759 1783 2803 11990).

135 2820 167 2852 3.
200 2819 540 2863 Bernard—Hugues
553 2820 647 2854 etait
662 2819 896 2864 quercynois‚
915 2819 1111 2862 originaire
1127 2820 1170 2851 de
1186 2817 1461 2851 Ste-Arthemie
1480 2814 1596 2857 (Albe,
1616 2814 1676 2846 loc.
1694 2814 1781 2856 εῖτ)

135 2872 167 2905 4.
191 2872 339 2911 Baluze,
363 2878 389 2905 t.
411 2884 462 2911 lv,
486 2885 520 2916 p.
544 2874 624 2907 119.

136 2925 168 2958 5.
199 2925 351 2958 Ibidem.

136 2978 168 3011 6.
186 2977 308 3017 Vidal,
325 2990 360 3010 n.
378 2979 472 3011 4139
492 2978 621 3021 (bulles
639 2980 689 3012 du
707 2979 750 3011 24
766 2978 901 3011 sevricr
917 2978 1037 3021 1337).
1054 2996 1102 3000 -
1118 2977 1229 3010 Gilles
1245 2977 1305 3009 sut
1320 2977 1470 3009 nomme
1487 2974 1582 3007 abbe
1600 2974 1643 3006 de
1660 2972 1784 3005 Saint-

89 3030 201 3064 Denis
223 3042 268 3064 en
289 3031 382 3064 1343
408 3030 577 3074 (De'prez‚
599 3044 634 3065 n.
658 3031 843 3074 222-223).

137 3084 171 3123 7.
192 3083 293 3123 Item,
316 3084 346 3116 le
363 3083 447 3127 joar
465 3085 506 3117 de
524 3084 687 3128 Pasques
705 3084 839 3127 slories,
861 3084 924 3126 qui
942 3083 1063 3125 jurent
1082 3083 1113 3116 le
1131 3082 1185 3115 Xe
1204 3082 1287 3126 jou-r
1306 3082 1446 3121 d’avril,
1478 3081 1553 3113 l'an
1572 3078 1638 3112 mil
1657 3077 1783 3112 CCCL

93 3135 138 3179 (α.
160 3136 232 3179 sL),
254 3136 311 3179 ful
330 3138 491 3180 presente}
512 3138 540 3170 [ἴ
561 3137 672 3171 Gilles
692 3137 832 3180 Rigaut
853 3137 893 3169 de
914 3135 1038 3179 Romi,
1063 3137 1125 3179 qui
1146 3136 1260 3169 avoist
1281 3137 1349 3168 este'
1370 3134 1459 3168 abbe}
1481 3134 1522 3166 cle
1544 3132 1579 3166 S.
1602 3132 1718 3165 Denis
1739 3142 1783 3163 en

757 3219 917 3241 BALUZE.
945 3210 991 3240 II.
1011 3227 1062 3232 -—
1081 3211 1123 3241 14
