2083 3458
232 237 313 278 140
882 250 1034 275 NOTAE
1069 249 1129 273 AD
1165 248 1292 273 VITAs
1817 231 1942 288 [656]

230 350 327 373 num
350 334 589 372 monialium
612 333 763 371 ordinis
786 332 917 371 sancti
942 331 1159 378 Dominici,
1181 338 1229 367 ut
1253 329 1396 368 scribit
1414 331 1648 369 Bernardus
1671 331 1869 369 Guidonis
1900 331 1942 369 in

229 394 398 432 historia
421 393 605 443 ejusdem
628 392 866 430 monasterii
886 392 897 414 1
921 407 927 428 :
954 391 1051 428 Item
1072 404 1178 427 anno
1196 389 1364 427 Domini
1386 389 1674 438 MCCCVIII,
1705 399 1841 441 quarto
1861 390 1940 430 kal.

227 453 436 504 februarii,
464 452 525 489 (lie
551 451 749 499 mercurii,
778 450 962 488 dominus
989 449 1168 487 Clemens
1194 463 1304 499 papa
1335 449 1369 486 V
1393 449 1538 487 vadens
1572 450 1683 500 apud
1701 449 1943 488 Avinionem

229 515 355 550 locum
378 512 484 549 curie
507 511 745 548 destinatum
766 510 938 547 secunda
960 509 1039 546 vice
1059 508 1140 557 suit
1162 508 1205 545 in
1228 508 1462 546 monasterio
1484 509 1690 557 Pruliani,
1713 517 1748 547 et
1768 508 1944 559 sequenti

230 573 291 609 ‹lzfe
314 571 416 621 jovis
443 570 604 608 intravit
628 571 843 608 claustrum
863 577 897 606 et
917 568 1139 618 capitulum
1156 572 1334 605 sororum
1353 582 1441 605 eum
1462 566 1633 618 quinque
1654 568 1943 616 cardinalibus,

232 632 330 668 inter
351 644 444 680 quos
465 638 545 667 erat,
565 629 751 666 dominus
769 628 890 677 frater
910 628 952 665 N
956 627 1131 665 icholaus
1152 627 1196 664 de
1216 627 1337 664 Prato
1357 627 1568 678 episcopus
1588 628 1631 665 H
1633 627 1830 676 ostiensis,
1854 627 1945 665 item

230 690 551 739 archiepiscopus
581 687 904 736 Hothomagensis
930 695 964 724 et
989 686 1199 737 episcopus
1222 686 1483 734 Tholosanus,
1511 687 1626 724 umbo
1648 695 1805 737 nepotes
1825 701 1941 738 pape.

232 750 335 787 Octo
361 748 585 786 cardinales
611 761 703 785 cum
727 761 836 796 papa
860 746 983 784 fuisse
1008 760 1100 783 cum
1124 745 1247 784 rediit
1270 745 1323 783 ad
1347 745 1801 796 Montempessulanum
1824 746 1945 785 docet

234 810 376 846 Petrus
398 807 610 853 Gariellus,
632 821 669 856 p.
691 806 779 844 426.

286 868 327 904 P.
355 866 416 913 65,
442 866 508 915 lig.
534 866 595 903 31.
623 865 688 902 An
716 879 859 902 SEDEM
886 864 922 903 S.
948 864 1205 901 BERTRANDI
1230 864 1314 902 sive
1339 864 1484 903 urbem
1509 865 1797 903 Convenarum
1821 865 1945 915 vulgo

232 926 425 974 Comenge
444 926 469 964 2.
493 925 595 963 Vide
618 924 840 962 Odoricum
863 923 1143 973 Raynaldum,
1165 937 1230 962 an.
1255 923 1369 971 1039,
1399 923 1415 972 ἓ
1437 923 1472 962 2.

285 986 327 1023 P.
348 985 410 1032 67,
428 984 493 1034 lig.
514 984 548 1022 9.
571 984 652 1021 EPs
683 984 1009 1031 RUTHENENSIS,
1037 983 1182 1021 Petrus
1210 982 1258 1021 de
1286 983 1414 1021 Plana
1442 983 1660 1033 Cassagna,
1696 983 1766 1033 qui
1800 991 1945 1034 postea

233 1045 310 1082 fuit
335 1044 460 1082 etiam
486 1043 721 1093 patriarcha
749 1042 1162 1091 Hierosolymitanus.
1191 1042 1293 1080 Vide
1319 1042 1611 1092 Waddingum,
1638 1057 1704 1082 an.
1726 1042 1840 1091 1309,
1865 1043 1882 1091 ἓ
1909 1043 1944 1091 1,

242 1104 285 1153 [t.
311 1117 364 1149 v,1
387 1117 425 1153 p.
451 1102 548 1152 150]
574 1110 614 1140 et
637 1102 858 1140 Odoricum
883 1101 1161 1150 Raynaldum,
1184 1115 1250 1141 an.
1273 1101 1387 1149 1309,
1416 1101 1504 1150 §33
1520 1110 1561 1140 et
1582 1116 1656 1152 sq.,
1677 1110 1718 1141 et
1739 1116 1804 1141 an.
1830 1102 1945 1150 1314,

236 1164 252 1207 ξ
275 1162 320 1200 12
340 1163 366 1200 3.
391 1162 550 1199 Extat
540 1176 583 1199 ln
602 1169 715 1199 tomo
737 1176 806 1198 V111
828 1161 1038 1211 Spicz'legii
1055 1160 1313 1208 Dacheriani,
1340 1175 1379 1211 p.
1409 1161 1498 1209 276,
1520 1161 1693 1211 epistola
1718 1161 1805 1212 eJus
1826 1176 1947 1211 ency-

230 1213 328 1261 elica
349 1222 396 1259 de
418 1220 599 1259 subsidio
616 1221 763 1258 Terrae
785 1222 972 1267 Sanctae,
992 1220 1034 1257 in
1050 1219 1166 1269 cujus
1183 1220 1528 1271 superscriptione
1543 1235 1615 1271 per
1634 1235 1811 1260 errorem
1825 1235 1946 1259 voca-

231 1290 298 1319 tur
326 1280 554 1319 cardinalis.
585 1279 700 1317 Obiit
719 1281 735 1303 4
759 1287 900 1318 autem
931 1279 973 1317 in
999 1279 1099 1317 urbe
1129 1279 1387 1318 Ruthenensi
1413 1294 1521 1318 anno
1550 1280 1854 1328 MCCCXVIII,
1883 1280 1947 1319 die

231 1348 347 1378 sexta
373 1339 582 1387 februarii,
609 1347 650 1377 et
675 1339 860 1389 sepultus
887 1346 948 1377 est
971 1339 1015 1376 in
1040 1339 1187 1377 sacello
1213 1339 1404 1377 ecclesiae
1431 1339 1678 1378 cathedralis
1705 1340 1816 1390 quod
1842 1339 1947 1378 dice-

231 1400 354 1437 batur
378 1399 415 1437 S.
443 1398 572 1446 Pauli,
597 1412 706 1436 nunc
733 1412 830 1436 vero
862 1406 923 1436 est
953 1397 1151 1436 sacristia.
1180 1398 1369 1436 Habetur
1394 1398 1436 1436 in
1460 1398 1628 1437 archivo
1651 1399 1761 1449 regio
1786 1399 1912 1438 Paris.
1933 1399 1949 1423 5

231 1459 403 1508 epistola
429 1458 648 1496 Clementis
673 1457 708 1495 V
733 1457 832 1495 data
857 1458 1040 1505 Tolosae,
1068 1472 1137 1494 vm
1161 1457 1252 1495 idus
1275 1457 1455 1507 januarii
1478 1472 1587 1496 anno
1612 1466 1761 1508 quarto
1797 1458 1836 1509 [6
1858 1458 1948 1508 J'an'-

232 1518 316 1555 vier
338 1516 478 1567 1309],
499 1517 541 1554 in
562 1531 644 1566 qua
665 1517 848 1564 Petrum,
871 1517 1108 1567 episcopum
1135 1516 1458 1564 Ruthenensern,
1479 1517 1662 1567 legatum
1686 1517 1948 1568 Apostolicae

233 1576 358 1624 Sedis,
380 1584 420 1614 et
444 1576 655 1614 ecclesiam
679 1576 765 1626 ejus
791 1576 907 1614 enixe
933 1576 1196 1614 commendat
1218 1576 1406 1627 Philippo
1429 1576 1496 1624 IV,
1521 1577 1604 1626 regi
1629 1577 1892 1616 Francorum.

286 1637 327 1674 P.
357 1635 418 1683 68,
446 1636 511 1685 lig.
553 1635 587 1674 2.
626 1635 898 1673 VICTUALIUM
937 1649 1139 1674 CARISTIA.
1179 1635 1238 1674 De
1273 1635 1350 1673 hac
1384 1636 1473 1686 ipsa
1513 1636 1751 1675 calamitate
1785 1637 1949 1675 locutus

232 1710 316 1733 esse
341 1694 506 1733 videtur
531 1695 689 1744 Gaspar
711 1694 933 1733 Bruschius
957 1695 1000 1732 in
1022 1695 1209 1744 Catalogo
1227 1694 1417 1733 abbatum
1441 1695 1856 1745 Campidonensiumss
1878 1696 1950 1734 ubi

232 1755 280 1792 de
311 1754 582 1791 Hardmanno
611 1754 841 1792 Schneeller
869 1768 891 1791 a
931 1754 1071 1793 Rauns
1100 1768 1223 1804 agens
1260 1754 1320 1792 ita
1348 1754 1491 1792 scribit
1520 1770 1528 1792 :
1558 1754 1719 1793 Cibavit
1745 1764 1779 1793 et
1808 1756 1878 1793 iste
1907 1756 1950 1793 in

233 1827 379 1862 magna
397 1813 586 1850 charistia
605 1821 709 1850 cocta
727 1814 834 1863 pulte
852 1814 1026 1862 singulis
1045 1813 1184 1851 diebus
1202 1828 1328 1864 supra
1347 1822 1501 1852 centum
1530 1829 1727 1864 pauperes
1747 1815 1951 1865 utriusque

232 1887 359 1910 sexus.

287 1932 329 1970 P.
353 1931 415 1978 69,
437 1931 502 1981 lig.
537 1931 597 1970 11.
632 1931 821 1969 RECEPIT
853 1946 1058 1969 CORONAM
1091 1946 1308 1970 FERREAM.
1342 1932 1536 1982 Episcopi
1564 1940 1606 1971 et
1635 1941 1850 1983 magnates
1881 1933 1952 1984 qui

233 1991 510 2029 interfuerunt
522 1998 786 2029 recensentur
800 1991 842 2028 in
858 1991 987 2029 veteri
1002 1991 1282 2031 instrumento
1295 1991 1405 2041 quod
1420 1991 1463 2029 in
1474 1991 1663 2041 Catalogo
1674 1992 1952 2043 episcoporum

240 2049 557 2097 Vercellensium,
581 2063 621 2100 p.
648 2049 737 2097 200,
764 2050 894 2088 edidit
918 2050 1152 2100 Stephanus
1178 2050 1392 2101 episcopus
1418 2059 1459 2089 et
1485 2050 1571 2101 ipse
1596 2051 1952 2100 Vercellensis‚·ex

236 2123 316 2158 quo
341 2109 409 2146 alii
435 2108 581 2147 deinde
605 2117 865 2159 acceperunt.

292 2168 333 2205 P.
367 2168 428 2215 69,
468 2168 534 2218 lig.
578 2168 638 2206 13.
687 2169 734 2205 ΙΝ
779 2170 1022 2208 MODOETIA.
1065 2168 1167 2207 Vide
1210 2168 1472 2207 Albertinum
1515 2169 1760 2218 Mussatum,
1803 2171 1872 2209 lib.
1921 2171 1953 2218 I,

236 2228 294 2263 De
323 2226 440 2276 gestis
467 2227 635 2264 Henrici
668 2227 767 2275 VII,
798 2242 885 2278 cap.
917 2242 974 2265 ΧΠ
1014 2228 1243 2278 [Muratori,
1273 2236 1302 2267 t.
1331 2243 1390 2276 IX,
1420 2229 1493 2267 col.
1524 2228 1623 2279 338]
1655 2237 1696 2267 et
1725 2230 1954 2280 Josephum

243 2286 569 2335 Ripamontium,
592 2300 677 2336 par.
706 2287 758 2334 ΙΙ,
781 2287 888 2325 Hist.
912 2287 1074 2325 Ecclesi.
1099 2287 1336 2336 Mediolon„
1358 2302 1397 2338 p.
1421 2287 1509 2326 476.

295 2345 337 2382 Ρ.
381 2344 442 2391 69,
484 2345 549 2395 lig.
597 2345 656 2384 16.
703 2346 1037 2384 CREMONENSES.
1083 2346 1260 2394 Quidam
1304 2346 1461 2386 codices
1505 2347 1663 2386 habent
1705 2348 1954 2387 Parmense&

249 2403 505 2442 Retinuimus
526 2412 667 2442 tamen
688 2404 811 2442 aliam
831 2405 1063 2452 lectionem,
1086 2405 1181 2455 quia
1203 2405 1440 2444 Albertinus
1462 2406 1670 2445 Mussatus
1690 2407 1809 2457 plura
1828 2407 1957 2446 habet

294 2537 324 2568 1.
356 2536 552 2576 Toulouse,
580 2549 646 2570 ms.
675 2537 756 2577 490,
783 2538 807 2571 f.
835 2532 904 2572 108
929 2542 980 2571 v0.

296 2590 325 2621 2.
358 2589 517 2622 Clement
549 2589 587 2630 V,
610 2602 644 2623 n.
666 2591 771 2624 3994.

295 2644 326 2674 3.
345 2642 503 2675 clement
521 2643 562 2683 V,
580 2655 613 2676 n.
630 2644 723 2677 4392
743 2644 873 2687 (bulles
890 2645 940 2676 du
956 2645 1023 2677 20
1013 2645 1095 2687 Juin
1109 2644 1231 2689 1309),
1247 2656 1282 2678 n.
1298 2645 1507 2678 4496—4516
1525 2644 1582 2688 (15
1596 2646 1810 2688 septembre
1825 2646 1955 2690 1309),
1947 2659 1954 2666 ·

253 2695 328 2727 voir
346 2707 379 2728 n
399 2696 503 2735 3753
523 2697 628 2736 3822,
647 2698 740 2730 3852
758 2703 796 2730 et
812 2698 917 2737 3853,
937 2698 1043 2737 3975,
1061 2698 1167 2731 4459.

298 2748 329 2780 si.
360 2749 434 2780 Son
454 2755 489 2781 t«
495 2755 662 2782 stament
685 2750 741 2792 (13
761 2750 884 2793 juillet
903 2751 1009 2794 1317)
1034 2762 1055 2783 a
1075 2752 1133 2784 ete
1154 2750 1280 2794 publie
1300 2762 1368 2794 par
1388 2750 1427 2783 P.
1451 2749 1596 2783 Calmet
1616 2751 1709 2784 dans
1728 2751 1896 2786 Annales
1915 2753 1957 2787 de

250 2802 372 2833 Saint-
376 2801 405 2833 Ι
409 2813 489 2834 oms
506 2803 564 2834 des
581 2802 772 2843 Francais,
791 2809 816 2836 t.
834 2815 845 2836 1
867 2803 1000 2847 (1897),
1020 2815 1054 2847 p.
1073 2804 1159 2837 495-
1163 2804 1243 2837 503.

301 2855 330 2886 5.
362 2855 509 2893 lmluzo,
528 2862 554 2888 t.
571 2867 621 2895 111,
636 2867 670 2898 p.
689 2856 757 2889 113
775 2855 885 2898 (bulle
900 2857 949 2889 du
967 2858 986 2890 6
1003 2857 1150 2899 janvier
1165 2855 1286 2900 1309).
1303 2875 1352 2879 —
1367 2855 1438 2889 Sur
1455 2855 1576 2890 Pierre
1594 2857 1638 2890 de
1657 2857 1781 2891 Pleine
1799 2858 1958 2892 Chassa-

253 2918 320 2945 μην
338 2907 416 2938 voir
432 2907 472 2939 G.
492 2908 738 2948 (30111b0vich,
756 2909 832 2941 Fra
845 2909 966 2942 Pietro
981 2911 1027 2943 da
1040 2909 1415 2952 Pleine-Chassaigne
1428 2908 1468 2942 O.
1485 2909 1528 2942 F.
1546 2909 1615 2950 M.,
1632 2910 1746 2953 legato
1759 2912 1955 2955 apostolico

255 2961 293 2991 in
311 2960 453 2991 Oriente
468 2971 484 2992 c
511 2962 718 3003 patriarcha
743 2961 780 2994 di
802 2962 1066 2995 Gerusalemme
1086 2961 1316 3006 (1309-1319)
1338 2963 1430 2995 dans
1446 2962 1648 2996 Arcltivum
1663 2963 1957 2999 Franciscanum

255 3012 475 3051 historicum,
496 3020 520 3044 1.
541 3025 580 3045 xx
604 3014 736 3057 (1916),
757 3026 791 3057 p.
812 3015 938 3055 51-903
958 3015 1079 3055 Vidal‚
1100 3015 1231 3055 Closes,
1252 3027 1286 3048 n.
1306 3015 1387 3049 448.

305 3064 335 3097 6.
362 3065 680 3106 s'llozmstcriorztm,
705 3066 728 3100 f.
753 3068 797 3100 32
820 3071 863 3101 10.
886 3087 935 3090 ———
956 3068 1026 3101 Sur
1048 3069 1097 3101 lcs
1120 3067 1359 3111 intemperies
1382 3073 1420 3101 et
1441 3068 1476 3101 la
1498 3068 1637 3102 famine
1661 3070 1725 3113 qui
1747 3070 1956 3115 affligerent

255 3116 285 3148 lc:
308 3117 535 3150 Toulousain
560 3119 637 3151 voir
657 3120 818 3153 Histoire
839 3121 879 3153 de
898 3121 1126 3164 Languedoc,
1149 3127 1174 3154 t.
1196 3133 1249 3161 1x,
1272 3133 1306 3164 p.
1329 3121 1411 3155 324.
