2083 3458
279 233 359 274 804
984 245 1135 270 NOTAE
1170 245 1230 269 AD
1265 246 1393 271 vlTAs
1832 232 1984 287 [1285]

280 332 424 370 Petrus
462 329 732 381 Hispalensis,
756 330 936 367 Joannes
973 328 1187 379 episcopus
1225 329 1488 379 Seguntinus,
1525 330 1718 368 Alfonsus
1755 329 1988 377 Abulensis,

280 391 460 429 Joannes
493 388 747 436 Giennensis‚
781 388 1020 426 Fernandus
1054 388 1331 438 Legionensis,
1364 390 1509 427 Petrus
1542 389 1590 427 de
1623 390 1754 439 Ayala
1785 389 1914 437 miles,
1947 397 1988 427 et

280 449 524 488 duonuntii
548 447 871 487 Bartholomaei.
900 448 1049 486 Postea
1077 447 1324 486 describitur
1351 463 1466 499 casus
1492 448 1577 487 sive
1600 449 1760 488 factum
1782 463 1926 488 verum
1947 457 1988 486 et

280 523 491 560 processus
525 506 796 559 promotionis
835 506 1008 555 Urbani,
1042 506 1143 545 illud
1176 507 1313 558 ipsum
1347 508 1543 546 nimirum
1587 509 1698 559 quod
1733 508 1891 546 editum
1927 516 1989 546 est

280 569 391 619 apud
423 568 647 607 Odoricum
679 566 959 616 Raynaldum,
989 581 1097 604 anno
1129 567 1245 615 1378,
1282 568 1298 616 ἓ
1329 568 1390 606 73.

338 628 438 679 [Fol.
460 627 508 665 15
528 634 572 665 v0
586 649 598 654 -
615 627 661 665 17
678 625 737 676 v0]
759 626 831 664 Die
850 641 970 664 xxvn
987 626 1132 664 Petrus
1154 626 1371 665 cardinalis
1389 627 1437 665 de
1456 628 1571 665 Luna
1588 627 1734 665 attulit
1750 627 1791 665 in
1806 627 1990 665 medium

281 702 409 725 unum
438 695 688 737 quaternum
716 685 863 736 papyri
891 700 963 724 sex
990 685 1196 734 foliorum,
1223 686 1511 737 praesentibus
1539 701 1630 737 rege
1660 687 1836 734 Joanne‚
1866 687 1988 725 Petro

282 746 588 797 archiepiscopo
614 746 828 792 Toletano,
854 753 896 783 et
921 745 1044 783 Petro
1072 745 1320 796 Hispalensi,
1349 747 1508 785 Joanne
1534 746 1726 797 episcopo
1747 745 1990 796 Seguntino,

283 815 323 845 et
354 807 475 844 Petro
506 804 780 853 Tirasonensi,
812 805 934 843 Petro
966 804 1173 843 Fernandi
1203 805 1250 843 de
1282 805 1452 844 Velasco
1490 805 1715 844 camerario
1746 805 1916 855 majore,
1948 814 1988 843 et

286 866 441 904 Didaco
472 865 577 915 Lupi
607 865 656 903 de
688 864 929 914 Astunenga
960 864 1212 903 cubiculario
1243 864 1344 903 dicti
1372 865 1489 915 regis.
1515 866 1671 904 Eodem
1700 874 1886 916 tempore
1917 879 1988 903 rex

284 925 421 963 afferri
451 924 574 975 jussit
606 923 825 975 epistolam
860 938 985 974 quam
1018 924 1203 962 Clemens
1238 924 1318 962 VII
1351 925 1403 962 ad
1437 939 1532 963 eum
1563 925 1783 975 scripserat
1816 940 1870 962 vn
1905 924 1987 963 kal.

283 985 387 1035 junii
416 984 482 1035 [26
500 984 599 1034 mai]
620 998 728 1021 anno
748 983 928 1022 secundo
951 983 1102 1033 [1380]
1120 984 1305 1023 Primum
1324 984 1429 1023 lecta
1458 993 1519 1022 est
1538 984 1713 1035 epistola
1734 984 1817 1032 illa,
1841 983 1987 1022 deinde

285 1059 400 1083 casus
431 1043 715 1091 cardinalium,
746 1043 815 1092 qui
843 1042 1136 1081 continebatur
1164 1043 1205 1081 in
1234 1043 1344 1082 dicto
1374 1052 1590 1094 quaterno.
1624 1043 1774 1094 Incipit
1811 1052 1952 1082 autem
1981 1059 1989 1081 z

287 1104 390 1142 Cum
424 1111 582 1154 propter
613 1104 760 1152 falsam
795 1102 1063 1141 assertionem.
1104 1103 1251 1141 Editus
1288 1111 1350 1141 est
1386 1103 1427 1141 in
1462 1112 1577 1141 tomo
1607 1112 1756 1154 quarto
1785 1103 1992 1140 Historiae

292 1163 571 1201 Universitatis
602 1163 863 1209 parisiensis,
895 1177 934 1212 p.
967 1162 1057 1200 468.

350 1222 451 1272 [Fol.
487 1223 534 1260 17
567 1222 701 1260 v0-2O
734 1221 793 1271 VO]
822 1221 1016 1272 Sequitur
1047 1221 1276 1272 propositio
1309 1237 1380 1260 seu
1412 1222 1557 1261 relatio
1592 1237 1717 1273 quam
1751 1222 1814 1261 die
1841 1230 1990 1272 quarta

286 1282 435 1321 mensis
469 1281 694 1320 decembris
729 1280 919 1320 dominus
957 1281 1180 1320 Rodericus
1213 1281 1413 1320 Bernardi
1450 1282 1586 1332 jussus
1628 1297 1700 1333 per
1731 1281 1993 1333 praedictum

287 1341 502 1379 dominum
522 1355 659 1392 regem
681 1341 881 1379 Castellae
905 1340 981 1379 sibi
1003 1349 1044 1379 et
1065 1341 1106 1378 in
1128 1341 1309 1392 hospitio
1331 1356 1404 1379 suo
1428 1341 1525 1380 fecit
1545 1341 1587 1379 in
1608 1341 1842 1392 praesentia
1866 1342 1990 1380 Joan-

287 1401 346 1439 nis
374 1400 554 1451 episcopi
581 1400 796 1451 Seguntini
823 1408 864 1439 et
890 1400 1032 1438 Alvari
1059 1400 1240 1447 Martini,
1268 1401 1446 1439 doctoris
1473 1401 1514 1438 in
1539 1401 1696 1451 legibus
1724 1409 1764 1439 et
1789 1400 1992 1440 licentiati

287 1460 327 1498 in
344 1460 584 1508 canonibus,
598 1460 646 1499 de
659 1460 719 1498 his
738 1474 842 1510 quae
859 1460 1093 1499 cumfratre
1110 1460 1340 1508 Fernando,
1356 1460 1507 1499 ordinis
1524 1461 1746 1508 Minorum,
1760 1460 1990 1499 confessore

286 1520 408 1569 regio,
444 1528 583 1570 egerat
617 1520 729 1571 apud
767 1520 943 1559 Romam
977 1528 1019 1558 et
1054 1519 1323 1559 Avenionem.
1362 1520 1517 1559 Deinde
1553 1521 1765 1571 praefatus
1802 1519 1992 1558 dominus

292 1579 515 1618 Rodericus
531 1579 730 1617 Bernardi
751 1579 895 1617 statim
916 1579 1069 1618 ibidem
1091 1579 1281 1617 exhibuit
1301 1588 1342 1618 et
1357 1579 1532 1618 tradidit
1552 1580 1594 1617 in
1615 1579 1777 1631 scriptis
1803 1580 1992 1630 praefato

289 1639 456 1678 domino
475 1653 569 1689 rego
585 1639 695 1677 dicta
715 1639 887 1677 testium
900 1654 972 1690 per
991 1653 1081 1677 eum
1103 1647 1143 1678 et
1163 1639 1249 1689 ejus
1267 1639 1396 1678 socios
1415 1639 1722 1678 ambaxiatores
1738 1639 1883 1689 regios,
1903 1647 1990 1676 tam

289 1697 491 1736 Avenioni
519 1713 644 1748 quam
674 1699 830 1737 Romae
857 1699 933 1737 sub
954 1698 1204 1737 sacramenti
1229 1699 1511 1749 praestatione
1535 1699 1680 1737 habita
1708 1707 1749 1738 et
1775 1707 1954 1749 recepta.

352 1757 453 1807 [Fol.
478 1757 527 1796 20
550 1757 609 1807 νῦ]
636 1758 874 1808 Sequuntur
897 1758 1064 1798 nomina
1089 1773 1231 1797 eorum
1258 1773 1358 1808 quos
1384 1758 1483 1797 dicti
1514 1758 1820 1797 ambaxiatores
1852 1757 1988 1808 primi-

289 1825 353 1855 tus
383 1817 619 1855 habuerunt
648 1826 689 1855 et
719 1817 1064 1856 examinaverunt
1093 1818 1205 1868 apud
1236 1818 1491 1857 Avenionem
1523 1834 1530 1855 z
1562 1818 1778 1857 cardinalis
1806 1816 1990 1856 Lemovi-

288 1876 431 1924 censis,
451 1876 668 1915 cardinalis
686 1877 826 1916 Sancti
847 1877 1074 1924 Eustachii,
1092 1877 1308 1915 cardinalis
1332 1877 1594 1925 Vivariensis,
1615 1877 1831 1916 cardinalis
1852 1876 1992 1915 Sancti

289 1935 445 1985 Angeli,
478 1936 694 1974 cardinalis
729 1936 1150 1986 Majorismonasterii,
1178 1937 1394 1975 cardinalis
1421 1938 1468 1975 de
1502 1937 1664 1985 Vernio,
1693 1935 1925 1975 cardinalis.
1943 1936 1992 1973 de

287 1995 516 2043 Britannia,
568 1995 784 2034 cardinalis
837 1996 1096 2043 Cuseiitinus,
1129 1996 1346 2034 cardinalis
1399 1996 1739 2047 Pampilonensis‚
1774 1995 1991 2035 cardinalis

290 2054 594 2103 Glandatensis,
618 2055 853 2105 patriarcha
880 2055 1378 2106 Constantinopolitanus,
1402 2056 1645 2096 camerarius
1668 2055 1836 2094 secundi
1860 2054 1992 2101 electi,

290 2114 617 2164 archiepiscopus
635 2114 946 2165 Neapolitanus,
965 2115 1179 2165 episcopus
1198 2115 1498 2162 Cathaniensis,
1515 2115 1728 2166 episcopus
1749 2114 1991 2153 Valentinus

290 2172 385 2210 olim
422 2173 697 2221 Marsiliensis‚
734 2174 947 2224 episcopus
987 2174 1216 2222 Firmanus,
1253 2174 1467 2225 episcopus
1506 2174 1750 2222 Grassensis,
1796 2172 1992 2224 generalis

291 2232 508 2279 Minorum,
544 2233 718 2272 Poncius
752 2234 930 2281 Beraldi,
966 2233 1187 2281 Gilbertus,
1223 2235 1402 2272 Joannes
1439 2235 1486 2272 de
1519 2234 1640 2281 Baro,
1673 2233 1908 2272 Bonifacius
1943 2233 1991 2270 de

290 2292 520 2339 Amanatis,
538 2292 729 2342 Aegidius
745 2293 973 2341 Bellemeri,
993 2293 1121 2332 frater
1142 2293 1334 2332 Nicolaus
1355 2293 1574 2343 Aymerici‚
1593 2293 1726 2332 Guido
1749 2293 1797 2331 de
1816 2291 1991 2339 Pruinis,

288 2350 420 2388 Bindo
456 2351 565 2401 prior
602 2352 862 2400 Sanctorum,
889 2353 1033 2391 Petrus
1074 2352 1287 2402 Rostagni‚
1319 2354 1498 2391 Joannes
1537 2353 1585 2391 de
1620 2353 1775 2400 Lodon,
1813 2353 1990 2389 Thomas

290 2410 454 2448 auditor
485 2411 639 2448 domini
670 2411 1000 2460 Mediolanensis,
1029 2412 1262 2450 Bernardus
1294 2412 1342 2450 de
1374 2412 1631 2460 Virididuno,
1663 2412 1789 2450 frater
1817 2411 1989 2449 Bartho-

288 2469 469 2507 lomaeus
499 2479 742 2520 procurator
773 2471 924 2509 ordinis
956 2471 1283 2510 Carmelitarum.

343 2528 518 2567 Nomina
547 2544 642 2567 vero
671 2545 812 2569 eorum
841 2530 911 2581 qui
937 2530 1064 2580 jurati
1092 2545 1138 2569 ac
1167 2530 1393 2569 examinati
1414 2546 1485 2581 per
1521 2530 1651 2569 dictos
1685 2529 1990 2569 ambaxiatores

289 2587 566 2636 deposuerunt
593 2589 704 2638 apud
734 2590 910 2629 Romam
937 2599 1033 2628 sunt
1059 2591 1159 2628 haec
1189 2606 1195 2627 :
1226 2590 1387 2628 Nardus
1418 2589 1721 2640 apothecarius,
1750 2588 1990 2627 Guillelmus

289 2645 336 2682 de
358 2647 488 2693 Bulla,
512 2647 554 2685 P.
578 2648 788 2695 Albucius,
810 2650 989 2687 Joannes
1010 2650 1057 2687 de
1078 2649 1376 2699 Paparonibus,
1395 2650 1573 2687 Joannes
1588 2648 1792 2696 Bolcardi‚
1810 2648 1990 2686 Jacobus

292 2704 456 2751 Palucii,
479 2707 681 2744 Antonius
703 2708 750 2745 de
774 2709 974 2757 Augusta,
997 2709 1163 2747 Alexius
1185 2708 1310 2756 Petri,
1333 2708 1571 2747 Franciscus
1593 2708 1641 2746 de
1670 2709 1787 2755 Fara,
1809 2706 1991 2745 Jacobus

289 2764 547 2812 camerarius,
576 2766 719 2804 Petrus
747 2767 794 2804 de
822 2767 975 2815 Surdis,
1004 2768 1245 2806 Guillelmus
1272 2769 1417 2815 Tenor,
1444 2767 1648 2805 Walterus
1675 2767 1722 2805 de
1750 2765 1989 2816 Argentina,

288 2821 458 2859 Burs-ius
481 2824 603 2871 Petri,
627 2826 826 2864 Henricus
848 2826 894 2864 de
913 2827 1045 2873 Buda,
1068 2828 1247 2865 Joannes
1268 2827 1316 2865 de
1337 2826 1570 2877 Papazaris,
1593 2826 1745 2864 Fredus
1766 2826 1814 2863 de
1834 2824 1988 2871 Canali,

292 2881 420 2916 les-llus·
440 2882 724 2931 Magdalenus3
743 2885 841 2922 item
861 2886 1077 2924 cardinalis
1097 2887 1144 2924 de
1164 2886 1306 2933 Pavia,
1324 2885 1541 2924 cardinalis
1561 2884 1850 2931 Sistaricensis,
1863 2884 1989 2922 frater

292 2938 479 2976 Ni‹·olaus
505 2942 734 2990 cardinalis,
759 2944 972 2995 episcopus
996 2945 1261 2992 Tudertinus,
1285 2945 1499 2995 episcopus
1517 2944 1755 2990 Castrensis,
1775 2943 1989 2994 episcopus

292 2997 503 3045 Reatinus,
537 3000 749 3051 ‹misr-cquis
786 3004 1021 3051 Lucerinus,
1057 3005 1183 3042 frater
1215 3004 1490 3053 -Raymundus
1525 3004 1573 3042 de
1607 3004 1761 3053 Capua,
1797 3002 1988 3040 Nicolaus

290 3056 335 3092 ds·
374 3057 538 3104 Ursinis,
568 3061 799 3098 Bornardus
830 3062 878 3100 (le
909 3063 1111 3110 Cucurno,
1142 3064 1320 3101 Thomas
1352 3064 1487 3101 Petra.

343 3115 444 3163 [Fol.
480 3117 527 3153 '20
561 3120 687 3156 xf‘O-'ll
723 3121 781 3169 VO]
821 3122 891 3159 Die
924 3131 1039 3159 sexta
1075 3122 1315 3169 decembris,
1350 3136 1454 3172 quae
1490 3121 1567 3159 fuit
1615 3120 1820 3159 festivitas
1856 3118 1988 3158 sancti
