<?xml version="1.0" encoding="UTF-8"?>
<!DOCTYPE html PUBLIC "-//W3C//DTD XHTML 1.0 Transitional//EN"
    "http://www.w3.org/TR/xhtml1/DTD/xhtml1-transitional.dtd">
<html xmlns="http://www.w3.org/1999/xhtml" xml:lang="en" lang="en">
 <head>
  <title>
</title>
<meta http-equiv="Content-Type" content="text/html;charset=utf-8" />
  <meta name='ocr-system' content='tesseract 3.04.00' />
  <meta name='ocr-capabilities' content='ocr_page ocr_carea ocr_par ocr_line ocrx_word'/>
</head>
<body>
  <div class='ocr_page' id='page_1' title='image "./vitaepaparumaven02balu_0322.png"; bbox 0 0 2083 3458; ppageno 0'>
   <div class='ocr_carea' id='block_1_1' title="bbox 262 240 1969 297">
    <p class='ocr_par' dir='ltr' id='par_1_1' title="bbox 262 240 1969 297">
     <span class='ocr_line' id='line_1_1' title="bbox 262 240 1969 297; baseline 0.001 -17"><span class='ocrx_word' id='word_1_1' title='bbox 262 240 344 280; x_wconf 83' lang='grc'>312</span> <span class='ocrx_word' id='word_1_2' title='bbox 912 254 1064 280; x_wconf 80' lang='lat' dir='ltr'><strong>NOTAE</strong></span> <span class='ocrx_word' id='word_1_3' title='bbox 1098 255 1158 279; x_wconf 84' lang='lat' dir='ltr'>AD</span> <span class='ocrx_word' id='word_1_4' title='bbox 1193 254 1321 280; x_wconf 73' lang='lat' dir='ltr'>vers</span> <span class='ocrx_word' id='word_1_5' title='bbox 1843 240 1969 297; x_wconf 83' lang='lat'>[809]</span> 
     </span>
    </p>
   </div>
   <div class='ocr_carea' id='block_1_2' title="bbox 251 338 1978 2404">
    <p class='ocr_par' dir='ltr' id='par_1_2' title="bbox 257 338 1974 980">
     <span class='ocr_line' id='line_1_2' title="bbox 263 338 1972 390; baseline 0 -12"><span class='ocrx_word' id='word_1_6' title='bbox 263 341 363 390; x_wconf 75' lang='lat' dir='ltr'>quod</span> <span class='ocrx_word' id='word_1_7' title='bbox 398 340 557 377; x_wconf 77' lang='lat' dir='ltr'><em>Tolosae</em></span> <span class='ocrx_word' id='word_1_8' title='bbox 585 339 723 388; x_wconf 70' lang='lat' dir='ltr'>floruit</span> <span class='ocrx_word' id='word_1_9' title='bbox 760 338 999 376; x_wconf 82' lang='lat' dir='ltr'>Guillermus</span> <span class='ocrx_word' id='word_1_10' title='bbox 1030 338 1074 375; x_wconf 81' lang='lat' dir='ltr'>de</span> <span class='ocrx_word' id='word_1_11' title='bbox 1105 338 1435 387; x_wconf 84' lang='lat' dir='ltr'>Montelauduno,</span> <span class='ocrx_word' id='word_1_12' title='bbox 1467 339 1591 377; x_wconf 86' lang='lat' dir='ltr'>abbas</span> <span class='ocrx_word' id='word_1_13' title='bbox 1622 340 1850 378; x_wconf 84' lang='lat' dir='ltr'>monasterii</span> <span class='ocrx_word' id='word_1_14' title='bbox 1882 340 1972 379; x_wconf 68' lang='lat' dir='ltr'>novi</span> 
     </span>
     <span class='ocr_line' id='line_1_3' title="bbox 263 397 1974 446; baseline 0.001 -10"><span class='ocrx_word' id='word_1_15' title='bbox 263 398 509 437; x_wconf 64' lang='lat' dir='ltr'>pictavensis</span> <span class='ocrx_word' id='word_1_16' title='bbox 545 406 579 436; x_wconf 86' lang='lat' dir='ltr'>et</span> <span class='ocrx_word' id='word_1_17' title='bbox 615 398 850 436; x_wconf 81' lang='lat' dir='ltr'>decretorum</span> <span class='ocrx_word' id='word_1_18' title='bbox 887 398 1013 435; x_wconf 80' lang='lat' dir='ltr'>doctor</span> <span class='ocrx_word' id='word_1_19' title='bbox 1049 397 1380 446; x_wconf 79' lang='lat' dir='ltr'>elegantissimus.</span> <span class='ocrx_word' id='word_1_20' title='bbox 1421 398 1554 446; x_wconf 80' lang='lat' dir='ltr'>Quare</span> <span class='ocrx_word' id='word_1_21' title='bbox 1591 399 1872 438; x_wconf 88' lang='lat' dir='ltr'>emendandus</span> <span class='ocrx_word' id='word_1_22' title='bbox 1910 407 1974 438; x_wconf 89' lang='lat' dir='ltr'>est</span> 
     </span>
     <span class='ocr_line' id='line_1_4' title="bbox 262 456 1973 508; baseline 0.001 -13"><span class='ocrx_word' id='word_1_23' title='bbox 262 459 453 508; x_wconf 75' lang='lat' dir='ltr'>vulgatus</span> <span class='ocrx_word' id='word_1_24' title='bbox 478 471 499 495; x_wconf 89' lang='lat' dir='ltr'>a</span> <span class='ocrx_word' id='word_1_25' title='bbox 525 456 851 495; x_wconf 86' lang='lat' dir='ltr'>Sammarthanis</span> <span class='ocrx_word' id='word_1_26' title='bbox 876 456 1091 505; x_wconf 82' lang='lat' dir='ltr'>Catalogus</span> <span class='ocrx_word' id='word_1_27' title='bbox 1113 456 1303 494; x_wconf 84' lang='lat' dir='ltr'>abbatum</span> <span class='ocrx_word' id='word_1_28' title='bbox 1325 457 1555 495; x_wconf 88' lang='lat' dir='ltr'>monasterii</span> <span class='ocrx_word' id='word_1_29' title='bbox 1579 458 1668 495; x_wconf 72' lang='lat' dir='ltr'>novi</span> <span class='ocrx_word' id='word_1_30' title='bbox 1691 458 1973 506; x_wconf 72' lang='lat' dir='ltr'>Pictaviensis,</span> 
     </span>
     <span class='ocr_line' id='line_1_5' title="bbox 260 515 1972 567; baseline 0.001 -12"><span class='ocrx_word' id='word_1_31' title='bbox 260 517 301 555; x_wconf 91' lang='lat' dir='ltr'>in</span> <span class='ocrx_word' id='word_1_32' title='bbox 321 531 401 566; x_wconf 89' lang='lat' dir='ltr'>quo</span> <span class='ocrx_word' id='word_1_33' title='bbox 421 516 548 554; x_wconf 86' lang='lat' dir='ltr'>abbas</span> <span class='ocrx_word' id='word_1_34' title='bbox 567 516 643 554; x_wconf 88' lang='lat' dir='ltr'>iste</span> <span class='ocrx_word' id='word_1_35' title='bbox 664 516 886 554; x_wconf 86' lang='lat' dir='ltr'>collocatur</span> <span class='ocrx_word' id='word_1_36' title='bbox 905 515 917 538; x_wconf 72' lang='lat'>¹</span> <span class='ocrx_word' id='word_1_37' title='bbox 937 523 1032 566; x_wconf 91' lang='lat' dir='ltr'>post</span> <span class='ocrx_word' id='word_1_38' title='bbox 1050 529 1206 553; x_wconf 89' lang='lat' dir='ltr'>annum</span> <span class='ocrx_word' id='word_1_39' title='bbox 1224 515 1487 554; x_wconf 88' lang='lat' dir='ltr'>millesimum</span> <span class='ocrx_word' id='word_1_40' title='bbox 1506 516 1972 567; x_wconf 84' lang='lat' dir='ltr'>quadringentesimum.</span> 
     </span>
     <span class='ocr_line' id='line_1_6' title="bbox 265 574 1972 627; baseline 0.001 -14"><span class='ocrx_word' id='word_1_41' title='bbox 265 577 310 614; x_wconf 88' lang='lat' dir='ltr'>In</span> <span class='ocrx_word' id='word_1_42' title='bbox 332 575 502 614; x_wconf 78' lang='lat' dir='ltr'>Statutis&#39;</span> <span class='ocrx_word' id='word_1_43' title='bbox 517 575 531 597; x_wconf 76' lang='lat'>‘2</span> <span class='ocrx_word' id='word_1_44' title='bbox 549 574 773 613; x_wconf 76' lang='lat' dir='ltr'><em>academiae</em></span> <span class='ocrx_word' id='word_1_45' title='bbox 795 574 1014 612; x_wconf 86' lang='lat' dir='ltr'>Tolosanae</span> <span class='ocrx_word' id='word_1_46' title='bbox 1038 574 1158 613; x_wconf 88' lang='lat' dir='ltr'>factis</span> <span class='ocrx_word' id='word_1_47' title='bbox 1179 589 1287 613; x_wconf 90' lang='lat' dir='ltr'>anno</span> <span class='ocrx_word' id='word_1_48' title='bbox 1308 575 1551 614; x_wconf 88' lang='lat' dir='ltr'>MCCCXIV</span> <span class='ocrx_word' id='word_1_49' title='bbox 1570 576 1727 627; x_wconf 84' lang='lat' dir='ltr'>reperio</span> <span class='ocrx_word' id='word_1_50' title='bbox 1757 576 1972 615; x_wconf 89' lang='lat' dir='ltr'>dominum</span> 
     </span>
     <span class='ocr_line' id='line_1_7' title="bbox 259 633 1973 686; baseline 0.001 -14"><span class='ocrx_word' id='word_1_51' title='bbox 259 634 536 673; x_wconf 84' lang='lat' dir='ltr'>Bertrandum</span> <span class='ocrx_word' id='word_1_52' title='bbox 565 634 613 673; x_wconf 89' lang='lat' dir='ltr'>de</span> <span class='ocrx_word' id='word_1_53' title='bbox 644 634 794 672; x_wconf 87' lang='lat' dir='ltr'>Sancto</span> <span class='ocrx_word' id='word_1_54' title='bbox 824 633 1010 681; x_wconf 87' lang='lat' dir='ltr'>Genesio,</span> <span class='ocrx_word' id='word_1_55' title='bbox 1035 633 1296 672; x_wconf 85' lang='lat' dir='ltr'>licentiatum</span> <span class='ocrx_word' id='word_1_56' title='bbox 1323 634 1365 672; x_wconf 89' lang='lat' dir='ltr'>in</span> <span class='ocrx_word' id='word_1_57' title='bbox 1394 643 1570 685; x_wconf 88' lang='lat' dir='ltr'>utroque</span> <span class='ocrx_word' id='word_1_58' title='bbox 1597 635 1699 685; x_wconf 85' lang='lat' dir='ltr'>jure,</span> <span class='ocrx_word' id='word_1_59' title='bbox 1732 635 1801 686; x_wconf 88' lang='lat' dir='ltr'>qui</span> <span class='ocrx_word' id='word_1_60' title='bbox 1829 644 1973 686; x_wconf 86' lang='lat' dir='ltr'>postea</span> 
     </span>
     <span class='ocr_line' id='line_1_8' title="bbox 260 692 1974 746; baseline 0.001 -15"><span class='ocrx_word' id='word_1_61' title='bbox 260 694 339 732; x_wconf 86' lang='lat' dir='ltr'>fuit</span> <span class='ocrx_word' id='word_1_62' title='bbox 366 693 601 743; x_wconf 89' lang='lat' dir='ltr'>patriarcha</span> <span class='ocrx_word' id='word_1_63' title='bbox 631 692 915 743; x_wconf 80' lang='lat' dir='ltr'>Aquileiensis,</span> <span class='ocrx_word' id='word_1_64' title='bbox 943 693 1086 742; x_wconf 81' lang='lat' dir='ltr'>legisse</span> <span class='ocrx_word' id='word_1_65' title='bbox 1122 700 1223 731; x_wconf 90' lang='lat' dir='ltr'>tunc</span> <span class='ocrx_word' id='word_1_66' title='bbox 1251 694 1447 744; x_wconf 88' lang='lat' dir='ltr'>temporis</span> <span class='ocrx_word' id='word_1_67' title='bbox 1484 694 1526 731; x_wconf 89' lang='lat' dir='ltr'>in</span> <span class='ocrx_word' id='word_1_68' title='bbox 1555 694 1767 733; x_wconf 83' lang='lat' dir='ltr'>academia</span> <span class='ocrx_word' id='word_1_69' title='bbox 1801 694 1872 733; x_wconf 88' lang='lat' dir='ltr'>illa</span> <span class='ocrx_word' id='word_1_70' title='bbox 1899 710 1974 746; x_wconf 91' lang='lat' dir='ltr'>pro</span> 
     </span>
     <span class='ocr_line' id='line_1_9' title="bbox 261 752 1973 800; baseline 0.001 -10"><span class='ocrx_word' id='word_1_71' title='bbox 261 752 427 791; x_wconf 87' lang='lat' dir='ltr'>domino</span> <span class='ocrx_word' id='word_1_72' title='bbox 447 752 663 791; x_wconf 90' lang='lat' dir='ltr'>Guillelmo</span> <span class='ocrx_word' id='word_1_73' title='bbox 683 752 731 790; x_wconf 90' lang='lat' dir='ltr'>de</span> <span class='ocrx_word' id='word_1_74' title='bbox 752 752 1091 800; x_wconf 90' lang='lat' dir='ltr'>Montelauduno,</span> <span class='ocrx_word' id='word_1_75' title='bbox 1112 752 1279 791; x_wconf 88' lang='lat' dir='ltr'>doctore</span> <span class='ocrx_word' id='word_1_76' title='bbox 1299 752 1569 792; x_wconf 88' lang='lat' dir='ltr'>decretorum.</span> <span class='ocrx_word' id='word_1_77' title='bbox 1595 753 1789 792; x_wconf 81' lang='lat' dir='ltr'>Interfuit</span> <span class='ocrx_word' id='word_1_78' title='bbox 1808 754 1973 793; x_wconf 91' lang='lat' dir='ltr'>Guillel-</span> 
     </span>
     <span class='ocr_line' id='line_1_10' title="bbox 261 811 1972 863; baseline 0.002 -15"><span class='ocrx_word' id='word_1_79' title='bbox 261 827 349 850; x_wconf 87' lang='lat' dir='ltr'>mus</span> <span class='ocrx_word' id='word_1_80' title='bbox 373 811 627 850; x_wconf 78' lang='lat' dir='ltr'>coronationi</span> <span class='ocrx_word' id='word_1_81' title='bbox 650 811 868 849; x_wconf 89' lang='lat' dir='ltr'>Clementis</span> <span class='ocrx_word' id='word_1_82' title='bbox 891 811 926 849; x_wconf 90' lang='lat' dir='ltr'>V</span> <span class='ocrx_word' id='word_1_83' title='bbox 947 811 1009 849; x_wconf 89' lang='lat' dir='ltr'>uti</span> <span class='ocrx_word' id='word_1_84' title='bbox 1030 825 1166 862; x_wconf 81' lang='lat' dir='ltr'>supra,</span> <span class='ocrx_word' id='word_1_85' title='bbox 1190 826 1228 862; x_wconf 90' lang='lat' dir='ltr'>p.</span> <span class='ocrx_word' id='word_1_86' title='bbox 1253 811 1342 860; x_wconf 87' lang='grc'>624,</span> <span class='ocrx_word' id='word_1_87' title='bbox 1366 812 1525 850; x_wconf 89' lang='lat' dir='ltr'>dictum</span> <span class='ocrx_word' id='word_1_88' title='bbox 1546 821 1619 851; x_wconf 89' lang='lat' dir='ltr'>est.</span> <span class='ocrx_word' id='word_1_89' title='bbox 1643 813 1863 852; x_wconf 88' lang='lat' dir='ltr'>Tractatus</span> <span class='ocrx_word' id='word_1_90' title='bbox 1885 813 1972 863; x_wconf 84' lang='lat' dir='ltr'>ejus</span> 
     </span>
     <span class='ocr_line' id='line_1_11' title="bbox 257 870 1972 921; baseline 0.002 -13"><span class='ocrx_word' id='word_1_91' title='bbox 257 872 316 908; x_wconf 84' lang='lat' dir='ltr'>De</span> <span class='ocrx_word' id='word_1_92' title='bbox 345 870 618 908; x_wconf 75' lang='lat' dir='ltr'>cardinalibus</span> <span class='ocrx_word' id='word_1_93' title='bbox 646 870 842 908; x_wconf 90' lang='lat' dir='ltr'>laudatur</span> <span class='ocrx_word' id='word_1_94' title='bbox 871 870 922 908; x_wconf 93' lang='lat' dir='ltr'>ab</span> <span class='ocrx_word' id='word_1_95' title='bbox 953 870 1124 920; x_wconf 85' lang='lat' dir='ltr'>Aegidio</span> <span class='ocrx_word' id='word_1_96' title='bbox 1154 870 1370 921; x_wconf 83' lang='lat' dir='ltr'>Magistro3</span> <span class='ocrx_word' id='word_1_97' title='bbox 1394 871 1438 910; x_wconf 87' lang='lat' dir='ltr'>in</span> <span class='ocrx_word' id='word_1_98' title='bbox 1470 880 1655 910; x_wconf 88' lang='lat' dir='ltr'>tractatu</span> <span class='ocrx_word' id='word_1_99' title='bbox 1672 872 1733 911; x_wconf 89' lang='lat' dir='ltr'>De</span> <span class='ocrx_word' id='word_1_100' title='bbox 1758 872 1972 921; x_wconf 82' lang='lat' dir='ltr'>regalibus,</span> 
     </span>
     <span class='ocr_line' id='line_1_12' title="bbox 261 937 1405 980; baseline 0.001 -12"><span class='ocrx_word' id='word_1_101' title='bbox 261 945 346 980; x_wconf 81' lang='lat' dir='ltr'>cap.</span> <span class='ocrx_word' id='word_1_102' title='bbox 377 945 443 968; x_wconf 85' lang='lat' dir='ltr'>vn.</span> <span class='ocrx_word' id='word_1_103' title='bbox 1404 937 1405 940; x_wconf 76' lang='grc'>’</span> 
     </span>
    </p>

    <p class='ocr_par' dir='ltr' id='par_1_3' title="bbox 258 989 1974 1221">
     <span class='ocr_line' id='line_1_13' title="bbox 313 989 1973 1040; baseline 0.002 -14"><span class='ocrx_word' id='word_1_104' title='bbox 313 990 354 1028; x_wconf 91' lang='grc' dir='ltr'>Ρ,</span> <span class='ocrx_word' id='word_1_105' title='bbox 387 989 475 1036; x_wconf 84' lang='grc'>205,</span> <span class='ocrx_word' id='word_1_106' title='bbox 503 989 569 1039; x_wconf 77' lang='lat' dir='ltr'>lig.</span> <span class='ocrx_word' id='word_1_107' title='bbox 592 989 627 1027; x_wconf 80' lang='lat'>8.</span> <span class='ocrx_word' id='word_1_108' title='bbox 653 989 794 1027; x_wconf 79' lang='lat' dir='ltr'>SUPER</span> <span class='ocrx_word' id='word_1_109' title='bbox 824 989 1130 1027; x_wconf 85' lang='lat' dir='ltr'>CLEMENTIle.</span> <span class='ocrx_word' id='word_1_110' title='bbox 1151 989 1298 1028; x_wconf 81' lang='lat' dir='ltr'>Editus</span> <span class='ocrx_word' id='word_1_111' title='bbox 1327 998 1389 1028; x_wconf 91' lang='lat' dir='ltr'>est</span> <span class='ocrx_word' id='word_1_112' title='bbox 1416 990 1579 1040; x_wconf 86' lang='lat' dir='ltr'>pluries.</span> <span class='ocrx_word' id='word_1_113' title='bbox 1605 990 1704 1040; x_wconf 86' lang='lat' dir='ltr'>Ejus</span> <span class='ocrx_word' id='word_1_114' title='bbox 1727 998 1868 1029; x_wconf 90' lang='lat' dir='ltr'>autem</span> <span class='ocrx_word' id='word_1_115' title='bbox 1890 991 1973 1029; x_wconf 90' lang='lat' dir='ltr'>duo</span> 
     </span>
     <span class='ocr_line' id='line_1_14' title="bbox 258 1048 1971 1101; baseline 0.001 -16"><span class='ocrx_word' id='word_1_116' title='bbox 258 1056 397 1086; x_wconf 75' lang='lat' dir='ltr'>vetera</span> <span class='ocrx_word' id='word_1_117' title='bbox 438 1048 687 1098; x_wconf 84' lang='lat' dir='ltr'>exemplaria</span> <span class='ocrx_word' id='word_1_118' title='bbox 726 1056 945 1094; x_wconf 84' lang='lat' dir='ltr'>servantur</span> <span class='ocrx_word' id='word_1_119' title='bbox 982 1048 1025 1086; x_wconf 87' lang='lat' dir='ltr'>in</span> <span class='ocrx_word' id='word_1_120' title='bbox 1063 1048 1314 1088; x_wconf 86' lang='lat' dir='ltr'>bibliotheca</span> <span class='ocrx_word' id='word_1_121' title='bbox 1354 1049 1602 1098; x_wconf 64' lang='lat' dir='ltr'>Colberffina,</span> <span class='ocrx_word' id='word_1_122' title='bbox 1642 1050 1684 1088; x_wconf 90' lang='lat' dir='ltr'>in</span> <span class='ocrx_word' id='word_1_123' title='bbox 1724 1064 1805 1101; x_wconf 90' lang='lat' dir='ltr'>qua</span> <span class='ocrx_word' id='word_1_124' title='bbox 1844 1050 1971 1089; x_wconf 84' lang='lat' dir='ltr'>etiam</span> 
     </span>
     <span class='ocr_line' id='line_1_15' title="bbox 258 1107 1974 1159; baseline 0.002 -15"><span class='ocrx_word' id='word_1_125' title='bbox 258 1115 404 1145; x_wconf 81' lang='lat' dir='ltr'>extant</span> <span class='ocrx_word' id='word_1_126' title='bbox 436 1108 516 1145; x_wconf 87' lang='lat' dir='ltr'>duo</span> <span class='ocrx_word' id='word_1_127' title='bbox 546 1115 688 1146; x_wconf 83' lang='lat' dir='ltr'>vetera</span> <span class='ocrx_word' id='word_1_128' title='bbox 719 1107 969 1158; x_wconf 86' lang='lat' dir='ltr'>exemplaria</span> <span class='ocrx_word' id='word_1_129' title='bbox 1009 1116 1234 1159; x_wconf 90' lang='lat' dir='ltr'>apparatus</span> <span class='ocrx_word' id='word_1_130' title='bbox 1266 1108 1452 1158; x_wconf 84' lang='lat' dir='ltr'>ejusdem</span> <span class='ocrx_word' id='word_1_131' title='bbox 1479 1108 1684 1148; x_wconf 89' lang='lat' dir='ltr'>Guillelmi</span> <span class='ocrx_word' id='word_1_132' title='bbox 1708 1109 1750 1147; x_wconf 91' lang='lat' dir='ltr'>in</span> <span class='ocrx_word' id='word_1_133' title='bbox 1780 1109 1974 1148; x_wconf 74' lang='lat' dir='ltr'>Extrava-</span> 
     </span>
     <span class='ocr_line' id='line_1_16' title="bbox 260 1166 1399 1221; baseline 0.002 -17"><span class='ocrx_word' id='word_1_134' title='bbox 260 1175 394 1216; x_wconf 84' lang='lat' dir='ltr'>gantes</span> <span class='ocrx_word' id='word_1_135' title='bbox 432 1166 606 1204; x_wconf 80' lang='lat' dir='ltr'>Joannis</span> <span class='ocrx_word' id='word_1_136' title='bbox 640 1166 792 1205; x_wconf 88' lang='lat' dir='ltr'><em>XXII.</em></span> <span class='ocrx_word' id='word_1_137' title='bbox 1392 1215 1399 1221; x_wconf 28' lang='grc' dir='ltr'><em>α</em></span> 
     </span>
    </p>

    <p class='ocr_par' dir='ltr' id='par_1_4' title="bbox 256 1225 1976 1442">
     <span class='ocr_line' id='line_1_17' title="bbox 310 1225 1975 1277; baseline 0.002 -14"><span class='ocrx_word' id='word_1_138' title='bbox 310 1226 353 1264; x_wconf 90' lang='grc' dir='ltr'>Ρ.</span> <span class='ocrx_word' id='word_1_139' title='bbox 380 1225 468 1273; x_wconf 84' lang='grc'>205,</span> <span class='ocrx_word' id='word_1_140' title='bbox 492 1225 558 1275; x_wconf 81' lang='lat' dir='ltr'>lig.</span> <span class='ocrx_word' id='word_1_141' title='bbox 585 1226 620 1264; x_wconf 85' lang='lat'>9.</span> <span class='ocrx_word' id='word_1_142' title='bbox 648 1226 1010 1264; x_wconf 78' lang='lat' dir='ltr'>SACRAMENTALE.</span> <span class='ocrx_word' id='word_1_143' title='bbox 1039 1226 1174 1276; x_wconf 90' lang='lat' dir='ltr'>Hujus</span> <span class='ocrx_word' id='word_1_144' title='bbox 1200 1226 1345 1277; x_wconf 81' lang='lat' dir='ltr'>operis,</span> <span class='ocrx_word' id='word_1_145' title='bbox 1371 1227 1481 1277; x_wconf 89' lang='lat' dir='ltr'>quod</span> <span class='ocrx_word' id='word_1_146' title='bbox 1504 1227 1691 1266; x_wconf 88' lang='lat' dir='ltr'>nondum</span> <span class='ocrx_word' id='word_1_147' title='bbox 1714 1227 1873 1266; x_wconf 89' lang='lat' dir='ltr'>editum</span> <span class='ocrx_word' id='word_1_148' title='bbox 1896 1236 1975 1276; x_wconf 73' lang='lat' dir='ltr'>est,</span> 
     </span>
     <span class='ocr_line' id='line_1_18' title="bbox 256 1285 1976 1336; baseline 0.002 -14"><span class='ocrx_word' id='word_1_149' title='bbox 256 1285 431 1334; x_wconf 87' lang='lat' dir='ltr'>plurima</span> <span class='ocrx_word' id='word_1_150' title='bbox 470 1293 617 1323; x_wconf 79' lang='lat' dir='ltr'>extant</span> <span class='ocrx_word' id='word_1_151' title='bbox 653 1293 795 1323; x_wconf 88' lang='lat' dir='ltr'>vetera</span> <span class='ocrx_word' id='word_1_152' title='bbox 832 1285 1097 1336; x_wconf 87' lang='lat' dir='ltr'>exemplaria,</span> <span class='ocrx_word' id='word_1_153' title='bbox 1127 1300 1257 1323; x_wconf 91' lang='lat' dir='ltr'>unum</span> <span class='ocrx_word' id='word_1_154' title='bbox 1294 1286 1461 1336; x_wconf 89' lang='lat' dir='ltr'>quidem</span> <span class='ocrx_word' id='word_1_155' title='bbox 1496 1286 1539 1324; x_wconf 91' lang='lat' dir='ltr'>in</span> <span class='ocrx_word' id='word_1_156' title='bbox 1576 1286 1743 1325; x_wconf 90' lang='lat' dir='ltr'>archivo</span> <span class='ocrx_word' id='word_1_157' title='bbox 1780 1286 1976 1326; x_wconf 86' lang='lat' dir='ltr'>ecclesiae</span> 
     </span>
     <span class='ocr_line' id='line_1_19' title="bbox 259 1344 1974 1397; baseline 0.002 -16"><span class='ocrx_word' id='word_1_158' title='bbox 259 1344 511 1392; x_wconf 80' lang='lat' dir='ltr'>Helenensis,</span> <span class='ocrx_word' id='word_1_159' title='bbox 540 1344 621 1382; x_wconf 91' lang='lat' dir='ltr'>duo</span> <span class='ocrx_word' id='word_1_160' title='bbox 648 1344 689 1382; x_wconf 90' lang='lat' dir='ltr'>in</span> <span class='ocrx_word' id='word_1_161' title='bbox 717 1344 967 1384; x_wconf 85' lang='lat' dir='ltr'>bibliotheca</span> <span class='ocrx_word' id='word_1_162' title='bbox 995 1345 1235 1384; x_wconf 89' lang='lat' dir='ltr'>monasterii</span> <span class='ocrx_word' id='word_1_163' title='bbox 1263 1346 1569 1396; x_wconf 86' lang='lat' dir='ltr'>Rivipullensis‚</span> <span class='ocrx_word' id='word_1_164' title='bbox 1600 1346 1780 1397; x_wconf 88' lang='lat' dir='ltr'>quinque</span> <span class='ocrx_word' id='word_1_165' title='bbox 1807 1361 1904 1385; x_wconf 90' lang='lat' dir='ltr'>vero</span> <span class='ocrx_word' id='word_1_166' title='bbox 1930 1346 1974 1385; x_wconf 85' lang='lat' dir='ltr'>in</span> 
     </span>
     <span class='ocr_line' id='line_1_20' title="bbox 258 1403 504 1442; baseline 0.004 -1"><span class='ocrx_word' id='word_1_167' title='bbox 258 1403 504 1442; x_wconf 86' lang='lat' dir='ltr'>Colbertina.</span> 
     </span>
    </p>

    <p class='ocr_par' dir='ltr' id='par_1_5' title="bbox 251 1462 1978 2225">
     <span class='ocr_line' id='line_1_21' title="bbox 310 1462 1977 1513; baseline 0.002 -13"><span class='ocrx_word' id='word_1_168' title='bbox 310 1462 353 1500; x_wconf 89' lang='lat' dir='ltr'>P.</span> <span class='ocrx_word' id='word_1_169' title='bbox 382 1462 470 1510; x_wconf 85' lang='grc'>205,</span> <span class='ocrx_word' id='word_1_170' title='bbox 496 1462 563 1513; x_wconf 84' lang='lat' dir='ltr'>lig.</span> <span class='ocrx_word' id='word_1_171' title='bbox 593 1463 653 1501; x_wconf 92' lang='lat'>10.</span> <span class='ocrx_word' id='word_1_172' title='bbox 683 1463 961 1502; x_wconf 83' lang='lat' dir='ltr'>GENSELI&#39;NUS</span> <span class='ocrx_word' id='word_1_173' title='bbox 990 1478 1045 1501; x_wconf 84' lang='lat' dir='ltr'>DE</span> <span class='ocrx_word' id='word_1_174' title='bbox 1073 1464 1324 1502; x_wconf 73' lang='lat' dir='ltr'>CAssANffls.</span> <span class='ocrx_word' id='word_1_175' title='bbox 1354 1464 1546 1503; x_wconf 86' lang='lat' dir='ltr'>Nicolaus</span> <span class='ocrx_word' id='word_1_176' title='bbox 1572 1465 1792 1503; x_wconf 88' lang='lat' dir='ltr'>Bertrandi</span> <span class='ocrx_word' id='word_1_177' title='bbox 1815 1464 1859 1503; x_wconf 88' lang='lat' dir='ltr'>in</span> <span class='ocrx_word' id='word_1_178' title='bbox 1882 1465 1977 1504; x_wconf 74' lang='lat' dir='ltr'>loco</span> 
     </span>
     <span class='ocr_line' id='line_1_22' title="bbox 256 1522 1978 1574; baseline 0.002 -16"><span class='ocrx_word' id='word_1_179' title='bbox 256 1522 379 1571; x_wconf 88' lang='lat' dir='ltr'>paulo</span> <span class='ocrx_word' id='word_1_180' title='bbox 408 1530 504 1560; x_wconf 91' lang='lat' dir='ltr'>ante</span> <span class='ocrx_word' id='word_1_181' title='bbox 532 1522 703 1560; x_wconf 88' lang='lat' dir='ltr'>laudato</span> <span class='ocrx_word' id='word_1_182' title='bbox 735 1539 742 1561; x_wconf 89' lang='lat'>:</span> <span class='ocrx_word' id='word_1_183' title='bbox 773 1522 924 1561; x_wconf 81' lang='lat' dir='ltr'>Eadem</span> <span class='ocrx_word' id='word_1_184' title='bbox 952 1531 1175 1574; x_wconf 79' lang='lat' dir='ltr'>tempestate</span> <span class='ocrx_word' id='word_1_185' title='bbox 1209 1523 1451 1562; x_wconf 88' lang='lat' dir='ltr'>Gaucelinus</span> <span class='ocrx_word' id='word_1_186' title='bbox 1480 1524 1524 1562; x_wconf 85' lang='lat' dir='ltr'>de</span> <span class='ocrx_word' id='word_1_187' title='bbox 1552 1524 1774 1562; x_wconf 77' lang='lat' dir='ltr'>Cassanltis</span> <span class='ocrx_word' id='word_1_188' title='bbox 1803 1539 1978 1574; x_wconf 82' lang='lat' dir='ltr'>magnus</span> 
     </span>
     <span class='ocr_line' id='line_1_23' title="bbox 256 1580 1977 1634; baseline 0.002 -16"><span class='ocrx_word' id='word_1_189' title='bbox 256 1580 474 1629; x_wconf 78' lang='lat' dir='ltr'>canonista,</span> <span class='ocrx_word' id='word_1_190' title='bbox 501 1581 568 1631; x_wconf 81' lang='lat' dir='ltr'>qui</span> <span class='ocrx_word' id='word_1_191' title='bbox 593 1582 712 1620; x_wconf 88' lang='lat' dir='ltr'>etiam</span> <span class='ocrx_word' id='word_1_192' title='bbox 735 1596 855 1632; x_wconf 89' lang='lat' dir='ltr'>super</span> <span class='ocrx_word' id='word_1_193' title='bbox 879 1582 1139 1621; x_wconf 87' lang='lat' dir='ltr'>Clementinis</span> <span class='ocrx_word' id='word_1_194' title='bbox 1162 1583 1336 1634; x_wconf 74' lang='lat' dir='ltr'>scripsit,</span> <span class='ocrx_word' id='word_1_195' title='bbox 1362 1591 1475 1634; x_wconf 84' lang='lat' dir='ltr'>atque</span> <span class='ocrx_word' id='word_1_196' title='bbox 1499 1591 1795 1633; x_wconf 69' lang='lat' dir='ltr'>extravagantes</span> <span class='ocrx_word' id='word_1_197' title='bbox 1822 1584 1977 1621; x_wconf 82' lang='lat' dir='ltr'>Johan-</span> 
     </span>
     <span class='ocr_line' id='line_1_24' title="bbox 257 1640 1973 1692; baseline 0.002 -15"><span class='ocrx_word' id='word_1_198' title='bbox 257 1640 320 1677; x_wconf 88' lang='lat' dir='ltr'>nis</span> <span class='ocrx_word' id='word_1_199' title='bbox 344 1640 483 1678; x_wconf 86' lang='lat' dir='ltr'><em>XXII</em></span> <span class='ocrx_word' id='word_1_200' title='bbox 510 1640 708 1690; x_wconf 72' lang='lat' dir='ltr'>glossavit,</span> <span class='ocrx_word' id='word_1_201' title='bbox 738 1641 781 1678; x_wconf 90' lang='lat' dir='ltr'>in</span> <span class='ocrx_word' id='word_1_202' title='bbox 809 1641 1004 1679; x_wconf 87' lang='lat' dir='ltr'>Tolosano</span> <span class='ocrx_word' id='word_1_203' title='bbox 1028 1642 1168 1691; x_wconf 76' lang='lat' dir='ltr'>floruit</span> <span class='ocrx_word' id='word_1_204' title='bbox 1192 1642 1335 1681; x_wconf 84' lang='lat' dir='ltr'>studio.</span> <span class='ocrx_word' id='word_1_205' title='bbox 1365 1642 1466 1692; x_wconf 75' lang='lat' dir='ltr'>Ejus</span> <span class='ocrx_word' id='word_1_206' title='bbox 1493 1650 1611 1681; x_wconf 85' lang='lat' dir='ltr'>extat</span> <span class='ocrx_word' id='word_1_207' title='bbox 1636 1642 1678 1681; x_wconf 89' lang='lat' dir='ltr'>in</span> <span class='ocrx_word' id='word_1_208' title='bbox 1705 1642 1842 1681; x_wconf 84' lang='lat' dir='ltr'>codice</span> <span class='ocrx_word' id='word_1_209' title='bbox 1867 1642 1973 1681; x_wconf 81' lang='grc'>2747</span> 
     </span>
     <span class='ocr_line' id='line_1_25' title="bbox 256 1694 1977 1752; baseline 0.002 -16"><span class='ocrx_word' id='word_1_210' title='bbox 256 1699 529 1738; x_wconf 85' lang='lat' dir='ltr'>bibliothecae</span> <span class='ocrx_word' id='word_1_211' title='bbox 563 1700 822 1739; x_wconf 89' lang='lat' dir='ltr'>Colbertinae</span> <span class='ocrx_word' id='word_1_212' title='bbox 842 1700 859 1723; x_wconf 81' lang='lat'>4</span> <span class='ocrx_word' id='word_1_213' title='bbox 881 1701 1119 1752; x_wconf 73' lang='lat' dir='ltr'>Apparatus</span> <span class='ocrx_word' id='word_1_214' title='bbox 1153 1701 1196 1739; x_wconf 87' lang='lat' dir='ltr'>in</span> <span class='ocrx_word' id='word_1_215' title='bbox 1216 1694 1450 1750; x_wconf 86' lang='lat' dir='ltr'>Decretales,</span> <span class='ocrx_word' id='word_1_216' title='bbox 1475 1701 1517 1739; x_wconf 89' lang='lat' dir='ltr'>in</span> <span class='ocrx_word' id='word_1_217' title='bbox 1551 1701 1688 1740; x_wconf 90' lang='lat' dir='ltr'>codice</span> <span class='ocrx_word' id='word_1_218' title='bbox 1706 1701 1721 1724; x_wconf 81' lang='lat'>⁵</span> <span class='ocrx_word' id='word_1_219' title='bbox 1746 1717 1843 1741; x_wconf 88' lang='lat' dir='ltr'>vero</span> <span class='ocrx_word' id='word_1_220' title='bbox 1867 1700 1977 1740; x_wconf 79' lang='lat'>2680</span> 
     </span>
     <span class='ocr_line' id='line_1_26' title="bbox 255 1758 1970 1812; baseline 0.003 -18"><span class='ocrx_word' id='word_1_221' title='bbox 255 1758 491 1809; x_wconf 80' lang='lat' dir='ltr'>Apparatus</span> <span class='ocrx_word' id='word_1_222' title='bbox 511 1759 554 1797; x_wconf 87' lang='lat' dir='ltr'>in</span> <span class='ocrx_word' id='word_1_223' title='bbox 569 1759 742 1808; x_wconf 70' lang='lat' dir='ltr'>Sextum,</span> <span class='ocrx_word' id='word_1_224' title='bbox 758 1759 800 1798; x_wconf 89' lang='lat' dir='ltr'>in</span> <span class='ocrx_word' id='word_1_225' title='bbox 816 1760 953 1799; x_wconf 86' lang='lat' dir='ltr'>codice</span> <span class='ocrx_word' id='word_1_226' title='bbox 965 1760 980 1783; x_wconf 77' lang='lat'><strong>⁶</strong></span> <span class='ocrx_word' id='word_1_227' title='bbox 992 1759 1097 1798; x_wconf 78' lang='lat'>1047</span> <span class='ocrx_word' id='word_1_228' title='bbox 1110 1761 1348 1811; x_wconf 79' lang='lat' dir='ltr'>Apparatus</span> <span class='ocrx_word' id='word_1_229' title='bbox 1365 1775 1485 1812; x_wconf 87' lang='lat' dir='ltr'>super</span> <span class='ocrx_word' id='word_1_230' title='bbox 1504 1761 1777 1809; x_wconf 76' lang='lat' dir='ltr'>Clementinis,</span> <span class='ocrx_word' id='word_1_231' title='bbox 1794 1761 1970 1812; x_wconf 90' lang='lat' dir='ltr'>denique</span> 
     </span>
     <span class='ocr_line' id='line_1_27' title="bbox 254 1816 1968 1870; baseline 0.002 -16"><span class='ocrx_word' id='word_1_232' title='bbox 254 1816 295 1854; x_wconf 90' lang='lat' dir='ltr'>in</span> <span class='ocrx_word' id='word_1_233' title='bbox 318 1817 525 1856; x_wconf 83' lang='lat' dir='ltr'>codicibus</span> <span class='ocrx_word' id='word_1_234' title='bbox 545 1818 559 1840; x_wconf 86' lang='lat'><strong>7</strong></span> <span class='ocrx_word' id='word_1_235' title='bbox 589 1818 666 1856; x_wconf 82' lang='lat'>367</span> <span class='ocrx_word' id='word_1_236' title='bbox 687 1827 729 1858; x_wconf 88' lang='lat' dir='ltr'>et</span> <span class='ocrx_word' id='word_1_237' title='bbox 750 1817 827 1857; x_wconf 82' lang='grc'>562</span> <span class='ocrx_word' id='word_1_238' title='bbox 856 1820 1094 1870; x_wconf 82' lang='lat' dir='ltr'>Apparatus</span> <span class='ocrx_word' id='word_1_239' title='bbox 1125 1820 1168 1858; x_wconf 87' lang='lat' dir='ltr'>in</span> <span class='ocrx_word' id='word_1_240' title='bbox 1195 1820 1492 1858; x_wconf 80' lang='lat' dir='ltr'>constitutiones</span> <span class='ocrx_word' id='word_1_241' title='bbox 1522 1828 1819 1870; x_wconf 68' lang='lat' dir='ltr'>extravagantes</span> <span class='ocrx_word' id='word_1_242' title='bbox 1845 1821 1968 1858; x_wconf 71' lang='grc' dir='ltr'>ιΙοαη-</span> 
     </span>
     <span class='ocr_line' id='line_1_28' title="bbox 257 1876 1977 1931; baseline 0.002 -18"><span class='ocrx_word' id='word_1_243' title='bbox 257 1876 320 1913; x_wconf 85' lang='lat' dir='ltr'>nis</span> <span class='ocrx_word' id='word_1_244' title='bbox 348 1877 499 1925; x_wconf 79' lang='lat' dir='ltr'><em>XXII,</em></span> <span class='ocrx_word' id='word_1_245' title='bbox 532 1892 636 1928; x_wconf 87' lang='lat' dir='ltr'>quae</span> <span class='ocrx_word' id='word_1_246' title='bbox 666 1878 801 1917; x_wconf 90' lang='lat' dir='ltr'>editae</span> <span class='ocrx_word' id='word_1_247' title='bbox 831 1887 929 1917; x_wconf 90' lang='lat' dir='ltr'>sunt</span> <span class='ocrx_word' id='word_1_248' title='bbox 957 1894 1039 1917; x_wconf 89' lang='lat' dir='ltr'>una</span> <span class='ocrx_word' id='word_1_249' title='bbox 1079 1894 1172 1918; x_wconf 88' lang='lat' dir='ltr'>cum</span> <span class='ocrx_word' id='word_1_250' title='bbox 1200 1879 1298 1931; x_wconf 87' lang='lat' dir='ltr'>ipsis</span> <span class='ocrx_word' id='word_1_251' title='bbox 1328 1879 1696 1929; x_wconf 69' lang='lat' dir='ltr'>Extravagantibus</span> <span class='ocrx_word' id='word_1_252' title='bbox 1725 1879 1768 1920; x_wconf 88' lang='lat' dir='ltr'>in.</span> <span class='ocrx_word' id='word_1_253' title='bbox 1798 1880 1977 1930; x_wconf 81' lang='lat' dir='ltr'>Corpore</span> 
     </span>
     <span class='ocr_line' id='line_1_29' title="bbox 251 1935 1971 1989; baseline 0.003 -17"><span class='ocrx_word' id='word_1_254' title='bbox 251 1935 368 1984; x_wconf 81' lang='lat' dir='ltr'>juris.</span> <span class='ocrx_word' id='word_1_255' title='bbox 404 1937 449 1974; x_wconf 92' lang='lat' dir='ltr'>In</span> <span class='ocrx_word' id='word_1_256' title='bbox 476 1936 588 1975; x_wconf 88' lang='lat' dir='ltr'>Actis</span> <span class='ocrx_word' id='word_1_257' title='bbox 607 1936 622 1959; x_wconf 75' lang='lat'><strong>3</strong></span> <span class='ocrx_word' id='word_1_258' title='bbox 648 1937 904 1976; x_wconf 79' lang='lat' dir='ltr'>fundationis</span> <span class='ocrx_word' id='word_1_259' title='bbox 934 1938 1139 1977; x_wconf 84' lang='lat' dir='ltr'>Ecclesiae</span> <span class='ocrx_word' id='word_1_260' title='bbox 1168 1939 1407 1989; x_wconf 82' lang='lat' dir='ltr'>collegiatae</span> <span class='ocrx_word' id='word_1_261' title='bbox 1434 1939 1479 1978; x_wconf 87' lang='lat' dir='ltr'>B.</span> <span class='ocrx_word' id='word_1_262' title='bbox 1505 1939 1657 1978; x_wconf 90' lang='lat' dir='ltr'>Mariae</span> <span class='ocrx_word' id='word_1_263' title='bbox 1686 1939 1734 1978; x_wconf 91' lang='lat' dir='ltr'>de</span> <span class='ocrx_word' id='word_1_264' title='bbox 1751 1939 1971 1977; x_wconf 83' lang='lat' dir='ltr'>Villanova</span> 
     </span>
     <span class='ocr_line' id='line_1_30' title="bbox 255 1995 1976 2037; baseline 0.002 -5"><span class='ocrx_word' id='word_1_265' title='bbox 255 2003 397 2032; x_wconf 88' lang='lat' dir='ltr'>contra</span> <span class='ocrx_word' id='word_1_266' title='bbox 437 1995 693 2035; x_wconf 88' lang='lat' dir='ltr'>Avenionem</span> <span class='ocrx_word' id='word_1_267' title='bbox 731 1997 851 2035; x_wconf 87' lang='lat' dir='ltr'>editis</span> <span class='ocrx_word' id='word_1_268' title='bbox 891 2012 999 2036; x_wconf 89' lang='lat' dir='ltr'>anno</span> <span class='ocrx_word' id='word_1_269' title='bbox 1039 1998 1379 2037; x_wconf 85' lang='lat' dir='ltr'>MCCCXXXIII</span> <span class='ocrx_word' id='word_1_270' title='bbox 1418 1998 1658 2036; x_wconf 89' lang='lat' dir='ltr'>nominatur</span> <span class='ocrx_word' id='word_1_271' title='bbox 1694 1998 1802 2037; x_wconf 89' lang='lat' dir='ltr'>inter</span> <span class='ocrx_word' id='word_1_272' title='bbox 1843 2006 1976 2037; x_wconf 81' lang='lat' dir='ltr'>testes..</span> 
     </span>
     <span class='ocr_line' id='line_1_31' title="bbox 256 2053 1975 2108; baseline 0.003 -17"><span class='ocrx_word' id='word_1_273' title='bbox 256 2053 495 2093; x_wconf 85' lang='lat' dir='ltr'>Genselinus</span> <span class='ocrx_word' id='word_1_274' title='bbox 523 2055 572 2093; x_wconf 91' lang='lat' dir='ltr'>de</span> <span class='ocrx_word' id='word_1_275' title='bbox 599 2056 837 2106; x_wconf 83' lang='lat' dir='ltr'>Cassagnies</span> <span class='ocrx_word' id='word_1_276' title='bbox 860 2057 1080 2096; x_wconf 89' lang='lat' dir='ltr'>canonicus</span> <span class='ocrx_word' id='word_1_277' title='bbox 1098 2058 1356 2105; x_wconf 84' lang='lat' dir='ltr'>Biterrensis,</span> <span class='ocrx_word' id='word_1_278' title='bbox 1385 2057 1541 2096; x_wconf 90' lang='lat' dir='ltr'>domini</span> <span class='ocrx_word' id='word_1_279' title='bbox 1566 2072 1699 2108; x_wconf 87' lang='lat' dir='ltr'>papae</span> <span class='ocrx_word' id='word_1_280' title='bbox 1720 2058 1975 2108; x_wconf 65' lang='lat' dir='ltr'>capellanus„</span> 
     </span>
     <span class='ocr_line' id='line_1_32' title="bbox 252 2112 1977 2168; baseline 0.003 -18"><span class='ocrx_word' id='word_1_281' title='bbox 252 2121 294 2150; x_wconf 70' lang='lat' dir='ltr'>ct</span> <span class='ocrx_word' id='word_1_282' title='bbox 311 2112 436 2163; x_wconf 86' lang='lat' dir='ltr'>ipsius</span> <span class='ocrx_word' id='word_1_283' title='bbox 456 2114 559 2152; x_wconf 85' lang='lat' dir='ltr'>sacri</span> <span class='ocrx_word' id='word_1_284' title='bbox 576 2115 721 2165; x_wconf 87' lang='lat' dir='ltr'>palatii</span> <span class='ocrx_word' id='word_1_285' title='bbox 739 2130 957 2154; x_wconf 89' lang='lat' dir='ltr'>causarum</span> <span class='ocrx_word' id='word_1_286' title='bbox 974 2117 1152 2155; x_wconf 88' lang='lat' dir='ltr'>auditor.</span> <span class='ocrx_word' id='word_1_287' title='bbox 1169 2117 1271 2155; x_wconf 87' lang='lat' dir='ltr'>Vide</span> <span class='ocrx_word' id='word_1_288' title='bbox 1291 2116 1527 2165; x_wconf 87' lang='lat' dir='ltr'>Gariellum,</span> <span class='ocrx_word' id='word_1_289' title='bbox 1545 2116 1588 2154; x_wconf 88' lang='lat' dir='ltr'>in</span> <span class='ocrx_word' id='word_1_290' title='bbox 1606 2116 1715 2155; x_wconf 88' lang='lat' dir='ltr'>Serie</span> <span class='ocrx_word' id='word_1_291' title='bbox 1739 2117 1977 2168; x_wconf 87' lang='lat' dir='ltr'>praesulum.</span> 
     </span>
     <span class='ocr_line' id='line_1_33' title="bbox 256 2172 812 2225; baseline 0.009 -17"><span class='ocrx_word' id='word_1_292' title='bbox 256 2172 623 2222; x_wconf 62' lang='lat' dir='ltr'>Ilffagalonensium,</span> <span class='ocrx_word' id='word_1_293' title='bbox 653 2189 692 2225; x_wconf 91' lang='lat' dir='ltr'>p.</span> <span class='ocrx_word' id='word_1_294' title='bbox 723 2175 812 2214; x_wconf 83' lang='lat'><strong>471.</strong></span> 
     </span>
    </p>

    <p class='ocr_par' dir='ltr' id='par_1_6' title="bbox 256 2231 1971 2344">
     <span class='ocr_line' id='line_1_34' title="bbox 308 2231 1971 2284; baseline 0.003 -16"><span class='ocrx_word' id='word_1_295' title='bbox 308 2231 350 2269; x_wconf 91' lang='lat' dir='ltr'>P.</span> <span class='ocrx_word' id='word_1_296' title='bbox 379 2231 467 2280; x_wconf 86' lang='grc'>205,</span> <span class='ocrx_word' id='word_1_297' title='bbox 493 2232 559 2282; x_wconf 82' lang='lat' dir='ltr'>lig.</span> <span class='ocrx_word' id='word_1_298' title='bbox 588 2233 649 2271; x_wconf 81' lang='lat'>14.</span> <span class='ocrx_word' id='word_1_299' title='bbox 678 2234 844 2272; x_wconf 83' lang='lat' dir='ltr'><strong>CERTOS</strong></span> <span class='ocrx_word' id='word_1_300' title='bbox 870 2249 1071 2282; x_wconf 77' lang='lat' dir='ltr'><strong>NUNTIOS,</strong></span> <span class='ocrx_word' id='word_1_301' title='bbox 1099 2235 1334 2273; x_wconf 89' lang='lat' dir='ltr'>Nicolinum</span> <span class='ocrx_word' id='word_1_302' title='bbox 1360 2235 1408 2273; x_wconf 92' lang='lat' dir='ltr'>de</span> <span class='ocrx_word' id='word_1_303' title='bbox 1435 2235 1581 2284; x_wconf 84' lang='lat' dir='ltr'>Flisco,</span> <span class='ocrx_word' id='word_1_304' title='bbox 1612 2244 1660 2274; x_wconf 88' lang='lat' dir='ltr'>ut</span> <span class='ocrx_word' id='word_1_305' title='bbox 1686 2235 1837 2274; x_wconf 84' lang='lat' dir='ltr'>dicitur</span> <span class='ocrx_word' id='word_1_306' title='bbox 1860 2234 1971 2273; x_wconf 85' lang='lat' dir='ltr'>infra</span> 
     </span>
     <span class='ocr_line' id='line_1_35' title="bbox 256 2289 1457 2344; baseline 0.005 -18"><span class='ocrx_word' id='word_1_307' title='bbox 256 2289 310 2338; x_wconf 83' lang='lat' dir='ltr'>[t.</span> <span class='ocrx_word' id='word_1_308' title='bbox 334 2290 378 2340; x_wconf 74' lang='lat'>1],</span> <span class='ocrx_word' id='word_1_309' title='bbox 405 2305 443 2341; x_wconf 89' lang='lat' dir='ltr'>p.</span> <span class='ocrx_word' id='word_1_310' title='bbox 474 2291 562 2339; x_wconf 86' lang='lat'><strong>213,</strong></span> <span class='ocrx_word' id='word_1_311' title='bbox 591 2292 662 2330; x_wconf 91' lang='lat' dir='ltr'>ubi</span> <span class='ocrx_word' id='word_1_312' title='bbox 688 2293 873 2343; x_wconf 86' lang='lat' dir='ltr'>pluribus</span> <span class='ocrx_word' id='word_1_313' title='bbox 902 2308 1069 2344; x_wconf 84' lang='lat' dir='ltr'>agemus</span> <span class='ocrx_word' id='word_1_314' title='bbox 1098 2294 1147 2332; x_wconf 89' lang='lat' dir='ltr'>de</span> <span class='ocrx_word' id='word_1_315' title='bbox 1175 2295 1251 2332; x_wconf 92' lang='lat' dir='ltr'>hoc</span> <span class='ocrx_word' id='word_1_316' title='bbox 1278 2294 1457 2344; x_wconf 84' lang='lat' dir='ltr'>negotio.</span> 
     </span>
    </p>

    <p class='ocr_par' dir='ltr' id='par_1_7' title="bbox 309 2349 1972 2404">
     <span class='ocr_line' id='line_1_36' title="bbox 309 2349 1972 2404; baseline 0.001 -18"><span class='ocrx_word' id='word_1_317' title='bbox 309 2349 350 2387; x_wconf 88' lang='lat' dir='ltr'>P.</span> <span class='ocrx_word' id='word_1_318' title='bbox 366 2349 454 2397; x_wconf 83' lang='lat'>205,</span> <span class='ocrx_word' id='word_1_319' title='bbox 467 2350 533 2400; x_wconf 80' lang='lat' dir='ltr'>lig.</span> <span class='ocrx_word' id='word_1_320' title='bbox 549 2351 609 2389; x_wconf 78' lang='lat'>18.</span> <span class='ocrx_word' id='word_1_321' title='bbox 625 2351 914 2391; x_wconf 83' lang='lat' dir='ltr'>MARESCALLO</span> <span class='ocrx_word' id='word_1_322' title='bbox 933 2367 1024 2391; x_wconf 84' lang='lat' dir='ltr'>suo.</span> <span class='ocrx_word' id='word_1_323' title='bbox 1041 2353 1117 2401; x_wconf 86' lang='lat' dir='ltr'>Qui</span> <span class='ocrx_word' id='word_1_324' title='bbox 1133 2353 1238 2391; x_wconf 88' lang='lat' dir='ltr'>infra</span> <span class='ocrx_word' id='word_1_325' title='bbox 1256 2352 1300 2403; x_wconf 78' lang='lat' dir='ltr'>[t.</span> <span class='ocrx_word' id='word_1_326' title='bbox 1314 2353 1356 2402; x_wconf 83' lang='lat'>1]‚</span> <span class='ocrx_word' id='word_1_327' title='bbox 1374 2368 1412 2404; x_wconf 93' lang='lat' dir='ltr'>p.</span> <span class='ocrx_word' id='word_1_328' title='bbox 1428 2353 1516 2401; x_wconf 82' lang='lat'><strong>213,</strong></span> <span class='ocrx_word' id='word_1_329' title='bbox 1529 2353 1769 2391; x_wconf 87' lang='lat' dir='ltr'>nominatur</span> <span class='ocrx_word' id='word_1_330' title='bbox 1785 2354 1972 2392; x_wconf 88' lang='lat' dir='ltr'>Joannes.</span> 
     </span>
    </p>
   </div>
   <div class='ocr_carea' id='block_1_3' title="bbox 254 2486 1972 3166">
    <p class='ocr_par' dir='ltr' id='par_1_8' title="bbox 306 2486 1681 2533">
     <span class='ocr_line' id='line_1_37' title="bbox 306 2486 1681 2533; baseline 0.004 -16"><span class='ocrx_word' id='word_1_331' title='bbox 306 2487 332 2518; x_wconf 88' lang='lat' dir='ltr'>l.</span> <span class='ocrx_word' id='word_1_332' title='bbox 357 2486 543 2520; x_wconf 79' lang='lat' dir='ltr'>L⁷edition</span> <span class='ocrx_word' id='word_1_333' title='bbox 565 2489 607 2521; x_wconf 89' lang='lat' dir='ltr'>de</span> <span class='ocrx_word' id='word_1_334' title='bbox 629 2489 722 2522; x_wconf 78' lang='lat'><strong>1720</strong></span> <span class='ocrx_word' id='word_1_335' title='bbox 747 2489 785 2533; x_wconf 88' lang='lat' dir='ltr'>(t.</span> <span class='ocrx_word' id='word_1_336' title='bbox 806 2502 843 2529; x_wconf 93' lang='lat'>11,</span> <span class='ocrx_word' id='word_1_337' title='bbox 866 2490 932 2523; x_wconf 83' lang='lat' dir='ltr'>col.</span> <span class='ocrx_word' id='word_1_338' title='bbox 956 2490 1061 2533; x_wconf 78' lang='lat'><strong>1269)</strong></span> <span class='ocrx_word' id='word_1_339' title='bbox 1086 2502 1130 2522; x_wconf 92' lang='lat' dir='ltr'>ne</span> <span class='ocrx_word' id='word_1_340' title='bbox 1151 2490 1319 2523; x_wconf 87' lang='lat' dir='ltr'>soutient</span> <span class='ocrx_word' id='word_1_341' title='bbox 1338 2501 1405 2533; x_wconf 88' lang='lat' dir='ltr'>pas</span> <span class='ocrx_word' id='word_1_342' title='bbox 1427 2496 1525 2523; x_wconf 86' lang='lat' dir='ltr'>cette</span> <span class='ocrx_word' id='word_1_343' title='bbox 1546 2501 1681 2523; x_wconf 80' lang='lat' dir='ltr'>erreur.</span> 
     </span>
    </p>

    <p class='ocr_par' dir='ltr' id='par_1_9' title="bbox 304 2539 1140 2587">
     <span class='ocr_line' id='line_1_38' title="bbox 304 2539 1140 2587; baseline 0.007 -17"><span class='ocrx_word' id='word_1_344' title='bbox 304 2540 332 2571; x_wconf 73' lang='lat'>2.</span> <span class='ocrx_word' id='word_1_345' title='bbox 358 2539 404 2572; x_wconf 90' lang='lat' dir='ltr'>M.</span> <span class='ocrx_word' id='word_1_346' title='bbox 432 2540 620 2581; x_wconf 85' lang='lat' dir='ltr'>Fournier‚</span> <span class='ocrx_word' id='word_1_347' title='bbox 643 2542 712 2574; x_wconf 89' lang='lat' dir='ltr'>Les</span> <span class='ocrx_word' id='word_1_348' title='bbox 734 2542 881 2582; x_wconf 84' lang='lat' dir='ltr'>Statuts,</span> <span class='ocrx_word' id='word_1_349' title='bbox 906 2549 931 2576; x_wconf 83' lang='lat' dir='ltr'>t.</span> <span class='ocrx_word' id='word_1_350' title='bbox 954 2555 977 2583; x_wconf 87' lang='lat'>1,</span> <span class='ocrx_word' id='word_1_351' title='bbox 1001 2555 1035 2587; x_wconf 87' lang='lat' dir='ltr'>p.</span> <span class='ocrx_word' id='word_1_352' title='bbox 1060 2544 1140 2576; x_wconf 81' lang='lat'><strong>495.</strong></span> 
     </span>
    </p>

    <p class='ocr_par' dir='ltr' id='par_1_10' title="bbox 254 2592 1972 2799">
     <span class='ocr_line' id='line_1_39' title="bbox 303 2592 1969 2640; baseline 0.003 -16"><span class='ocrx_word' id='word_1_353' title='bbox 303 2595 334 2624; x_wconf 72' lang='lat'>3.</span> <span class='ocrx_word' id='word_1_354' title='bbox 358 2592 395 2625; x_wconf 82' lang='lat' dir='ltr'>P.</span> <span class='ocrx_word' id='word_1_355' title='bbox 419 2593 597 2627; x_wconf 87' lang='lat' dir='ltr'>Fournier</span> <span class='ocrx_word' id='word_1_356' title='bbox 615 2606 636 2627; x_wconf 86' lang='lat' dir='ltr'>a</span> <span class='ocrx_word' id='word_1_357' title='bbox 654 2597 802 2629; x_wconf 79' lang='lat' dir='ltr'>mentre</span> <span class='ocrx_word' id='word_1_358' title='bbox 821 2608 892 2640; x_wconf 90' lang='lat' dir='ltr'>que</span> <span class='ocrx_word' id='word_1_359' title='bbox 906 2597 1042 2629; x_wconf 88' lang='lat' dir='ltr'>Baluze</span> <span class='ocrx_word' id='word_1_360' title='bbox 1062 2596 1167 2629; x_wconf 80' lang='lat' dir='ltr'>avait</span> <span class='ocrx_word' id='word_1_361' title='bbox 1184 2597 1259 2629; x_wconf 90' lang='lat' dir='ltr'>mal</span> <span class='ocrx_word' id='word_1_362' title='bbox 1277 2595 1484 2640; x_wconf 78' lang='lat' dir='ltr'>interprete</span> <span class='ocrx_word' id='word_1_363' title='bbox 1501 2608 1554 2629; x_wconf 91' lang='lat' dir='ltr'>un</span> <span class='ocrx_word' id='word_1_364' title='bbox 1571 2608 1728 2640; x_wconf 86' lang='lat' dir='ltr'>passage</span> <span class='ocrx_word' id='word_1_365' title='bbox 1741 2596 1785 2630; x_wconf 90' lang='lat' dir='ltr'>de</span> <span class='ocrx_word' id='word_1_366' title='bbox 1800 2596 1911 2630; x_wconf 83' lang='lat' dir='ltr'>Gilles</span> <span class='ocrx_word' id='word_1_367' title='bbox 1930 2597 1969 2629; x_wconf 82' lang='lat' dir='ltr'>le·</span> 
     </span>
     <span class='ocr_line' id='line_1_40' title="bbox 257 2644 1972 2697; baseline 0.005 -23"><span class='ocrx_word' id='word_1_368' title='bbox 257 2644 405 2677; x_wconf 53' lang='lat' dir='ltr'>§laistrc</span> <span class='ocrx_word' id='word_1_369' title='bbox 433 2646 499 2683; x_wconf 65' lang='lat' dir='ltr'>(ed.</span> <span class='ocrx_word' id='word_1_370' title='bbox 527 2647 575 2681; x_wconf 91' lang='lat' dir='ltr'>Cl.</span> <span class='ocrx_word' id='word_1_371' title='bbox 600 2648 779 2688; x_wconf 82' lang='lat' dir='ltr'>Bernard,</span> <span class='ocrx_word' id='word_1_372' title='bbox 805 2649 919 2689; x_wconf 84' lang='lat' dir='ltr'>Paris,</span> <span class='ocrx_word' id='word_1_373' title='bbox 945 2650 1049 2689; x_wconf 84' lang='lat'><strong>1673,</strong></span> <span class='ocrx_word' id='word_1_374' title='bbox 1073 2650 1210 2694; x_wconf 81' lang='lat' dir='ltr'>p.310).</span> <span class='ocrx_word' id='word_1_375' title='bbox 1229 2649 1410 2682; x_wconf 85' lang='lat' dir='ltr'>L’auteur</span> <span class='ocrx_word' id='word_1_376' title='bbox 1432 2650 1482 2682; x_wconf 89' lang='lat' dir='ltr'>du</span> <span class='ocrx_word' id='word_1_377' title='bbox 1504 2649 1617 2683; x_wconf 77' lang='lat' dir='ltr'>traite</span> <span class='ocrx_word' id='word_1_378' title='bbox 1634 2649 1690 2697; x_wconf 75' lang='lat' dir='ltr'>De</span> <span class='ocrx_word' id='word_1_379' title='bbox 1711 2649 1972 2683; x_wconf 81' lang='lat' dir='ltr'>cardinalibus</span> 
     </span>
     <span class='ocr_line' id='line_1_41' title="bbox 254 2698 1970 2747; baseline 0.005 -20"><span class='ocrx_word' id='word_1_380' title='bbox 254 2704 310 2728; x_wconf 58' lang='lat' dir='ltr'>ost</span> <span class='ocrx_word' id='word_1_381' title='bbox 330 2698 469 2731; x_wconf 73' lang='lat' dir='ltr'>Martin</span> <span class='ocrx_word' id='word_1_382' title='bbox 490 2700 532 2732; x_wconf 81' lang='lat' dir='ltr'>dc</span> <span class='ocrx_word' id='word_1_383' title='bbox 554 2700 659 2734; x_wconf 85' lang='lat' dir='ltr'>Laon</span> <span class='ocrx_word' id='word_1_384' title='bbox 682 2701 741 2744; x_wconf 85' lang='lat' dir='ltr'>(H.</span> <span class='ocrx_word' id='word_1_385' title='bbox 763 2702 818 2742; x_wconf 91' lang='lat' dir='ltr'>L.,</span> <span class='ocrx_word' id='word_1_386' title='bbox 841 2708 866 2736; x_wconf 87' lang='lat' dir='ltr'>t.</span> <span class='ocrx_word' id='word_1_387' title='bbox 890 2715 1013 2743; x_wconf 85' lang='lat' dir='ltr'>xxxv,</span> <span class='ocrx_word' id='word_1_388' title='bbox 1035 2715 1069 2747; x_wconf 91' lang='lat' dir='ltr'>p.</span> <span class='ocrx_word' id='word_1_389' title='bbox 1093 2702 1188 2746; x_wconf 85' lang='lat'>502).</span> <span class='ocrx_word' id='word_1_390' title='bbox 1209 2722 1258 2725; x_wconf 92' lang='lat'>-—</span> <span class='ocrx_word' id='word_1_391' title='bbox 1276 2702 1347 2735; x_wconf 84' lang='lat' dir='ltr'>Sur</span> <span class='ocrx_word' id='word_1_392' title='bbox 1365 2703 1400 2735; x_wconf 91' lang='lat' dir='ltr'>la</span> <span class='ocrx_word' id='word_1_393' title='bbox 1421 2702 1478 2735; x_wconf 87' lang='lat' dir='ltr'>vie</span> <span class='ocrx_word' id='word_1_394' title='bbox 1498 2708 1536 2735; x_wconf 89' lang='lat' dir='ltr'>et</span> <span class='ocrx_word' id='word_1_395' title='bbox 1554 2703 1605 2735; x_wconf 89' lang='lat' dir='ltr'>les</span> <span class='ocrx_word' id='word_1_396' title='bbox 1626 2714 1773 2736; x_wconf 85' lang='lat' dir='ltr'>oeuvres</span> <span class='ocrx_word' id='word_1_397' title='bbox 1795 2703 1839 2736; x_wconf 87' lang='lat' dir='ltr'>de</span> <span class='ocrx_word' id='word_1_398' title='bbox 1860 2702 1970 2737; x_wconf 88' lang='lat' dir='ltr'>Guil--</span> 
     </span>
     <span class='ocr_line' id='line_1_42' title="bbox 256 2751 1408 2799; baseline 0.008 -19"><span class='ocrx_word' id='word_1_399' title='bbox 256 2751 376 2782; x_wconf 60' lang='lat' dir='ltr'>launu-</span> <span class='ocrx_word' id='word_1_400' title='bbox 399 2752 440 2784; x_wconf 67' lang='lat'>«10</span> <span class='ocrx_word' id='word_1_401' title='bbox 462 2752 720 2794; x_wconf 81' lang='lat' dir='ltr'>Montlauzun,</span> <span class='ocrx_word' id='word_1_402' title='bbox 743 2755 824 2788; x_wconf 85' lang='lat' dir='ltr'>voir</span> <span class='ocrx_word' id='word_1_403' title='bbox 842 2756 890 2789; x_wconf 89' lang='lat' dir='ltr'>H.</span> <span class='ocrx_word' id='word_1_404' title='bbox 912 2756 966 2795; x_wconf 92' lang='lat' dir='ltr'>L.‚</span> <span class='ocrx_word' id='word_1_405' title='bbox 992 2762 1014 2790; x_wconf 86' lang='lat' dir='ltr'>t.</span> <span class='ocrx_word' id='word_1_406' title='bbox 1037 2767 1160 2795; x_wconf 88' lang='lat' dir='ltr'>xxxv,</span> <span class='ocrx_word' id='word_1_407' title='bbox 1182 2768 1216 2799; x_wconf 95' lang='lat' dir='ltr'>p.</span> <span class='ocrx_word' id='word_1_408' title='bbox 1239 2756 1408 2789; x_wconf 85' lang='lat'>467-503.</span> 
     </span>
    </p>

    <p class='ocr_par' dir='ltr' id='par_1_11' title="bbox 304 2804 1968 2852">
     <span class='ocr_line' id='line_1_43' title="bbox 304 2804 1968 2852; baseline 0.004 -17"><span class='ocrx_word' id='word_1_409' title='bbox 304 2804 334 2836; x_wconf 67' lang='lat'>4.</span> <span class='ocrx_word' id='word_1_410' title='bbox 360 2804 399 2836; x_wconf 75' lang='grc' dir='ltr'>Β.</span> <span class='ocrx_word' id='word_1_411' title='bbox 428 2805 483 2844; x_wconf 85' lang='grc' dir='ltr'>Ν.,</span> <span class='ocrx_word' id='word_1_412' title='bbox 509 2818 575 2839; x_wconf 84' lang='lat' dir='ltr'>ms.</span> <span class='ocrx_word' id='word_1_413' title='bbox 600 2807 695 2840; x_wconf 82' lang='lat' dir='ltr'>latin</span> <span class='ocrx_word' id='word_1_414' title='bbox 716 2808 820 2842; x_wconf 78' lang='lat'><strong>4087.</strong></span> <span class='ocrx_word' id='word_1_415' title='bbox 848 2809 893 2841; x_wconf 90' lang='lat' dir='ltr'>Ce</span> <span class='ocrx_word' id='word_1_416' title='bbox 917 2821 983 2842; x_wconf 86' lang='lat' dir='ltr'>ms.</span> <span class='ocrx_word' id='word_1_417' title='bbox 1009 2809 1179 2842; x_wconf 86' lang='lat' dir='ltr'>contient</span> <span class='ocrx_word' id='word_1_418' title='bbox 1201 2809 1409 2841; x_wconf 83' lang='lat' dir='ltr'>seulement</span> <span class='ocrx_word' id='word_1_419' title='bbox 1430 2808 1675 2852; x_wconf 82' lang='lat' dir='ltr'>l’Apparatus</span> <span class='ocrx_word' id='word_1_420' title='bbox 1697 2820 1760 2842; x_wconf 84' lang='lat' dir='ltr'>sur</span> <span class='ocrx_word' id='word_1_421' title='bbox 1781 2809 1812 2842; x_wconf 92' lang='lat' dir='ltr'>le</span> <span class='ocrx_word' id='word_1_422' title='bbox 1836 2808 1968 2843; x_wconf 85' lang='lat' dir='ltr'>Sexte..</span> 
     </span>
    </p>

    <p class='ocr_par' dir='ltr' id='par_1_12' title="bbox 306 2857 819 2898">
     <span class='ocr_line' id='line_1_44' title="bbox 306 2857 819 2898; baseline 0.018 -12"><span class='ocrx_word' id='word_1_423' title='bbox 306 2857 334 2888; x_wconf 69' lang='grc' dir='ltr'>Γ).</span> <span class='ocrx_word' id='word_1_424' title='bbox 361 2857 399 2890; x_wconf 67' lang='lat'>13.</span> <span class='ocrx_word' id='word_1_425' title='bbox 428 2858 482 2898; x_wconf 84' lang='lat' dir='ltr'>N.,</span> <span class='ocrx_word' id='word_1_426' title='bbox 508 2871 573 2892; x_wconf 87' lang='lat' dir='ltr'>ms.</span> <span class='ocrx_word' id='word_1_427' title='bbox 598 2860 693 2892; x_wconf 87' lang='lat' dir='ltr'>latin</span> <span class='ocrx_word' id='word_1_428' title='bbox 714 2861 819 2896; x_wconf 76' lang='grc'>4086.</span> 
     </span>
    </p>

    <p class='ocr_par' dir='ltr' id='par_1_13' title="bbox 261 2910 1971 3003">
     <span class='ocr_line' id='line_1_45' title="bbox 306 2910 1971 2959; baseline 0.005 -19"><span class='ocrx_word' id='word_1_429' title='bbox 306 2911 335 2940; x_wconf 64' lang='grc' dir='ltr'>Η.</span> <span class='ocrx_word' id='word_1_430' title='bbox 357 2910 460 2942; x_wconf 52' lang='lat' dir='ltr'>Cotto</span> <span class='ocrx_word' id='word_1_431' title='bbox 479 2912 662 2945; x_wconf 54' lang='lat' dir='ltr'>rest—ronco</span> <span class='ocrx_word' id='word_1_432' title='bbox 680 2920 736 2946; x_wconf 79' lang='lat' dir='ltr'>est</span> <span class='ocrx_word' id='word_1_433' title='bbox 753 2916 914 2955; x_wconf 76' lang='lat' dir='ltr'>erronee,</span> <span class='ocrx_word' id='word_1_434' title='bbox 933 2927 995 2948; x_wconf 81' lang='lat' dir='ltr'>car</span> <span class='ocrx_word' id='word_1_435' title='bbox 1010 2915 1041 2948; x_wconf 87' lang='lat' dir='ltr'>le</span> <span class='ocrx_word' id='word_1_436' title='bbox 1059 2927 1125 2949; x_wconf 89' lang='lat' dir='ltr'>ms.</span> <span class='ocrx_word' id='word_1_437' title='bbox 1145 2914 1400 2958; x_wconf 87' lang='lat' dir='ltr'>(aujourd&#39;hui</span> <span class='ocrx_word' id='word_1_438' title='bbox 1416 2914 1511 2947; x_wconf 83' lang='lat' dir='ltr'>latin</span> <span class='ocrx_word' id='word_1_439' title='bbox 1523 2914 1629 2958; x_wconf 83' lang='lat'><strong>3993)</strong></span> <span class='ocrx_word' id='word_1_440' title='bbox 1649 2927 1693 2949; x_wconf 89' lang='lat' dir='ltr'>ne</span> <span class='ocrx_word' id='word_1_441' title='bbox 1712 2914 1881 2948; x_wconf 85' lang='lat' dir='ltr'>contient</span> <span class='ocrx_word' id='word_1_442' title='bbox 1896 2926 1971 2959; x_wconf 87' lang='lat' dir='ltr'>pas.</span> 
     </span>
     <span class='ocr_line' id='line_1_46' title="bbox 261 2961 459 3003; baseline 0.02 -12"><span class='ocrx_word' id='word_1_443' title='bbox 261 2961 459 3003; x_wconf 62' lang='lat' dir='ltr'>l&#39;ouvragrf.</span> 
     </span>
    </p>

    <p class='ocr_par' dir='ltr' id='par_1_14' title="bbox 305 3015 1037 3055">
     <span class='ocr_line' id='line_1_47' title="bbox 305 3015 1037 3055; baseline 0.014 -10"><span class='ocrx_word' id='word_1_444' title='bbox 305 3015 335 3046; x_wconf 76' lang='lat'>7.</span> <span class='ocrx_word' id='word_1_445' title='bbox 366 3016 399 3046; x_wconf 72' lang='lat'>13.</span> <span class='ocrx_word' id='word_1_446' title='bbox 429 3016 483 3051; x_wconf 59' lang='lat' dir='ltr'>N..</span> <span class='ocrx_word' id='word_1_447' title='bbox 511 3030 593 3050; x_wconf 79' lang='lat' dir='ltr'>mss.</span> <span class='ocrx_word' id='word_1_448' title='bbox 620 3019 731 3052; x_wconf 77' lang='lat' dir='ltr'>latins</span> <span class='ocrx_word' id='word_1_449' title='bbox 756 3020 850 3054; x_wconf 76' lang='lat'>4116</span> <span class='ocrx_word' id='word_1_450' title='bbox 873 3027 909 3053; x_wconf 82' lang='lat' dir='ltr'>et</span> <span class='ocrx_word' id='word_1_451' title='bbox 932 3021 1037 3055; x_wconf 79' lang='grc'>4117.</span> 
     </span>
    </p>

    <p class='ocr_par' dir='ltr' id='par_1_15' title="bbox 306 3068 1970 3119">
     <span class='ocr_line' id='line_1_48' title="bbox 306 3068 1970 3119; baseline 0.005 -22"><span class='ocrx_word' id='word_1_452' title='bbox 306 3070 335 3098; x_wconf 59' lang='grc'>8.</span> <span class='ocrx_word' id='word_1_453' title='bbox 367 3068 509 3107; x_wconf 64' lang='lat'>{3:211120,</span> <span class='ocrx_word' id='word_1_454' title='bbox 538 3077 561 3103; x_wconf 75' lang='lat' dir='ltr'>t.</span> <span class='ocrx_word' id='word_1_455' title='bbox 586 3083 635 3110; x_wconf 85' lang='lat'>111,</span> <span class='ocrx_word' id='word_1_456' title='bbox 662 3084 694 3115; x_wconf 90' lang='lat' dir='ltr'>p.</span> <span class='ocrx_word' id='word_1_457' title='bbox 721 3073 800 3106; x_wconf 75' lang='lat'><strong>477.</strong></span> <span class='ocrx_word' id='word_1_458' title='bbox 826 3093 874 3097; x_wconf 32' lang='grc' dir='ltr'><strong>ἡ</strong></span> <span class='ocrx_word' id='word_1_459' title='bbox 896 3074 985 3107; x_wconf 81' lang='lat' dir='ltr'>Voir</span> <span class='ocrx_word' id='word_1_460' title='bbox 1007 3075 1041 3107; x_wconf 86' lang='lat' dir='ltr'>la</span> <span class='ocrx_word' id='word_1_461' title='bbox 1065 3073 1283 3117; x_wconf 85' lang='lat' dir='ltr'>biographie</span> <span class='ocrx_word' id='word_1_462' title='bbox 1308 3075 1351 3106; x_wconf 84' lang='lat' dir='ltr'>de</span> <span class='ocrx_word' id='word_1_463' title='bbox 1375 3073 1535 3107; x_wconf 89' lang='lat' dir='ltr'>Jesselin</span> <span class='ocrx_word' id='word_1_464' title='bbox 1559 3075 1602 3108; x_wconf 91' lang='lat' dir='ltr'>de</span> <span class='ocrx_word' id='word_1_465' title='bbox 1627 3074 1843 3119; x_wconf 85' lang='lat' dir='ltr'>Cassagnes,</span> <span class='ocrx_word' id='word_1_466' title='bbox 1869 3075 1970 3107; x_wconf 85' lang='lat' dir='ltr'>dans.</span> 
     </span>
    </p>

    <p class='ocr_par' dir='ltr' id='par_1_16' title="bbox 260 3118 827 3166">
     <span class='ocr_line' id='line_1_49' title="bbox 260 3118 827 3166; baseline 0.019 -17"><span class='ocrx_word' id='word_1_467' title='bbox 260 3118 303 3151; x_wconf 88' lang='lat' dir='ltr'>ll.</span> <span class='ocrx_word' id='word_1_468' title='bbox 329 3121 380 3157; x_wconf 69' lang='lat' dir='ltr'>l...</span> <span class='ocrx_word' id='word_1_469' title='bbox 409 3128 429 3153; x_wconf 75' lang='lat' dir='ltr'>r.</span> <span class='ocrx_word' id='word_1_470' title='bbox 456 3134 576 3162; x_wconf 74' lang='lat' dir='ltr'>xxxv,</span> <span class='ocrx_word' id='word_1_471' title='bbox 602 3136 634 3166; x_wconf 85' lang='lat' dir='ltr'>p.</span> <span class='ocrx_word' id='word_1_472' title='bbox 658 3126 827 3159; x_wconf 75' lang='grc'>348-361.</span> 
     </span>
    </p>
   </div>
  </div>
 </body>
</html>
