2083 3458
278 260 361 300 340
927 275 1079 300 NOTAE
1112 275 1173 300 AD
1207 275 1335 300 vrrAs
1855 259 1980 314 [833]

280 358 438 397 mitissa
468 358 759 406 Turennensis3
789 366 884 409 post
912 358 1028 408 cujus
1057 366 1232 397 mortem
1262 359 1416 409 absque
1443 359 1580 398 liberis
1611 360 1826 407 Eleonora‚
1857 373 1980 409 quam

281 417 458 457 diximus
488 417 691 456 Guillelmi
723 417 763 455 II
793 416 922 456 filiam
949 417 1085 466 fuisse,
1115 417 1248 456 evasit
1275 417 1482 457 comitissa
1508 418 1729 457 Bellifortis
1758 426 1799 457 et
1825 418 1981 457 viceco-

280 477 437 515 mitissa
455 476 727 515 Turennensis
741 490 849 515 anno
862 476 1137 515 MCCCCXVI
1148 484 1189 515 et
1204 477 1473 527 quadriennio
1490 486 1585 528 post
1599 478 1701 516 obiit
1718 478 1872 528 absque
1884 477 1980 516 libe-

279 536 344 575 ris.

334 595 455 645 Hugo
483 595 532 633 de
563 595 681 646 Rupe
711 594 844 645 (cujus
872 595 1028 634 mentio
1057 602 1174 633 extat
1203 595 1313 646 apud
1343 595 1630 644 Froissartum‚
1660 604 1690 635 t.
1721 611 1790 643 vn,
1818 610 1857 646 p.
1889 595 1980 645 228)

279 653 569 693 mareschallus
596 653 730 693 curiae
759 654 985 702 Romanae,
1012 654 1061 693 de
1088 669 1169 705 quo
1194 655 1318 705 paulo
1343 663 1440 694 ante
1466 655 1716 703 dicebamus,
1743 655 1806 693 vir
1830 654 1910 693 fuit
1935 669 1981 694 ea

279 721 529 765 tempestate
559 713 818 762 clarissimus,
847 713 995 752 nobilis
1024 727 1072 752 ac
1099 721 1245 764 potens
1273 714 1336 752 vir
1363 723 1536 753 vocatus
1573 714 1613 753 in
1643 714 1755 752 Actis
1792 714 1983 752 veteribus

279 772 377 811 anni
406 773 578 811 MCCCL
608 772 728 811 editis
756 772 864 811 inter
892 772 1152 811 Probationes
1180 773 1365 811 historiae
1389 773 1672 822 Turennensis,
1698 788 1737 824 p.
1768 773 1831 821 89,
1861 787 1982 824 quem

281 840 445 871 constat
475 839 613 871 ortum
643 846 727 870 esse
758 847 809 870 ex
838 831 1012 883 antiqua
1042 831 1261 872 nobilitate
1293 833 1574 872 Lemovicensi
1604 833 1756 871 circum
1779 833 1980 872 Tutelam.

282 892 403 930 Hunc
430 899 624 942 nepotem
651 905 771 930 suum
799 899 924 930 vocat
951 891 1135 931 Clemens
1163 892 1235 940 VI,
1263 892 1332 931 lib.
1366 893 1434 940 IV,
1463 892 1580 943 epist.
1613 907 1789 940 cnxxw,
1819 892 1870 930 ob
1907 892 1983 930 hoc

280 950 474 988 nimirum
497 950 593 1001 quia
615 950 792 990 duxerat
815 950 1067 1002 Dalphinam
1090 951 1321 1001 Rogeriam,
1344 960 1392 989 ut
1414 952 1534 990 docet
1557 952 1701 990 Petrus
1724 952 1773 990 de
1797 950 1982 989 Paternis

282 1010 324 1048 in
343 1010 516 1061 epistola
538 1009 789 1048 dedicatoria
809 1017 1014 1049 tractatus
1026 1010 1086 1048 De
1106 1010 1328 1049 necessitate
1347 1019 1380 1049 et
1403 1011 1638 1062 sufficientia
1669 1011 1769 1049 vitae
1787 1011 1984 1049 humanae

281 1084 354 1109 ms.
383 1069 425 1107 in
451 1069 588 1108 codice
613 1068 720 1107 1517
745 1069 1018 1108 bibliothecae
1041 1069 1302 1108 'Colbertinae
1319 1070 1334 1092 1
1362 1086 1369 1108 ε
1407 1070 1742 1108 Reverendissime
1776 1085 1821 1108 ae
1845 1063 2004 1120 prepoe'

281 1129 376 1166 tenti
404 1128 572 1176 domine,
608 1136 701 1176 etc„
730 1129 886 1167 domine
910 1129 1114 1179 Dalphine
1141 1129 1185 1167 cle
1220 1129 1435 1179 Bellosorti,
1465 1130 1621 1167 domine
1648 1130 1693 1167 de
1719 1129 1847 1180 Rupe,
1878 1128 1985 1179 nepti

280 1187 525 1226 sanctissimi
547 1188 591 1226 in
610 1187 766 1226 Christo
785 1188 913 1239 patris
932 1196 966 1226 et
994 1188 1146 1226 domini
1167 1188 1320 1226 domini
1340 1188 1551 1227 Clementis
1571 1203 1674 1239 pape
1693 1189 1805 1237 sexti,
1829 1196 1863 1226 et
1881 1188 1984 1238 ejus-

282 1248 367 1285 dem
390 1247 542 1285 domini
567 1247 690 1285 nostri
722 1261 793 1298 pro
817 1262 924 1286 nunc
947 1248 1236 1286 marescalcisse
1267 1248 1444 1286 Romane
1467 1248 1573 1286 curie
1593 1263 1638 1286 ac
1661 1248 1780 1286 etiam
1802 1262 1848 1286 ex
1876 1255 1985 1298 parte

280 1306 454 1356 ejusdem
474 1306 627 1344 domini
647 1306 769 1344 nostri
788 1306 986 1345 rectorisse
1005 1307 1211 1345 comitatus
1235 1307 1469 1357 Venaycini‚
1489 1308 1608 1357 frater
1627 1308 1768 1345 Petrus
1787 1308 1832 1345 de
1850 1307 1984 1345 Pater-

282 1366 359 1413 nis,
389 1380 497 1404 sacre
527 1365 712 1415 theologie
741 1366 950 1416 professor,
981 1366 1135 1404 ordinis
1162 1366 1332 1416 fratrum
1362 1367 1638 1405 heremitarum
1667 1366 1794 1404 sancti
1823 1366 1984 1415 Augus-

281 1425 370 1463 tini.

337 1484 463 1523 Recte
481 1492 623 1523 autem
644 1484 849 1535 Dalphina
867 1492 1042 1523 vocatur
1060 1484 1391 1524 mareschalcissa
1411 1485 1544 1524 curiae
1566 1486 1777 1524 Romanae
1797 1493 1838 1523 et
1855 1492 1984 1523 recto-

282 1543 381 1581 rissa
420 1543 641 1582 comitatus
680 1543 937 1593 Venayssini.
977 1544 1136 1594 Quippe
1174 1544 1370 1583 maritum
1408 1544 1494 1594 ejus
1534 1553 1726 1583 ornatum
1764 1544 1886 1583 fuisse
1924 1543 1984 1582 his

282 1602 555 1652 dignitatibus
587 1616 696 1641 anno
729 1603 997 1650 MCCCXLV,
1030 1611 1194 1641 constat
1225 1618 1275 1642 ex
1305 1603 1374 1643 lib.
1412 1604 1480 1651 IV,
1513 1604 1630 1654 epist.
1666 1618 1717 1642 Lv
1749 1612 1790 1642 et
1823 1617 1984 1642 cDxx1v

282 1661 468 1711 ejusdem
495 1662 726 1701 Clementis.
758 1662 962 1701 Eumdem
982 1662 1104 1701 fuisse
1127 1663 1442 1702 mareschallum
1466 1663 1600 1702 curiae
1626 1664 1837 1703 Romanae
1859 1663 1984 1701 etiam

283 1721 359 1759 sub
392 1720 584 1771 Gregorio
619 1721 680 1758 XI
714 1721 835 1759 docet
865 1722 996 1760 codex
1027 1721 1295 1772 epistolarum
1327 1722 1511 1772 ejusdem
1552 1722 1734 1773 Gregorii
1766 1730 1807 1761 et
1840 1722 1985 1761 Petrus

283 1780 429 1819 Amelii
457 1779 498 1818 in
528 1780 801 1831 descriptione
830 1780 986 1819 itineris
1016 1781 1103 1830 ejus
1135 1781 1324 1820 Romani.
1358 1782 1561 1820 Eumdem
1590 1782 1712 1820 fuisse
1742 1781 1986 1832 magistrum

283 1840 391 1877 salae
414 1839 595 1889 Gregorii
620 1839 680 1877 XI
702 1847 882 1878 testatur
905 1840 1144 1878 Fernandus
1168 1840 1278 1879 Petri
1300 1841 1477 1879 decanus
1501 1841 1793 1889 Timsonensis,
1815 1841 1985 1879 interro-

283 1906 402 1948 gatus
423 1912 544 1949 super
565 1913 660 1937 casu
681 1898 801 1949 primi
822 1898 952 1937 electi.
978 1899 1036 1938 De
1070 1899 1266 1949 magistro
1287 1901 1395 1938 salae
1425 1900 1518 1939 vide
1541 1915 1644 1950 quae
1665 1900 1784 1948 infra,
1807 1915 1844 1951 p.
1870 1899 1984 1947 1125,

284 1957 517 1996 referuntur
533 1972 583 1996 ex
600 1958 856 2008 depositione
876 1958 1019 1996 Didaci
1037 1958 1204 1997 Martini
1222 1959 1270 1997 de
1291 1959 1474 1998 Urduna.
1495 1960 1699 1998 Eumdem
1716 1959 1838 1998 fuisse
1857 1958 1985 1997 domi-

283 2031 383 2055 num
402 2016 633 2055 Castrinovi
652 2025 693 2056 et
712 2017 892 2055 Tornolii
909 2017 1041 2068 liquet
1059 2032 1109 2056 ex
1134 2018 1337 2056 Veteribus
1355 2019 1452 2056 actis
1471 2018 1590 2057 editis
1601 2019 1709 2057 inter
1727 2019 1986 2057 Probationes

284 2075 468 2113 historiae
492 2076 680 2124 Turenn.‚
701 2091 741 2127 p.
757 2076 820 2124 87,
839 2076 913 2115 103
934 2085 975 2115 et
994 2076 1101 2115 inter
1119 2077 1378 2115 Probationes
1398 2078 1601 2116 Historiae
1634 2078 1819 2116 comitum
1845 2078 1984 2115 Valen-

286 2135 515 2183 tinensium,
536 2150 576 2185 p.
600 2135 663 2182 57,
684 2135 866 2186 itemque
887 2150 937 2175 ex
962 2136 1124 2186 Regesto
1150 2136 1315 2174 LXXX
1346 2137 1423 2187 [JJ
1442 2135 1516 2188 80]
1544 2137 1699 2175 archivi
1723 2137 1822 2187 regii
1843 2136 1984 2184 Paris.,

284 2208 372 2244 cap.
400 2209 543 2232 cxxvn
567 2202 608 2232 et
633 2209 774 2243 CLXXI,
797 2210 848 2233 ex
871 2195 1019 2245 quibus
1042 2196 1323 2234 emendandus
1347 2204 1409 2234 est
1430 2196 1621 2244 Bzovius,
1645 2211 1710 2235 an.
1737 2196 1851 2244 1373,
1881 2196 1898 2244 ἓ
1924 2195 1984 2243 16,

283 2268 321 2303 p.
350 2253 463 2301 1469,
489 2253 559 2291 ubi
585 2268 678 2292 eum
702 2262 826 2292 vocat
851 2254 1065 2293 dominum
1089 2255 1300 2294 Turnonii.

338 2312 448 2351 Duos
472 2312 552 2360 ille,
577 2321 625 2350 ut
649 2328 699 2351 ex
723 2313 904 2363 epistolis
930 2314 1111 2364 Gregorii
1137 2314 1198 2352 XI
1225 2314 1439 2365 colligitur,
1468 2314 1570 2353 filios
1595 2315 1755 2362 habuit,
1782 2315 1985 2353 Joannem

284 2379 325 2409 et
344 2371 579 2420 Geraldum,
601 2386 701 2422 quos
721 2372 831 2411 idem
850 2373 1066 2423 Gregorius
1096 2381 1220 2412 vocat
1238 2381 1407 2424 nepotes
1428 2388 1533 2413 suos.
1556 2374 1771 2413 Praeterea
1791 2389 1841 2412 ex
1859 2381 1985 2412 testa-

284 2438 423 2469 mento
442 2430 597 2469 Helidis
616 2432 663 2469 de
678 2432 891 2470 Belloforti
908 2432 1138 2471 comitissae
1156 2432 1322 2482 majoris
1339 2433 1655 2481 Valentinensis,
1677 2447 1781 2483 quae
1801 2433 1985 2483 ejusdem

284 2490 465 2540 Gregorii
485 2505 597 2528 soror
617 2498 718 2538 erat,
740 2499 914 2542 apparet
933 2491 1020 2541 ejus
1041 2499 1235 2542 nepotem
1255 2492 1377 2531 fuisse
1399 2493 1568 2531 Petrum
1589 2493 1638 2531 de
1660 2493 1778 2544 Rupe
1798 2492 1984 2539 militem,

284 2557 450 2599 neptem
481 2549 731 2599 Dalphinam
761 2550 809 2589 de
842 2550 959 2601 Rupe
989 2551 1332 2589 vicecomitissam
1364 2551 1659 2600 Uceficensem,
1691 2565 1816 2602 quam
1844 2565 1985 2590 conso-

284 2608 443 2646 brinam
473 2623 710 2658 germanam
742 2609 979 2659 Raymundi
1009 2610 1280 2649 Turennensis
1309 2618 1418 2649 recte
1448 2619 1571 2649 vocat
1598 2610 1845 2649 Benedictus
1876 2609 1984 2648 XIII

285 2667 323 2703 in
342 2667 450 2705 bulla
477 2667 587 2705 edita
614 2668 720 2706 inter
745 2668 1004 2707 Probationes
1028 2669 1231 2707 Historiae
1255 2669 1525 2707 Turennensis
1551 2669 1605 2720 [p.
1634 2669 1746 2720 137].
1775 2668 1986 2718 Quatuor2

332 2817 362 2848 1.
393 2817 432 2849 Β.
458 2817 513 2856 Ν.,
535 2829 601 2850 ms.
622 2818 716 2851 latin
736 2818 831 2851 3313
848 2820 892 2859 A,
913 2820 974 2853 fol.
997 2820 1013 2852 1
1036 2824 1078 2853 ΓΟ.

335 2872 363 2901 2.
393 2869 525 2903 Baluzc
559 2871 686 2913 ajoutc
713 2884 718 2904 :
752 2872 863 2905 Anno
887 2873 992 2912 1355,
1018 2874 1062 2905 22
1086 2872 1261 2912 octobris,
1298 2872 1584 2906 matrimonium
1616 2880 1856 2907 contractum
1887 2874 2004 2907 inter·

289 2921 519 2955 Ludovicum
537 2923 826 2958 Montisbuxerii
843 2931 880 2958 et
897 2925 1070 2959 Matham
1087 2926 1130 2959 de
1151 2926 1270 2969 Rupe,
1292 2925 1408 2959 filiam
1425 2926 1593 2959 defuncti
1612 2926 1781 2971 Hugonis
1799 2928 1842 2960 de
1862 2927 1981 2972 Rupe.

290 2974 340 3006 lix
369 2987 408 3007 eo
438 2977 679 3009 matrimonio
705 2979 890 3021 procreati
917 2979 1117 3019 Antonius,
1146 2979 1360 3013 Ludovicus
1387 2985 1425 3011 et
1452 2979 1584 3013 Petrus
1611 2979 1910 3014 Montisbuxerii.
1937 3000 1984 3003 —

288 3027 460 3060 Nicolaus
485 3030 527 3061 dc
553 3030 672 3072 Rupe,
698 3031 872 3064 dominus
896 3032 1108 3065 Castrinovi
1130 3039 1168 3065 et
1191 3032 1366 3072 Tornolii‚
1394 3032 1489 3065 filius
1515 3032 1695 3076 Hugonis.
1718 3051 1768 3056 -—
1787 3033 1982 3074 Alziarius,

288 3080 490 3113 vicecomes
520 3082 684 3122 Ucetiac„
707 3090 745 3116 et
773 3084 959 3128 Delphina
979 3085 1059 3128 ejus
1080 3097 1185 3126 uxor,
1211 3084 1286 3118 filia
1315 3084 1484 3128 Hugonis
1506 3087 1549 3118 de
1572 3086 1692 3130 Rupe,
1714 3085 1842 3119 militis
1872 3086 1984 3130 (arret

284 3134 332 3164 (lu
356 3134 565 3175 parlcmcnt
588 3136 630 3168 (lc
653 3136 773 3180 1405).
