2083 3458
135 212 287 267 [1038]
651 228 864 254 PAPARUM
901 230 1283 255 AVENlONENsmM
1739 217 1820 259 555

120 310 260 358 tensis,
288 310 538 348 adnotatum
565 317 627 349 est
655 311 868 349 dominum
896 312 943 351 de
973 312 1088 350 Saltu
1114 313 1156 350 in
1184 314 1354 351 solemni
1377 323 1584 352 conventu
1608 315 1752 354 habito
1780 316 1820 353 in

120 369 369 407 monasterio
403 368 576 419 Aptensi
609 369 785 407 fratrum
820 370 1023 409 Minorum
1056 386 1164 410 anno
1200 371 1564 421 MCCCLXXXII,
1602 374 1665 411 die
1700 388 1821 413 vene-

119 426 170 465 ris
207 441 308 465 xvm
343 427 495 478 aprilis,
526 427 688 478 publice
723 430 982 479 proposuisse
1017 438 1064 467 ut
1092 444 1114 468 a
1149 444 1257 480 papa
1287 440 1525 481 posceretur
1559 433 1819 484 canonizatio

122 486 364 536 Dalphinae,
383 487 520 524 uxoris
539 486 699 525 comitis
718 487 892 534 Arriani,
910 489 1095 538 sepultae
1112 489 1153 526 in
1171 490 1314 528 eodem
1329 491 1592 530 monasterio,
1610 490 1819 529 Mortuam

118 553 259 583 autem
289 545 402 583 illam
435 545 557 584 fuisse
590 559 698 583 anno
732 545 946 584 MCCCLX
979 548 1098 586 docet
1132 548 1398 598 Waddingus.
1435 549 1561 588 Videl
1595 550 1818 589 Odoricum

122 603 398 653 Raynaldum,
425 618 489 642 an.
520 604 633 651 1363,
667 604 761 653 526.

172 662 213 701 P.
233 662 322 711 370,
340 663 404 713 lig.
427 663 486 701 13.
508 663 770 701 Lunovmus.
792 664 867 701 Sur
881 664 1150 715 l’expedition
1168 666 1216 704 de
1235 666 1455 714 provence,
1474 667 1563 705 voir
1578 667 1757 706 Histoire
1774 669 1819 706 de

117 721 366 770 Langaedoc,
397 724 442 772 (t.
469 736 528 770 lx,
558 737 595 771 p.
627 722 830 771 791-793),
862 723 1108 762 Delachenal
1140 725 1334 772 (Histoire
1361 726 1405 763 de
1432 725 1594 763 Clzarles
1627 726 1671 774 V,
1702 735 1730 765 t.
1759 742 1816 775 111,

118 795 155 830 p.
175 780 379 830 461-462),
399 781 441 819 L.
464 781 513 820 H.
535 781 730 819 Labande
749 781 962 826 (Bertrancl
976 783 1027 819 clu
1053 783 1238 821 Gaesclin
1254 792 1288 822 et
1304 784 1357 821 les
1379 775 1493 823 Etats
1506 785 1757 834 pontificata
1773 787 1818 823 de

118 839 282 887 France,
306 839 407 878 dans
431 839 646 877 Memoires
668 840 715 877 de
733 839 961 878 l’acade'mie
983 842 1026 879 cle
1054 842 1261 890 Vauclase,
1287 842 1401 891 1904,
1424 857 1463 894 p.
1489 843 1640 893 20-40),
1663 844 1815 884 Baluze

118 899 163 946 (t.
187 913 243 946 1v,
268 913 306 949 p.
335 898 536 947 134-135).

169 957 211 996 P.
231 957 320 1006 371,
337 958 403 1008 lig.
423 957 458 996 5.
478 958 701 996 OBTINUIT.
722 958 798 996 Sur
812 959 850 995 la
869 972 1093 1009 campagne
1111 960 1159 997 de
1178 960 1340 999 Castille
1358 968 1398 999 et
1414 962 1449 999 le
1467 961 1607 999 drame
1633 962 1681 1000 de
1700 962 1814 1000 Mon-

114 1016 197 1064 tiel,
213 1017 302 1054 voir
320 1016 567 1056 Delachenal
585 1017 662 1066 (op.
680 1016 759 1064 cit.,
777 1025 806 1055 t.
823 1031 880 1064 111,
897 1032 934 1067 p.
953 1018 1042 1065 438,
1060 1018 1264 1067 463-492).

168 1075 210 1114 Ρ.
242 1075 330 1123 371,
361 1076 427 1125 lig.
459 1075 520 1114 32.
554 1075 922 1114 APPELLATIONES.
953 1077 1005 1114 Le
1031 1076 1076 1114 11
1102 1078 1183 1115 mai
1208 1077 1309 1116 1368
1335 1075 1498 1118 Charles
1529 1079 1563 1116 V
1592 1079 1726 1117 admit
1755 1081 1812 1118 les

113 1135 253 1184 appels
275 1142 316 1173 et
336 1135 371 1174 le
396 1134 443 1172 16
464 1135 687 1174 novembre
709 1135 791 1173 cita
811 1136 847 1174 le
868 1135 1006 1185 prince
1029 1136 1077 1174 de
1100 1136 1233 1175 Galles
1256 1138 1276 1174 a
1301 1140 1574 1187 comparaitre
1599 1138 1754 1176 devant
1775 1140 1811 1177 le

112 1193 360 1242 parlement3
383 1194 471 1232 x-oir
493 1193 740 1233 Delachenal
762 1194 840 1243 (op.
863 1194 941 1241 cit„
964 1202 992 1233 t.
1014 1209 1070 1238 111,
1091 1209 1129 1245 p.
1153 1195 1357 1245 536-537),
1386 1195 1561 1234 Grandes
1581 1197 1813 1246 chroniques

112 1252 156 1289 de
171 1252 324 1290 France
340 1253 417 1302 (ed.
438 1252 699 1300 Delachenal,
716 1261 746 1292 t.
763 1267 804 1300 11,
819 1267 859 1304 p.
873 1252 1025 1302 46-67),
1041 1253 1202 1292 Denifle'
1214 1254 1289 1303 (La
1304 1255 1533 1303 desolation,
1547 1263 1576 1294 t.
1590 1270 1632 1303 11,
1644 1271 1683 1306 p.
1702 1256 1808 1305 537).

165 1311 207 1350 P.
222 1311 311 1359 372,
324 1312 390 1360 lig.
410 1311 470 1351 19.
486 1312 634 1350 PAULO
651 1326 785 1350 MINUS
797 1312 823 1350 ².
840 1311 1095 1362 Augustinus
1111 1313 1311 1351 Patricius
1327 1314 1368 1352 in
1383 1314 1486 1352 libro
1500 1314 1810 1352 ceremoniarum

111 1370 221 1408 edito
251 1384 273 1408 a
305 1371 597 1421 Christophoro
628 1371 831 1419 Marcello,
862 1371 1168 1422 archiepiscopo
1199 1372 1450 1421 Corcyrensi,
1481 1372 1547 1411 fol.
1580 1373 1629 1410 20
1659 1389 1667 1411 :
1699 1373 1812 1423 Quod

50 1426 54 1429 ⁴
110 1436 240 1467 autem
264 1430 309 1467 de
334 1430 566 1480 imperatore
590 1430 774 1477 dicimus,
802 1430 1064 1479 intelligimus
1088 1431 1133 1468 cle
1158 1430 1396 1481 Imperatore
1422 1431 1703 1480 Romanorum,
1731 1447 1810 1470 non

109 1495 239 1526 autem
267 1488 513 1528 Graecorum.
539 1489 647 1527 Nam
670 1489 734 1527 ille
757 1498 796 1527 iit
818 1503 883 1527 rese
903 1498 1102 1528 tractatur.

163 1547 205 1586 Ρ.
226 1547 314 1595 372,
334 1548 400 1598 lig.
421 1548 481 1587 22.
501 1549 696 1586 BULLAM.
720 1548 850 1586 Extat
867 1549 978 1598 apud
998 1548 1281 1587 Abrahamum
1299 1549 1499 1588 Bzovium
1517 1557 1557 1588 et
1585 1549 1807 1588 Odoricum

112 1605 374 1655 Raynaldum
404 1607 473 1645 sed
502 1607 630 1646 latine
659 1615 840 1646 tantum.
874 1607 1028 1646 Graeca
1059 1607 1188 1646 edidit
1219 1607 1394 1646 Allatius
1424 1609 1466 1646 in
1494 1608 1598 1646 libro
1627 1609 1807 1647 secundo

105 1665 164 1702 De
184 1665 383 1704 Ecclesiae
404 1666 656 1705 occidentalis
676 1675 711 1704 et
730 1666 935 1705 orientalis
955 1674 1146 1716 perpetua
1170 1667 1438 1715 consensione,
1462 1681 1549 1717 cap.
1576 1681 1675 1706 xvn.

160 1725 203 1764 P.
233 1724 322 1772 372,
352 1725 415 1773 lig.
447 1725 507 1763 30.
542 1726 798 1764 PERUSiNos.
831 1726 884 1763 Le
913 1725 962 1763 28
991 1725 1131 1764 sevriei
1168 1725 1268 1763 1370
1297 1726 1500 1773 (Theiner,
1531 1726 1673 1774 Codex,
1703 1734 1732 1765 t.
1762 1741 1806 1774 11,

105 1797 143 1832 p.
173 1783 278 1833 469),

159 1842 201 1881 P.
223 1841 312 1891 373,
333 1843 398 1893 lig,
423 1843 482 1882 15.
507 1843 635 1882 Facm
656 1857 884 1882 REPARARI.
905 1843 1006 1882 Vide
1027 1843 1181 1881 bullam
1204 1844 1360 1881 Urbani
1383 1844 1429 1892 V,
1451 1844 1606 1882 editam
1626 1844 1667 1882 in
1689 1852 1806 1882 tomo

103 1901 282 1940 secundo
303 1902 481 1940 Ballarii
502 1902 750 1951 Casinensis,
772 1918 810 1953 p.
835 1902 921 1941 283.

158 1960 199 1999 Ρ.
215 1960 305 2008 374,
320 1961 386 2010 lig.
406 1961 439 2000 7.
458 1961 670 1999 ansscm
693 1977 737 1999 IN
765 1976 968 1999 ABBATEM
996 1961 1204 2000 Andream
1227 1970 1500 2012 cognomento
1525 1962 1801 2000 Faventinum

103 2032 225 2069 quem
258 2020 549 2058 M.'Antonius
583 2021 717 2070 Scipio
750 2021 891 2059 scribit
924 2020 1047 2059 fuisse
1079 2021 1330 2059 monachum
1362 2020 1513 2058 montis
1548 2020 1712 2059 Oliveti.
1749 2020 1803 2057 Et

102 2085 242 2117 tamen
264 2079 328 2118 hic
352 2087 496 2118 auctor
524 2079 637 2118 Vitae
664 2079 821 2117 Urbani
843 2080 902 2117 ait
922 2080 1038 2118 illum
1062 2088 1280 2130 acceptum
1302 2094 1387 2118 esse
1410 2094 1460 2117 ex
1484 2093 1618 2117 eremo
1642 2080 1800 2117 Camal-

103 2137 273 2177 dulensi.
295 2138 373 2177 Sed
392 2139 492 2177 haec
510 2139 784 2188 repugnantia
804 2139 892 2176 tolli
911 2153 1028 2189 posse
1046 2138 1211 2177 videtur
1230 2153 1280 2177 ex
1298 2138 1345 2176 iis
1373 2152 1477 2187 quae
1494 2138 1563 2176 lib.
1588 2138 1626 2175 ΙΙ
1646 2138 1798 2175 Histor.

102 2195 341 2245 Olivetanae,
382 2212 419 2247 p.
461 2197 524 2245 32,
565 2205 730 2236 enarrat
769 2197 978 2236 Secundus
1020 2197 1312 2236 Lancellottus.
1357 2197 1414 2235 De
1453 2197 1596 2235 eodem
1635 2197 1797 2234 Andrea

101 2255 254 2294 abbate
276 2263 317 2294 et
339 2256 549 2294 monachis
576 2257 626 2295 ab
652 2271 698 2294 eo
722 2256 908 2295 deductis
933 2256 1125 2294 Casinum
1150 2256 1241 2294 vide
1265 2256 1455 2294 eumdem
1480 2255 1799 2302 Lancellottum,

100 2328 138 2363 p.
161 2313 209 2352 27
228 2329 286 2364 sq.

154 2373 196 2412 P.
219 2373 308 2422 374,
328 2374 394 2424 lig.
419 2374 477 2413 18.
504 2375 734 2414 YMAGINES
755 2388 835 2412 SEU
858 2388 1044 2412 s'rATUAs
1059 2372 1086 2412 3.
1111 2374 1265 2411 Earum
1284 2381 1433 2423 ectypa
1461 2372 1668 2410 habentur
1687 2372 1797 2422 apud

103 2432 408 2471 Henschenium
427 2433 467 2470 in
490 2434 717 2484 Propylaeo
737 2434 788 2471 ad
809 2433 910 2471 Acta
927 2441 1165 2480 sanctorum,
1188 2432 1334 2470 mensis
1354 2431 1466 2478 maii,
1489 2445 1575 2481 par.
1602 2431 1656 2478 ΙΙ,
1673 2445 1711 2481 p.
1735 2431 1793 2468 92,

151 2491 195 2531 Ρ.
217 2491 306 2539 374,
323 2492 389 2541 lig.
409 2492 471 2530 33.
493 2492 730 2530 RECEDENS
751 2507 805 2529 DE
825 2492 962 2530 URBE.
986 2491 1139 2529 Urbain
1156 2492 1189 2528 V
1206 2491 1336 2541 partit
1355 2491 1402 2528 de
1425 2490 1552 2528 Rome
1572 2490 1608 2527 le
1628 2489 1674 2527 17
1692 2490 1795 2527 avril

97 2557 138 2588 et
162 2551 297 2588 arriva
318 2553 340 2588 a
361 2551 527 2590 Viterbe
546 2552 582 2589 le
604 2550 669 2598 193
690 2552 726 2589 le
747 2551 794 2588 22
816 2551 896 2591 mai
916 2551 942 2587 il
963 2565 1003 2588 se
1024 2550 1210 2588 trouvait
1227 2552 1248 2587 a
1266 2548 1589 2587 Montefiascone
1613 2548 1793 2597 (Baluze,

76 2614 78 2617 ’
98 2616 126 2647 t.
148 2622 204 2657 ιν,
227 2624 266 2659 p.
292 2608 396 2659 136).

149 2667 191 2707 P.
214 2667 304 2715 375,
327 2668 393 2718 lig.
419 2667 479 2708 17.
506 2668 585 2706 Dm
609 2682 758 2707 SEXTA.
783 2670 834 2707 Ce
856 2669 921 2705 fut
941 2668 977 2705 16
1001 2668 1021 2705 7
1042 2668 1129 2717 juin
1156 2667 1335 2715 (Baluze,
1360 2674 1389 2706 t.
1413 2681 1467 2713 1v,
1492 2680 1530 2715 p.
1557 2665 1661 2714 137).

141 2822 173 2856 1.
203 2823 390 2866 L'eveque
413 2823 530 2866 d'Apt
550 2823 700 2866 supplia
719 2822 816 2855 Jean
841 2822 1024 2861 XX11,1e
1055 2822 1075 2854 3
1107 2821 1181 2853 mai
1213 2821 1316 2860 1327,
1352 2819 1567 2853 d’instruire
1598 2820 1630 2852 le
1663 2822 1792 2863 proces

93 2875 137 2908 de
161 2875 423 2909 canonisation
448 2875 620 2909 d'Elzear
653 2874 1056 2919 (Albanes-Chevalier,
1084 2873 1208 2907 Gallia
1237 2872 1440 2906 christiana
1463 2873 1674 2912 novissima,
1703 2872 1792 2912 Aia«,

93 2928 160 2962 col.
183 2929 278 2972 243).
300 2928 390 2962 Voir
407 2940 469 2961 sur
488 2929 523 2961 la
541 2928 804 2962 canonisation
822 2928 1004 2961 Albanes-
1008 2926 1203 2960 Chevalier
1225 2925 1343 2969 (Actes
1363 2926 1523 2965 anciens,
1545 2932 1571 2959 t.
1590 2938 1614 2965 1,
1633 2937 1667 2968 p.
1691 2925 1789 2965 392).

144 2981 174 3014 2.
205 2981 258 3015 La
279 2981 484 3015 ceremonie
507 2987 572 3014 eut
592 2982 665 3014 lieu
685 2982 717 3014 le
739 2982 784 3015 18
807 2981 958 3014 octobre
984 2980 1145 3023 (Baluze,
1169 2985 1268 3019 t.1v‚
1291 2990 1329 3022 p
1351 2978 1432 3022 135)
1457 2984 1495 3011 et
1516 2978 1698 3011 Albanes-
1701 2979 1792 3011 Che-

95 3035 211 3067 valier
234 3035 352 3078 (Actes
372 3035 532 3074 ancien-5¹,
555 3040 581 3067 t.
602 3046 627 3068 1.
649 3046 683 3078 p.
707 3035 804 3075 392).

141 3089 174 3121 3.
191 3087 280 3120 Voir
294 3088 473 3120 Albanes-
479 3087 579 3120 Chcx
583 3087 671 3120 aher
689 3088 696 3130 (
701 3088 806 3120 Actes
820 3087 978 3125 anciens,
996 3091 1022 3118 t.
1037 3097 1060 3124 1,
1078 3096 1113 3128 p.
1130 3051 1216 3117 404-
1203 3084 1301 3126 406)
1314 3090 1352 3118 et
1367 3084 1503 3118 Baluze
1521 3083 1560 3128 (t
1573 3095 1625 3119 lv.
1636 3096 1671 3128 p.
1689 3084 1770 3117 ‘136-
1778 3083 1786 3126 )
