2083 3458
295 196 378 238 382
942 214 1095 239 NOTAE
1129 213 1191 238 AD
1227 213 1355 239 VITAS
1882 195 2005 252 [874]

299 298 515 336 Nicolaum
536 298 753 336 jacobum.
771 298 967 336 Parentes
986 297 1148 345 habuit,
1167 312 1250 335 non
1266 297 1471 335 Jacobum
1490 298 1538 337 de
1555 297 1680 337 Bessa
1700 305 1742 336 et
1761 297 2016 348 Dalphinam

300 357 532 406 Rogeriam,
556 365 604 394 ut
625 357 774 407 legitur
797 357 908 407 apud
933 357 1170 404 Justellum,
1194 356 1265 395 sed
1289 356 1554 395 Guillelmum
1577 357 1626 395 de
1647 356 1787 395 Bessia
1810 365 1852 395 et
1874 356 2012 394 Almo-

298 416 409 454 diam
428 416 648 466 Rogeriam
663 416 883 455 Clementis
900 430 1032 466 papae
1049 416 1106 453 Vl
1123 430 1316 454 sororem.
1334 416 1552 454 Testatum
1566 415 1609 454 id
1624 412 2013 466 faciunt'pactiones

298 475 552 513 matrimonii
586 475 830 514 Guischardi
863 475 912 513 de
946 475 1193 513 Combornio
1226 483 1267 513 et
1302 475 1458 513 Helidis
1492 475 1540 514 de
1571 475 1711 514 Bessia
1743 475 1872 513 initae
1904 488 2018 513 anno⁴

299 534 578 582 MCCCXLII,
606 535 670 573 die
700 549 760 572 xx
787 534 979 584 januarii.
1011 534 1229 572 Praeterea
1267 542 1431 585 patrem
1460 534 1619 573 Nicolai
1653 542 1853 572 vocatum
1889 533 2018 572 fuisse

300 594 565 632 Guillelmum
605 594 756 632 docent
793 594 936 632 literae
981 593 1161 644 Philippi
1203 593 1275 642 VI,
1306 593 1409 643 regis
1451 594 1718 642 Francorum,
1751 594 1875 631 datae
1906 607 2014 631 anno

299 653 678 691 MCCCXXXVIII
714 652 765 703 [a.
801 653 877 703 st.]
914 667 1052 692 mense
1085 652 1250 700 martio,
1286 652 1467 703 quibus1
1501 653 1766 692 Guillelmum
1807 652 2018 702 Aiguillon

299 712 457 750 dictum
480 713 518 750 la
541 713 663 751 Besse
687 712 917 751 nobilitatis
941 712 1065 750 titulo
1090 712 1303 751 decoravit
1326 712 1378 750 ad
1401 720 1637 762 requestam
1662 712 1774 750 Petri
1797 711 2016 750 cardinalis

301 772 661 822 Rothomagensis,
679 772 795 821 cujus
811 786 991 810 sororem
1006 786 1057 810 ex
1072 771 1278 809 nobilibus
1295 780 1430 809 ortam
1446 772 1634 810 duxerat.
1654 771 1841 821 Denique
1857 770 2018 809 Nioolai

300 839 476 870 matrem
500 846 680 869 sororem
703 845 821 869 suam
844 831 968 869 fuisse
990 839 1172 869 testatur
1193 831 1279 881 ipse
1304 831 1488 869 Clemens
1511 831 1553 868 in
1576 830 1796 869 Collatione
1825 830 1937 868 facta
1969 845 2020 869 eo

299 898 485 941 tempore
503 905 583 940 quo
600 891 709 929 hunc
727 890 944 928 Nicolaum
961 898 1002 929 et
1019 890 1190 929 Petrum
1204 890 1425 928 Bertrandi
1441 890 1680 941 episcopum
1697 890 2017 928 Atrebatensem

299 950 510 1000 promovit
540 950 592 987 ad
623 949 940 989 cardinalatum.
975 950 1081 1000 Ipse,
1110 949 1248 999 inquit
1265 949 1292 997 2,
1325 964 1445 999 nepos
1476 958 1603 987 noster
1631 957 1699 997 est,
1731 949 1842 999 filius
1871 948 2022 986 sororis

301 1018 439 1048 nostre.
466 1010 520 1047 Et
540 1009 646 1047 infra
671 1025 678 1047 z
705 1009 937 1059 Incepimus
958 1023 1047 1046 eum
1069 1009 1233 1056 nutrire,
1255 1017 1290 1047 et
1308 1009 1475 1058 jecimus
1496 1023 1585 1046 eum
1607 1008 1737 1046 venire
1758 1008 1962 1056 Parisius,
1984 1015 2022 1045 et'

303 1068 360 1106 ibi
390 1069 558 1118 fecimus
589 1083 678 1106 eum
708 1069 872 1107 studere.
907 1069 1050 1106 Postea
1080 1068 1234 1106 studuit
1265 1068 1308 1105 in
1339 1068 1590 1116 Aurelianis,
1624 1068 1693 1106 ubi
1726 1068 1837 1105 modo
1869 1066 2023 1117 legebat

302 1128 458 1178 quando
488 1128 656 1177 jecimus
689 1128 824 1178 ipsum
855 1127 986 1165 venire
1017 1128 1069 1165 ad
1099 1128 1265 1167 curiam.
1300 1128 1408 1165 Eum
1439 1128 1669 1166 avunculus
1703 1127 1887 1166 Clemens
1920 1125 2023 1165 feeit.

302 1187 540 1238 episcopum
564 1187 900 1226 Lemovicensem
922 1202 1030 1225 anno
1054 1187 1341 1225 MCCCXLIH
1364 1187 1468 1225 circa
1491 1201 1674 1225 mensem
1696 1186 1974 1237 septembrem
1988 1184 2016 1224 3.

302 1246 456 1285 Verum
471 1261 687 1297 nunquam
703 1247 783 1285 fuit
799 1255 1075 1285 consecratus.
1094 1247 1214 1285 Unde
1230 1261 1390 1297 semper
1404 1254 1578 1285 Vocatus
1595 1246 1676 1284 fuit
1695 1246 1848 1284 electus
1875 1245 2023 1284 Lemo·

302 1305 476 1344 vicensis
500 1320 630 1356 usque
654 1307 706 1344 ad
728 1306 830 1344 illud
853 1314 1018 1356 tempus
1043 1320 1124 1356 quo
1147 1305 1282 1344 factus
1307 1314 1368 1344 est
1392 1305 1624 1353 cardinalis,
1647 1305 1689 1343 id
1712 1313 1788 1352 est,
1811 1318 1942 1354 usque
1965 1303 2019 1342 ad

303 1379 459 1403 annum
489 1365 752 1404 millesimum
783 1365 1032 1412 CCCXLIV,
1065 1364 1128 1403 die
1160 1379 1279 1402 XXVII
1309 1365 1459 1403 mensis
1490 1364 1699 1403 februarii.
1734 1364 1793 1403 De
1822 1364 1900 1402 hae
1930 1362 2022 1413 ejus-

302 1425 563 1475 promotione
588 1424 644 1463 sic
669 1425 729 1463 ait
752 1425 863 1463 idem
889 1425 1073 1463 Clemens
1098 1424 1140 1462 in
1166 1424 1385 1462 Collatione
1409 1438 1532 1474 supra
1558 1423 1762 1462 laudata4
1787 1439 1794 1462 :
1823 1423 1901 1462 Sed
1925 1421 2023 1473 quid

304 1484 408 1521 dices
427 1485 471 1521 de
492 1484 564 1522 isto
583 1483 879 1522 LemovicensiP
902 1484 998 1521 Vere
1017 1483 1188 1521 dicimus
1209 1483 1253 1521 in
1272 1483 1384 1521 verbo
1404 1483 1578 1521 veritatis
1599 1484 1701 1533 quod
1718 1483 1802 1520 heri
1822 1483 1866 1520 de
1891 1496 2018 1530 mane,

304 1544 460 1593 quando
490 1543 729 1581 intravimus
757 1543 1049 1591 consistorium,
1079 1551 1233 1581 tantum
1261 1543 1573 1592 cogitaveramus
1602 1543 1646 1580 de
1673 1557 1750 1580 sua
1777 1541 2025 1592 promotione

303 1602 407 1640 sicut
433 1603 477 1640 de
504 1617 543 1640 re
571 1617 642 1653 que
670 1617 749 1640 non
776 1610 842 1641 est.
874 1603 951 1641 Sed
976 1603 1028 1640 ad
1053 1602 1282 1652 petitionem
1309 1602 1428 1640 totius
1455 1602 1624 1651 collegii,
1652 1602 1763 1640 nullo
1789 1602 1833 1639 de
1861 1596 2025 1650 collegio

305 1661 565 1709 discordante,
596 1662 770 1712 oportuit
798 1662 901 1712 quod
930 1662 1066 1712 ipsum
1095 1676 1397 1700 assumeremus.
1430 1661 1481 1699 Et
1509 1661 1672 1710 fuerunt
1700 1660 1924 1699 cardinales
1954 1659 2021 1710 qui

306 1721 490 1759 dixerunt
504 1722 606 1771 quod
619 1736 699 1759 non
713 1721 1008 1759 consentiebant
1022 1720 1066 1758 in
1079 1721 1397 1758 Attrabatensem
1413 1720 1494 1758 nisi
1510 1735 1580 1758 nos
1595 1734 1886 1758 assumeremus
1901 1719 2022 1757 istum

306 1778 561 1819 Nicholaum.
584 1780 635 1818 Et
656 1780 741 1818 ideo
763 1780 898 1830 ipsum
918 1780 1226 1830 assumpsimus.

359 1839 479 1877 Anno
512 1839 758 1878 MCCXLIV
791 1854 861 1878 seu
893 1840 1031 1890 potius
1064 1839 1267 1889 sequenti,
1301 1839 1364 1877 die
1397 1854 1469 1876 xvi
1501 1838 1651 1877 mensis
1682 1837 1875 1888 januarii,
1908 1837 2021 1888 apud·

307 1898 564 1937 Avenionem
599 1898 791 1937 interfuit
827 1898 1091 1937 submissioni
1128 1913 1254 1948 quam
1292 1898 1526 1937 Ludovicus
1569 1898 1623 1936 IV
1659 1897 1887 1948 imperator
1923 1896 2022 1935 fecit

308 1957 507 1996 Clementi
528 1958 585 1995 VI
607 1973 679 2008 per
702 1958 982 1996 Humbertum
1004 1957 1248 2008 dalphinum
1269 1958 1563 2005 Viennensem3
1586 1957 1680 1996 vide
1699 1957 1769 1995 lib.
1796 1956 1836 1994 II
1858 1955 2021 1994 Miscel-

307 2016 452 2055 laneor.
485 2025 735 2066 nostrorum,
766 2032 805 2068 p.
839 2017 927 2056 284.
961 2018 1093 2055 Extat
1121 2017 1229 2055 inter
1259 2031 1465 2055 sermones
1497 2015 1717 2055 Clementis
1747 2016 1806 2053 VI
1836 2014 2020 2054 collatio5

305 2075 411 2124 facta
432 2090 501 2126 per
524 2076 730 2114 dominum
752 2091 904 2127 papam
926 2076 1163 2115 Clementem
1191 2076 1263 2124 VI,
1288 2077 1444 2126 quando
1466 2084 1737 2126 procuratores
1754 2074 1905 2113 Bavari
1927 2074 2016 2112 sub-

308 2135 501 2173 miserunt
527 2144 686 2183 statum,
716 2150 939 2186 personam,
969 2150 1028 2173 res
1056 2144 1090 2173 et
1115 2136 1215 2173 bona
1236 2136 1288 2173 ad
1312 2136 1490 2173 osculum
1511 2136 1657 2186 pedum
1683 2134 1892 2173 beatorum.
1918 2133 2022 2183 Ejus

307 2194 448 2232 thema
471 2194 551 2232 fuit
575 2211 582 2233 :
606 2195 739 2233 Nolite
760 2210 901 2243 errare,
921 2196 1031 2233 Deus
1054 2210 1132 2232 non
1156 2194 1353 2234 irridetur.
1382 2195 1427 2232 In
1452 2194 1531 2233 fine
1554 2202 1695 2233 autem
1717 2193 1773 2232 sic
1795 2192 2023 2243 alloquitur

307 2262 593 2303 procuratores
619 2254 819 2293 Ludoviei
836 2254 850 2276 ⁶
869 2271 875 2292 :
895 2255 946 2292 Et
970 2255 1054 2292 ideo
1077 2254 1112 2292 si
1138 2254 1225 2292 istis
1241 2254 1420 2304 pensatis
1444 2254 1561 2292 istam
1577 2252 1885 2291 submissionem
1902 2251 2024 2290 vultis

306 2313 445 2361 facere,
472 2313 515 2351 in
540 2314 699 2351 nomine
719 2314 887 2351 Domini
910 2314 1083 2363 faciatis.
1112 2313 1157 2351 Si
1182 2328 1274 2360 non,
1301 2313 1442 2351 melius
1466 2321 1520 2351 est
1544 2321 1586 2351 ut
1609 2311 1819 2350 dimittatis
1843 2326 1961 2362 quam
1983 2310 2020 2348 si

308 2373 557 2421 postmodum
587 2373 886 2423 contempnatis.
918 2373 970 2411 Et
1000 2373 1084 2410 ideo
1114 2373 1224 2410 vobis
1253 2373 1425 2410 dicimus
1456 2373 1568 2411 illud.
1600 2371 1748 2421 Eligitc
1777 2370 1890 2409 hodie
1920 2370 2025 2420 quod

310 2431 446 2480 placet.

364 2491 483 2528 Anno
513 2491 814 2529 MCCCXLVII
844 2492 1028 2530 Clemens
1058 2491 1115 2529 VI
1145 2505 1239 2530 eum
1268 2490 1382 2529 dedit
1411 2490 1644 2529 auditorem
1671 2490 1713 2528 in
1742 2503 1864 2543 eausa
1895 2502 2020 2539 quam

358 2664 389 2695 1.
414 2663 454 2696 B.
482 2663 539 2703 N„
563 2675 630 2697 ms.
655 2664 792 2697 Baluze
815 2663 872 2703 21,
896 2663 959 2697 fol.
985 2664 1052 2697 153
1075 2668 1119 2696 1²⁰.

359 2717 389 2749 2.
418 2716 681 2761 Bibliotheque
708 2717 1081 2757 Sainte-Genevieve‚
1109 2728 1176 2749 ms.
1204 2716 1287 2756 240,
1313 2716 1376 2749 fol.
1405 2716 1473 2749 526
1498 2720 1542 2749 r0.

359 2771 390 2802 3.
418 2769 447 2802 Il
470 2770 529 2802 fut
551 2773 701 2804 nomme
725 2772 867 2814 eveque
891 2771 935 2803 de
959 2770 1130 2814 Limoges
1152 2770 1184 2803 le
1209 2770 1252 2803 27
1275 2770 1368 2803 aofit
1389 2769 1482 2802 1343
1510 2768 1654 2812 (Eubel,
1687 2767 1917 2807 Hierarchia,
1941 2772 1968 2800 t.
1991 2778 2015 2807 1,

311 2833 345 2865 p.
369 2822 465 2866 301).
492 2823 521 2856 Il
543 2824 648 2856 avait
668 2824 876 2857 seulement
898 2824 938 2856 21
964 2835 1029 2856 ans
1046 2829 1084 2856 et
1104 2823 1239 2857 n'etait
1261 2834 1331 2866 que
1353 2822 1540 2856 bachelier
1554 2834 1600 2855 en
1622 2821 1721 2855 droit
1736 2820 1821 2854 civil
1846 2820 2015 2863 (Defiprez,

311 2886 345 2907 11.
368 2876 448 2915 365,
471 2877 641 2917 384-386,
664 2877 760 2920 515).
783 2877 853 2910 Sur
872 2888 927 2910 ses
948 2876 1146 2916 beneficos,
1180 2876 1261 2909 voir
1280 2875 1401 2915 Vidal,
1424 2887 1459 2908 n.
1491 2876 1584 2909 5370
1603 2881 1641 2908 et
1671 2874 1775 2908 5595.
1795 2892 1845 2896 —
1862 2872 1933 2906 Sur
1951 2872 2015 2913 lui,

313 2928 393 2960 voir
416 2928 651 2963 Monasticon
671 2930 935 2974 Anglicanum,
961 2936 987 2963 t.
1010 2941 1034 2970 1,
1060 2942 1094 2973 p.
1121 2930 1200 2969 296,
1226 2929 1293 2963 col.
1318 2929 1336 2961 ‘l
1375 2928 1487 2972 [Bat]

361 2982 392 3013 4.
415 2982 676 3026 bibliotheque
697 2983 1069 3023 Sainte-Genevievc‚
1090 2995 1157 3016 ms.
1178 2981 1259 3023 240,
1279 2982 1342 3015 fol.
1364 2983 1432 3015 526
1452 2986 1502 3015 v0.

363 3035 393 3066 5.
419 3034 465 3067 Ut
480 3046 521 3075 s.‚
540 3035 601 3069 sol.
621 3037 690 3070 359
708 3041 758 3069 v0.

364 3089 393 3119 6.
421 3087 466 3120 Ut
490 3099 530 3127 s.,
559 3089 620 3121 sol.
649 3090 719 3122 360
745 3094 795 3122 νο.
