2083 3458
90 187 213 243 [665]
624 201 841 227 PAPARUM
878 202 1264 228 AVENIONENSIUM
1705 189 1781 229 151

79 286 163 335 Ego
184 299 280 323 vero
302 284 350 322 de
371 297 416 322 ea
438 298 478 321 re
500 283 678 320 multum
700 284 859 330 dubito,
883 299 974 322 cum
996 284 1095 322 nihil
1115 285 1277 335 uspiam
1298 285 1414 323 istius
1437 286 1546 323 modi
1568 286 1780 335 reperiam.

130 343 382 382 Contelorius
415 342 469 392 [p.
493 341 565 391 20]
590 356 640 379 ex
660 342 780 379 Libro
802 343 1044 380 divisionum
1066 344 1185 381 docet
1206 358 1299 381 eum
1321 358 1428 382 anno
1451 344 1782 382 MCCCXXVIII

77 403 234 441 obiisse.
255 401 491 452 Onuphrius
509 408 650 438 autem
668 401 808 438 scribit
827 416 918 439 eum
937 402 1168 440 extinctum
1186 417 1270 441 esse
1289 403 1498 441 Avenione
1517 412 1557 441 et
1575 404 1782 453 sepultum

76 462 127 499 ad
152 461 338 500 Minores.
366 459 577 505 Oldoinus,
603 459 672 508 qui
695 460 774 497 ista
800 461 1028 508 confundit,
1053 461 1112 499 ita
1143 462 1381 511 loquentem
1412 462 1572 500 inducit
1596 463 1782 500 Contelo-

76 521 181 558 rium
198 534 245 558 ac
263 519 295 557 si
312 519 344 557 is
364 518 590 568 scripsisset
608 518 772 567 reperiri
790 519 832 556 in
850 519 969 556 Libro
988 520 1231 558 divisionum
1249 521 1357 558 hunc
1376 521 1624 563 cardinalem
1642 536 1662 559 e
1679 521 1781 559 vivis

76 578 292 617 excessisse
316 578 526 615 Avenione
550 591 657 614 anno
683 577 1013 615 MCCCXXVIII
1037 587 1077 616 et
1100 580 1308 629 sepultum
1332 580 1442 629 apud
1468 580 1654 619 Minores.

129 638 172 677 P.
202 637 263 684 69,
291 637 356 686 lig.
401 636 463 674 33.
508 636 703 673 NONDUM
749 651 1036 676 suein-AGONI.
1084 638 1256 675 Miratur
1303 646 1343 676 et
1380 639 1524 676 merito
1550 639 1782 676 Bernardus

76 696 273 735 Guidonis
297 696 410 742 istos,
435 695 503 745 qui
536 695 711 731 nondum
734 703 844 732 erant
874 695 1109 733 subdiacbni
1141 697 1328 743 ordinati,
1354 697 1475 735 fuisse
1509 706 1665 735 creatos
1699 698 1782 736 dia-

77 770 198 793 conos
219 755 456 793 cardinales.
479 754 626 791 Postea
646 754 758 791 istud
778 754 925 791 mirum
946 769 1026 792 non
1046 755 1137 801 fuit,
1159 764 1199 793 et
1219 756 1337 794 hodie
1358 764 1419 794 est
1438 756 1780 806 vulgatissimum.

130 814 236 863 Quid
255 814 285 852 si
304 814 475 851 vidisset
495 813 756 850 Franciscum
777 813 1045 851 Armellinum
1065 814 1254 852 clericum
1273 829 1456 853 camerae
1475 815 1723 865 apostolicae
1743 823 1784 853 et

79 873 366 923 Frangiottum
401 872 592 911 L'rsinum
621 871 750 921 pridie
783 872 967 915 militem,
999 881 1046 909 ut
1076 873 1134 910 ait
1166 873 1277 911 Paris
1309 874 1356 911 de
1383 874 1538 911 Grassis
1570 874 1783 924 episcopus

78 932 341 979 Pisaurensis,
370 931 555 969 nondum
582 930 714 980 prima
743 939 911 969 tonsura
942 932 1113 969 clericali
1141 932 1340 979 initiatos,
1371 948 1393 971 a
1423 933 1560 971 Leone*
1586 933 1624 971 X
1652 933 1782 971 factos

77 991 301 1029 cardinales
321 990 439 1028 initio
459 990 608 1028 mensis
627 989 718 1039 julii
738 990 833 1027 anni
856 990 1063 1028 MDXVII
1085 992 1095 1013 1
1117 999 1157 1029 et
1178 992 1308 1029 multo
1328 1000 1423 1041 post
1443 992 1652 1029 ordinatos
1674 992 1783 1029 cleri-

77 1065 156 1097 cos,
181 1050 469 1099 Frangiottum
493 1048 658 1098 quidem
681 1048 744 1086 die
768 1063 839 1086 xm
863 1050 1117 1098 septembris,
1142 1050 1410 1089 Armellinum
1432 1065 1527 1088 vero
1551 1051 1613 1089 die
1637 1059 1783 1089 octava

76 1109 326 1148 decembris?
349 1109 412 1146 Ita
431 1108 538 1146 enim
556 1122 641 1146 rem
659 1116 795 1145 actam
814 1123 897 1146 esse
917 1109 1032 1146 testis
1051 1117 1112 1147 est
1131 1109 1240 1146 omni
1258 1109 1497 1159 exceptione
1516 1110 1648 1159 major
1675 1110 1783 1148 idem

77 1168 289 1218 episcopus
307 1167 572 1214 pisaurensis,
590 1181 613 1204 a
631 1181 711 1216 quo
727 1167 910 1216 insigniti
926 1167 1093 1205 fuerunt
1110 1168 1232 1205 titulo
1249 1168 1434 1206 clericali.
1455 1169 1603 1206 Nostra
1621 1183 1783 1218 quoque

76 1235 214 1265 aetate
230 1227 421 1265 Urbanus
438 1226 541 1263 VIII
557 1240 664 1263 anno
682 1226 979 1270 MDCXXVII,
998 1241 1039 1263 111
1059 1227 1136 1265 kal.
1161 1227 1403 1277 septembris
1423 1228 1486 1279 [30
1505 1228 1633 1277 aout],
1656 1227 1782 1265 cardi-

76 1287 210 1324 nalem
226 1286 381 1324 creavit
399 1285 627 1323 Antonium
643 1285 927 1331 Barberinum,
948 1286 1084 1323 fratris
1103 1286 1244 1332 filium,
1264 1286 1448 1323 nondum
1463 1287 1595 1336 prima
1614 1295 1783 1324 tonsura

77 1345 249 1383 clericali
280 1345 494 1391 donatum,
520 1344 588 1394 qui
611 1352 705 1394 post
728 1344 887 1393 aliquot
909 1352 1075 1382 tantum
1099 1359 1254 1383 menses
1277 1345 1318 1382 in
1343 1345 1578 1383 clericorum
1601 1345 1783 1383 ordinem

76 1404 307 1454 adscriptus
330 1412 403 1442 est.

130 1463 240 1510 P.72,
257 1463 322 1514 lig.
342 1463 402 1502 12.
420 1463 631 1500 EXCEPTIS
650 1476 803 1499 REGNJs
824 1463 1042 1500 HISPANIE.
1061 1463 1238 1499 Multum
1254 1463 1513 1512 maximeque
1530 1463 1690 1501 diversa
1705 1463 1783 1500 suit

78 1522 243 1560 fortuna
259 1522 584 1572 Templariorum
598 1521 641 1559 in
654 1521 786 1571 regnis
807 1521 1029 1571 Hispaniae
1046 1521 1097 1559 ab
1113 1536 1158 1559 ea
1175 1536 1300 1571 quam
1315 1522 1472 1571 experti
1488 1530 1584 1559 sunt
1601 1522 1642 1559 in
1661 1536 1783 1571 regno

80 1582 341 1620 Francorum.
381 1580 453 1618 Isti
486 1580 593 1618 enim
628 1580 797 1617 crimina
830 1594 901 1617 sua
936 1580 1188 1627 fatebantur,
1224 1588 1265 1618 et
1298 1580 1388 1618 ideo
1423 1581 1782 1619 comburebantur.

80 1640 252 1690 Hispani
273 1654 382 1687 vero,
402 1640 548 1678 saltem
564 1639 878 1689 Arragonenses,
897 1639 1032 1677 omnia
1057 1640 1277 1689 negabant,
1294 1640 1419 1677 etiam
1442 1639 1548 1678 inter
1563 1648 1783 1687 tormenta,

77 1707 118 1737 et
136 1714 252 1737 suam
268 1699 552 1748 sociorumque
571 1698 702 1735 vitam
722 1706 837 1736 extra
856 1699 1019 1748 culpam
1037 1713 1122 1736 esse
1139 1698 1325 1745 aiebant;
1345 1712 1517 1748 eamque
1533 1699 1584 1736 ob
1604 1712 1783 1745 causam,

78 1773 170 1796 cum
203 1758 426 1797 deficerent
458 1757 709 1804 testimonia,
742 1757 1009 1807 inculpabiles
1042 1757 1192 1807 reperti
1217 1757 1548 1796 dimittebantur.
1576 1758 1784 1795 Habemus

77 1817 186 1856 enim
212 1831 309 1867 prae
337 1817 526 1854 manibus
555 1824 648 1854 acta
677 1816 917 1854 authentica
937 1818 951 1839 2
978 1816 1253 1865 inquisitionis
1282 1816 1322 1853 in
1351 1816 1523 1854 dioecesi
1554 1816 1784 1864 Helenensi‚

78 1891 181 1926 quae
202 1884 292 1914 tum
322 1875 557 1926 pertinebat
577 1875 629 1913 ad
649 1890 819 1925 regnum
842 1877 1110 1924 Arragonum,
1132 1889 1239 1912 anno
1271 1875 1474 1913 MCCCIX
1497 1875 1626 1925 [1310,
1655 1890 1693 1913 n.
1716 1875 1783 1925 st.]

78 1950 214 1974 mense
236 1935 425 1985 januario
449 1935 583 1973 factae
608 1948 630 1972 a
657 1934 906 1984 Raymundo
938 1934 1128 1984 episcopo
1154 1934 1385 1980 Helenensi‚
1413 1949 1463 1972 ex
1486 1934 1634 1983 quibus
1670 1934 1785 1972 facile

78 1994 281 2044 colligitur
305 1994 557 2044 Templarios
582 1994 689 2031 illius
714 1993 887 2043 regionis
914 2007 1080 2043 negasse
1107 1993 1242 2030 omnia
1269 1993 1436 2031 omnino
1461 1994 1597 2042 capita
1623 2007 1785 2030 accusa—

78 2053 239 2091 tionum
257 2067 360 2103 quae
388 2053 584 2091 adversus
603 2067 670 2091 eos
694 2052 1044 2102 proponebantur.
1067 2052 1281 2090 Praeterea
1300 2052 1498 2090 habemus
1517 2060 1609 2089 acta
1630 2051 1787 2090 concilii

78 2112 188 2162 quod
208 2112 447 2150 Guillelmus
467 2111 796 2162 archiepiscopus
812 2111 1124 2149 Tarraconensis
1145 2110 1366 2148 celebravit
1387 2125 1494 2148 anno
1514 2110 1740 2149 MCCCXII
1758 2112 1785 2158 ³³,

77 2171 119 2209 in
141 2186 235 2221 quo,
258 2179 422 2225 matura
445 2170 737 2209 deliberatione
759 2170 1017 2220 praehabita,
1040 2169 1260 2219 Templarii
1281 2169 1387 2207 illius
1412 2169 1648 2219 provinciae
1670 2169 1785 2207 abso-

78 2230 155 2268 luti
180 2238 276 2268 sunt
300 2230 352 2268 ab
377 2230 626 2276 haeresibus,
652 2230 790 2279 eisque
816 2229 1011 2267 canonica
1036 2228 1291 2278 paenitentia
1316 2228 1484 2266 indicta.
1513 2228 1653 2277 Neque
1679 2228 1787 2266 enim

79 2297 166 2327 tam
191 2289 413 2339 culpabiles
437 2289 747 2339 reperiebantur
770 2296 818 2326 ut
842 2288 952 2326 fama
977 2288 1147 2325 ferebat.
1175 2288 1229 2324 Et
1253 2295 1394 2324 tamen
1416 2287 1581 2325 interim
1607 2287 1786 2324 ,Iacobus

79 2362 151 2386 rex
166 2348 423 2398 Arragonum
440 2348 592 2385 bellum
608 2348 803 2385 adversus
821 2362 886 2385 eos
903 2361 1063 2385 summa
1081 2347 1121 2384 vi
1137 2346 1315 2395 gerebat.
1337 2345 1521 2395 Denique
1539 2360 1631 2383 cum
1647 2360 1787 2383 eorum

81 2407 179 2445 ordo
209 2415 392 2445 cassatus
423 2406 566 2445 fuisset
594 2406 636 2444 in
666 2406 834 2444 concilio
865 2405 1096 2452 Viennensi,
1128 2419 1348 2454 eorumque
1378 2405 1485 2442 bona
1515 2405 1716 2442 translata
1745 2404 1786 2442 in

83 2465 396 2516 Hospitalarios,
412 2465 521 2504 idem
537 2480 609 2504 rex
625 2479 742 2515 aegre
760 2465 891 2503 ferens
907 2479 952 2503 ea
969 2478 1073 2514 quae
1088 2464 1212 2502 iidem
1228 2463 1447 2513 Templarii
1465 2463 1732 2513 possederant
1745 2463 1786 2501 in

77 2524 210 2575 regnis
240 2525 322 2562 suis
352 2524 565 2562 transferri
595 2524 647 2562 ad
678 2525 844 2571 alienos,
877 2524 1011 2561 virum
1041 2523 1219 2561 nobilem
1252 2523 1428 2561 Vitalem
1460 2522 1507 2560 de
1539 2522 1754 2560 Villanova
1774 2523 1789 2545 4

77 2583 189 2622 misit
215 2584 268 2621 ad
291 2584 495 2622 Joannem
519 2583 647 2622 XXII
671 2589 862 2621 recenter
881 2583 1039 2620 factum
1066 2595 1232 2631 papam,
1261 2589 1303 2619 et
1330 2581 1509 2628 demum,
1531 2589 1625 2630 post
1652 2581 1786 2619 varios

76 2650 280 2681 tractatus
301 2642 479 2690 habitos,
502 2642 561 2680 ita
585 2642 778 2681 convenit
799 2642 906 2679 inter
930 2640 1229 2691 Hospitalarios
1251 2648 1292 2678 et
1313 2639 1503 2677 eumdem
1524 2639 1716 2686 Vitalem,
1740 2647 1787 2677 ut

121 2799 154 2832 ‘l.
167 2798 297 2838 Eubel,
313 2798 548 2838 Hierarchi'a,
562 2805 588 2831 t.
603 2811 654 2838 111,
670 2811 703 2842 p.
720 2799 780 2836 17,
792 2798 907 2831 18.La
920 2796 1135 2840 promotion
1148 2795 1369 2828 cardinalice
1383 2801 1447 2827 eut
1460 2795 1531 2827 lieu
1544 2795 1574 2827 le
1591 2795 1783 2837 1erjuillet.

124 2852 154 2884 2.
185 2851 360 2884 Michelet
376 2852 426 2884 les
446 2863 466 2884 a
484 2852 629 2895 publies
648 2863 695 2884 au
714 2858 740 2884 t.
760 2864 797 2891 11,
818 2863 851 2894 p.
872 2851 1043 2883 425-515‚
1062 2850 1111 2881 du
1130 2849 1258 2881 Procas
1274 2849 1333 2881 des
1353 2848 1570 2891 Templiers;
1589 2848 1669 2880 voir
1687 2848 1784 2881 aussi

75 2905 115 2937 Β.
139 2905 259 2944 Alart‚
283 2904 532 2948 Suppression
554 2906 594 2938 de
615 2905 743 2937 Z'ordre
764 2905 812 2937 du
836 2903 983 2946 Temple
1004 2914 1047 2935 en
1068 2902 1290 2940 Rozcsmssllorz,
1317 2901 1538 2944 Perpignan,
1564 2901 1668 2934 1867.

124 2959 156 2990 3.
188 2957 320 2997 Mami,
341 2964 367 2990 t.
389 2969 484 2997 xxv,
505 2958 572 2991 col.
594 2958 764 2991 515-518.

128 3011 160 3043 4.
191 3010 254 3043 Ses
275 3011 456 3054 depeches
477 3017 543 3043 ont
563 3012 621 3044 ete
642 3010 807 3054 publiees
829 3021 896 3053 par
917 3009 1032 3041 Finke
1054 3009 1145 3040 dans
1165 3019 1220 3040 ses
1241 3007 1331 3039 trois
1353 3007 1520 3039 volumes
1542 3006 1674 3039 d’Acta
1691 3006 1786 3039 Ara-

85 3064 260 3106 gonensia
277 3069 315 3096 et
334 3064 426 3096 dans
446 3063 652 3107 Papsttum.
