<?xml version="1.0" encoding="UTF-8"?>
<!DOCTYPE html PUBLIC "-//W3C//DTD XHTML 1.0 Transitional//EN"
    "http://www.w3.org/TR/xhtml1/DTD/xhtml1-transitional.dtd">
<html xmlns="http://www.w3.org/1999/xhtml" xml:lang="en" lang="en">
 <head>
  <title>
</title>
<meta http-equiv="Content-Type" content="text/html;charset=utf-8" />
  <meta name='ocr-system' content='tesseract 3.04.00' />
  <meta name='ocr-capabilities' content='ocr_page ocr_carea ocr_par ocr_line ocrx_word'/>
</head>
<body>
  <div class='ocr_page' id='page_1' title='image "./vitaepaparumaven02balu_0172.png"; bbox 0 0 2083 3458; ppageno 0'>
   <div class='ocr_carea' id='block_1_1' title="bbox 275 207 1982 262">
    <p class='ocr_par' dir='ltr' id='par_1_1' title="bbox 275 207 1982 262">
     <span class='ocr_line' id='line_1_1' title="bbox 275 207 1982 262; baseline -0.004 -8"><span class='ocrx_word' id='word_1_1' title='bbox 275 213 354 254; x_wconf 71' lang='lat'><em>162</em></span> <span class='ocrx_word' id='word_1_2' title='bbox 924 226 1075 250; x_wconf 74' lang='lat' dir='ltr'>NOTAE</span> <span class='ocrx_word' id='word_1_3' title='bbox 1110 225 1169 249; x_wconf 78' lang='lat' dir='ltr'><em>AD</em></span> <span class='ocrx_word' id='word_1_4' title='bbox 1205 223 1332 248; x_wconf 61' lang='lat' dir='ltr'><em>VITAs</em></span> <span class='ocrx_word' id='word_1_5' title='bbox 1857 207 1982 262; x_wconf 80' lang='lat'>[675]</span> 
     </span>
    </p>
   </div>
   <div class='ocr_carea' id='block_1_2' title="bbox 273 305 1993 2844">
    <p class='ocr_par' dir='ltr' id='par_1_2' title="bbox 273 305 1985 537">
     <span class='ocr_line' id='line_1_2' title="bbox 273 305 1984 359; baseline -0.004 -9"><span class='ocrx_word' id='word_1_6' title='bbox 273 312 384 351; x_wconf 74' lang='lat' dir='ltr'><em>ribus</em></span> <span class='ocrx_word' id='word_1_7' title='bbox 405 311 500 357; x_wconf 78' lang='lat' dir='ltr'><em>suis,</em></span> <span class='ocrx_word' id='word_1_8' title='bbox 523 310 638 359; x_wconf 79' lang='lat' dir='ltr'><em>cique</em></span> <span class='ocrx_word' id='word_1_9' title='bbox 660 309 813 358; x_wconf 69' lang='lat' dir='ltr'><em>legavit</em></span> <span class='ocrx_word' id='word_1_10' title='bbox 833 308 941 346; x_wconf 82' lang='lat' dir='ltr'><em>inille</em></span> <span class='ocrx_word' id='word_1_11' title='bbox 964 308 1137 345; x_wconf 88' lang='lat' dir='ltr'><em>ssorenos</em></span> <span class='ocrx_word' id='word_1_12' title='bbox 1158 306 1246 344; x_wconf 89' lang='lat' dir='ltr'><em>auri</em></span> <span class='ocrx_word' id='word_1_13' title='bbox 1267 306 1315 344; x_wconf 92' lang='lat' dir='ltr'><em>de</em></span> <span class='ocrx_word' id='word_1_14' title='bbox 1337 305 1544 344; x_wconf 85' lang='lat' dir='ltr'><em>Florentia</em></span> <span class='ocrx_word' id='word_1_15' title='bbox 1567 321 1576 344; x_wconf 74' lang='grc' dir='ltr'>ε</span> <span class='ocrx_word' id='word_1_16' title='bbox 1599 305 1698 344; x_wconf 87' lang='lat' dir='ltr'><em>Item</em></span> <span class='ocrx_word' id='word_1_17' title='bbox 1712 305 1984 343; x_wconf 80' lang='lat' dir='ltr'><em>Bartholomeo</em></span> 
     </span>
     <span class='ocr_line' id='line_1_3' title="bbox 274 364 1983 419; baseline -0.003 -12"><span class='ocrx_word' id='word_1_18' title='bbox 274 372 318 408; x_wconf 79' lang='lat' dir='ltr'><em>de</em></span> <span class='ocrx_word' id='word_1_19' title='bbox 347 369 518 419; x_wconf 54' lang='lat' dir='ltr'><em>semies,</em></span> <span class='ocrx_word' id='word_1_20' title='bbox 545 368 675 418; x_wconf 83' lang='lat' dir='ltr'><em>nepoti</em></span> <span class='ocrx_word' id='word_1_21' title='bbox 697 382 781 415; x_wconf 82' lang='lat' dir='ltr'><em>sao,</em></span> <span class='ocrx_word' id='word_1_22' title='bbox 801 382 872 417; x_wconf 81' lang='lat' dir='ltr'><em>pro</em></span> <span class='ocrx_word' id='word_1_23' title='bbox 895 367 1030 404; x_wconf 76' lang='lat' dir='ltr'><em>maltis</em></span> <span class='ocrx_word' id='word_1_24' title='bbox 1051 365 1230 403; x_wconf 72' lang='lat' dir='ltr'><em>serviciis</em></span> <span class='ocrx_word' id='word_1_25' title='bbox 1252 373 1286 402; x_wconf 85' lang='lat' dir='ltr'><em>et</em></span> <span class='ocrx_word' id='word_1_26' title='bbox 1309 364 1467 414; x_wconf 79' lang='lat' dir='ltr'><em>magnis</em></span> <span class='ocrx_word' id='word_1_27' title='bbox 1488 379 1558 415; x_wconf 82' lang='lat' dir='ltr'><em>per</em></span> <span class='ocrx_word' id='word_1_28' title='bbox 1579 365 1757 402; x_wconf 81' lang='lat' dir='ltr'><em>eumdem</em></span> <span class='ocrx_word' id='word_1_29' title='bbox 1779 364 1983 403; x_wconf 81' lang='lat' dir='ltr'><em>Bartholo—</em></span> 
     </span>
     <span class='ocr_line' id='line_1_4' title="bbox 275 423 1985 476; baseline -0.003 -10"><span class='ocrx_word' id='word_1_30' title='bbox 275 443 401 467; x_wconf 80' lang='lat' dir='ltr'><em>meam</em></span> <span class='ocrx_word' id='word_1_31' title='bbox 424 428 473 465; x_wconf 83' lang='lat' dir='ltr'><em>ab</em></span> <span class='ocrx_word' id='word_1_32' title='bbox 494 428 614 465; x_wconf 81' lang='lat' dir='ltr'><em>annis</em></span> <span class='ocrx_word' id='word_1_33' title='bbox 635 427 821 476; x_wconf 75' lang='lat' dir='ltr'><em>pluribus</em></span> <span class='ocrx_word' id='word_1_34' title='bbox 840 426 920 463; x_wconf 85' lang='lat' dir='ltr'><em>sibi</em></span> <span class='ocrx_word' id='word_1_35' title='bbox 939 425 1055 475; x_wconf 76' lang='lat' dir='ltr'><em>sactis</em></span> <span class='ocrx_word' id='word_1_36' title='bbox 1076 434 1155 463; x_wconf 88' lang='lat' dir='ltr'><em>tam</em></span> <span class='ocrx_word' id='word_1_37' title='bbox 1175 438 1246 474; x_wconf 78' lang='lat' dir='ltr'><em>pro</em></span> <span class='ocrx_word' id='word_1_38' title='bbox 1265 438 1305 461; x_wconf 91' lang='lat' dir='ltr'><em>se</em></span> <span class='ocrx_word' id='word_1_39' title='bbox 1325 438 1443 474; x_wconf 81' lang='lat' dir='ltr'><em>qaam</em></span> <span class='ocrx_word' id='word_1_40' title='bbox 1462 438 1534 474; x_wconf 86' lang='lat' dir='ltr'><em>pro</em></span> <span class='ocrx_word' id='word_1_41' title='bbox 1553 424 1640 473; x_wconf 80' lang='lat' dir='ltr'><em>ejus</em></span> <span class='ocrx_word' id='word_1_42' title='bbox 1659 425 1767 474; x_wconf 84' lang='lat' dir='ltr'><em>prole</em></span> <span class='ocrx_word' id='word_1_43' title='bbox 1787 424 1831 461; x_wconf 82' lang='lat' dir='ltr'><em>de</em></span> <span class='ocrx_word' id='word_1_44' title='bbox 1851 423 1985 474; x_wconf 84' lang='lat' dir='ltr'><em>prima</em></span> 
     </span>
     <span class='ocr_line' id='line_1_5' title="bbox 275 483 1517 537; baseline -0.002 -11"><span class='ocrx_word' id='word_1_45' title='bbox 275 502 391 527; x_wconf 71' lang='lat' dir='ltr'><em>acrore</em></span> <span class='ocrx_word' id='word_1_46' title='bbox 410 495 588 537; x_wconf 78' lang='lat' dir='ltr'><em>suscepta</em></span> <span class='ocrx_word' id='word_1_47' title='bbox 611 485 753 535; x_wconf 65' lang='lat' dir='ltr'><em>legavit</em></span> <span class='ocrx_word' id='word_1_48' title='bbox 774 485 879 523; x_wconf 86' lang='lat' dir='ltr'><em>mille</em></span> <span class='ocrx_word' id='word_1_49' title='bbox 901 486 1066 536; x_wconf 77' lang='lat' dir='ltr'><em>florenos</em></span> <span class='ocrx_word' id='word_1_50' title='bbox 1086 485 1177 523; x_wconf 77' lang='lat' dir='ltr'><em>auri</em></span> <span class='ocrx_word' id='word_1_51' title='bbox 1207 484 1252 521; x_wconf 75' lang='lat' dir='ltr'><em>cle</em></span> <span class='ocrx_word' id='word_1_52' title='bbox 1273 483 1474 521; x_wconf 86' lang='lat' dir='ltr'><em>Florentia</em></span> <span class='ocrx_word' id='word_1_53' title='bbox 1492 484 1517 523; x_wconf 78' lang='lat'><em>¹,</em></span> 
     </span>
    </p>

    <p class='ocr_par' dir='ltr' id='par_1_3' title="bbox 273 542 1989 1068">
     <span class='ocr_line' id='line_1_6' title="bbox 332 542 1983 594; baseline -0.002 -10"><span class='ocrx_word' id='word_1_54' title='bbox 332 548 375 584; x_wconf 89' lang='lat' dir='ltr'><em>In</em></span> <span class='ocrx_word' id='word_1_55' title='bbox 403 546 546 584; x_wconf 85' lang='lat' dir='ltr'><em>eodem</em></span> <span class='ocrx_word' id='word_1_56' title='bbox 571 553 823 583; x_wconf 75' lang='lat' dir='ltr'><em>testamento</em></span> <span class='ocrx_word' id='word_1_57' title='bbox 848 544 976 594; x_wconf 86' lang='lat' dir='ltr'><em>reperi</em></span> <span class='ocrx_word' id='word_1_58' title='bbox 1002 544 1118 582; x_wconf 88' lang='lat' dir='ltr'><em>illum</em></span> <span class='ocrx_word' id='word_1_59' title='bbox 1142 551 1355 593; x_wconf 84' lang='lat' dir='ltr'><em>praeterea</em></span> <span class='ocrx_word' id='word_1_60' title='bbox 1380 551 1460 581; x_wconf 86' lang='lat' dir='ltr'><em>tres</em></span> <span class='ocrx_word' id='word_1_61' title='bbox 1483 542 1674 582; x_wconf 88' lang='lat' dir='ltr'><em>habuisse</em></span> <span class='ocrx_word' id='word_1_62' title='bbox 1699 550 1857 592; x_wconf 82' lang='lat' dir='ltr'>neptes,</span> <span class='ocrx_word' id='word_1_63' title='bbox 1884 542 1983 581; x_wconf 85' lang='lat' dir='ltr'><em>Gra-</em></span> 
     </span>
     <span class='ocr_line' id='line_1_7' title="bbox 274 601 1985 653; baseline -0.002 -10"><span class='ocrx_word' id='word_1_64' title='bbox 274 607 376 644; x_wconf 80' lang='lat' dir='ltr'><em>tiam</em></span> <span class='ocrx_word' id='word_1_65' title='bbox 399 605 589 643; x_wconf 65' lang='lat' dir='ltr'><em>videlicet</em></span> <span class='ocrx_word' id='word_1_66' title='bbox 611 604 660 642; x_wconf 74' lang='lat' dir='ltr'><em>(le</em></span> <span class='ocrx_word' id='word_1_67' title='bbox 682 603 868 653; x_wconf 78' lang='lat' dir='ltr'><em>Liposca‚</em></span> <span class='ocrx_word' id='word_1_68' title='bbox 892 603 955 641; x_wconf 90' lang='lat' dir='ltr'><em>cui</em></span> <span class='ocrx_word' id='word_1_69' title='bbox 977 612 1056 640; x_wconf 82' lang='lat' dir='ltr'><em>tam</em></span> <span class='ocrx_word' id='word_1_70' title='bbox 1077 616 1147 653; x_wconf 84' lang='lat' dir='ltr'><em>pro</em></span> <span class='ocrx_word' id='word_1_71' title='bbox 1167 616 1207 639; x_wconf 91' lang='lat' dir='ltr'><em>se</em></span> <span class='ocrx_word' id='word_1_72' title='bbox 1228 616 1345 651; x_wconf 80' lang='lat' dir='ltr'><em>qaam</em></span> <span class='ocrx_word' id='word_1_73' title='bbox 1365 616 1436 652; x_wconf 84' lang='lat' dir='ltr'><em>pro</em></span> <span class='ocrx_word' id='word_1_74' title='bbox 1456 616 1531 640; x_wconf 82' lang='lat' dir='ltr'><em>saa</em></span> <span class='ocrx_word' id='word_1_75' title='bbox 1553 601 1641 651; x_wconf 83' lang='lat' dir='ltr'><em>filia</em></span> <span class='ocrx_word' id='word_1_76' title='bbox 1660 602 1830 639; x_wconf 74' lang='lat' dir='ltr'><em>secundo</em></span> <span class='ocrx_word' id='word_1_77' title='bbox 1853 601 1985 650; x_wconf 81' lang='lat' dir='ltr'><em>genita</em></span> 
     </span>
     <span class='ocr_line' id='line_1_8' title="bbox 274 660 1984 712; baseline -0.002 -10"><span class='ocrx_word' id='word_1_78' title='bbox 274 665 498 703; x_wconf 76' lang='lat' dir='ltr'><em>maritanda</em></span> <span class='ocrx_word' id='word_1_79' title='bbox 528 665 585 701; x_wconf 63' lang='lat' dir='ltr'><em>vel</em></span> <span class='ocrx_word' id='word_1_80' title='bbox 613 663 655 700; x_wconf 92' lang='lat' dir='ltr'><em>in</em></span> <span class='ocrx_word' id='word_1_81' title='bbox 683 663 871 711; x_wconf 79' lang='lat' dir='ltr'><em>religione</em></span> <span class='ocrx_word' id='word_1_82' title='bbox 898 662 1081 712; x_wconf 78' lang='lat' dir='ltr'><em>ponenda</em></span> <span class='ocrx_word' id='word_1_83' title='bbox 1108 661 1251 710; x_wconf 67' lang='lat' dir='ltr'><em>legavit</em></span> <span class='ocrx_word' id='word_1_84' title='bbox 1277 661 1510 711; x_wconf 70' lang='lat' dir='ltr'><em>quingentos</em></span> <span class='ocrx_word' id='word_1_85' title='bbox 1538 662 1718 712; x_wconf 79' lang='lat' dir='ltr'><strong><em>florenos,</em></strong></span> <span class='ocrx_word' id='word_1_86' title='bbox 1748 660 1984 699; x_wconf 85' lang='lat' dir='ltr'><em>Axevilbim</em></span> 
     </span>
     <span class='ocr_line' id='line_1_9' title="bbox 275 719 1983 774; baseline -0.002 -13"><span class='ocrx_word' id='word_1_87' title='bbox 275 732 450 774; x_wconf 81' lang='lat' dir='ltr'>nuptam</span> <span class='ocrx_word' id='word_1_88' title='bbox 481 724 601 761; x_wconf 78' lang='lat' dir='ltr'><em>Petro</em></span> <span class='ocrx_word' id='word_1_89' title='bbox 632 722 680 760; x_wconf 90' lang='lat' dir='ltr'><em>de</em></span> <span class='ocrx_word' id='word_1_90' title='bbox 710 722 814 759; x_wconf 86' lang='lat' dir='ltr'><em>Villa</em></span> <span class='ocrx_word' id='word_1_91' title='bbox 846 721 925 759; x_wconf 72' lang='lat' dir='ltr'><em>civi</em></span> <span class='ocrx_word' id='word_1_92' title='bbox 953 721 1189 770; x_wconf 85' lang='lat' dir='ltr'><em>Bajonensi,</em></span> <span class='ocrx_word' id='word_1_93' title='bbox 1221 728 1261 759; x_wconf 89' lang='lat' dir='ltr'><em>et</em></span> <span class='ocrx_word' id='word_1_94' title='bbox 1290 720 1493 770; x_wconf 81' lang='lat' dir='ltr'><em>Agnetem</em></span> <span class='ocrx_word' id='word_1_95' title='bbox 1525 720 1650 758; x_wconf 86' lang='lat' dir='ltr'><em>filiam</em></span> <span class='ocrx_word' id='word_1_96' title='bbox 1676 719 1983 767; x_wconf 83' lang='lat' dir='ltr'><em>Sclarmondae,</em></span> 
     </span>
     <span class='ocr_line' id='line_1_10' title="bbox 273 779 1984 832; baseline -0.002 -11"><span class='ocrx_word' id='word_1_97' title='bbox 273 783 419 821; x_wconf 88' lang='lat' dir='ltr'><em>sororis</em></span> <span class='ocrx_word' id='word_1_98' title='bbox 443 795 658 832; x_wconf 74' lang='lat' dir='ltr'><em>germanae</em></span> <span class='ocrx_word' id='word_1_99' title='bbox 680 781 806 831; x_wconf 87' lang='lat' dir='ltr'><em>ipsius</em></span> <span class='ocrx_word' id='word_1_100' title='bbox 830 780 1060 819; x_wconf 84' lang='lat' dir='ltr'><em>cardinalis.</em></span> <span class='ocrx_word' id='word_1_101' title='bbox 1085 780 1148 818; x_wconf 79' lang='lat' dir='ltr'><em>Sic</em></span> <span class='ocrx_word' id='word_1_102' title='bbox 1171 780 1279 818; x_wconf 87' lang='lat' dir='ltr'><em>enim</em></span> <span class='ocrx_word' id='word_1_103' title='bbox 1299 779 1448 829; x_wconf 81' lang='lat' dir='ltr'><em>legitur</em></span> <span class='ocrx_word' id='word_1_104' title='bbox 1468 780 1514 817; x_wconf 69' lang='lat' dir='ltr'><em>in·</em></span> <span class='ocrx_word' id='word_1_105' title='bbox 1532 779 1677 818; x_wconf 87' lang='lat' dir='ltr'><em>eodem</em></span> <span class='ocrx_word' id='word_1_106' title='bbox 1697 788 1952 828; x_wconf 86' lang='lat' dir='ltr'><em>testamento</em></span> <span class='ocrx_word' id='word_1_107' title='bbox 1975 795 1984 817; x_wconf 84' lang='grc'>;</span> 
     </span>
     <span class='ocr_line' id='line_1_11' title="bbox 276 839 1987 890; baseline -0.002 -11"><span class='ocrx_word' id='word_1_108' title='bbox 276 842 374 880; x_wconf 76' lang='lat' dir='ltr'><em>Item</em></span> <span class='ocrx_word' id='word_1_109' title='bbox 409 840 610 879; x_wconf 80' lang='lat' dir='ltr'><em>sororibus</em></span> <span class='ocrx_word' id='word_1_110' title='bbox 647 839 876 877; x_wconf 82' lang='lat' dir='ltr'><em>monasterii</em></span> <span class='ocrx_word' id='word_1_111' title='bbox 922 840 965 877; x_wconf 78' lang='lat' dir='ltr'><em>de</em></span> <span class='ocrx_word' id='word_1_112' title='bbox 1001 839 1321 877; x_wconf 63' lang='lat' dir='ltr'><em>Pulchro-videre</em></span> <span class='ocrx_word' id='word_1_113' title='bbox 1356 853 1499 889; x_wconf 80' lang='lat' dir='ltr'><em>propre</em></span> <span class='ocrx_word' id='word_1_114' title='bbox 1535 839 1747 890; x_wconf 85' lang='lat' dir='ltr'><em>Bajonam,</em></span> <span class='ocrx_word' id='word_1_115' title='bbox 1786 839 1987 889; x_wconf 77' lang='lat' dir='ltr'><em>Aquensis</em></span> 
     </span>
     <span class='ocr_line' id='line_1_12' title="bbox 274 898 1988 950; baseline -0.002 -12"><span class='ocrx_word' id='word_1_116' title='bbox 274 900 451 947; x_wconf 81' lang='lat' dir='ltr'><em>diocesis,</em></span> <span class='ocrx_word' id='word_1_117' title='bbox 487 899 630 948; x_wconf 73' lang='lat' dir='ltr'><em>legavit</em></span> <span class='ocrx_word' id='word_1_118' title='bbox 662 907 815 937; x_wconf 76' lang='lat' dir='ltr'><em>centum</em></span> <span class='ocrx_word' id='word_1_119' title='bbox 850 900 1016 950; x_wconf 75' lang='lat' dir='ltr'><em>florenos</em></span> <span class='ocrx_word' id='word_1_120' title='bbox 1050 898 1141 936; x_wconf 76' lang='lat' dir='ltr'><em>auri</em></span> <span class='ocrx_word' id='word_1_121' title='bbox 1175 912 1246 948; x_wconf 82' lang='lat' dir='ltr'><em>pro</em></span> <span class='ocrx_word' id='word_1_122' title='bbox 1279 913 1395 949; x_wconf 82' lang='lat' dir='ltr'><em>pane.</em></span> <span class='ocrx_word' id='word_1_123' title='bbox 1434 898 1531 936; x_wconf 83' lang='lat' dir='ltr'><em>Item</em></span> <span class='ocrx_word' id='word_1_124' title='bbox 1564 898 1689 936; x_wconf 79' lang='lat' dir='ltr'><em>sorori</em></span> <span class='ocrx_word' id='word_1_125' title='bbox 1723 898 1871 947; x_wconf 81' lang='lat' dir='ltr'><em>Agneti</em></span> <span class='ocrx_word' id='word_1_126' title='bbox 1907 898 1988 948; x_wconf 83' lang='lat' dir='ltr'><em>filie</em></span> 
     </span>
     <span class='ocr_line' id='line_1_13' title="bbox 274 956 1989 1010; baseline -0.002 -13"><span class='ocrx_word' id='word_1_127' title='bbox 274 960 470 1010; x_wconf 79' lang='lat' dir='ltr'><em>quondam</em></span> <span class='ocrx_word' id='word_1_128' title='bbox 508 958 663 996; x_wconf 80' lang='lat' dir='ltr'><em>domine</em></span> <span class='ocrx_word' id='word_1_129' title='bbox 701 958 953 996; x_wconf 79' lang='lat' dir='ltr'><em>Sclarmoncle</em></span> <span class='ocrx_word' id='word_1_130' title='bbox 988 957 1134 995; x_wconf 86' lang='lat' dir='ltr'><em>sororis</em></span> <span class='ocrx_word' id='word_1_131' title='bbox 1170 972 1239 995; x_wconf 79' lang='lat' dir='ltr'><em>sae</em></span> <span class='ocrx_word' id='word_1_132' title='bbox 1277 972 1471 1007; x_wconf 82' lang='lat' dir='ltr'><em>germane,</em></span> <span class='ocrx_word' id='word_1_133' title='bbox 1511 972 1617 995; x_wconf 79' lang='lat' dir='ltr'><em>nane</em></span> <span class='ocrx_word' id='word_1_134' title='bbox 1652 957 1852 996; x_wconf 77' lang='lat' dir='ltr'><em>abbatisse</em></span> <span class='ocrx_word' id='word_1_135' title='bbox 1894 956 1989 995; x_wconf 84' lang='lat' dir='ltr'><em>dicti</em></span> 
     </span>
     <span class='ocr_line' id='line_1_14' title="bbox 274 1016 1640 1068; baseline -0.001 -12"><span class='ocrx_word' id='word_1_136' title='bbox 274 1018 515 1061; x_wconf 72' lang='lat' dir='ltr'><em>monasterii,</em></span> <span class='ocrx_word' id='word_1_137' title='bbox 549 1017 692 1066; x_wconf 63' lang='lat' dir='ltr'><em>legavit</em></span> <span class='ocrx_word' id='word_1_138' title='bbox 724 1025 876 1055; x_wconf 78' lang='lat' dir='ltr'><em>centnm</em></span> <span class='ocrx_word' id='word_1_139' title='bbox 910 1018 1076 1068; x_wconf 73' lang='lat' dir='ltr'><em>florenos</em></span> <span class='ocrx_word' id='word_1_140' title='bbox 1108 1031 1179 1067; x_wconf 82' lang='lat' dir='ltr'><em>pro</em></span> <span class='ocrx_word' id='word_1_141' title='bbox 1210 1016 1297 1054; x_wconf 82' lang='lat' dir='ltr'><em>suis</em></span> <span class='ocrx_word' id='word_1_142' title='bbox 1330 1017 1640 1056; x_wconf 79' lang='lat' dir='ltr'><em>necessitatibus,</em></span> 
     </span>
    </p>

    <p class='ocr_par' dir='ltr' id='par_1_4' title="bbox 273 1074 1987 1423">
     <span class='ocr_line' id='line_1_15' title="bbox 328 1074 1986 1126; baseline -0.001 -11"><span class='ocrx_word' id='word_1_143' title='bbox 328 1078 370 1116; x_wconf 92' lang='lat' dir='ltr'><em>P.</em></span> <span class='ocrx_word' id='word_1_144' title='bbox 396 1078 456 1124; x_wconf 82' lang='lat'><em>74,</em></span> <span class='ocrx_word' id='word_1_145' title='bbox 479 1077 544 1126; x_wconf 76' lang='lat' dir='ltr'><em>lig.</em></span> <span class='ocrx_word' id='word_1_146' title='bbox 567 1077 629 1115; x_wconf 78' lang='lat'><em>26.</em></span> <span class='ocrx_word' id='word_1_147' title='bbox 653 1076 821 1114; x_wconf 73' lang='lat' dir='ltr'>VITALIS</span> <span class='ocrx_word' id='word_1_148' title='bbox 847 1091 901 1113; x_wconf 82' lang='lat' dir='ltr'><em>DE</em></span> <span class='ocrx_word' id='word_1_149' title='bbox 916 1074 1092 1114; x_wconf 58' lang='lat' dir='ltr'><em>Formo.</em></span> <span class='ocrx_word' id='word_1_150' title='bbox 1117 1076 1180 1115; x_wconf 84' lang='lat' dir='ltr'><em>Ex</em></span> <span class='ocrx_word' id='word_1_151' title='bbox 1199 1076 1275 1114; x_wconf 93' lang='lat' dir='ltr'><em>hac</em></span> <span class='ocrx_word' id='word_1_152' title='bbox 1297 1076 1385 1114; x_wconf 85' lang='lat' dir='ltr'><em>vita</em></span> <span class='ocrx_word' id='word_1_153' title='bbox 1406 1084 1447 1114; x_wconf 90' lang='lat' dir='ltr'><em>et</em></span> <span class='ocrx_word' id='word_1_154' title='bbox 1468 1076 1555 1114; x_wconf 90' lang='lat' dir='ltr'><em>aliis</em></span> <span class='ocrx_word' id='word_1_155' title='bbox 1575 1076 1854 1114; x_wconf 83' lang='lat' dir='ltr'><em>monumentis</em></span> <span class='ocrx_word' id='word_1_156' title='bbox 1874 1084 1986 1114; x_wconf 88' lang='lat' dir='ltr'><em>vete-</em></span> 
     </span>
     <span class='ocr_line' id='line_1_16' title="bbox 273 1135 1986 1186; baseline -0.001 -12"><span class='ocrx_word' id='word_1_157' title='bbox 273 1137 384 1174; x_wconf 80' lang='lat' dir='ltr'>ribus</span> <span class='ocrx_word' id='word_1_158' title='bbox 416 1144 525 1175; x_wconf 84' lang='lat' dir='ltr'><em>certo</em></span> <span class='ocrx_word' id='word_1_159' title='bbox 558 1144 722 1173; x_wconf 82' lang='lat' dir='ltr'><em>constat</em></span> <span class='ocrx_word' id='word_1_160' title='bbox 751 1136 866 1173; x_wconf 89' lang='lat' dir='ltr'><em>illum</em></span> <span class='ocrx_word' id='word_1_161' title='bbox 896 1135 1020 1174; x_wconf 85' lang='lat' dir='ltr'><em>fuisse</em></span> <span class='ocrx_word' id='word_1_162' title='bbox 1050 1135 1185 1186; x_wconf 82' lang='lat' dir='ltr'><em>patria</em></span> <span class='ocrx_word' id='word_1_163' title='bbox 1217 1135 1487 1174; x_wconf 82' lang='lat' dir='ltr'><em>Vasatensem</em></span> <span class='ocrx_word' id='word_1_164' title='bbox 1518 1143 1560 1173; x_wconf 84' lang='lat' dir='ltr'><em>et</em></span> <span class='ocrx_word' id='word_1_165' title='bbox 1589 1135 1829 1186; x_wconf 85' lang='lat' dir='ltr'><em>episcopum</em></span> <span class='ocrx_word' id='word_1_166' title='bbox 1860 1135 1986 1173; x_wconf 86' lang='lat' dir='ltr'><em>Vasa-</em></span> 
     </span>
     <span class='ocr_line' id='line_1_17' title="bbox 274 1194 1986 1243; baseline -0.001 -10"><span class='ocrx_word' id='word_1_167' title='bbox 274 1204 432 1234; x_wconf 83' lang='lat' dir='ltr'><em>tensem</em></span> <span class='ocrx_word' id='word_1_168' title='bbox 456 1209 538 1233; x_wconf 85' lang='lat' dir='ltr'><em>non</em></span> <span class='ocrx_word' id='word_1_169' title='bbox 560 1195 695 1233; x_wconf 80' lang='lat' dir='ltr'><em>fuisse.</em></span> <span class='ocrx_word' id='word_1_170' title='bbox 723 1195 856 1243; x_wconf 80' lang='lat' dir='ltr'><em>Quare</em></span> <span class='ocrx_word' id='word_1_171' title='bbox 880 1203 1039 1233; x_wconf 87' lang='lat' dir='ltr'><em>certum</em></span> <span class='ocrx_word' id='word_1_172' title='bbox 1062 1203 1125 1233; x_wconf 88' lang='lat' dir='ltr'><em>est</em></span> <span class='ocrx_word' id='word_1_173' title='bbox 1152 1209 1328 1233; x_wconf 89' lang='lat' dir='ltr'><em>errorem</em></span> <span class='ocrx_word' id='word_1_174' title='bbox 1361 1194 1625 1233; x_wconf 87' lang='lat' dir='ltr'><em>commissum</em></span> <span class='ocrx_word' id='word_1_175' title='bbox 1648 1209 1733 1233; x_wconf 87' lang='lat' dir='ltr'><em>esse</em></span> <span class='ocrx_word' id='word_1_176' title='bbox 1769 1209 1792 1232; x_wconf 87' lang='lat' dir='ltr'><em>a</em></span> <span class='ocrx_word' id='word_1_177' title='bbox 1817 1195 1986 1233; x_wconf 87' lang='lat' dir='ltr'><em>Nicolao</em></span> 
     </span>
     <span class='ocr_line' id='line_1_18' title="bbox 273 1254 1986 1304; baseline -0.001 -11"><span class='ocrx_word' id='word_1_178' title='bbox 273 1255 491 1294; x_wconf 87' lang='lat' dir='ltr'><em>Bertrandi</em></span> <span class='ocrx_word' id='word_1_179' title='bbox 514 1255 556 1292; x_wconf 91' lang='lat' dir='ltr'><em>in</em></span> <span class='ocrx_word' id='word_1_180' title='bbox 581 1268 700 1304; x_wconf 86' lang='lat' dir='ltr'><em>opere</em></span> <span class='ocrx_word' id='word_1_181' title='bbox 719 1254 779 1291; x_wconf 90' lang='lat' dir='ltr'><em>De</em></span> <span class='ocrx_word' id='word_1_182' title='bbox 798 1254 1084 1293; x_wconf 81' lang='lat' dir='ltr'><em>Tolosanoram</em></span> <span class='ocrx_word' id='word_1_183' title='bbox 1108 1254 1238 1303; x_wconf 74' lang='lat' dir='ltr'><em>gestis,</em></span> <span class='ocrx_word' id='word_1_184' title='bbox 1263 1254 1331 1293; x_wconf 88' lang='lat' dir='ltr'><em>fol.</em></span> <span class='ocrx_word' id='word_1_185' title='bbox 1358 1254 1420 1302; x_wconf 82' lang='grc'><em>52,</em></span> <span class='ocrx_word' id='word_1_186' title='bbox 1442 1254 1513 1291; x_wconf 90' lang='lat' dir='ltr'><em>ubi</em></span> <span class='ocrx_word' id='word_1_187' title='bbox 1535 1268 1778 1292; x_wconf 80' lang='lat' dir='ltr'><em>enumerans</em></span> <span class='ocrx_word' id='word_1_188' title='bbox 1799 1254 1986 1292; x_wconf 89' lang='lat' dir='ltr'><em>doctores</em></span> 
     </span>
     <span class='ocr_line' id='line_1_19' title="bbox 274 1313 1987 1364; baseline -0.001 -12"><span class='ocrx_word' id='word_1_189' title='bbox 274 1314 426 1352; x_wconf 84' lang='lat' dir='ltr'><em>ordinis</em></span> <span class='ocrx_word' id='word_1_190' title='bbox 455 1313 655 1363; x_wconf 80' lang='lat' dir='ltr'><em>seraphici</em></span> <span class='ocrx_word' id='word_1_191' title='bbox 684 1313 889 1351; x_wconf 85' lang='lat' dir='ltr'><em>Francisci</em></span> <span class='ocrx_word' id='word_1_192' title='bbox 918 1314 987 1364; x_wconf 85' lang='lat' dir='ltr'><em>qui</em></span> <span class='ocrx_word' id='word_1_193' title='bbox 1015 1313 1187 1352; x_wconf 79' lang='lat' dir='ltr'><em>Tolosae</em></span> <span class='ocrx_word' id='word_1_194' title='bbox 1216 1314 1444 1352; x_wconf 88' lang='lat' dir='ltr'><em>floruerunt</em></span> <span class='ocrx_word' id='word_1_195' title='bbox 1472 1313 1567 1351; x_wconf 83' lang='lat' dir='ltr'><em>ait:</em></span> <span class='ocrx_word' id='word_1_196' title='bbox 1597 1313 1738 1351; x_wconf 82' lang='lat' dir='ltr'><em>Frater</em></span> <span class='ocrx_word' id='word_1_197' title='bbox 1770 1313 1915 1351; x_wconf 85' lang='lat' dir='ltr'><em>Vitalis</em></span> <span class='ocrx_word' id='word_1_198' title='bbox 1943 1314 1987 1351; x_wconf 79' lang='lat' dir='ltr'><em>(le</em></span> 
     </span>
     <span class='ocr_line' id='line_1_20' title="bbox 275 1372 1567 1423; baseline 0 -12"><span class='ocrx_word' id='word_1_199' title='bbox 275 1374 412 1411; x_wconf 80' lang='lat' dir='ltr'><em>Farno</em></span> <span class='ocrx_word' id='word_1_200' title='bbox 439 1372 656 1411; x_wconf 81' lang='lat' dir='ltr'><em>cardinalis</em></span> <span class='ocrx_word' id='word_1_201' title='bbox 682 1381 714 1410; x_wconf 87' lang='lat' dir='ltr'><em>et</em></span> <span class='ocrx_word' id='word_1_202' title='bbox 741 1373 950 1423; x_wconf 80' lang='lat' dir='ltr'><em>episcopas</em></span> <span class='ocrx_word' id='word_1_203' title='bbox 976 1373 1163 1411; x_wconf 85' lang='lat' dir='ltr'><em>Basaten.</em></span> <span class='ocrx_word' id='word_1_204' title='bbox 1195 1373 1428 1411; x_wconf 80' lang='lat' dir='ltr'><em>Tolosanas.</em></span> <span class='ocrx_word' id='word_1_205' title='bbox 1564 1378 1567 1380; x_wconf 82' lang='grc'><strong>’</strong></span> 
     </span>
    </p>

    <p class='ocr_par' dir='ltr' id='par_1_5' title="bbox 275 1431 1988 2075">
     <span class='ocr_line' id='line_1_21' title="bbox 329 1431 1986 1482; baseline 0 -12"><span class='ocrx_word' id='word_1_206' title='bbox 329 1432 500 1470; x_wconf 72' lang='lat' dir='ltr'><em>,Iuvenis</em></span> <span class='ocrx_word' id='word_1_207' title='bbox 521 1446 614 1482; x_wconf 83' lang='lat' dir='ltr'><em>ergo</em></span> <span class='ocrx_word' id='word_1_208' title='bbox 633 1432 807 1482; x_wconf 81' lang='lat' dir='ltr'><em>arripuit</em></span> <span class='ocrx_word' id='word_1_209' title='bbox 825 1432 1067 1470; x_wconf 82' lang='lat' dir='ltr'><em>institutum</em></span> <span class='ocrx_word' id='word_1_210' title='bbox 1087 1432 1468 1479; x_wconf 84' lang='lat' dir='ltr'><em>Franciscanorum,</em></span> <span class='ocrx_word' id='word_1_211' title='bbox 1489 1446 1535 1470; x_wconf 89' lang='lat' dir='ltr'><em>ac</em></span> <span class='ocrx_word' id='word_1_212' title='bbox 1554 1446 1770 1482; x_wconf 79' lang='lat' dir='ltr'><em>progressu</em></span> <span class='ocrx_word' id='word_1_213' title='bbox 1789 1431 1986 1482; x_wconf 85' lang='lat' dir='ltr'><em>temporis</em></span> 
     </span>
     <span class='ocr_line' id='line_1_22' title="bbox 275 1491 1985 1541; baseline 0 -12"><span class='ocrx_word' id='word_1_214' title='bbox 275 1492 408 1529; x_wconf 80' lang='lat' dir='ltr'><em>sactus</em></span> <span class='ocrx_word' id='word_1_215' title='bbox 428 1499 489 1529; x_wconf 89' lang='lat' dir='ltr'><em>est</em></span> <span class='ocrx_word' id='word_1_216' title='bbox 503 1491 698 1541; x_wconf 80' lang='lat' dir='ltr'><em>magister</em></span> <span class='ocrx_word' id='word_1_217' title='bbox 712 1491 754 1528; x_wconf 89' lang='lat' dir='ltr'><em>in</em></span> <span class='ocrx_word' id='word_1_218' title='bbox 769 1491 995 1541; x_wconf 78' lang='lat' dir='ltr'><em>theologia3</em></span> <span class='ocrx_word' id='word_1_219' title='bbox 1012 1491 1173 1530; x_wconf 80' lang='lat' dir='ltr'><em>Ode-ric.</em></span> <span class='ocrx_word' id='word_1_220' title='bbox 1193 1491 1412 1540; x_wconf 71' lang='lat' dir='ltr'><em>Raynald.⁹</em></span> <span class='ocrx_word' id='word_1_221' title='bbox 1430 1505 1494 1530; x_wconf 90' lang='lat' dir='ltr'><em>an.</em></span> <span class='ocrx_word' id='word_1_222' title='bbox 1514 1491 1628 1539; x_wconf 85' lang='lat'><strong>1310,</strong></span> <span class='ocrx_word' id='word_1_223' title='bbox 1650 1491 1985 1541; x_wconf 78' lang='lat' dir='ltr'><em>§383Wadding‚</em></span> 
     </span>
     <span class='ocr_line' id='line_1_23' title="bbox 275 1550 1987 1601; baseline 0.001 -14"><span class='ocrx_word' id='word_1_224' title='bbox 275 1551 317 1588; x_wconf 93' lang='lat' dir='ltr'><em>in</em></span> <span class='ocrx_word' id='word_1_225' title='bbox 345 1550 614 1600; x_wconf 69' lang='lat' dir='ltr'><em>scriptoribus</em></span> <span class='ocrx_word' id='word_1_226' title='bbox 639 1550 793 1588; x_wconf 83' lang='lat' dir='ltr'><em>ordinis</em></span> <span class='ocrx_word' id='word_1_227' title='bbox 818 1551 1043 1598; x_wconf 60' lang='lat' dir='ltr'><em>lllinoram,</em></span> <span class='ocrx_word' id='word_1_228' title='bbox 1071 1566 1110 1601; x_wconf 90' lang='lat' dir='ltr'><em>p.</em></span> <span class='ocrx_word' id='word_1_229' title='bbox 1139 1551 1226 1589; x_wconf 79' lang='lat'>224.</span> <span class='ocrx_word' id='word_1_230' title='bbox 1260 1551 1349 1601; x_wconf 87' lang='lat' dir='ltr'><em>Ipse</em></span> <span class='ocrx_word' id='word_1_231' title='bbox 1375 1565 1416 1589; x_wconf 90' lang='lat' dir='ltr'><em>se</em></span> <span class='ocrx_word' id='word_1_232' title='bbox 1442 1559 1566 1589; x_wconf 85' lang='lat' dir='ltr'><em>vocat</em></span> <span class='ocrx_word' id='word_1_233' title='bbox 1592 1564 1730 1589; x_wconf 87' lang='lat' dir='ltr'><em>sacrae</em></span> <span class='ocrx_word' id='word_1_234' title='bbox 1757 1551 1987 1601; x_wconf 79' lang='lat' dir='ltr'><em>theologiae</em></span> 
     </span>
     <span class='ocr_line' id='line_1_24' title="bbox 276 1609 1986 1660; baseline 0 -13"><span class='ocrx_word' id='word_1_235' title='bbox 276 1610 486 1648; x_wconf 87' lang='lat' dir='ltr'><em>doctorem</em></span> <span class='ocrx_word' id='word_1_236' title='bbox 507 1609 549 1647; x_wconf 88' lang='lat' dir='ltr'><em>in</em></span> <span class='ocrx_word' id='word_1_237' title='bbox 568 1610 671 1647; x_wconf 87' lang='lat' dir='ltr'><em>libro</em></span> <span class='ocrx_word' id='word_1_238' title='bbox 693 1610 872 1648; x_wconf 88' lang='lat' dir='ltr'><em>secundo</em></span> <span class='ocrx_word' id='word_1_239' title='bbox 894 1610 1245 1649; x_wconf 65' lang='lat' dir='ltr'><em>Illiscellaneoram</em></span> <span class='ocrx_word' id='word_1_240' title='bbox 1265 1618 1513 1658; x_wconf 86' lang='lat' dir='ltr'><em>nostrorum,</em></span> <span class='ocrx_word' id='word_1_241' title='bbox 1535 1624 1574 1660; x_wconf 92' lang='lat' dir='ltr'><em>p.</em></span> <span class='ocrx_word' id='word_1_242' title='bbox 1598 1609 1686 1648; x_wconf 85' lang='lat'>270.</span> <span class='ocrx_word' id='word_1_243' title='bbox 1712 1610 1869 1648; x_wconf 88' lang='lat' dir='ltr'><em>Deinde</em></span> <span class='ocrx_word' id='word_1_244' title='bbox 1890 1624 1986 1648; x_wconf 85' lang='lat' dir='ltr'><em>vero</em></span> 
     </span>
     <span class='ocr_line' id='line_1_25' title="bbox 275 1668 1985 1719; baseline 0 -12"><span class='ocrx_word' id='word_1_245' title='bbox 275 1669 408 1707; x_wconf 77' lang='lat' dir='ltr'><em>evasit</em></span> <span class='ocrx_word' id='word_1_246' title='bbox 441 1668 626 1707; x_wconf 82' lang='lat' dir='ltr'><em>minister</em></span> <span class='ocrx_word' id='word_1_247' title='bbox 659 1669 920 1719; x_wconf 84' lang='lat' dir='ltr'><em>provincialis</em></span> <span class='ocrx_word' id='word_1_248' title='bbox 953 1669 1222 1719; x_wconf 80' lang='lat' dir='ltr'><em>Aquitaniae3</em></span> <span class='ocrx_word' id='word_1_249' title='bbox 1246 1669 1516 1719; x_wconf 55' lang='lat' dir='ltr'><em>WVaddingus,</em></span> <span class='ocrx_word' id='word_1_250' title='bbox 1545 1669 1656 1717; x_wconf 59' lang='lat' dir='ltr'><em>ibid„</em></span> <span class='ocrx_word' id='word_1_251' title='bbox 1689 1677 1730 1707; x_wconf 89' lang='lat' dir='ltr'><em>et</em></span> <span class='ocrx_word' id='word_1_252' title='bbox 1771 1683 1836 1708; x_wconf 88' lang='lat' dir='ltr'><em>an.</em></span> <span class='ocrx_word' id='word_1_253' title='bbox 1871 1669 1985 1716; x_wconf 85' lang='lat'><strong>1310,</strong></span> 
     </span>
     <span class='ocr_line' id='line_1_26' title="bbox 282 1728 1987 1780; baseline 0.001 -15"><span class='ocrx_word' id='word_1_254' title='bbox 282 1728 299 1776; x_wconf 66' lang='grc' dir='ltr'>ξ</span> <span class='ocrx_word' id='word_1_255' title='bbox 330 1728 365 1775; x_wconf 78' lang='grc'><em>2,</em></span> <span class='ocrx_word' id='word_1_256' title='bbox 396 1742 460 1766; x_wconf 88' lang='lat' dir='ltr'><em>an.</em></span> <span class='ocrx_word' id='word_1_257' title='bbox 487 1728 600 1775; x_wconf 79' lang='lat'><strong>1312,</strong></span> <span class='ocrx_word' id='word_1_258' title='bbox 635 1728 652 1777; x_wconf 63' lang='grc' dir='ltr'>ξ</span> <span class='ocrx_word' id='word_1_259' title='bbox 680 1728 727 1766; x_wconf 88' lang='grc'><em>10</em></span> <span class='ocrx_word' id='word_1_260' title='bbox 759 1728 803 1778; x_wconf 81' lang='lat' dir='ltr'><em>[t.</em></span> <span class='ocrx_word' id='word_1_261' title='bbox 829 1743 881 1777; x_wconf 63' lang='lat' dir='ltr'><em>VI,</em></span> <span class='ocrx_word' id='word_1_262' title='bbox 906 1744 943 1779; x_wconf 79' lang='lat' dir='ltr'><em>p.</em></span> <span class='ocrx_word' id='word_1_263' title='bbox 970 1729 1044 1766; x_wconf 87' lang='grc'><em>167</em></span> <span class='ocrx_word' id='word_1_264' title='bbox 1067 1737 1107 1767; x_wconf 87' lang='lat' dir='ltr'><em>et</em></span> <span class='ocrx_word' id='word_1_265' title='bbox 1130 1728 1237 1780; x_wconf 83' lang='lat'>200],</span> <span class='ocrx_word' id='word_1_266' title='bbox 1266 1737 1354 1767; x_wconf 87' lang='lat' dir='ltr'><em>tum</em></span> <span class='ocrx_word' id='word_1_267' title='bbox 1382 1728 1598 1779; x_wconf 81' lang='lat' dir='ltr'><em>presbyter</em></span> <span class='ocrx_word' id='word_1_268' title='bbox 1628 1728 1845 1767; x_wconf 88' lang='lat' dir='ltr'><em>cardinalis</em></span> <span class='ocrx_word' id='word_1_269' title='bbox 1875 1728 1987 1766; x_wconf 87' lang='lat' dir='ltr'><em>tituli</em></span> 
     </span>
     <span class='ocr_line' id='line_1_27' title="bbox 277 1787 1987 1838; baseline 0.001 -14"><span class='ocrx_word' id='word_1_270' title='bbox 277 1788 315 1825; x_wconf 76' lang='lat' dir='ltr'><em>S.</em></span> <span class='ocrx_word' id='word_1_271' title='bbox 341 1787 507 1825; x_wconf 84' lang='lat' dir='ltr'><em>Martini</em></span> <span class='ocrx_word' id='word_1_272' title='bbox 530 1787 571 1824; x_wconf 91' lang='lat' dir='ltr'><em>in</em></span> <span class='ocrx_word' id='word_1_273' title='bbox 593 1787 818 1835; x_wconf 75' lang='lat' dir='ltr'><em>montibus,</em></span> <span class='ocrx_word' id='word_1_274' title='bbox 842 1802 1002 1838; x_wconf 77' lang='lat' dir='ltr'><em>presens</em></span> <span class='ocrx_word' id='word_1_275' title='bbox 1026 1788 1069 1825; x_wconf 90' lang='lat' dir='ltr'><em>in</em></span> <span class='ocrx_word' id='word_1_276' title='bbox 1091 1788 1215 1836; x_wconf 73' lang='lat' dir='ltr'><em>caria,</em></span> <span class='ocrx_word' id='word_1_277' title='bbox 1240 1796 1287 1825; x_wconf 90' lang='lat' dir='ltr'><em>ut</em></span> <span class='ocrx_word' id='word_1_278' title='bbox 1308 1788 1457 1837; x_wconf 79' lang='lat' dir='ltr'><em>legitur</em></span> <span class='ocrx_word' id='word_1_279' title='bbox 1478 1788 1521 1826; x_wconf 88' lang='lat' dir='ltr'><em>in</em></span> <span class='ocrx_word' id='word_1_280' title='bbox 1542 1787 1664 1825; x_wconf 84' lang='lat' dir='ltr'><em>Libro</em></span> <span class='ocrx_word' id='word_1_281' title='bbox 1698 1788 1987 1837; x_wconf 66' lang='lat' dir='ltr'><em>obligationum</em></span> 
     </span>
     <span class='ocr_line' id='line_1_28' title="bbox 278 1846 1986 1897; baseline 0.001 -14"><span class='ocrx_word' id='word_1_282' title='bbox 278 1861 324 1884; x_wconf 84' lang='lat' dir='ltr'><em>ac</em></span> <span class='ocrx_word' id='word_1_283' title='bbox 353 1846 527 1896; x_wconf 86' lang='lat' dir='ltr'><em>denique</em></span> <span class='ocrx_word' id='word_1_284' title='bbox 556 1847 769 1896; x_wconf 87' lang='lat' dir='ltr'><em>episcopus</em></span> <span class='ocrx_word' id='word_1_285' title='bbox 798 1847 1041 1885; x_wconf 87' lang='lat' dir='ltr'><em>Albanensis</em></span> <span class='ocrx_word' id='word_1_286' title='bbox 1063 1848 1076 1870; x_wconf 79' lang='lat'><strong>²</strong></span> <span class='ocrx_word' id='word_1_287' title='bbox 1104 1862 1126 1885; x_wconf 89' lang='lat' dir='ltr'><em>a</em></span> <span class='ocrx_word' id='word_1_288' title='bbox 1155 1848 1316 1885; x_wconf 84' lang='lat' dir='ltr'><em>Joanne</em></span> <span class='ocrx_word' id='word_1_289' title='bbox 1345 1847 1474 1884; x_wconf 77' lang='lat' dir='ltr'>XXII</span> <span class='ocrx_word' id='word_1_290' title='bbox 1502 1855 1596 1897; x_wconf 86' lang='lat' dir='ltr'><em>post</em></span> <span class='ocrx_word' id='word_1_291' title='bbox 1625 1847 1785 1885; x_wconf 89' lang='lat' dir='ltr'><em>obitum</em></span> <span class='ocrx_word' id='word_1_292' title='bbox 1818 1847 1986 1885; x_wconf 68' lang='lat' dir='ltr'><em>Arnalcli</em></span> 
     </span>
     <span class='ocr_line' id='line_1_29' title="bbox 278 1906 1987 1956; baseline 0.001 -14"><span class='ocrx_word' id='word_1_293' title='bbox 278 1906 327 1943; x_wconf 87' lang='lat' dir='ltr'><em>de</em></span> <span class='ocrx_word' id='word_1_294' title='bbox 361 1906 508 1953; x_wconf 79' lang='lat' dir='ltr'><em>Auxio,</em></span> <span class='ocrx_word' id='word_1_295' title='bbox 544 1920 665 1955; x_wconf 82' lang='lat' dir='ltr'><em>quein</em></span> <span class='ocrx_word' id='word_1_296' title='bbox 700 1906 845 1944; x_wconf 90' lang='lat' dir='ltr'><em>obiisse</em></span> <span class='ocrx_word' id='word_1_297' title='bbox 880 1915 1043 1944; x_wconf 85' lang='lat' dir='ltr'><em>constat</em></span> <span class='ocrx_word' id='word_1_298' title='bbox 1077 1921 1185 1944; x_wconf 90' lang='lat' dir='ltr'><em>anno</em></span> <span class='ocrx_word' id='word_1_299' title='bbox 1212 1906 1450 1954; x_wconf 80' lang='lat' dir='ltr'>MCCCXX,</span> <span class='ocrx_word' id='word_1_300' title='bbox 1487 1906 1549 1944; x_wconf 93' lang='lat' dir='ltr'><em>die</em></span> <span class='ocrx_word' id='word_1_301' title='bbox 1574 1921 1679 1944; x_wconf 83' lang='lat' dir='ltr'><em>xxlv</em></span> <span class='ocrx_word' id='word_1_302' title='bbox 1712 1907 1891 1956; x_wconf 73' lang='lat' dir='ltr'><em>augusti,</em></span> <span class='ocrx_word' id='word_1_303' title='bbox 1925 1906 1987 1943; x_wconf 85' lang='lat' dir='ltr'><em>uti</em></span> 
     </span>
     <span class='ocr_line' id='line_1_30' title="bbox 279 1964 1988 2016; baseline 0.001 -14"><span class='ocrx_word' id='word_1_304' title='bbox 279 1978 414 2014; x_wconf 73' lang='lat' dir='ltr'><em>supra,</em></span> <span class='ocrx_word' id='word_1_305' title='bbox 445 1979 484 2014; x_wconf 87' lang='lat' dir='ltr'><em>p.</em></span> <span class='ocrx_word' id='word_1_306' title='bbox 518 1964 606 2012; x_wconf 89' lang='grc'>670,</span> <span class='ocrx_word' id='word_1_307' title='bbox 635 1965 825 2004; x_wconf 78' lang='lat' dir='ltr'><em>diximus.</em></span> <span class='ocrx_word' id='word_1_308' title='bbox 858 1966 1008 2003; x_wconf 84' lang='lat' dir='ltr'><em>Mirum</em></span> <span class='ocrx_word' id='word_1_309' title='bbox 1038 1974 1099 2004; x_wconf 87' lang='lat' dir='ltr'><em>est</em></span> <span class='ocrx_word' id='word_1_310' title='bbox 1130 1974 1270 2004; x_wconf 85' lang='lat' dir='ltr'><em>autem</em></span> <span class='ocrx_word' id='word_1_311' title='bbox 1295 1980 1388 2004; x_wconf 88' lang='lat' dir='ltr'><em>eum</em></span> <span class='ocrx_word' id='word_1_312' title='bbox 1418 1965 1755 2016; x_wconf 87' lang='lat' dir='ltr'><em>praetermissum</em></span> <span class='ocrx_word' id='word_1_313' title='bbox 1781 1966 1904 2004; x_wconf 84' lang='lat' dir='ltr'><em>fuisse</em></span> <span class='ocrx_word' id='word_1_314' title='bbox 1935 1965 1988 2003; x_wconf 87' lang='lat' dir='ltr'><em>ab</em></span> 
     </span>
     <span class='ocr_line' id='line_1_31' title="bbox 281 2023 1334 2075; baseline 0.002 -14"><span class='ocrx_word' id='word_1_315' title='bbox 281 2023 451 2073; x_wconf 80' lang='lat' dir='ltr'><em>Ughello</em></span> <span class='ocrx_word' id='word_1_316' title='bbox 470 2024 512 2061; x_wconf 90' lang='lat' dir='ltr'><em>in</em></span> <span class='ocrx_word' id='word_1_317' title='bbox 530 2024 717 2073; x_wconf 79' lang='lat' dir='ltr'><em>Catalogo</em></span> <span class='ocrx_word' id='word_1_318' title='bbox 735 2025 1010 2075; x_wconf 79' lang='lat' dir='ltr'><em>episcoporum</em></span> <span class='ocrx_word' id='word_1_319' title='bbox 1027 2025 1334 2063; x_wconf 78' lang='lat' dir='ltr'><em>Albanensiam.</em></span> 
     </span>
    </p>

    <p class='ocr_par' dir='ltr' id='par_1_6' title="bbox 281 2083 1989 2254">
     <span class='ocr_line' id='line_1_32' title="bbox 334 2083 1988 2134; baseline 0.002 -15"><span class='ocrx_word' id='word_1_320' title='bbox 334 2083 453 2120; x_wconf 82' lang='lat' dir='ltr'><em>Anno</em></span> <span class='ocrx_word' id='word_1_321' title='bbox 478 2083 671 2131; x_wconf 76' lang='lat' dir='ltr'>MCCCX‚</span> <span class='ocrx_word' id='word_1_322' title='bbox 698 2084 881 2122; x_wconf 88' lang='lat' dir='ltr'><em>Clemens</em></span> <span class='ocrx_word' id='word_1_323' title='bbox 907 2084 941 2121; x_wconf 82' lang='lat' dir='ltr'>V</span> <span class='ocrx_word' id='word_1_324' title='bbox 966 2084 1000 2123; x_wconf 91' lang='lat' dir='ltr'><em>ei</em></span> <span class='ocrx_word' id='word_1_325' title='bbox 1025 2092 1066 2122; x_wconf 88' lang='lat' dir='ltr'><em>et</em></span> <span class='ocrx_word' id='word_1_326' title='bbox 1090 2085 1248 2134; x_wconf 81' lang='lat' dir='ltr'><em>aliquot</em></span> <span class='ocrx_word' id='word_1_327' title='bbox 1273 2084 1360 2122; x_wconf 88' lang='lat' dir='ltr'><em>aliis</em></span> <span class='ocrx_word' id='word_1_328' title='bbox 1386 2084 1481 2122; x_wconf 73' lang='lat' dir='ltr'><em>viris</em></span> <span class='ocrx_word' id='word_1_329' title='bbox 1507 2084 1757 2134; x_wconf 85' lang='lat' dir='ltr'><em>gravissimis</em></span> <span class='ocrx_word' id='word_1_330' title='bbox 1783 2084 1988 2122; x_wconf 82' lang='lat' dir='ltr'><em>commisit</em></span> 
     </span>
     <span class='ocr_line' id='line_1_33' title="bbox 281 2143 1989 2193; baseline 0 -13"><span class='ocrx_word' id='word_1_331' title='bbox 281 2156 454 2180; x_wconf 78' lang='lat' dir='ltr'><em>examen</em></span> <span class='ocrx_word' id='word_1_332' title='bbox 471 2156 652 2180; x_wconf 86' lang='lat' dir='ltr'><em>errorum</em></span> <span class='ocrx_word' id='word_1_333' title='bbox 671 2143 740 2192; x_wconf 88' lang='lat' dir='ltr'><em>qui</em></span> <span class='ocrx_word' id='word_1_334' title='bbox 759 2143 1002 2182; x_wconf 85' lang='lat' dir='ltr'><em>dicebantur</em></span> <span class='ocrx_word' id='word_1_335' title='bbox 1019 2152 1160 2182; x_wconf 82' lang='lat' dir='ltr'><em>extare</em></span> <span class='ocrx_word' id='word_1_336' title='bbox 1177 2144 1219 2181; x_wconf 90' lang='lat' dir='ltr'><em>in</em></span> <span class='ocrx_word' id='word_1_337' title='bbox 1236 2143 1485 2193; x_wconf 85' lang='lat' dir='ltr'><em>quibusdam</em></span> <span class='ocrx_word' id='word_1_338' title='bbox 1502 2143 1859 2181; x_wconf 83' lang='lat' dir='ltr'><em>lucubrationibus</em></span> <span class='ocrx_word' id='word_1_339' title='bbox 1878 2143 1989 2181; x_wconf 85' lang='lat' dir='ltr'><em>Petri</em></span> 
     </span>
     <span class='ocr_line' id='line_1_34' title="bbox 284 2200 1867 2254; baseline 0.001 -16"><span class='ocrx_word' id='word_1_340' title='bbox 284 2200 454 2238; x_wconf 87' lang='lat' dir='ltr'><em>Joannis</em></span> <span class='ocrx_word' id='word_1_341' title='bbox 475 2201 581 2239; x_wconf 81' lang='lat' dir='ltr'><em>Olivi</em></span> <span class='ocrx_word' id='word_1_342' title='bbox 601 2201 837 2249; x_wconf 79' lang='lat' dir='ltr'><em>Minoritae3</em></span> <span class='ocrx_word' id='word_1_343' title='bbox 858 2202 1091 2252; x_wconf 54' lang='lat' dir='ltr'><em>VVadding„</em></span> <span class='ocrx_word' id='word_1_344' title='bbox 1112 2217 1176 2241; x_wconf 89' lang='lat' dir='ltr'><em>an.</em></span> <span class='ocrx_word' id='word_1_345' title='bbox 1200 2203 1314 2250; x_wconf 72' lang='lat'><strong>1310,</strong></span> <span class='ocrx_word' id='word_1_346' title='bbox 1340 2203 1356 2251; x_wconf 65' lang='grc' dir='ltr'>ἓ</span> <span class='ocrx_word' id='word_1_347' title='bbox 1376 2202 1398 2239; x_wconf 89' lang='grc'><strong>2</strong></span> <span class='ocrx_word' id='word_1_348' title='bbox 1417 2210 1458 2241; x_wconf 89' lang='lat' dir='ltr'><em>et</em></span> <span class='ocrx_word' id='word_1_349' title='bbox 1477 2217 1536 2252; x_wconf 89' lang='lat' dir='ltr'><em>sq.</em></span> <span class='ocrx_word' id='word_1_350' title='bbox 1560 2203 1604 2253; x_wconf 81' lang='lat' dir='ltr'><em>[t.</em></span> <span class='ocrx_word' id='word_1_351' title='bbox 1627 2217 1679 2250; x_wconf 77' lang='lat' dir='ltr'><em>vl,</em></span> <span class='ocrx_word' id='word_1_352' title='bbox 1700 2217 1739 2252; x_wconf 87' lang='lat' dir='ltr'><em>p.</em></span> <span class='ocrx_word' id='word_1_353' title='bbox 1762 2202 1867 2254; x_wconf 65' lang='grc' dir='ltr'><em>167]ο</em></span> 
     </span>
    </p>

    <p class='ocr_par' dir='ltr' id='par_1_7' title="bbox 282 2260 1993 2781">
     <span class='ocr_line' id='line_1_35' title="bbox 336 2260 1989 2311; baseline 0.001 -15"><span class='ocrx_word' id='word_1_354' title='bbox 336 2260 455 2297; x_wconf 81' lang='lat' dir='ltr'><em>Anno</em></span> <span class='ocrx_word' id='word_1_355' title='bbox 482 2260 730 2298; x_wconf 79' lang='lat' dir='ltr'>MCCCXIX</span> <span class='ocrx_word' id='word_1_356' title='bbox 757 2276 849 2299; x_wconf 86' lang='lat' dir='ltr'><em>cum</em></span> <span class='ocrx_word' id='word_1_357' title='bbox 876 2262 1009 2311; x_wconf 72' lang='lat' dir='ltr'><em>gravis</em></span> <span class='ocrx_word' id='word_1_358' title='bbox 1035 2262 1230 2300; x_wconf 87' lang='lat' dir='ltr'><em>instituta</em></span> <span class='ocrx_word' id='word_1_359' title='bbox 1265 2270 1371 2300; x_wconf 88' lang='lat' dir='ltr'><em>esset</em></span> <span class='ocrx_word' id='word_1_360' title='bbox 1406 2261 1614 2300; x_wconf 84' lang='lat' dir='ltr'><em>accusatio</em></span> <span class='ocrx_word' id='word_1_361' title='bbox 1641 2270 1785 2300; x_wconf 85' lang='lat' dir='ltr'><em>contra</em></span> <span class='ocrx_word' id='word_1_362' title='bbox 1820 2262 1989 2300; x_wconf 87' lang='lat' dir='ltr'><em>fratrem</em></span> 
     </span>
     <span class='ocr_line' id='line_1_36' title="bbox 282 2319 1990 2372; baseline 0.002 -17"><span class='ocrx_word' id='word_1_363' title='bbox 282 2319 538 2357; x_wconf 87' lang='lat' dir='ltr'><em>Bernardum</em></span> <span class='ocrx_word' id='word_1_364' title='bbox 573 2319 758 2358; x_wconf 89' lang='lat' dir='ltr'><em>Delitiosi</em></span> <span class='ocrx_word' id='word_1_365' title='bbox 792 2321 1043 2368; x_wconf 81' lang='lat' dir='ltr'><em>Minoritam,</em></span> <span class='ocrx_word' id='word_1_366' title='bbox 1079 2321 1247 2371; x_wconf 88' lang='lat' dir='ltr'><em>datique</em></span> <span class='ocrx_word' id='word_1_367' title='bbox 1282 2329 1417 2359; x_wconf 88' lang='lat' dir='ltr'><em>essent</em></span> <span class='ocrx_word' id='word_1_368' title='bbox 1448 2320 1604 2371; x_wconf 87' lang='lat' dir='ltr'><em>judices</em></span> <span class='ocrx_word' id='word_1_369' title='bbox 1639 2335 1662 2359; x_wconf 88' lang='lat' dir='ltr'><em>a</em></span> <span class='ocrx_word' id='word_1_370' title='bbox 1694 2335 1816 2372; x_wconf 82' lang='lat' dir='ltr'><em>papa,</em></span> <span class='ocrx_word' id='word_1_371' title='bbox 1852 2329 1893 2359; x_wconf 88' lang='lat' dir='ltr'><em>et</em></span> <span class='ocrx_word' id='word_1_372' title='bbox 1925 2320 1990 2359; x_wconf 88' lang='lat' dir='ltr'><em>ille</em></span> 
     </span>
     <span class='ocr_line' id='line_1_37' title="bbox 283 2378 1990 2430; baseline 0.002 -15"><span class='ocrx_word' id='word_1_373' title='bbox 283 2378 558 2427; x_wconf 76' lang='lat' dir='ltr'><em>interrogatus</em></span> <span class='ocrx_word' id='word_1_374' title='bbox 589 2393 710 2428; x_wconf 86' lang='lat' dir='ltr'><em>super</em></span> <span class='ocrx_word' id='word_1_375' title='bbox 740 2380 914 2418; x_wconf 86' lang='lat' dir='ltr'><em>articulo</em></span> <span class='ocrx_word' id='word_1_376' title='bbox 953 2395 1088 2428; x_wconf 81' lang='lat' dir='ltr'><em>xxxn,</em></span> <span class='ocrx_word' id='word_1_377' title='bbox 1119 2380 1161 2417; x_wconf 85' lang='lat' dir='ltr'><em>in</em></span> <span class='ocrx_word' id='word_1_378' title='bbox 1204 2395 1284 2430; x_wconf 87' lang='lat' dir='ltr'><em>quo</em></span> <span class='ocrx_word' id='word_1_379' title='bbox 1324 2380 1598 2418; x_wconf 86' lang='lat' dir='ltr'><em>accusabatur</em></span> <span class='ocrx_word' id='word_1_380' title='bbox 1638 2380 1786 2418; x_wconf 83' lang='lat' dir='ltr'><em>dixisse</em></span> <span class='ocrx_word' id='word_1_381' title='bbox 1828 2380 1990 2430; x_wconf 87' lang='lat' dir='ltr'><em>publice</em></span> 
     </span>
     <span class='ocr_line' id='line_1_38' title="bbox 285 2437 1991 2490; baseline 0.002 -18"><span class='ocrx_word' id='word_1_382' title='bbox 285 2437 510 2486; x_wconf 82' lang='lat' dir='ltr'><em>quamdam</em></span> <span class='ocrx_word' id='word_1_383' title='bbox 537 2438 786 2476; x_wconf 83' lang='lat' dir='ltr'><em>sententiam</em></span> <span class='ocrx_word' id='word_1_384' title='bbox 812 2439 1104 2488; x_wconf 87' lang='lat' dir='ltr'><em>inquisitorum</em></span> <span class='ocrx_word' id='word_1_385' title='bbox 1126 2440 1256 2477; x_wconf 83' lang='lat' dir='ltr'><em>latam</em></span> <span class='ocrx_word' id='word_1_386' title='bbox 1278 2440 1473 2478; x_wconf 79' lang='lat' dir='ltr'><em>adversus</em></span> <span class='ocrx_word' id='word_1_387' title='bbox 1496 2439 1991 2490; x_wconf 77' lang='lat' dir='ltr'><em>vicedominumAmbia—</em></span> 
     </span>
     <span class='ocr_line' id='line_1_39' title="bbox 286 2497 1993 2548; baseline 0.003 -17"><span class='ocrx_word' id='word_1_388' title='bbox 286 2510 450 2533; x_wconf 84' lang='lat' dir='ltr'><em>ncnsem</em></span> <span class='ocrx_word' id='word_1_389' title='bbox 482 2511 565 2534; x_wconf 85' lang='lat' dir='ltr'><em>esse</em></span> <span class='ocrx_word' id='word_1_390' title='bbox 597 2497 743 2534; x_wconf 86' lang='lat' dir='ltr'><em>falsam</em></span> <span class='ocrx_word' id='word_1_391' title='bbox 774 2506 815 2535; x_wconf 83' lang='lat' dir='ltr'><em>et</em></span> <span class='ocrx_word' id='word_1_392' title='bbox 845 2499 1013 2545; x_wconf 85' lang='lat' dir='ltr'><em>nullam,</em></span> <span class='ocrx_word' id='word_1_393' title='bbox 1046 2506 1087 2536; x_wconf 87' lang='lat' dir='ltr'><em>et</em></span> <span class='ocrx_word' id='word_1_394' title='bbox 1117 2499 1218 2548; x_wconf 78' lang='lat' dir='ltr'><em>qaod</em></span> <span class='ocrx_word' id='word_1_395' title='bbox 1247 2507 1367 2536; x_wconf 80' lang='lat' dir='ltr'><em>totam</em></span> <span class='ocrx_word' id='word_1_396' title='bbox 1398 2498 1585 2548; x_wconf 77' lang='lat' dir='ltr'><em>quicquid</em></span> <span class='ocrx_word' id='word_1_397' title='bbox 1611 2498 1761 2548; x_wconf 73' lang='lat' dir='ltr'><em>factum</em></span> <span class='ocrx_word' id='word_1_398' title='bbox 1789 2499 1919 2547; x_wconf 72' lang='lat' dir='ltr'><em>fuerat</em></span> <span class='ocrx_word' id='word_1_399' title='bbox 1949 2498 1993 2536; x_wconf 79' lang='lat' dir='ltr'><em>in</em></span> 
     </span>
     <span class='ocr_line' id='line_1_40' title="bbox 286 2554 1993 2607; baseline 0.002 -17"><span class='ocrx_word' id='word_1_400' title='bbox 286 2554 543 2603; x_wconf 75' lang='lat' dir='ltr'><em>inquisitione</em></span> <span class='ocrx_word' id='word_1_401' title='bbox 569 2570 590 2592; x_wconf 89' lang='lat' dir='ltr'><em>a</em></span> <span class='ocrx_word' id='word_1_402' title='bbox 618 2556 761 2604; x_wconf 66' lang='lat' dir='ltr'><em>viginti</em></span> <span class='ocrx_word' id='word_1_403' title='bbox 787 2557 908 2594; x_wconf 86' lang='lat' dir='ltr'><em>annis</em></span> <span class='ocrx_word' id='word_1_404' title='bbox 934 2557 1031 2595; x_wconf 82' lang='lat' dir='ltr'><em>citra.</em></span> <span class='ocrx_word' id='word_1_405' title='bbox 1056 2566 1137 2595; x_wconf 88' lang='lat' dir='ltr'><em>erat</em></span> <span class='ocrx_word' id='word_1_406' title='bbox 1160 2557 1366 2606; x_wconf 32' lang='lat' dir='ltr'><em>falsu.1·ns...,</em></span> <span class='ocrx_word' id='word_1_407' title='bbox 1391 2557 1492 2595; x_wconf 57' lang='lat' dir='ltr'><em>dixit</em></span> <span class='ocrx_word' id='word_1_408' title='bbox 1516 2558 1618 2607; x_wconf 80' lang='lat' dir='ltr'><em>qaod</em></span> <span class='ocrx_word' id='word_1_409' title='bbox 1643 2571 1722 2595; x_wconf 88' lang='lat' dir='ltr'><em>non</em></span> <span class='ocrx_word' id='word_1_410' title='bbox 1747 2557 1993 2607; x_wconf 81' lang='lat' dir='ltr'><em>responderet</em></span> 
     </span>
     <span class='ocr_line' id='line_1_41' title="bbox 286 2614 1993 2666; baseline 0.002 -17"><span class='ocrx_word' id='word_1_411' title='bbox 286 2614 456 2662; x_wconf 77' lang='lat' dir='ltr'><em>predicto</em></span> <span class='ocrx_word' id='word_1_412' title='bbox 477 2614 641 2651; x_wconf 61' lang='lat' dir='ltr'><em>[axiculo</em></span> <span class='ocrx_word' id='word_1_413' title='bbox 664 2629 730 2652; x_wconf 83' lang='lat' dir='ltr'><em>nec</em></span> <span class='ocrx_word' id='word_1_414' title='bbox 751 2616 845 2653; x_wconf 85' lang='lat' dir='ltr'><em>aliis</em></span> <span class='ocrx_word' id='word_1_415' title='bbox 865 2616 1116 2666; x_wconf 75' lang='lat' dir='ltr'><em>sequentibus</em></span> <span class='ocrx_word' id='word_1_416' title='bbox 1137 2631 1182 2654; x_wconf 73' lang='lat' dir='ltr'><em>ez:</em></span> <span class='ocrx_word' id='word_1_417' title='bbox 1202 2631 1242 2653; x_wconf 89' lang='lat' dir='ltr'><em>eo</em></span> <span class='ocrx_word' id='word_1_418' title='bbox 1265 2617 1366 2666; x_wconf 76' lang='lat' dir='ltr'><em>qaod</em></span> <span class='ocrx_word' id='word_1_419' title='bbox 1384 2616 1498 2654; x_wconf 78' lang='lat' dir='ltr'><em>lia-bet</em></span> <span class='ocrx_word' id='word_1_420' title='bbox 1519 2616 1562 2653; x_wconf 83' lang='lat' dir='ltr'><em>in</em></span> <span class='ocrx_word' id='word_1_421' title='bbox 1582 2616 1695 2654; x_wconf 81' lang='lat' dir='ltr'><em>caria</em></span> <span class='ocrx_word' id='word_1_422' title='bbox 1715 2616 1868 2654; x_wconf 81' lang='lat' dir='ltr'><em>domini</em></span> <span class='ocrx_word' id='word_1_423' title='bbox 1889 2630 1993 2666; x_wconf 80' lang='lat' dir='ltr'><em>pape</em></span> 
     </span>
     <span class='ocr_line' id='line_1_42' title="bbox 288 2675 1993 2723; baseline 0.003 -16"><span class='ocrx_word' id='word_1_424' title='bbox 288 2680 418 2708; x_wconf 65' lang='lat' dir='ltr'><em>contra</em></span> <span class='ocrx_word' id='word_1_425' title='bbox 446 2686 485 2709; x_wconf 84' lang='lat' dir='ltr'><em>se</em></span> <span class='ocrx_word' id='word_1_426' title='bbox 513 2681 677 2721; x_wconf 76' lang='lat' dir='ltr'><em>quatuor</em></span> <span class='ocrx_word' id='word_1_427' title='bbox 704 2675 937 2722; x_wconf 79' lang='lat' dir='ltr'><em>cardinales,</em></span> <span class='ocrx_word' id='word_1_428' title='bbox 967 2675 1142 2713; x_wconf 64' lang='lat' dir='ltr'><em>videlieet</em></span> <span class='ocrx_word' id='word_1_429' title='bbox 1163 2675 1341 2714; x_wconf 82' lang='lat' dir='ltr'><em>dominos</em></span> <span class='ocrx_word' id='word_1_430' title='bbox 1362 2675 1626 2723; x_wconf 83' lang='lat' dir='ltr'><em>Hostiensem‚</em></span> <span class='ocrx_word' id='word_1_431' title='bbox 1657 2675 1932 2723; x_wconf 82' lang='lat' dir='ltr'><em>Sabinensem,</em></span> <span class='ocrx_word' id='word_1_432' title='bbox 1959 2683 1993 2712; x_wconf 86' lang='lat' dir='ltr'><em>et</em></span> 
     </span>
     <span class='ocr_line' id='line_1_43' title="bbox 288 2730 1992 2781; baseline 0.004 -15"><span class='ocrx_word' id='word_1_433' title='bbox 288 2730 490 2767; x_wconf 79' lang='lat' dir='ltr'><em>dominam</em></span> <span class='ocrx_word' id='word_1_434' title='bbox 512 2731 722 2769; x_wconf 69' lang='lat' dir='ltr'><em>Nicolaum</em></span> <span class='ocrx_word' id='word_1_435' title='bbox 743 2734 984 2771; x_wconf 74' lang='lat' dir='ltr'><em>cardinalem</em></span> <span class='ocrx_word' id='word_1_436' title='bbox 1008 2733 1217 2781; x_wconf 79' lang='lat' dir='ltr'><em>Gallicam,</em></span> <span class='ocrx_word' id='word_1_437' title='bbox 1237 2743 1271 2772; x_wconf 88' lang='lat' dir='ltr'><em>et</em></span> <span class='ocrx_word' id='word_1_438' title='bbox 1291 2734 1496 2772; x_wconf 72' lang='lat' dir='ltr'><em>[lominum</em></span> <span class='ocrx_word' id='word_1_439' title='bbox 1519 2734 1687 2772; x_wconf 83' lang='lat' dir='ltr'><em>Vitalem</em></span> <span class='ocrx_word' id='word_1_440' title='bbox 1705 2735 1947 2772; x_wconf 82' lang='lat' dir='ltr'><em>cardinalem</em></span> <span class='ocrx_word' id='word_1_441' title='bbox 1962 2734 1992 2774; x_wconf 84' lang='lat'><em>3.</em></span> 
     </span>
    </p>

    <p class='ocr_par' dir='ltr' id='par_1_8' title="bbox 347 2789 1992 2844">
     <span class='ocr_line' id='line_1_44' title="bbox 347 2789 1992 2844; baseline 0.003 -19"><span class='ocrx_word' id='word_1_442' title='bbox 347 2789 497 2827; x_wconf 70' lang='lat' dir='ltr'><em>Eodem</em></span> <span class='ocrx_word' id='word_1_443' title='bbox 536 2804 656 2838; x_wconf 81' lang='lat' dir='ltr'><em>anno,</em></span> <span class='ocrx_word' id='word_1_444' title='bbox 696 2806 734 2828; x_wconf 70' lang='lat' dir='ltr'><strong>w</strong></span> <span class='ocrx_word' id='word_1_445' title='bbox 781 2792 871 2830; x_wconf 89' lang='lat' dir='ltr'><em>idus</em></span> <span class='ocrx_word' id='word_1_446' title='bbox 913 2793 964 2844; x_wconf 74' lang='lat' dir='ltr'><em>[S]</em></span> <span class='ocrx_word' id='word_1_447' title='bbox 1005 2793 1252 2840; x_wconf 77' lang='lat' dir='ltr'><em>novembris,</em></span> <span class='ocrx_word' id='word_1_448' title='bbox 1290 2793 1479 2832; x_wconf 85' lang='lat' dir='ltr'><em>interfuit</em></span> <span class='ocrx_word' id='word_1_449' title='bbox 1524 2793 1696 2831; x_wconf 87' lang='lat' dir='ltr'><em>solemni</em></span> <span class='ocrx_word' id='word_1_450' title='bbox 1731 2793 1992 2831; x_wconf 86' lang='lat' dir='ltr'><em>translationi</em></span> 
     </span>
    </p>
   </div>
   <div class='ocr_carea' id='block_1_3' title="bbox 346 2944 1045 2988">
    <p class='ocr_par' dir='ltr' id='par_1_9' title="bbox 346 2944 1045 2988">
     <span class='ocr_line' id='line_1_45' title="bbox 346 2944 1045 2988; baseline 0.011 -12"><span class='ocrx_word' id='word_1_451' title='bbox 346 2944 370 2976; x_wconf 83' lang='lat' dir='ltr'><em>l.</em></span> <span class='ocrx_word' id='word_1_452' title='bbox 390 2944 429 2977; x_wconf 78' lang='lat' dir='ltr'><em>B.</em></span> <span class='ocrx_word' id='word_1_453' title='bbox 451 2944 746 2985; x_wconf 75' lang='lat' dir='ltr'><em>N.‚11·1s.]3aluze</em></span> <span class='ocrx_word' id='word_1_454' title='bbox 766 2948 846 2988; x_wconf 75' lang='grc'><em>208,</em></span> <span class='ocrx_word' id='word_1_455' title='bbox 866 2950 888 2983; x_wconf 82' lang='lat' dir='ltr'><em>s.</em></span> <span class='ocrx_word' id='word_1_456' title='bbox 908 2951 1045 2984; x_wconf 74' lang='lat'><em>3241=⁰.</em></span> 
     </span>
    </p>
   </div>
   <div class='ocr_carea' id='block_1_4' title="bbox 290 2998 1988 3147">
    <p class='ocr_par' dir='ltr' id='par_1_10' title="bbox 290 2998 1988 3147">
     <span class='ocr_line' id='line_1_46' title="bbox 341 2998 1988 3046; baseline 0.004 -17"><span class='ocrx_word' id='word_1_457' title='bbox 341 2998 370 3028; x_wconf 68' lang='lat'><em>2.</em></span> <span class='ocrx_word' id='word_1_458' title='bbox 393 2998 610 3040; x_wconf 66' lang='lat' dir='ltr'><em>Septembris</em></span> <span class='ocrx_word' id='word_1_459' title='bbox 629 3000 736 3042; x_wconf 79' lang='lat' dir='ltr'><em>9s1a&#39;t</em></span> <span class='ocrx_word' id='word_1_460' title='bbox 753 3002 880 3035; x_wconf 64' lang='lat' dir='ltr'><em>electus</em></span> <span class='ocrx_word' id='word_1_461' title='bbox 907 3004 1076 3036; x_wconf 79' lang='lat' dir='ltr'><em>dominas</em></span> <span class='ocrx_word' id='word_1_462' title='bbox 1097 3004 1231 3037; x_wconf 62' lang='lat' dir='ltr'><em>Viridis</em></span> <span class='ocrx_word' id='word_1_463' title='bbox 1250 3004 1286 3036; x_wconf 87' lang='lat' dir='ltr'><em>in</em></span> <span class='ocrx_word' id='word_1_464' title='bbox 1314 3004 1525 3046; x_wconf 78' lang='lat' dir='ltr'><em>episcopam</em></span> <span class='ocrx_word' id='word_1_465' title='bbox 1541 3003 1789 3036; x_wconf 79' lang='lat' dir='ltr'><em>Albanensem</em></span> <span class='ocrx_word' id='word_1_466' title='bbox 1810 3002 1988 3045; x_wconf 58' lang='lat' dir='ltr'><em>(schefer,</em></span> 
     </span>
     <span class='ocr_line' id='line_1_47' title="bbox 290 3049 1986 3100; baseline 0.008 -23"><span class='ocrx_word' id='word_1_467' title='bbox 290 3049 438 3081; x_wconf 69' lang='grc' dir='ltr'><em>,ΙιιΙιιιιιιι</em></span> <span class='ocrx_word' id='word_1_468' title='bbox 461 3051 596 3091; x_wconf 73' lang='lat' dir='ltr'><em>XXII,</em></span> <span class='ocrx_word' id='word_1_469' title='bbox 620 3064 652 3095; x_wconf 84' lang='lat' dir='ltr'><em>p.</em></span> <span class='ocrx_word' id='word_1_470' title='bbox 676 3054 747 3096; x_wconf 78' lang='lat'>63).</span> <span class='ocrx_word' id='word_1_471' title='bbox 770 3054 818 3087; x_wconf 80' lang='lat' dir='ltr'><em>Lc</em></span> <span class='ocrx_word' id='word_1_472' title='bbox 839 3056 1005 3089; x_wconf 79' lang='lat' dir='ltr'><em>cardinal</em></span> <span class='ocrx_word' id='word_1_473' title='bbox 1024 3056 1084 3089; x_wconf 80' lang='lat' dir='ltr'><em>fut</em></span> <span class='ocrx_word' id='word_1_474' title='bbox 1112 3058 1286 3090; x_wconf 79' lang='lat' dir='ltr'><em>consacrc</em></span> <span class='ocrx_word' id='word_1_475' title='bbox 1315 3056 1345 3089; x_wconf 83' lang='lat' dir='ltr'><em>lc</em></span> <span class='ocrx_word' id='word_1_476' title='bbox 1367 3056 1411 3088; x_wconf 39' lang='lat'><em>&#39;14</em></span> <span class='ocrx_word' id='word_1_477' title='bbox 1438 3056 1521 3100; x_wconf 88' lang='lat' dir='ltr'><em>juin</em></span> <span class='ocrx_word' id='word_1_478' title='bbox 1540 3056 1629 3089; x_wconf 84' lang='lat'><strong>1321</strong></span> <span class='ocrx_word' id='word_1_479' title='bbox 1657 3055 1722 3098; x_wconf 85' lang='lat' dir='ltr'><em>(Ut</em></span> <span class='ocrx_word' id='word_1_480' title='bbox 1738 3066 1835 3098; x_wconf 67' lang='lat' dir='ltr'><em>sap„</em></span> <span class='ocrx_word' id='word_1_481' title='bbox 1857 3068 1892 3100; x_wconf 91' lang='lat' dir='ltr'><em>p.</em></span> <span class='ocrx_word' id='word_1_482' title='bbox 1914 3056 1986 3100; x_wconf 85' lang='lat'>65).</span> 
     </span>
     <span class='ocr_line' id='line_1_48' title="bbox 340 3103 1236 3147; baseline 0.011 -14"><span class='ocrx_word' id='word_1_483' title='bbox 340 3104 371 3134; x_wconf 62' lang='grc' dir='ltr'><em>Ξῖ.</em></span> <span class='ocrx_word' id='word_1_484' title='bbox 403 3103 440 3136; x_wconf 75' lang='grc' dir='ltr'><em>Β,</em></span> <span class='ocrx_word' id='word_1_485' title='bbox 469 3105 524 3143; x_wconf 62' lang='lat' dir='ltr'><em>N„</em></span> <span class='ocrx_word' id='word_1_486' title='bbox 550 3117 614 3138; x_wconf 77' lang='lat' dir='ltr'><em>ins.</em></span> <span class='ocrx_word' id='word_1_487' title='bbox 640 3106 731 3138; x_wconf 74' lang='lat' dir='ltr'><em>latin</em></span> <span class='ocrx_word' id='word_1_488' title='bbox 755 3107 859 3147; x_wconf 63' lang='grc'>4270,</span> <span class='ocrx_word' id='word_1_489' title='bbox 884 3109 907 3142; x_wconf 83' lang='lat' dir='ltr'><em>s.</em></span> <span class='ocrx_word' id='word_1_490' title='bbox 933 3110 971 3141; x_wconf 73' lang='lat'><em>21</em></span> <span class='ocrx_word' id='word_1_491' title='bbox 997 3113 1038 3141; x_wconf 89' lang='lat' dir='ltr'><em>r0</em></span> <span class='ocrx_word' id='word_1_492' title='bbox 1060 3116 1097 3142; x_wconf 82' lang='lat' dir='ltr'><em>et</em></span> <span class='ocrx_word' id='word_1_493' title='bbox 1118 3111 1162 3143; x_wconf 83' lang='lat'><em>33</em></span> <span class='ocrx_word' id='word_1_494' title='bbox 1184 3113 1236 3143; x_wconf 72' lang='lat'><em>1&#39;0.</em></span> 
     </span>
    </p>
   </div>
  </div>
 </body>
</html>
