2083 3458
0 3247 5 3282 Ἠ
0 3196 13 3230 ,Ὑ-
0 3043 12 3180 vs—J--f
0 2967 17 3031 ⁷‹''*'
0 2923 3 2938 .,
0 2857 3 2879 „-

111 262 263 318 {1153]
631 279 847 303 PAPARUM
883 277 1268 302 AVENIONENSIUM
1714 259 1794 302 673

99 362 250 412 scripta
268 362 296 409 ¹,
320 370 367 399 ut
389 377 491 408 reor,
507 362 560 399 ad
583 363 807 400 Martinum
824 362 871 400 de
896 362 1017 399 Salva
1042 362 1290 400 cardinalem
1306 361 1673 411 Pampilonensem,
1691 373 1793 409 quae

98 429 216 459 extat
238 421 280 459 in
303 421 446 459 eodem
471 422 606 459 codice
631 422 668 459 S.
695 421 886 468 Victoris,
914 421 980 458 fol.
1009 421 1085 458 304
1110 428 1157 458 r0.
1189 421 1273 459 Illic
1292 420 1413 467 enim,
1441 420 1539 458 dum
1565 427 1719 457 tractat
1746 417 1793 456 de

98 480 158 518 his
186 495 289 530 quae
317 494 409 518 cum
436 480 535 518 duee
564 480 844 518 Aurelianensi
873 488 985 529 gesta
1015 488 1110 517 sunt
1139 480 1180 517 in
1209 494 1329 518 causa
1359 478 1685 525 substractionis,
1706 477 1792 515 ait:

98 539 220 577 Adivi
249 539 454 577 dominum
482 540 772 586 Penestrinum,
805 548 838 577 et
867 539 928 588 fui
955 539 1045 575 bene
1066 539 1172 576 solus
1194 553 1262 588 per
1293 547 1456 588 quatuor
1477 538 1609 583 boras,
1633 545 1666 574 et
1687 537 1794 574 credo

98 599 200 648 quod
221 613 425 648 nunquam
447 599 557 635 homo
581 598 656 635 mei
678 607 802 636 status
837 598 891 635 ita
915 598 1035 647 suerit
1062 598 1211 635 locutus
1248 597 1443 635 cardinali
1481 597 1557 633 imo
1593 596 1682 645 pari
1709 609 1792 633 suo.

100 658 297 707 Ejusdem
328 657 467 696 Heliae
495 666 642 695 extant
670 657 711 694 in
739 657 874 695 codice
902 656 980 695 818
1008 656 1278 695 bibliothecae
1306 656 1561 694 Colbeitinae
1579 655 1607 702 ²,
1636 654 1702 692 fol.
1731 654 1793 701 57,

97 717 350 766 allegationes
388 717 636 766 reprobantes
671 716 775 753 viam
812 716 998 753 cessionis
1029 716 1152 753 solius
1183 716 1334 753 domini
1364 729 1466 765 pape
1497 713 1696 751 Benedicti
1727 727 1794 763 per

98 777 286 826 quosdam
307 784 496 826 apertam.

152 836 298 874 Postea
324 834 539 874 cardinalis
566 833 832 872 pictaviensis
857 834 1062 884 profectus
1087 841 1149 871 est
1173 833 1438 879 Avenionem,
1462 832 1532 869 ubi
1556 846 1648 869 eum
1673 831 1793 869 fuisse

98 908 208 933 anno
231 894 474 941 MCCCCIV,
500 893 562 931 die
577 893 804 943 penultima
825 893 1015 939 octobris,
1036 892 1184 931 docent
1206 893 1305 929 Acta
1327 891 1436 930 edita
1460 891 1500 928 in
1516 900 1629 929 tomo
1649 890 1793 940 quinto

96 953 299 991 Historiae
330 953 606 991 Universitatis
632 952 889 999 Parisiensis,
915 967 954 1002 p.
983 951 1070 989 110,

150 1013 270 1051 Anno
299 1012 548 1058 MCCCCIX,
577 1011 746 1050 accessit
774 1011 816 1048 in
848 1011 1022 1057 Italiam,
1052 1025 1102 1048 ex
1130 1024 1327 1048 consensu
1355 1009 1480 1049 etiam
1507 1022 1637 1059 papae
1668 1008 1793 1046 Bene-

98 1072 212 1119 dicti,
239 1080 286 1110 ut
312 1071 480 1110 concilio
506 1071 720 1109 interesset
746 1070 855 1120 quod
881 1069 1170 1108 celebrandum
1194 1077 1281 1107 erat
1306 1084 1378 1119 pro
1404 1068 1551 1105 unione
1579 1067 1793 1113 Ecclesiae,

98 1139 146 1169 ut
172 1139 289 1182 patet
315 1146 365 1169 ex
392 1131 452 1168 his
482 1144 584 1180 quae
613 1129 723 1180 apud
753 1129 1029 1178 Raynaldum,
1058 1142 1122 1166 an.
1153 1127 1266 1174 1409,
1301 1128 1316 1176 ξ
1344 1128 1406 1174 67,
1434 1128 1635 1176 leguntur.
1668 1125 1795 1175 Igitur

97 1190 285 1229 interfuit
311 1190 480 1229 coneilio
506 1190 667 1235 Pisano,
694 1189 735 1226 in
761 1203 840 1238 quo
867 1187 1041 1238 depositi
1066 1196 1162 1225 sunt
1187 1187 1295 1226 idem
1314 1186 1555 1224 Benedictus
1582 1193 1623 1223 et
1648 1185 1794 1233 Grego-

99 1249 180 1288 rius
205 1250 303 1297 XII,
325 1258 366 1287 et
387 1249 429 1287 in
449 1249 537 1287 loco
559 1262 698 1287 eorum
719 1247 876 1298 positus
898 1256 959 1285 est
981 1246 1211 1284 Alexander
1232 1246 1412 1295 quintus.
1440 1246 1485 1282 In
1504 1244 1634 1295 prima
1657 1252 1795 1281 autem

96 1309 286 1356 sessione,
313 1323 415 1359 quae
442 1308 520 1346 fuit
547 1307 689 1345 habita
716 1307 777 1344 die
804 1322 893 1344 xxv
918 1306 1069 1352 martii,
1094 1305 1258 1343 missam
1282 1305 1329 1342 de
1349 1304 1502 1354 Spiritu
1524 1304 1673 1341 Sancto
1698 1302 1796 1340 eele-

98 1368 248 1415 bravii,
270 1376 317 1406 ut
338 1368 458 1406 docet
478 1367 587 1406 idem
609 1366 872 1405 continuator
895 1365 1055 1414 Nangii,
1078 1380 1115 1414 p.
1139 1364 1227 1411 243,
1249 1364 1290 1401 in
1311 1372 1423 1403 tomo
1445 1371 1560 1401 sexto
1588 1360 1795 1411 Spicilegit

102 1427 356 1466 Dacheriani.
402 1428 448 1464 In
487 1426 664 1465 secunda
706 1425 894 1471 sessione,
936 1424 1092 1462 eunctis
1133 1423 1207 1461 rite
1248 1422 1453 1472 dispositis
1494 1422 1545 1458 ad
1579 1420 1795 1470 agendum,

97 1487 315 1524 cardinalis
342 1486 614 1532 Penestrinus,
644 1484 890 1522 Pictavensis
917 1483 1019 1521 alias
1048 1482 1287 1529 nominatus,
1316 1490 1363 1519 ut
1391 1481 1449 1518 ait
1476 1481 1581 1518 idem
1611 1479 1795 1529 scriptor,

97 1546 245 1584 cunctis
276 1545 489 1595 antiquior,
522 1553 555 1583 et
586 1544 651 1595 qui
682 1552 771 1581 ante
800 1543 972 1581 schisma
1002 1543 1053 1580 acl
1094 1541 1384 1579 cardinalatum
1406 1547 1633 1589 assumptus
1655 1538 1796 1587 suerat,

95 1605 231 1642 ceteris
270 1605 434 1655 quesivit
472 1604 566 1654 quid
603 1604 812 1652 agendum.
853 1602 931 1652 Qui
970 1615 1102 1638 omnes
1143 1600 1341 1649 negotium
1389 1594 1556 1647 dignuin
1606 1598 1795 1635 (luxerunt

96 1664 249 1714 differri
275 1679 394 1714 usque
418 1664 470 1701 ad
493 1664 596 1701 diem
619 1670 850 1713 sequentem.
878 1661 978 1699 Vide
1003 1674 1178 1707 rursum,
1204 1675 1243 1710 p.
1270 1658 1359 1706 250,
1386 1657 1474 1705 255,
1501 1657 1589 1703 260,
1614 1655 1795 1706 ejusdem

98 1723 201 1761 tomi
220 1723 337 1762 sexti.
355 1722 459 1770 Nide
479 1722 606 1761 etiam
626 1721 938 1759 Monstreletum
953 1719 981 1767 3,
1010 1720 1088 1757 vol.
1117 1734 1142 1766 1,
1162 1733 1250 1768 cap.
1273 1733 1337 1764 LII,
1357 1717 1427 1754 ubi
1445 1716 1530 1766 agit
1549 1716 1596 1754 de
1616 1728 1797 1753 sermone

97 1783 240 1820 habito
265 1798 336 1833 per
360 1782 609 1821 cardinalem
636 1780 948 1819 Praenestinum
973 1779 1035 1816 die
1062 1793 1118 1815 xv
1144 1777 1253 1824 maii,
1281 1777 1395 1826 cujus
1421 1777 1496 1814 hoc
1522 1775 1600 1813 fuit
1623 1775 1762 1812 thema
1788 1789 1795 1810 z

95 1842 252 1889 Libera,
276 1842 397 1889 Deus,
428 1841 552 1879 Israel
576 1855 622 1878 ex
645 1840 830 1877 omnibus
855 1838 1180 1876 tribulationibus
1204 1836 1303 1874 suis.
1739 1844 1742 1846 ’

149 1901 387 1941 Guillelmus
412 1901 590 1939 Catellus
614 1899 655 1937 in
680 1898 890 1936 illemoriis
915 1897 1099 1935 historiae
1123 1896 1333 1942 occitanae,
1365 1909 1403 1945 p.
1429 1893 1517 1940 976,
1542 1891 1682 1931 scribit
1706 1905 1796 1929 eum

95 1974 204 1998 anno
224 1960 438 1998 millesimo
460 1959 651 1998 CCCCIX
672 1958 837 2009 reperiri
867 1957 988 1995 fuisse
1009 1955 1386 1994 administratorem
1406 1952 1606 1991 Ecclesiae
1628 1959 1669 1989 et
1697 1949 1797 2000 epis-

96 2027 269 2070 copatus
286 2019 532 2069 Agathensis
549 2017 588 2057 4(
605 2017 721 2066 Quod
748 2030 891 2055 verum
907 2024 980 2054 est.
1001 2016 1130 2052 Extat
1146 2014 1254 2052 enim
1270 2013 1312 2050 in
1327 2012 1492 2051 archivo
1509 2008 1799 2059 archiepiscopi

98 2079 375 2117 Narbonensis
404 2078 514 2116 bulla
544 2076 715 2115 Joannis
747 2076 913 2121 XXIII,
943 2074 1040 2112 data
1071 2074 1225 2112 Romae
1253 2072 1364 2122 apud
1392 2072 1589 2109 Sanctum
1618 2069 1797 2113 Petrum,

98 2153 137 2176 vl
152 2138 242 2176 idus
271 2138 334 2188 [8]
350 2137 455 2187 junii
471 2151 579 2175 anno
595 2135 777 2175 secundo
803 2134 1021 2184 [1411],οΧ
1037 2147 1117 2183 qua
1133 2132 1263 2182 liquet
1273 2130 1550 2169 Alexandrum
1564 2129 1597 2166 V
1613 2126 1797 2165 eamdem

97 2197 322 2237 Ecclesiam
347 2204 567 2235 vacantem
591 2210 662 2246 per
688 2195 848 2233 obitum
876 2192 1058 2242 Hugonis
1088 2190 1267 2242 episcopi
1292 2188 1595 2228 commendasse
1622 2184 1797 2223 Guidoni

99 2256 289 2307 episcopo
311 2255 613 2294 Penestrinensi
633 2269 704 2305 per
725 2268 818 2292 eum
835 2267 962 2302 usque
981 2251 1033 2289 ad
1051 2250 1273 2288 triennium
1290 2263 1340 2287 ex
1356 2257 1455 2286 tunc
1473 2244 1797 2296 computandum

100 2315 336 2363 tenendam,
364 2314 585 2365 regendam
612 2322 653 2352 et
681 2313 806 2352 etiam
835 2309 1156 2362 gubernandam.

151 2374 296 2413 Obiit⁵
327 2373 490 2412 Parisiis
530 2387 638 2411 anno
678 2371 927 2417 MCCCCXI,
967 2378 1014 2407 ut
1053 2368 1200 2418 legitur
1246 2367 1288 2404 in
1326 2364 1548 2416 epitaphio,
1588 2363 1653 2400 vel
1691 2375 1797 2399 anno

145 2510 177 2543 1.
203 2509 256 2542 La
278 2510 389 2542 lettre
421 2520 442 2541 a
472 2510 531 2542 ete
561 2507 710 2552 publiee
734 2519 802 2550 par
826 2507 863 2539 F.
892 2506 1002 2538 Ehrle
1041 2503 1200 2547 (Archiv,
1225 2508 1251 2535 t.
1277 2513 1340 2540 vn,
1364 2512 1398 2544 p.
1425 2498 1610 2541 253-265).
1638 2497 1715 2529 Elle
1738 2496 1798 2528 fut

94 2563 210 2596 ecrite
232 2563 264 2595 le
288 2563 332 2595 18
356 2562 562 2594 novembre
585 2561 675 2594 1401
706 2560 866 2604 (Martin
888 2560 928 2592 de
949 2557 1143 2601 Alpartils,
1163 2567 1197 2599 p.
1217 2555 1298 2594 116,
1318 2560 1405 2586 note
1429 2554 1449 2586 6
1470 2558 1510 2584 et
1530 2550 1669 2590 Valois,
1694 2556 1720 2583 t.
1742 2561 1793 2590 111,

97 2616 244 2702 p⁸22.5]13’.
265 2615 425 2707 riq-{8132
458 2667 554 2700 latin
577 2667 682 2706 1475,
716 2666 778 2699 fol.
805 2666 849 2698 57
873 2665 970 2698 r0-63
996 2668 1046 2696 v0.
1070 2681 1119 2685 —
1141 2661 1210 2694 Les
1240 2660 1490 2702 Allegationes
1513 2655 1726 2690 dateraient
1751 2656 1794 2688 de

96 2721 245 2766 janvier
259 2733 307 2754 ou
323 2722 366 2754 de
383 2720 518 2754 fevrier
533 2720 638 2759 1401,
656 2719 803 2762 d’apres
822 2718 864 2751 N.
882 2716 1009 2750 Valois
1028 2716 1066 2758 (t.
1082 2727 1133 2754 111,
1150 2726 1184 2758 p.
1203 2714 1283 2752 237,
1300 2718 1387 2745 note
1404 2711 1451 2754 5).

146 2777 178 2809 3.
200 2775 268 2808 Ed.
297 2775 427 2807 Donet
453 2773 605 2816 d’Arcq,
639 2772 754 2812 Paris,
782 2772 888 2810 1858,
916 2776 942 2803 t.
968 2782 1005 2808 11,
1033 2780 1068 2812 p.
1096 2768 1152 2800 16.
1179 2786 1227 2789 --
1250 2766 1300 2798 Le
1328 2775 1489 2803 sermon,
1521 2762 1668 2806 d'apres
1690 2761 1796 2794 Mon-

98 2828 220 2868 trelet,
244 2828 304 2860 fut
325 2828 515 2871 prononce
536 2826 568 2858 le
592 2826 611 2858 2
632 2825 719 2858 mai.
1180 2864 1190 2871 ,

146 2882 178 2914 4.
197 2881 316 2924 Apres
341 2879 392 2912 lui
417 2879 523 2912 avoir
547 2878 704 2911 accorde
720 2875 1059 2910 l'administration
1076 2874 1119 2906 de
1136 2871 1288 2915 l’Eglise
1306 2870 1450 2913 d’Agde
1466 2869 1498 2902 10
1516 2870 1535 2902 8
1551 2868 1674 2912 juillet
1686 2867 1793 2907 1409,

95 2934 195 2966 Jean
213 2933 354 2966 XXIII
372 2934 541 2975 revoqua
558 2937 657 2964 cette
675 2931 809 2963 faveur
824 2930 856 2962 10
875 2930 894 2962 8
912 2928 994 2972 juin
1011 2927 1116 2966 1411,
1135 2925 1219 2969 puis
1235 2925 1268 2957 10
1286 2925 1306 2957 6
1324 2922 1460 2956 sevrier
1476 2922 1570 2954 1412
1586 2920 1638 2953 lui
1655 2920 1794 2953 affecta

96 2999 169 3020 une
188 2986 346 3030 pension
364 2985 461 3029 prise
480 2996 543 3017 sur
560 2985 611 3017 les
630 2994 790 3016 revenus
810 2982 954 3024 d'Agde
978 2979 1130 3022 (Valois‚
1150 2984 1176 3011 t.
1195 2989 1247 3018 111,
1267 2989 1302 3020 p.
1323 2977 1404 3016 107,
1425 2981 1513 3008 note
1533 2974 1581 3017 2).

147 3041 178 3073 5.
198 3040 248 3072 Le
267 3041 286 3073 8
312 3050 411 3071 mars
437 3038 531 3070 1412
557 3037 705 3080 d'apres
725 3035 843 3068 Eubel
865 3033 1110 3077 (Hierarchia,
1129 3036 1155 3064 t.
1173 3042 1196 3069 1,
1216 3042 1250 3074 p.
1271 3029 1343 3073 22),
1361 3029 1394 3061 10
1410 3029 1456 3062 18
1472 3027 1576 3065 selon
1593 3026 1632 3059 L.
1652 3025 1793 3059 Salem·

97 3092 177 3125 bier
199 3091 553 3136 (Hefele-Leelercq‚
575 3089 739 3122 Histoire
758 3089 817 3121 des
848 3087 1011 3125 concilim,
1033 3091 1058 3118 t.
1082 3096 1129 3124 VI,
1150 3095 1185 3127 p.
1207 3082 1329 3125 1512).
1351 3081 1422 3115 Sur
1441 3081 1525 3124 Guy
1542 3080 1586 3112 de
1602 3079 1790 3118 Malesset,

98 3145 180 3178 voir
202 3145 242 3179 L.
268 3143 476 3178 Salembier
502 3143 571 3186 (op.
597 3143 668 3182 cit.‚
694 3148 720 3174 t.
747 3153 795 3180 VI,
821 3152 855 3184 p.
882 3138 1118 3181 1483-1512)‚
1145 3136 1189 3169 N.
1223 3134 1350 3169 Valois
1378 3134 1417 3178 (t.
1441 3146 1478 3173 lx,
1515 3145 1550 3177 p.
1575 3132 1663 3172 494;
1688 3137 1715 3165 t.
1738 3143 1791 3174 ιν,

729 3225 878 3248 BALUZE
905 3233 952 3237 —
984 3215 1018 3246 II
1043 3231 1090 3236 —
1108 3213 1152 3245 22
