2083 3458
249 219 332 260 838
902 232 1053 257 NOTAE
1089 232 1164 256 AD·
1183 232 1312 258 VITAs
1445 272 1447 275 ι
1808 216 1951 276 [1474]

249 333 342 357 cum
362 317 561 356 Ludovici
577 316 884 367 Andegavensis
898 331 944 354 ac
962 316 1239 356 miserabilem
1257 317 1345 366 ejus
1364 326 1555 365 mortem,
1569 333 1742 369 eamque
1761 319 1961 369 imputas-

250 387 311 416 set
339 377 485 415 virtuti
514 377 656 415 Karoli
686 377 748 414 ΙΙΙ
775 376 877 426 regis
903 376 1182 426 Neapolitani,
1207 376 1331 415 Linus
1351 377 1536 416 Colutius
1555 378 1769 417 Salutatus
1791 377 1963 416 Antonii

250 437 585 475 maledicentiam
609 436 810 483 refellens,
836 436 885 474 de
911 444 1042 475 morte
1069 435 1182 474 ducis
1210 436 1518 486 Andegavensis
1544 436 1603 475 ita
1627 437 1791 489 scripsit
1818 454 1825 476 :
1852 437 1965 488 Quod

253 497 413 534 inclitas
441 510 506 534 rex
534 496 759 533 thdovicus
786 496 866 533 dasc
893 495 1195 544 Andegaoensis
1221 511 1368 546 parum
1393 496 1601 546 profecerit
1626 505 1707 535 tam
1734 497 1963 547 magnifico,

250 557 353 594 sicut
373 570 577 603 memorem,
598 563 815 606 apparata,
837 569 916 592 non
938 555 1103 604 ignavia
1123 555 1264 604 gentis,
1286 556 1394 594 crede
1414 555 1527 604 mihi,
1548 557 1616 594 sed
1634 556 1810 595 hominis
1831 556 1963 606 infeli-

252 616 349 654 citas
361 615 452 665 fait.
472 615 650 653 Invictas
664 615 771 652 enim
784 614 922 662 armis,
939 614 1071 652 morbo
1086 615 1282 664 confectas
1296 623 1363 653 est.
1381 614 1594 665 Nusquam
1608 616 1727 654 victor
1742 631 1810 654 nec
1824 616 1964 663 victus,

253 684 368 725 peste,
396 675 493 725 proh
515 675 635 722 dolor,
651 675 888 724 absumptas
909 683 975 713 est.
1002 675 1065 712 Ex
1086 674 1224 713 codice
1243 674 1346 713 5122
1361 674 1636 714 bibliothecae
1660 675 1920 714 Colbertinae
1935 675 1962 714 1.

307 735 349 773 P.
395 734 484 782 491,
530 734 595 784 lig.
645 734 705 773 16.
753 735 833 771 V1x
879 748 1126 772 SEPTENNIS.
1175 734 1307 772 Natus
1353 734 1462 774 enim
1507 743 1596 773 erat
1640 736 1810 774 Tolosae
1855 749 1964 773 anno

255 794 614 841 MCCCLXXVII,
642 793 704 832 die
731 794 907 843 septima
934 793 1082 832 mensis
1111 793 1304 841 octobris,
1329 802 1377 832 ut
1401 794 1443 832 in
1468 794 1702 844 Pontificali
1727 810 1815 843 suo,
1855 794 1964 844 quod

254 862 443 892 servatur
471 854 511 891 in
542 853 792 891 monasterio
824 853 1071 900 Gellonensi,
1101 853 1353 891 adnotatum
1382 853 1549 903 reliquit
1580 855 1761 893 Joannes
1791 855 1840 892 de
1871 855 1964 893 Car-

256 913 433 968 dalhaco·
453 913 689 964 patriarcha
718 913 1035 960 Alexandrinus⁷
1064 913 1134 962 qui
1159 927 1253 951 eum
1280 913 1528 963 baptizavit.
1559 914 1616 952 De
1644 914 1731 964 ejus
1759 922 1853 952 ortu
1878 913 1965 964 agit

255 973 380 1011 etiam
403 972 669 1020 Froissartus,
690 973 772 1011 vol.
792 988 833 1020 11,
854 987 943 1023 cap.
966 988 1020 1020 vl,
1040 973 1111 1010 ubi
1131 972 1190 1010 ait
1209 981 1372 1022 patrem
1391 973 1479 1022 ejus
1499 987 1649 1023 magna
1668 982 1761 1012 tum
1780 973 1964 1012 laetitiae

254 1033 369 1083 signa
398 1032 571 1071 dedisse.
604 1033 709 1070 Utar
737 1040 879 1072 autem
906 1033 983 1070 hac
1014 1032 1226 1070 occasione
1255 1040 1302 1070 ut
1331 1033 1529 1070 nonnulla
1559 1033 1695 1071 dicam
1724 1033 1772 1072 de
1803 1034 1964 1072 Joanne

254 1092 504 1143 patriarcha,
531 1092 728 1142 quoniam
753 1091 924 1130 historia
951 1092 1037 1141 ejus
1065 1091 1204 1130 multis
1231 1091 1546 1130 difficultatibus
1572 1101 1614 1131 et
1640 1092 1964 1131 obscuritatibus

254 1152 443 1190 involuta
475 1152 554 1189 fuit
583 1153 783 1190 hactenus
816 1152 866 1189 ob
899 1151 1192 1201 negligentiam
1222 1151 1471 1201 scriptorum
1502 1151 1606 1190 illius
1638 1151 1731 1191 aevi
1759 1161 1801 1191 et
1830 1151 1964 1190 indili-

256 1211 437 1261 gentiam
462 1211 748 1250 recentiorum.

310 1272 543 1309 JOHANNES
576 1286 630 1309 DE
662 1273 956 1310 CARDALHACO
989 1279 1100 1309 ortus
1132 1279 1194 1309 est
1223 1285 1242 1309 e
1275 1270 1404 1309 veteri
1433 1270 1652 1310 nobilitate
1684 1271 1966 1310 Cadurcensi²

256 1346 337 1369 non
362 1345 458 1369 vero
484 1346 533 1370 ex
559 1339 678 1381 gente
704 1330 905 1370 comitum
931 1330 1329 1378 Armaniacensium‚
1355 1339 1403 1368 ut
1427 1330 1468 1367 in
1494 1330 1679 1369 Historia
1702 1331 1966 1369 ecclesiastica

255 1390 644 1441 archiepiscoporum
667 1390 978 1428 Bracarensinm
1001 1389 1164 1440 scripsit
1191 1390 1413 1428 Rodericus
1438 1404 1460 1427 a
1485 1391 1648 1437 Cunha3
1673 1391 1805 1430 multo
1829 1390 1964 1428 minus

255 1466 305 1489 ex
328 1450 470 1500 pellice
486 1450 685 1488 Bernardi
702 1451 773 1497 VI,
790 1449 951 1488 comitis
970 1449 1314 1497 Armaniaccnsis‚
1331 1458 1379 1487 ut
1395 1464 1444 1488 ex
1461 1449 1562 1487 falsa
1576 1450 1813 1499 conjectura
1826 1449 1964 1500 potius

256 1524 381 1559 quam
398 1525 449 1548 ex
465 1525 562 1548 Vero
580 1510 657 1548 sibi
675 1519 715 1548 et
733 1509 897 1559 nuperis
924 1509 1077 1547 Galliae
1095 1509 1335 1547 christianae
1352 1509 1578 1547 editoribus
1597 1509 1802 1559 persuasit
1821 1509 1964 1548 Arnal-

256 1570 329 1608 dus
347 1570 594 1607 Oihenartus
616 1569 657 1607 in
673 1569 829 1607 Notitia
848 1569 1081 1615 Vaseoniae,
1095 1584 1134 1619 p.
1151 1569 1241 1615 495,
1256 1569 1364 1607 hunc
1379 1569 1590 1608 hominem
1604 1569 1792 1607 dividens
1806 1569 1848 1606 in
1862 1569 1963 1607 duos

255 1629 511 1679 patriarchas
537 1629 835 1667 Alexandrinos
860 1637 901 1667 et
924 1628 964 1666 in
990 1628 1090 1666 duos
1127 1629 1226 1667 item
1250 1628 1461 1678 episcopos
1490 1629 1789 1667 Rutlienenses.
1818 1629 1964 1679 Itaque

255 1689 416 1738 spurius
438 1689 501 1727 ille
526 1688 631 1727 filius
652 1688 851 1727 Bernarcli
887 1688 1116 1726 eradendus
1139 1688 1307 1727 omnino
1326 1697 1388 1726 est
1409 1703 1459 1726 ex
1480 1688 1670 1737 Catalogo
1689 1688 1966 1738 episcoporum

257 1748 583 1786 Rathenensium.

310 1808 490 1846 Joannes
518 1807 673 1853 ¹studiis
710 1807 923 1845 literarum
960 1806 1074 1845 dedit
1111 1821 1278 1857 operam
1313 1806 1355 1843 in
1391 1806 1603 1846 academia
1640 1807 1857 1855 Tolosana,
1893 1806 1966 1845 ubi

256 1867 428 1916 gradum
448 1867 625 1905 doctoris
643 1867 784 1917 injure
805 1867 914 1905 civili
933 1867 1160 1904 obtinuisse
1182 1881 1276 1905 eum
1295 1875 1460 1905 constat
1478 1881 1529 1904 ex
1547 1866 1667 1904 bullis
1687 1867 1774 1916 ejus
1794 1867 1842 1905 de
1862 1866 1964 1916 epis—

255 1935 408 1976 copatu
430 1927 631 1973 Auriensi,
652 1926 833 1964 laudatis
860 1927 900 1963 in
928 1927 1071 1964 eadem
1090 1926 1272 1963 Historia
1292 1926 1553 1963 ecclesiastica
1576 1926 1965 1976 archiepiscoporum

256 1986 577 2024 Bracarensiam.
605 1986 760 2024 Deinde
781 1987 846 2035 jus
870 1986 986 2024 civile
1008 1985 1171 2035 publice
1194 1985 1400 2035 professus
1423 1994 1485 2023 est
1507 1985 1548 2023 in
1569 1986 1714 2026 eadem
1737 1985 1964 2024 academia.

257 2046 343 2093 Qua
372 2055 622 2096 tempestate
651 2046 821 2084 missum
849 2060 942 2083 eum
970 2045 1092 2083 fuisse
1121 2045 1377 2083 Avenionem
1405 2045 1456 2082 ad
1485 2045 1738 2084 Clementem
1767 2045 1823 2082 VI
1856 2059 1964 2083 anno

256 2105 427 2143 MCCCL
458 2106 581 2144 fidem
610 2105 709 2143 facit
738 2106 868 2143 codex
896 2105 1132 2143 orationum
1161 2105 1262 2154 ejus,
1291 2104 1333 2141 in
1362 2119 1442 2154 quo
1471 2104 1578 2142 inter
1605 2104 1684 2142 alia
1713 2105 1890 2143 habetur
1910 2104 1926 2127 3
1956 2120 1963 2142 :

254 2166 416 2213 Arenga
432 2179 502 2215 per
518 2165 697 2203 eumdem
714 2165 921 2202 dominam
938 2164 1208 2214 patriarcham
1223 2165 1329 2213 sacta
1347 2178 1478 2201 coram
1495 2163 1657 2201 domino
1672 2164 1868 2201 Clemente
1890 2164 1963 2211 VI,
1994 2202 1999 2209 ,

252 2238 405 2261 summo
428 2224 628 2274 pontifice,
653 2225 800 2262 missas
822 2225 873 2261 ad
886 2238 989 2271 eam,
1014 2224 1109 2261 dam
1130 2223 1332 2261 ordinarie
1356 2224 1506 2272 legebat
1527 2223 1702 2270 Tholose‚
1719 2238 1787 2273 per
1809 2223 1963 2261 univer-

252 2283 408 2321 sitatem
427 2284 706 2322 Tholosanam.
728 2284 858 2321 Extat
876 2283 917 2320 in
935 2284 1079 2321 eodem
1098 2283 1235 2321 codice
1254 2283 1268 2305 4
1285 2292 1409 2320 sermo
1437 2283 1488 2319 ad
1517 2283 1822 2320 Universitatem
1838 2282 1964 2320 studii

256 2343 470 2380 Tholosani
488 2344 531 2381 de
549 2344 752 2381 nativitate
768 2357 837 2392 per
853 2343 1051 2393 prefatum
1068 2343 1275 2380 dominnm
1292 2342 1561 2392 patriarcham
1576 2342 1717 2391 factas.
1735 2341 1964 2392 Contigisse

252 2401 363 2440 istud
380 2417 488 2441 anno
506 2402 721 2443 millesimo
738 2403 868 2441 CCCL
883 2417 933 2440 ex
948 2417 994 2440 60
1012 2402 1145 2452 colligi
1162 2402 1279 2440 facile
1294 2410 1434 2451 potest
1451 2402 1561 2451 quod
1578 2401 1645 2439 illo
1661 2416 1770 2439 anno
1786 2409 1962 2439 exeunte

252 2475 482 2501 sermonem
501 2462 516 2485 5
545 2462 585 2499 in
617 2463 805 2500 Romana
834 2461 945 2500 curia
971 2462 1133 2507 habuit,
1153 2462 1194 2499 in
1223 2461 1347 2499 titulo
1378 2461 1519 2499 Sancti
1549 2460 1711 2511 Georgii
1739 2461 1791 2498 ad
1816 2461 1962 2499 Velum

253 2520 433 2560 Aureum
457 2522 666 2571 assignato
690 2522 857 2559 domino
882 2521 1034 2559 Joanni
1058 2521 1105 2559 de
1130 2522 1387 2570 Caramagno
1411 2520 1623 2558 cardinali.
1809 2527 1811 2529 ’

307 2580 424 2617 Anno
461 2581 655 2619 MCCCLI
692 2581 806 2618 illum
841 2581 972 2630 prima
1007 2589 1177 2618 tantum
1210 2589 1382 2618 tonsura
1419 2579 1594 2618 clericali
1628 2579 1842 2619 initiatum
1877 2579 1962 2617 Cle-

253 2652 363 2676 mens
389 2640 444 2676 Vl
470 2641 625 2678 creavit
649 2640 887 2690 episcopum
912 2640 1153 2678 Auriensem
1173 2640 1201 2677 6.
1231 2640 1330 2677 Illuc
1354 2654 1448 2689 ergo
1472 2638 1681 2689 profectus
1706 2646 1782 2677 est.

307 2791 331 2822 1.
365 2792 401 2824 13.
426 2791 481 2830 N.,
502 2804 567 2824 ms.
589 2792 683 2825 latin
702 2791 806 2826 8573.
1050 2827 1053 2829 ,

305 2844 333 2875 2.
369 2844 396 2875 11
417 2844 509 2876 &tait
534 2844 588 2877 fils
609 2846 652 2877 de
673 2838 863 2878 Bertrand
882 2846 924 2885 V,
945 2846 1016 2879 sire
1037 2847 1080 2879 de
1103 2846 1314 2880 Cardaillac
1337 2852 1375 2879 et
1389 2847 1433 2879 de
1447 2846 1590 2886 Bioule‚
1607 2852 1646 2879 et
1659 2846 1961 2890 d'Ermengarde

255 2896 297 2927 de
316 2896 476 2929 Lnufrcc
498 2898 553 2933 (E.
573 2898 678 2934 Albe,
698 2899 844 2931 Autour
860 2900 900 2932 de
917 2899 1015 2932 Jean
1032 2899 1171 2939 XXII,
1191 2906 1216 2932 t.
1234 2912 1257 2937 1,
1276 2912 1311 2943 p.
1332 2900 1510 2939 217-2183
1529 2905 1554 2932 t.
1571 2911 1609 2939 11,
1628 2911 1662 2943 p.
1683 2900 1780 2943 262).

278 2950 334 2981 ¹3.
366 2950 405 2981 Π.
432 2950 487 2985 NJ
512 2963 577 2983 ms.
601 2952 696 2983 latin
716 2952 823 2987 3294,
846 2953 908 2985 fol.
933 2954 1001 2985 252
1023 2958 1073 2986 νο.

304 3002 334 3033 ss.
372 3003 418 3035 Ul
438 3015 478 3039 sn,
502 3004 563 3036 fol.
590 3005 634 3037 18
658 3010 707 3037 v0.

305 3056 334 3086 5.
372 3056 417 3087 (s'l
438 3070 477 3091 sa,
502 3058 563 3089 sol.
588 3058 656 3089 119
679 3063 721 3090 r0.

305 3108 334 3138 6.
369 3108 415 3139 Le
437 3110 455 3139 Β
473 3110 552 3151 juin
577 3111 722 3151 (Eubel,
744 3111 978 3151 Hierarchia,
1000 3118 1025 3145 t.
1044 3125 1067 3152 1,
1089 3124 1122 3156 p.
1144 3114 1242 3156 119).
