2083 3458
309 210 391 251 826
958 228 1110 253 NOTAE
1145 228 1205 253 AD
1241 229 1368 254 VITAs
1869 212 1996 268 [1310
2007 213 2025 268 J

310 310 472 350 modico
509 319 695 361 tempore
733 311 930 350 mansisse
969 311 1011 349 in
1052 311 1271 359 Ruthenis‚
1307 312 1466 351 sciebat
1503 320 1646 352 autem
1679 313 1756 352 1100
1790 312 1877 363 ipso
1915 326 2024 350 anno

312 369 636 408 MCCCLXVIII
661 370 783 409 fuisse
800 371 911 421 apud
929 371 1201 419 Avenionem,
1217 372 1381 422 scripsit
1402 372 1520 412 illum
1536 372 1699 411 assidue
1720 380 2027 412 commoratum

309 443 392 467 esse
419 429 460 466 in
486 429 595 467 curia
622 444 805 469 romana.
833 431 919 480 Ego
955 430 1140 481 suspicor
1166 431 1443 470 Froissartum
1478 431 1699 470 memoriae
1726 434 1842 482 lapsu
1874 431 1916 469 in
1939 431 2017 469 hoc

308 487 397 526 loco
433 489 615 538 posuisse
650 489 889 540 episcopum
917 490 1226 532 Ruthenensem
1262 506 1336 541 pro
1369 491 1448 529 alio
1486 491 1697 543 quopiam,
1723 491 1906 530 fortassis
1942 505 2016 541 pro

312 548 500 586 Ostensio
538 548 586 587 de
614 549 765 587 Sancta
801 550 1000 590 Columba
1041 550 1232 601 episcopo
1268 550 1505 599 Sarlatensi‚
1532 560 1666 602 ..quem
1711 550 1832 589 fuisse
1881 550 2017 588 virum

309 606 479 647 doctum
511 616 552 646 et
584 608 861 658 eloquentem,
890 617 982 648 tum
1014 610 1140 649 etiam
1173 610 1505 650 addictissimum
1537 611 1670 650 eidem
1701 609 1877 661 principi
1898 617 2017 660 patet

308 681 358 704 ex
382 666 532 716 Quarta
555 667 634 705 vita
663 668 819 706 Urbani
849 669 894 716 V,
917 684 958 719 p.
982 669 1072 708 411.

366 726 465 764 Post
488 736 665 767 mortem
690 727 874 778 Gregorii
899 729 960 766 XI
986 729 1170 769 Clemens
1196 730 1276 767 VII
1301 730 1388 780 ejus
1414 745 1621 769 successor
1644 730 1831 780 legatum
1854 729 1896 767 in
1920 729 2015 768 Ger-

311 786 493 826 maniam
523 786 635 825 misit
666 788 931 828 Guillelmum
961 789 1213 827 cardinalem
1242 789 1291 827 de
1322 789 1534 839 Agrifolfm,
1566 804 1689 840 quem
1718 803 1842 840 supra
1870 803 1910 839 p.
1941 788 2022 827 998

309 845 544 886 monuimus
573 846 696 885 fuisse
727 848 1000 888 camerarium
1030 848 1186 899 collegii
1215 849 1500 889 cardinalium.
1533 849 1754 888 Discedens
1783 857 1925 887 autem
1952 847 2021 887 ille

282 904 349 942 ⁴in
385 905 651 947 Germaniam
687 907 795 945 vices
832 922 924 946 suas
962 908 1169 948 commisit
1206 908 1398 958 Faydito.
1431 909 1593 947 Extant
1626 908 1735 947 enim
1771 908 1814 946 in
1848 907 2021 947 archivo·

310 964 450 1003 Sancti
471 965 659 1004 Andreae
676 966 972 1006 Avenionensis
995 967 1157 1007 litterae
1174 968 1260 1018 ejus
1278 968 1401 1007 datae
1416 982 1525 1006 anno
1547 977 1588 1007 et
1609 968 1834 1007 nativitate
1852 966 2018 1007 Domini

310 1024 701 1074 MCCCLXXXIII,
718 1026 943 1065 indictione
962 1042 1024 1075 v1‚*
1034 1027 1098 1066 die
1116 1043 1203 1066 xvn
1220 1027 1471 1076 novembris,
1487 1028 1530 1066 in
1547 1028 1695 1078 quibus
1712 1027 1797 1079 ipse
1813 1035 2020 1077 tanquam

308 1097 448 1134 regens
483 1084 663 1123 officium
690 1086 985 1125 camerariatus
1012 1087 1170 1138 collegii
1201 1087 1476 1127 cardinalium
1505 1101 1580 1138 pro
1612 1087 1780 1127 domino
1804 1087 2025 1126 Guillelmo

308 1142 422 1181 tituli
448 1144 590 1183 Sancti
615 1145 815 1196 Stephani
843 1146 884 1184 in
912 1146 1039 1185 coelio
1064 1139 1205 1186 monte
1232 1148 1474 1198 presbytero
1499 1147 1708 1186 cardinale
1733 1146 1836 1186 dicti
1863 1145 2022 1197 collegii

309 1204 533 1242 camerario
568 1204 725 1243 fatetur
760 1206 870 1256 quod
905 1206 1096 1246 dominus
1132 1207 1259 1245 frater
1281 1207 1498 1246 Savaricus
1534 1206 1631 1245 olim
1658 1206 1800 1246 Sancti
1833 1206 2023 1245 Andreae·

308 1277 434 1313 prope
460 1263 732 1312 Avenionem,
752 1280 861 1304 nunc
886 1281 983 1304 vero
1010 1266 1273 1305 Massiliensis
1299 1267 1442 1315 abbas,
1467 1281 1540 1317 pro
1565 1275 1683 1317 parte
1708 1266 1772 1305 sui
1790 1265 2022 1306 communis

307 1322 465 1360 servitii
486 1324 644 1363 ratione
666 1324 767 1363 dicti
787 1325 1029 1364 monasterii
1045 1326 1186 1365 Sancti
1202 1326 1405 1374 Andreae,
1422 1326 1486 1365 cui
1505 1326 1703 1377 praefuit,
1720 1326 1832 1365 dicto
1852 1325 2024 1376 collegio⁴

308 1381 432 1420 solvit
458 1383 631 1433 triginta
663 1384 837 1423 florenos
867 1385 969 1424 auri.

363 1442 518 1480 Eodem
542 1457 651 1482 anno
673 1453 851 1483 exeunte
876 1445 1060 1485 Clemens
1084 1445 1165 1483 VII
1188 1460 1281 1484 eum
1304 1454 1404 1484 tunc
1427 1445 1668 1496 episcopum
1690 1444 2022 1484 Avenionensem

310 1500 407 1539 fecit
440 1502 731 1552 presbyterum
765 1504 1018 1545 cardinalem
1050 1505 1165 1543 tituli
1199 1505 1340 1544 Sancti
1374 1505 1543 1543 Martini
1575 1505 1617 1543 in
1650 1505 1875 1545 montibus.
1911 1505 2018 1543 Puto

309 1569 450 1599 autem
487 1577 580 1600 eum
618 1563 869 1602 retinuisse1
911 1564 1136 1603 Ecclesiam
1173 1579 1291 1605 suam
1329 1560 1423 1603 cum
1461 1564 1734 1603 cardinalatu.
1775 1563 1941 1603 Etenim
1976 1564 2021 1602 in

305 1620 449 1658 Diarz'o
474 1622 654 1673 episcopi
678 1624 940 1663 Carnotensis
976 1624 1031 1675 [p.
1057 1624 1148 1675 218]
1172 1624 1373 1675 scriptum
1397 1632 1460 1663 est
1484 1624 1736 1664 cardinalem
1761 1623 2018 1662 Avenionen«

308 1694 393 1718 sem
428 1695 536 1719 anno
574 1682 956 1731 MCCCLXXXVI,
984 1684 1047 1722 die
1084 1684 1230 1734 quinta
1264 1684 1458 1734 januarii,
1495 1684 1635 1723 fecisse
1662 1683 1902 1734 homagium
1935 1682 2020 1734 regi

307 1747 348 1777 et
370 1740 532 1790 reginae
558 1741 717 1780 Siciliae
742 1742 841 1781 satis
867 1743 1013 1782 leviter
1045 1744 1299 1782 transeundo
1324 1744 1431 1782 sicut
1465 1743 1527 1782 sui
1551 1743 1882 1794 praedecessores
1917 1743 2019 1781 fece-

306 1808 417 1847 runt‚
443 1808 484 1838 et
508 1801 653 1839 eodem
678 1801 742 1840 die
776 1802 913 1853 ipsum
947 1818 1040 1842 cum
1075 1803 1282 1842 cardinale
1308 1802 1540 1842 Arelatensi
1563 1803 1723 1842 venisse
1759 1803 1869 1854 apud
1895 1801 2021 1840 Villa—

309 1872 507 1899 mnovam
526 1861 577 1898 ad
597 1861 819 1902 Dominam
835 1862 1103 1902 visitandam.
1123 1863 1312 1913 Legimus
1333 1872 1475 1901 autem
1494 1863 1535 1900 in
1555 1863 1668 1900 bulla
1685 1861 1906 1902 Clementis
1922 1862 2018 1910 VII,

308 1917 419 1956 edita
446 1920 558 1969 apud
585 1921 803 1971 Aegidium
827 1922 1102 1962 Bellameram
1127 1922 1169 1960 in
1189 1922 1489 1963 commentario
1510 1922 1563 1960 ad
1579 1923 1795 1960 Decretum·
1820 1921 2023 1968 Gratiani,

308 1978 499 2017 eumdem
524 1980 779 2021 Clementem
802 1982 983 2021 tenuisse
1008 1982 1304 2033 episcopatum-
1320 1982 1653 2022 Avenionensem
1676 1981 1728 2019 ad
1753 1996 1899 2022 manus
1923 1995 2016 2019 suas

305 2051 413 2075 anno
447 2037 675 2088 MCCCXC‚
708 2040 772 2085 die
804 2042 985 2080 secunda
1016 2042 1121 2092 julii,
1155 2051 1196 2080 et
1239 2041 1359 2079 initio
1392 2040 1602 2092 sequentis
1636 2041 1785 2080 mensis
1818 2040 1984 2091 augusti
2002 2040 2021 2063 2'

306 2097 497 2138 eumdem
526 2099 745 2149 Aegidium
773 2100 933 2141 factum
961 2101 1084 2139 fuisse
1113 2101 1354 2152 episcopum
1384 2101 1728 2141 Avenionensem.

360 2157 491 2195 Extat
514 2157 555 2195 in
578 2159 747 2197 archivo
778 2160 983 2199 Ecclesiae
1008 2161 1149 2199 Sancti
1173 2161 1291 2199 Pauli
1318 2160 1595 2199 Narbonensis
1619 2170 1740 2199 vetus
1768 2159 2015 2199 instrumen-

304 2223 396 2255 tum
419 2217 655 2259 confectum
677 2233 785 2257 anno
810 2220 1241 2268 MCCCLXXXVIII,
1264 2220 1327 2259 die
1351 2235 1405 2257 xv
1429 2220 1534 2270 julii,
1556 2235 1628 2271 per
1651 2219 1762 2270 quod
1785 2219 2019 2270 capitulum

306 2275 491 2324 ejusdem
514 2278 718 2316 Ecclesiae
741 2279 931 2317 concedit
946 2281 1129 2320 annuam
1148 2289 1188 2318 et
1204 2288 1450 2331 perpetuam
1467 2279 1708 2330 pensionem
1725 2287 1892 2318 centum
1907 2278 2014 2316 fran-

308 2349 448 2374 corum
473 2336 562 2373 auri
588 2337 754 2376 domino
784 2339 959 2388 Faydito
985 2340 1226 2390 presbytero
1253 2339 1453 2377 cardinali
1476 2339 1590 2377 tituli
1616 2338 1757 2377 Sancti
1783 2337 1950 2376 Martini
1973 2337 2016 2375 in

306 2394 516 2433 montibus
559 2396 610 2433 ob
648 2411 830 2437 amorem
869 2399 1139 2449 praecipuum
1179 2414 1259 2449 quo
1298 2399 1408 2438 idem.
1448 2398 1648 2447 Fayditus
1687 2398 2020 2449 prosequebatur

309 2450 534 2492 Ecclesiam
558 2455 684 2504 illam,
708 2465 749 2495 et
774 2458 825 2495 ob
850 2457 1033 2508 ingentia
1058 2458 1204 2497 merita
1230 2458 1379 2508 quibus
1404 2457 1482 2496 sibi
1506 2457 1752 2496 devinxerat
1774 2456 1884 2509 idem
1907 2456 2019 2518 capi-

307 2512 458 2551 tulum.

363 2572 408 2609 In
428 2573 569 2611 eodem
590 2575 757 2613 archivo
777 2577 955 2615 habetur
974 2577 1300 2615 instrumentum
1327 2576 1561 2615 securitatis
1581 2591 1666 2624 5011,
1685 2584 1733 2614 ut
1751 2575 1821 2613 alii
1838 2575 2013 2621 malunt,

306 2632 487 2679 apochae
514 2647 593 2682 qua
620 2634 729 2672 idem
756 2636 956 2684 Fayditus
983 2636 1202 2675 cardinalis
1222 2635 1478 2686 recognoscit
1496 2651 1537 2674 se
1557 2635 1764 2682 habuisse,
1786 2642 1827 2673 et
1851 2634 2019 2673 realiter

308 2690 503 2740 recepisse
523 2693 574 2729 ab
594 2694 737 2732 eodem
758 2695 940 2745 capitulo
961 2710 1167 2736 summam
1187 2695 1489 2745 quinquaginta
1512 2695 1748 2734 francorum
1767 2694 1815 2732 de
1834 2702 1875 2732 et
1893 2708 2018 2744 super

354 2838 385 2871 1.
418 2839 775 2877 L⁷administrati0n
808 2846 851 2878 de
883 2845 1050 2879 l'eveche
1083 2846 1301 2889 d’Avignon
1333 2845 1448 2879 echut
1479 2845 1500 2877 3
1525 2844 1703 2886 ΡΓ3110015
1736 2845 1781 2877 de
1814 2843 1949 2877 Conzie
1980 2843 2016 2876 10

306 2891 569 2948 24110001111110
594 2896 686 2930 1383
715 2898 861 2940 (Eubel,
887 2899 1120 2939 Ηίρνανεὴία,
1146 2905 1172 2932 t.
1196 2911 1219 2939 1,
1245 2911 1279 2943 p.
1305 2898 1403 2942 124),
1428 2897 1523 2930 mais
1547 2898 1614 2931 elle
1638 2897 1837 2941 appartint
1860 2897 1953 2930 dans
1976 2897 2015 2930 la

305 2949 401 2976 sultc
430 2946 449 2976 a
479 2946 617 2989 Faydit
645 2950 938 2994 d'Aigrefeuille‚
968 2952 1063 2985 ainsi
1084 2952 1176 2996 qu'il
1203 2958 1340 2996 appert
1367 2952 1411 2984 de
1438 2951 1550 2984 l'acte
1578 2951 1820 2993 d'hommage
1847 2951 1952 2994 prete
1978 2950 2015 2983 10

306 2996 324 3028 6
341 2997 488 3038 janvicr
504 3000 597 3034 1386
617 3002 664 3044 (11.
683 3004 744 3047 st.)
764 3011 802 3037 et
818 3016 893 3038 non
910 3006 941 3038 le
959 3006 978 3038 5
999 3005 1407 3048 (Albanes-Chevalier,
1432 3005 1555 3038 Gallia
1571 3004 1774 3037 christiana
1796 3003 2014 3042 novissima,

307 3055 331 3080 t.
369 3062 426 3089 vn,
460 3063 492 3084 n.
526 3053 619 3087 1578
641 3082 647 3087 .

355 3103 383 3134 2.
417 3104 462 3136 (je
491 3105 550 3137 sut
576 3107 606 3139 le
625 3056 680 3141 l19
709 3111 800 3143 aout
831 3111 925 3143 1392
960 3111 1370 3154 (Albanes-Chevalier,
1403 3116 1440 3144 ut
1465 3123 1508 3151 3.,
1537 3122 1571 3144 n.
1602 3110 1724 3154 1612).
