2083 3458
79 235 230 290 [1096]
596 252 811 278 PAPARUM
848 251 1231 277 AVENJONENSIUM
1683 233 1765 274 619

73 334 402 382 Mediolanensis,
432 343 465 372 et
493 336 537 373 de
572 336 733 374 Ursinis
760 336 981 374 cardinales
1010 335 1243 382 residebant,
1272 342 1307 372 et
1331 335 1493 384 suerunt
1520 348 1589 384 per
1616 334 1767 371 eosdem

71 393 250 431 dominos
271 393 493 431 cardinales
516 395 624 433 valde
647 403 845 444 gratanter
866 394 1020 444 recepti.
1045 395 1096 432 Et
1117 394 1260 432 accidit
1281 394 1383 443 quod
1402 393 1531 440 semel,
1556 393 1649 430 dum
1672 391 1765 430 dicti

71 460 146 490 tres
173 452 325 490 domini
352 452 573 490 cardinales
601 461 634 490 et
660 462 844 492 corrector
870 469 915 492 ac
942 455 1138 503 deponens
1166 460 1291 490 essent
1319 453 1362 490 in
1390 467 1471 489 una
1498 466 1651 489 camera
1676 450 1765 497 soli,

72 518 107 549 et
131 511 317 560 legeretur
344 511 400 549 ibi
429 526 509 549 una
535 512 662 550 littera
689 513 732 550 in
756 527 909 563 papyro
934 512 1096 563 scripta,
1124 526 1194 562 que
1231 511 1434 549 videbatur
1470 511 1633 548 innuere
1668 510 1770 560 quod

74 570 185 608 nulla
209 570 252 607 in
272 570 454 609 electione
476 570 569 609 dicti
592 571 857 610 Bartholomei
879 571 1066 609 violentia
1087 572 1144 609 vel
1163 570 1371 620 impressio
1395 570 1663 615 intervenerat,
1682 583 1767 619 pre-

71 628 180 678 fatus
210 629 396 667 dominus
426 629 645 667 cardinalis
675 632 720 668 de
757 630 918 668 Ursinis
949 631 1018 668 hoc
1048 629 1162 680 quasi
1195 630 1347 667 moleste
1377 630 1518 677 serens,
1550 636 1584 666 et
1614 629 1769 666 elevans

75 702 217 726 manus
234 688 358 727 simul
371 689 530 738 junctas
549 689 687 738 digitis
706 689 873 727 invicem
891 689 1086 738 colligatis
1102 685 1231 726 ⁴instar
1250 688 1426 735 dolentis,
1447 688 1547 726 dixit
1563 703 1570 724 :
1587 688 1617 723 ί)
1632 695 1769 725 sancta

75 746 216 785 Maria
236 747 324 797 quis
344 755 473 798 posset
494 748 616 786 dicere
638 749 740 798 quod
760 748 817 786 ibi
839 763 919 786 non
940 747 1147 786 intervenit
1167 747 1352 785 violentia
1373 755 1407 785 et
1428 746 1661 796 impressio?

131 806 215 845 Illic
241 820 334 846 eum
361 807 654 847 consistentem
679 807 812 846 adivit
837 807 964 846 frater
989 807 1167 856 Angelus
1194 806 1369 844 vicarius
1394 805 1588 855 generalis
1617 804 1769 842 ordinis

74 865 251 905 fratrum
283 865 501 913 Minorum‚
534 874 582 904 ut
613 867 787 917 ipsemet
818 874 999 905 testatur
1030 865 1071 903 in
1104 865 1276 915 epistola
1309 879 1416 902 anno
1450 863 1768 911 MCCCLXXX,

75 923 139 962 die
170 938 276 963 xxlx
306 925 417 973 maii,
447 925 598 975 scripta
629 925 680 963 ad
712 926 916 964 Joannem
945 938 1081 975 regem
1120 925 1318 963 Castellae
1337 923 1351 946 1
1383 939 1391 961 :
1425 923 1522 961 Item
1559 931 1770 973 antequam

73 997 142 1033 ego
163 984 379 1022 accederem
398 985 450 1022 ad
469 985 690 1034 capitulum
712 985 887 1034 generale
908 983 1061 1022 ordinis
1082 982 1204 1021 nostri
1227 981 1439 1033 Neapolim
1460 983 1693 1020 celebratum
1715 981 1769 1019 ivi

79 1042 341 1081 Tallacotium
355 1044 408 1081 ad
423 1043 635 1082 videndum
651 1043 1067 1088 dominos-cardinales
1085 1042 1272 1089 Ytalicos,
1291 1042 1465 1080 videlicet
1478 1041 1768 1087 Florentinum,

77 1101 429 1151 Mediolanensem,
451 1111 485 1141 et
506 1103 712 1141 dominum
736 1103 930 1141 Jacobum
951 1103 995 1140 de
1022 1101 1202 1148 Ursinis;
1226 1101 1370 1151 quibus
1392 1100 1552 1138 narravi
1573 1114 1772 1138 accessum

76 1174 205 1199 meum
229 1162 281 1199 ad
304 1162 526 1211 capitulum
552 1162 741 1211 generale,
767 1163 897 1212 eisque
923 1160 1086 1211 placuit,
1113 1168 1304 1211 quantum
1330 1161 1440 1210 potui
1464 1159 1655 1209 judicare.
1687 1159 1771 1196 Imo

76 1220 242 1270 promisi
265 1221 423 1259 domino
447 1222 593 1259 Jacobo
615 1222 659 1259 de
686 1221 861 1269 Ursinis,
884 1228 1076 1271 quantum
1095 1227 1177 1257 erat
1198 1219 1316 1257 michi
1338 1219 1540 1269 possibile,
1563 1232 1774 1268 procurare

77 1280 178 1329 quod
198 1294 279 1317 esse
301 1288 489 1330 protector
510 1280 664 1318 ordinis
688 1280 831 1326 nostri3
855 1288 890 1318 et
919 1279 1072 1329 judicio
1096 1293 1177 1316 meo
1202 1278 1365 1316 libenter
1390 1277 1512 1315 voluit
1535 1285 1569 1315 et
1603 1276 1770 1315 audivit.

81 1338 209 1377 Extat
223 1340 322 1378 haec
338 1339 510 1390 epistola
526 1340 567 1377 in
583 1339 719 1378 codice
738 1339 985 1385 Harlaeano,
1000 1338 1181 1387 itemque
1197 1338 1238 1375 in
1253 1337 1390 1376 codice
1406 1344 1554 1387 quarto
1571 1336 1772 1373 Vaticano

77 1397 422 1438 collectaneorum
444 1399 503 1436 De
526 1399 747 1446 schismate,
773 1406 821 1436 ut
846 1397 1100 1447 Waddingus
1127 1404 1320 1443 testatur,
1347 1409 1411 1434 an.
1441 1395 1555 1442 1379,
1588 1395 1604 1443 ἓ
1630 1395 1664 1433 3.

135 1457 280 1507 Itaque
310 1472 404 1498 cum
434 1466 545 1497 certo
575 1458 758 1497 crederet
789 1457 946 1496 Urbani
975 1456 1231 1503 electionem,
1263 1469 1367 1505 quae
1398 1455 1508 1493 facta
1540 1454 1673 1492 fuerat
1703 1468 1775 1503 per

79 1515 177 1564 vim,
205 1531 287 1554 non
314 1532 398 1556 esse
426 1517 665 1556 canonicam
693 1524 735 1556 et
762 1526 895 1555 carere
924 1515 1095 1563 viribus,
1123 1515 1174 1552 ab
1202 1528 1248 1552 eo
1275 1513 1442 1552 recessit
1478 1527 1571 1552 cum
1608 1512 1773 1562 reliquis

80 1574 239 1614 duobus
276 1576 550 1615 cardinalibus
591 1575 717 1615 Italis.
755 1576 962 1614 Adversus
1000 1574 1204 1613 Jacobum
1239 1574 1279 1611 in
1315 1573 1454 1624 primis
1491 1571 1682 1610 efferbuit
1716 1571 1774 1609 ira

83 1634 252 1683 Urbani,
281 1643 484 1685 tanquam
511 1635 543 1674 is
573 1635 715 1674 ceteris
744 1643 889 1673 auctor
917 1634 1062 1672 fuisset
1089 1633 1176 1683 ejus
1207 1632 1429 1671 deserendi.
1462 1631 1579 1669 Unde
1608 1644 1701 1669 cum
1729 1644 1774 1668 ea

81 1693 190 1733 fama
211 1708 351 1744 sparsa
372 1695 530 1743 fuisset,
553 1695 697 1734 Petrus
718 1709 790 1733 rex
809 1694 1067 1743 Arragonum
1087 1693 1243 1742 legatos
1264 1692 1433 1729 mittens
1455 1691 1506 1727 ad
1528 1689 1776 1728 cardinalem

83 1752 365 1793 Florentinum
388 1762 436 1792 ut
458 1767 551 1793 eum
574 1754 875 1804 interrogarent
899 1753 947 1790 de
972 1752 1141 1790 diversis
1165 1750 1362 1797 articulis,
1385 1750 1492 1788 inter
1515 1757 1648 1787 cetera
1672 1749 1777 1786 hanc

80 1811 446 1862 interrogationem
463 1813 498 1852 ei
518 1813 603 1852 fieri
620 1812 831 1864 praecepit
849 1828 857 1850 :
881 1813 977 1850 Item
993 1825 1082 1849 cum
1098 1818 1297 1848 asseratur
1312 1823 1381 1859 per
1399 1808 1633 1858 magistrum
1650 1808 1776 1845 Fran·

81 1871 229 1909 ciscum
251 1873 295 1910 de
318 1872 435 1910 Senis
458 1872 651 1911 medicum
673 1873 775 1922 quod
797 1872 881 1922 ipse
904 1870 1088 1909 dominus
1110 1869 1329 1907 cardinalis
1351 1868 1607 1906 Florentinus
1630 1874 1780 1904 mortuo

82 1931 240 1969 domino
263 1932 410 1969 Jacobo
431 1933 475 1970 de
502 1931 663 1970 Ursinis
683 1940 717 1970 et
738 1931 914 1969 nondum
933 1930 1086 1980 sepulto
1107 1929 1208 1967 dixit
1226 1928 1306 1966 sibi
1328 1928 1393 1965 hec
1413 1927 1528 1964 verba
1551 1942 1558 1963 :
1582 1925 1779 1974 Magister

83 1990 307 2038 Francisce,
339 1992 449 2029 modo
478 1991 678 2029 veniemus
706 1991 758 2028 ad
785 1989 991 2028 dominum
1020 1996 1209 2035 nostrum,
1238 1987 1341 2025 sicut
1367 2000 1519 2036 semper
1547 1983 1778 2024 desideravi.

83 2049 177 2099 quia
191 2049 314 2088 didici
330 2065 459 2088 veram
473 2065 553 2088 esse
567 2050 745 2100 regulam
758 2049 885 2099 patris
901 2048 990 2095 mei,
1006 2047 1073 2098 qui
1088 2047 1252 2093 dicebat,
1269 2045 1347 2097 Qui
1362 2046 1474 2083 habet
1487 2044 1651 2091 socium,
1667 2043 1779 2080 habet

83 2108 307 2156 dominum3
329 2109 442 2160 quasi
461 2107 564 2159 quod
581 2110 688 2147 vellet
706 2109 871 2147 innuere
890 2108 1016 2146 dictus
1035 2106 1220 2145 dominus
1239 2104 1458 2143 cardinalis
1476 2104 1577 2154 quod
1595 2102 1780 2140 dominus

86 2167 260 2206 Jacobus
279 2169 324 2206 de
350 2168 511 2207 Ursinis
529 2169 659 2218 suerat
680 2167 723 2205 in
743 2168 861 2217 culpa
880 2165 1166 2204 absentationis
1187 2164 1307 2202 trium
1328 2163 1577 2201 dominorum
1597 2160 1778 2199 cardina—

83 2225 184 2265 lium
216 2227 473 2266 Ytalicorum.
503 2228 751 2278 Respondeat
778 2227 963 2264 dominus
990 2224 1246 2262 Florentinus
1272 2223 1307 2260 si
1336 2221 1508 2272 predicta
1537 2220 1654 2267 discitg
1684 2227 1715 2257 et
1742 2219 1778 2256 si

84 2286 198 2334 discit,
223 2301 341 2337 quare
365 2287 477 2326 dixit.
504 2287 568 2324 Ad
593 2300 718 2336 quam
742 2284 1107 2335 interrogationem
1132 2283 1186 2321 sic
1211 2281 1422 2331 respondit
1448 2279 1662 2318 cardinalis
1690 2279 1777 2316 Flo-

85 2346 269 2384 rentinus
300 2362 306 2383 :
337 2347 404 2384 Ad
429 2354 612 2396 quartum
639 2346 741 2396 quod
768 2344 911 2394 incipit
940 2358 952 2381 .·
984 2344 1081 2381 Item
1108 2356 1196 2379 cum
1223 2349 1421 2379 asseratur
1448 2354 1517 2389 per
1545 2337 1779 2387 magistrum

86 2405 347 2443 Franciscum
367 2406 411 2443 de
431 2405 561 2452 Senis,
581 2413 663 2451 etc.,
685 2404 770 2442 dico
788 2404 893 2453 falsa
912 2416 992 2440 esse
1012 2409 1188 2440 contenta
1210 2401 1252 2437 in
1273 2400 1359 2449 ipso
1381 2396 1689 2446 interrogatorio,
1711 2410 1780 2434 nec

85 2463 164 2501 sibi
187 2464 334 2502 dixisse
356 2464 471 2502 verba
492 2464 680 2514 predicta,
704 2477 771 2501 nec
792 2463 924 2513 aliquo
948 2462 1058 2499 modo
1080 2461 1124 2498 cle
1145 2474 1186 2497 eo
1208 2467 1359 2497 tantam
1380 2456 1659 2506 confidentiam
1681 2469 1777 2492 rece-

87 2523 246 2573 pissem,
267 2537 342 2561 sua
363 2523 583 2561 conditione
604 2522 849 2560 considerata
869 2530 903 2559 et
921 2520 1008 2558 suis
1030 2519 1219 2566 moribus,
1241 2526 1275 2555 et
1295 2518 1396 2567 quod
1415 2531 1461 2554 em
1480 2523 1554 2553 toto
1574 2515 1778 2564 affectatus

85 2591 167 2620 erat
198 2583 250 2620 ad
281 2583 509 2629 Barensem,
543 2582 610 2632 qui
642 2589 723 2620 erat
754 2589 949 2630 compater
980 2592 1090 2617 suus.
1126 2577 1234 2615 Nam
1268 2576 1398 2625 filium
1432 2574 1563 2624 ipsius
1596 2572 1777 2622 magistri

89 2641 123 2678 F
125 2641 295 2681 rancisci
324 2642 367 2679 de
393 2656 503 2679 sacro
529 2642 634 2690 sonte
661 2641 862 2678 levaverat.

144 2700 257 2739 Idem
278 2700 388 2738 vitae
409 2708 527 2738 tenor
546 2700 587 2737 in
607 2699 887 2750 sequentibus.
912 2697 1017 2735 Nam
1038 2710 1131 2734 eum
1152 2694 1323 2733 accessit
1344 2692 1558 2742 Neapolim
1579 2690 1631 2728 ad
1653 2691 1777 2728 Joan-

89 2773 184 2797 nam
203 2760 400 2809 reginam,
422 2773 525 2809 quae
545 2759 690 2796 statim
709 2766 803 2808 post
822 2756 1063 2796 electionem
1085 2753 1241 2793 Urbani
1261 2767 1302 2791 se
1321 2752 1426 2789 illius
1448 2751 1623 2788 amicam
1644 2757 1777 2787 osten-

88 2818 219 2867 derat,
239 2832 330 2857 eam
348 2818 522 2856 retraxit
541 2817 593 2855 ab
613 2816 846 2855 obedientia
865 2815 1050 2865 ejusdem
1071 2812 1241 2860 Urbani,
1262 2825 1380 2861 quem
1402 2809 1576 2848 asseruit
1593 2822 1675 2846 non
1693 2822 1778 2846 esse

89 2890 253 2928 papam.
288 2877 404 2916 Istud
434 2891 506 2927 ego
536 2876 664 2926 reperi
693 2876 735 2914 in
764 2874 1018 2925 depositione
1050 2871 1159 2910 Petri
1198 2869 1413 2909 cardinalis
1454 2869 1502 2906 de
1532 2867 1710 2906 Vernhio
1729 2866 1744 2890 ²
1770 2881 1778 2904 ε

93 2936 189 2974 Item
210 2936 311 2975 dixit
331 2937 433 2987 quod
453 2935 671 2973 cardinalis
692 2936 735 2973 de
764 2933 925 2972 Ursinis
947 2932 1018 2970 ivit
1038 2932 1090 2969 ad
1110 2929 1312 2969 dominam
1334 2928 1513 2977 reginam
1537 2926 1779 2972 Johannam,

140 3068 152 3101 1
198 3067 265 3101 Ms.
290 3067 374 3107 cite,
398 3065 459 3100 fol.
485 3066 528 3099 63
552 3065 601 3098 r0.'

139 3121 169 3154 2.
194 3120 261 3154 Ms.
291 3120 374 3161 cite,
399 3119 461 3152 fol.
486 3119 531 3152 38
555 3122 605 3152 νο.
