2083 3458
84 240 235 296 [1248]
602 255 819 279 PAPARUM
855 255 1239 279 AVENIONENsmM
1689 238 1760 277 771

70 339 172 388 quod
196 338 297 376 illud
319 339 420 388 quod
445 339 529 388 ipse
553 339 706 388 petebat
728 353 752 375 a
777 338 890 375 nobis
916 352 986 375 nos
1011 352 1240 375 veneramus
1264 352 1417 387 querere
1441 337 1490 375 ab
1514 338 1657 375 eodem.
1684 337 1769 385 Ego

70 398 113 435 in
138 398 274 447 effectu
301 397 387 435 dixi
415 398 516 447 qnod
541 405 755 447 expectaret
781 398 899 434 donec
918 397 1081 434 materia
1104 397 1233 445 inagis
1259 397 1490 447 aperiretur.
1519 396 1581 433 Ex
1606 395 1667 434 his
1694 410 1766 445 ego
1807 390 1810 391 ⁷

69 457 213 506 colligo
236 456 461 506 Agapitum
487 456 608 494 fuisse
633 456 804 493 dubium
829 455 956 493 animi
979 456 1067 506 quis
1091 471 1141 493 ex
1164 456 1323 494 duobus
1348 455 1693 494 contendentibus
1717 455 1765 493 de

67 524 226 566 papatu
243 515 451 554 meliorem
469 529 634 553 causam
652 516 837 561 haberet,
855 523 896 553 et
912 515 1002 553 ideo
1021 515 1089 552 diu
1107 515 1350 553 deliberasse
1368 514 1432 552 cui
1449 530 1488 553 se
1506 514 1764 563 adjungeret,

66 575 137 613 sed
163 575 335 612 tandem
363 574 505 612 vicisse
535 588 716 614 amorem
743 574 922 624 patriae3
952 574 1067 623 cujus
1095 574 1152 611 rei
1173 582 1338 613 tantam
1363 574 1460 621 vim,
1488 582 1652 612 tantam
1679 588 1763 611 esse

66 642 261 673 naturam
279 633 338 671 ait
358 633 512 671 Tullius
533 642 579 671 ut
604 634 790 671 Ithacam
809 633 921 672 illam
940 633 980 670 in
1000 632 1231 683 asperrimis
1252 633 1404 671 saxulis
1424 641 1625 682 tanquam
1646 631 1762 669 nidu-

65 693 150 730 lum
170 692 337 732 affixam
356 692 682 742 sapientissimus
704 691 764 730 vir
783 691 1090 731 immortalitati
1109 699 1392 742 anteponeret.
1416 692 1545 729 Extat
1565 691 1605 728 in
1625 690 1762 729 codice

68 752 143 790 758
173 751 447 789 bibliothecae
479 751 736 789 Colbertinae
754 751 768 774 1
810 751 925 789 istius
960 750 1141 801 Agapiti‚
1182 751 1281 788 dum
1321 759 1408 789 erat
1449 750 1760 788 archidiaconus

63 810 346 858 Bononiensis,
366 825 497 849 sermo
517 811 565 848 de
585 809 848 849 conversione
868 809 1000 848 sancti
1020 809 1149 857 Pauli,
1168 818 1208 848 et
1227 810 1398 860 epistola
1418 810 1470 847 ad
1498 809 1760 847 Guillelmum

64 870 260 908 abbatem
280 870 420 908 Sancti
438 869 555 907 Pauli
573 870 621 907 de
642 869 762 907 Urbe.

118 929 161 967 P.
196 929 286 976 472,
320 929 386 978 lig.
422 930 457 967 3.
494 929 630 967 SOLUs
668 944 785 967 ENIM.
824 928 981 978 Quippe
1017 928 1112 965 olim
1146 942 1232 965 mos
1267 936 1368 975 erat,
1409 927 1759 977 quemadmodum

63 988 212 1038 legitur
228 988 269 1025 in
287 988 420 1039 capite
440 1003 536 1026 cxx'i
554 988 719 1025 Ordinis
736 988 922 1033 Romani,
941 987 1011 1036 qui
1026 987 1150 1036 vulgo
1166 987 1365 1024 tribuitur
1383 987 1539 1025 Jacobo
1557 986 1758 1024 Gaietano

64 1055 104 1086 et
126 1047 169 1085 in
191 1047 454 1085 Ceremoniali'
479 1047 698 1096 Augustini
723 1046 889 1084 Patricii
914 1046 1189 1093 Picolominei,
1213 1054 1259 1083 ut
1284 1046 1345 1083 die
1370 1045 1557 1084 mercurii
1580 1053 1758 1095 quatuor

62 1114 297 1157 temporum
321 1121 429 1157 papa
455 1106 497 1145 in
521 1106 761 1145 consistorio
788 1113 1002 1156 quaereret
1026 1119 1047 1143 a
1075 1105 1349 1144 cardinalibus
1375 1119 1427 1142 an
1451 1104 1645 1155 expediat
1672 1103 1759 1141 fieri

63 1165 310 1204 creationem
328 1180 528 1204 novorum
545 1165 828 1212 cardinalium,
845 1165 897 1202 ab
913 1164 1050 1214 eisque
1066 1173 1277 1215 praeterea
1291 1164 1516 1214 quaerebat
1532 1164 1580 1202 de
1597 1172 1756 1213 quanto

63 1239 232 1263 numero
258 1225 468 1263 videretur
493 1225 547 1263 eis
574 1225 822 1263 faciendum.
851 1224 905 1261 At
933 1224 1138 1271 Urbanus,
1165 1223 1235 1273 qui
1261 1224 1443 1261 desertus
1470 1238 1516 1261 ac
1543 1222 1758 1261 derelictus

63 1292 151 1323 erat
179 1284 230 1321 ab
261 1284 450 1322 omnibus
479 1284 771 1330 cardinalibus,
801 1283 887 1321 illos
919 1284 1125 1321 consulere
1155 1297 1236 1320 non
1265 1291 1442 1332 poterat.
1478 1283 1621 1331 Itaque
1651 1281 1758 1319 solus

63 1351 105 1382 et
127 1343 281 1393 absque
305 1358 564 1394 quocumque
588 1343 785 1381 cardinali
807 1343 930 1381 istam
954 1357 1059 1379 xxlx
1085 1342 1354 1380 cardinalium
1377 1341 1626 1380 creationem
1649 1340 1758 1378 fecit.

66 1402 153 1441 Hac
177 1402 336 1441 ratione
351 1417 444 1441 usos
460 1418 544 1441 esse
560 1403 741 1440 fautores
757 1403 843 1452 ejus
862 1410 1042 1440 testatur
1059 1402 1296 1441 Franciscus
1314 1401 1523 1438 Zabarella
1542 1399 1759 1438 cardinalis

63 1461 105 1499 in
121 1462 223 1500 libro
238 1462 297 1499 De
311 1462 518 1500 schismate
537 1462 565 1509 2,
583 1462 653 1499 ubi
670 1462 729 1500 ait
745 1476 795 1499 ex
812 1461 974 1499 illorum
988 1475 1111 1499 sensu
1131 1461 1345 1499 Urbanum
1364 1460 1483 1497 fuisse
1502 1474 1548 1497 eo
1565 1468 1727 1509 tempor
1740 1473 1759 1495 e

63 1520 105 1558 in
127 1521 379 1571 possessione
403 1530 594 1572 papatus.
627 1522 738 1559 Unde
759 1521 809 1559 ab
832 1535 887 1568 (20,
911 1520 1058 1570 inquit,
1084 1534 1162 1557 non
1184 1527 1394 1570 potnerunt
1416 1519 1607 1556 discedere
1630 1517 1758 1555 cardi-

66 1581 192 1627 nales;
217 1589 251 1618 et
274 1580 371 1630 ipse,
396 1589 585 1630 tanquam
608 1581 777 1618 existens
802 1580 843 1617 in
867 1580 1112 1629 possessione
1136 1587 1322 1629 ραραῑιιε,
1346 1578 1472 1628 potuit
1494 1578 1595 1615 alios
1617 1591 1759 1614 creare.

65 1640 215 1677 Verum
236 1641 334 1678 haec
358 1655 440 1677 non
468 1648 564 1678 sunt
589 1639 754 1677 omnino
782 1654 890 1677 vera.
913 1638 1274 1687 Tamenetsienim
1296 1638 1359 1675 ille
1386 1637 1570 1674 nondum
1591 1637 1762 1674 haberet

65 1699 362 1746 adversarium,
380 1714 461 1737 non
477 1707 564 1737 erat
582 1708 725 1737 tamen
742 1707 831 1736 tuln
850 1698 890 1735 in
908 1697 1161 1748 possessione
1177 1697 1351 1747 pacifica
1369 1705 1562 1746 papatus,
1581 1710 1673 1733 cum
1692 1694 1760 1732 diu

66 1766 163 1796 ante
200 1758 424 1797 cardinales
456 1758 616 1809 publice
651 1759 926 1796 declarassent
958 1757 1072 1795 illum
1105 1772 1188 1795 esse
1221 1756 1427 1794 intrusum
1459 1755 1499 1792 in
1531 1763 1690 1805 papatu
1721 1762 1762 1792 et

65 1817 356 1867 apostaticum.
385 1818 529 1868 Itaque
553 1826 738 1857 remanet
760 1817 894 1855 adhuc
917 1817 1061 1855 eadem
1085 1816 1318 1854 difficultas.

121 1877 164 1915 P.
187 1877 277 1924 472,
297 1876 362 1926 lig.
386 1877 421 1915 9.
447 1878 662 1915 ACCIPERE
686 1891 968 1914 RENUERUNT.
994 1877 1180 1923 Quatuor
1201 1875 1287 1912 illos
1311 1873 1432 1912 fuisse
1455 1872 1596 1912 scribit
1617 1874 1762 1911 Conte-

67 1935 191 1974 lorius
221 1936 275 1986 [p.
298 1936 397 1987 115]
419 1936 611 1974 nimirum
632 1937 799 1974 Petrum
820 1936 867 1973 de
887 1935 1087 1981 Barreria,
1108 1934 1354 1973 Gunterium
1375 1931 1566 1979 Gometii‚
1588 1933 1761 1969 Leonar-

68 1994 165 2032 dum
184 1995 231 2033 de
251 1995 428 2043 Giffono,
447 2004 487 2033 et
506 1996 764 2046 Stephanum
783 1994 1154 2033 Sanseverinatem.
1175 1994 1254 2031 Sed
1271 1992 1311 2030 id
1331 1993 1378 2030 de
1398 1991 1596 2030 Gunterio
1614 1991 1762 2028 falsum

68 2069 151 2092 esse
172 2054 402 2094 videbimus
424 2063 581 2104 postea.
606 2055 678 2093 His
700 2055 828 2093 codex
848 2069 921 2092 ms.
945 2053 1182 2092 monasterii
1203 2053 1376 2090 Sanctae
1398 2051 1534 2089 Crucis
1555 2050 1595 2087 in
1619 2049 1762 2087 Hieru-

67 2114 194 2153 salem
222 2114 414 2151 laudatus
444 2115 496 2151 ab
526 2114 669 2152 eodem
699 2113 929 2151 Contelorio
959 2112 1076 2150 addit
1099 2112 1361 2150 Guillelmum
1393 2109 1682 2149 Courtenaium
1712 2108 1763 2145 ab

72 2171 311 2211 Herefordia
339 2173 576 2223 episcopum
597 2173 911 2211 Londinensem.
932 2173 1035 2210 Sane
1056 2171 1386 2220 XValsinghamus
1417 2170 1462 2219 [t.
1482 2184 1507 2216 1,
1527 2183 1565 2218 p.
1586 2167 1684 2217 382]
1706 2166 1764 2204 ait
1803 2178 1807 2182 ’

68 2230 183 2269 illum
204 2231 310 2270 inter
330 2240 484 2270 ceteros
508 2232 664 2270 Urbani
685 2232 909 2270 cardinales
931 2231 1053 2269 fuisse
1075 2231 1266 2276 electum,
1287 2229 1357 2267 sed
1378 2243 1460 2265 non
1480 2227 1539 2265 ait
1558 2241 1763 2265 recusasse

68 2291 177 2328 hunc
195 2291 405 2330 honorem.
431 2292 539 2329 Infra
561 2291 792 2329 videbimus
815 2291 1030 2328 Nicolaum
1050 2304 1212 2340 quoque
1233 2289 1281 2326 de
1303 2288 1453 2325 Sancto
1474 2285 1695 2324 Saturnino
1715 2299 1765 2323 ex

69 2364 210 2387 eorum
231 2364 400 2389 numero
422 2350 543 2389 fuisse
566 2351 635 2400 qui
656 2358 909 2389 recusarunt.

125 2409 168 2447 P.
189 2409 279 2455 472,
298 2409 363 2458 lig.
387 2409 446 2448 10.
472 2410 744 2447 DIMISERUNT
764 2408 955 2448 nimirum
978 2408 1109 2445 Pileus
1130 2407 1178 2444 de
1200 2405 1553 2461 Prata‚,Galeotus
1575 2403 1765 2441 Tarlatus

71 2468 119 2506 de
147 2468 393 2515 petramala,
422 2468 613 2507 Guterius
641 2468 832 2515 Gometii‚
859 2476 899 2506 et
928 2467 1117 2505 Nicolaus
1142 2466 1190 2504 de
1215 2465 1366 2503 Sancto
1385 2462 1619 2502 Saturnino.
1644 2462 1701 2499 De
1719 2460 1766 2499 iis

71 2540 237 2576 agemus
265 2527 383 2565 infra.
415 2528 558 2575 Quoad
586 2528 844 2578 Stephanum
872 2527 920 2564 de
949 2527 1099 2564 Sancto
1127 2523 1334 2570 Severino,
1363 2536 1485 2573 quem
1512 2520 1766 2559 Contelorius

83 2585 137 2635 [p.
176 2585 274 2636 115]
311 2594 491 2624 testatur
524 2586 664 2635 legisse
700 2601 740 2624 se
775 2586 817 2623 in
852 2584 1176 2635 depositionibus
1211 2582 1380 2620 testium
1416 2595 1538 2631 super
1571 2579 1767 2618 electione

74 2644 231 2682 Urbani
258 2645 315 2682 VI
343 2645 516 2683 rubeum
544 2645 724 2695 galerum
752 2644 985 2694 deposuisse
1012 2650 1226 2694 praesente
1255 2643 1417 2679 Joanna
1444 2639 1582 2689 regina
1610 2637 1768 2677 Siciliae

73 2711 115 2741 et
135 2717 306 2742 uxorem
328 2703 506 2751 duxisse,
530 2704 629 2742 nihil
651 2704 762 2741 aliud
785 2704 928 2741 afferre
951 2716 1118 2752 possum
1139 2708 1302 2751 praeter
1323 2697 1608 2737 testimonium
1632 2696 1768 2735 fratris

74 2761 231 2812 Angeli,
255 2762 432 2802 ministri
456 2763 652 2812 generalis
679 2762 828 2800 ordinis
854 2762 1030 2800 fratrum
1054 2759 1271 2806 Minorum,
1297 2758 1367 2808 qui
1389 2757 1483 2795 huic
1507 2756 1562 2795 rei
1586 2755 1769 2795 testimo—

74 2820 189 2859 nium
211 2821 413 2871 perhibet,
436 2822 506 2860 sed
530 2822 685 2859 nullam
709 2820 962 2860 matrimonii
984 2819 1101 2858 istius
1124 2817 1377 2857 mentionem
1400 2816 1512 2855 facit.
1540 2815 1651 2853 Haec
1674 2823 1771 2853 sunt

75 2880 161 2929 ejus
191 2881 316 2919 verba
345 2895 395 2918 ex
415 2880 431 2903 3
458 2880 630 2930 epistola
660 2881 712 2918 ad
741 2894 876 2929 regem
905 2878 1103 2917 Castellae
1132 2877 1283 2927 scripta
1313 2890 1421 2913 anno
1454 2874 1770 2921 MCCCLXXX‚

126 3017 158 3050 1.
189 3017 230 3050 Β.
250 3017 308 3057 Ν.,
325 3029 393 3050 ms.
410 3017 505 3049 latin
520 3016 625 3057 3291,
643 3017 705 3050 sol.
723 3018 739 3049 ‘l
758 3017 831 3049 r⁰-4
845 3021 888 3049 r0.

128 3070 158 3102 2.
192 3070 259 3103 Ed.
284 3070 318 3103 S.
344 3070 559 3108 schardius,
585 3069 729 3113 Sylloge
749 3067 1358 3113 historico-politico-ecclesiastica,
1383 3073 1409 3099 t.
1432 3078 1456 3106 1,
1480 3078 1514 3110 p.
1540 3066 1710 3099 235-247.

126 3124 158 3156 3.
189 3123 229 3156 Β.
254 3123 311 3163 Ν.,
332 3135 399 3156 ms.
421 3123 516 3155 latin
537 3122 666 3162 11745,
688 3123 750 3156 fol.
773 3123 816 3156 62
837 3127 888 3155 v0.
