2083 3458
107 184 230 239 [623]
632 201 847 226 PAPARUM
883 201 1266 226 AVENIONENSIUM
1718 190 1789 230 [03

93 285 115 320 a
144 283 328 333 Philippe
355 284 389 321 le
417 283 487 321 Bel
516 283 613 333 qu’il
640 283 755 321 avait
783 284 916 321 donne
944 299 1015 322 son
1044 292 1353 322 consentement
1380 284 1557 324 solennel
1585 295 1626 324 et
1652 287 1788 336 public

91 342 127 380 16
163 354 237 379 ΠΙ]
262 342 449 380 kalendas
465 341 627 391 augusti
646 342 822 391 (Baluze,
841 351 870 381 t.
888 357 944 390 111,
962 358 1001 393 p.
1021 343 1100 392 48).

144 402 187 440 P.
208 401 269 449 60,
288 400 353 451 lig.
374 401 434 439 24.
456 401 660 439 Acoffst.
681 402 734 439 Le
753 410 922 452 rapport
941 402 995 439 du
1014 402 1200 439 senec-hal
1219 402 1268 440 de
1287 403 1495 453 Gascogne
1514 418 1615 442 nous
1636 404 1789 443 fournit

90 460 127 498 la
156 461 251 499 date
279 459 430 510 precise
461 475 469 498 z
502 459 599 497 Item
617 460 801 497 dominus
823 461 1058 498 senescallus
1085 462 1328 511 perpendens
1347 463 1446 511 quod
1469 462 1653 500 dominus
1681 478 1788 514 papa

90 533 310 557 recessurus
331 527 411 556 erat
431 519 476 556 de
496 519 722 567 Burdegala
743 518 767 556 4
787 519 848 556 die
868 520 1097 570 septembris
1118 520 1247 558 eodem
1267 535 1373 558 anno
1395 535 1526 559 versus
1547 521 1789 570 Lugdunum

90 593 160 628 pro
177 578 422 617 coronatione
437 592 512 615 sua
530 578 674 621 (Revue
691 578 915 628 historique,
934 587 963 616 t.
983 593 1050 626 XL,
1068 593 1106 629 p.
1127 579 1206 627 54).

142 637 185 675 P.
213 637 275 684 60,
297 636 363 686 lig.
381 637 442 674 24.
470 637 640 674 VERSUS
671 637 938 675 LUGDUNUM.
971 638 1014 675 In
1042 652 1230 688 processu
1250 639 1263 661 1
1293 638 1429 676 fratris
1450 639 1646 677 Bernardi
1679 641 1784 679 Deli-

88 695 181 734 tiosi
216 696 487 745 Raymundus
520 695 759 743 Baudefius,
795 696 893 734 civis
927 697 1141 743 Albiensis,
1176 697 1293 735 testis
1325 697 1500 746 juratus,
1535 698 1639 736 dixit
1684 700 1786 749 quod

87 756 242 804 quando
267 755 451 792 dominus
476 754 653 792 Clemens
677 770 784 804 papa
816 755 849 792 V
873 756 1069 805 quondam
1095 755 1176 793 ibat
1199 757 1244 794 de
1268 757 1506 805 Burdegalis
1530 757 1786 806 Lugdunum,

87 813 213 851 dictus
237 814 357 863 frater
381 814 610 851 Bernardus
633 814 823 851 Deliciosi
849 814 1008 852 dictavit
1033 816 1142 864 apud
1168 815 1606 865 Adontempessulanum
1632 818 1786 867 aliquas

86 873 399 923 supplicationes
422 880 555 910 contra
577 873 806 922 episcopum
830 873 1059 911 Albiensem
1082 882 1115 911 et
1140 874 1401 924 inquisitores.

141 932 183 970 P.
219 932 281 979 60,
325 932 390 982 lig.
430 931 490 970 25.
531 932 618 969 PER
653 932 875 969 AGENNUM
910 947 961 970 ET
995 933 1243 972 THOLOSAM.
1282 933 1349 971 Bis
1386 934 1555 974 Tolosae
1592 934 1669 972 fuit
1703 936 1785 974 Cle-

87 990 234 1029 mentis
266 991 313 1038 V,
359 1004 466 1029 anno
515 990 707 1028 nimirum
748 991 921 1029 MCCCV
954 991 997 1029 in
1040 992 1166 1030 initiis
1209 1008 1306 1032 suae
1349 994 1556 1033 electionis
1601 1003 1642 1033 et
1679 1010 1787 1033 anno

88 1050 330 1089 MCCCVIII
353 1057 540 1088 exeunte.
562 1049 685 1087 Isthic
709 1049 844 1099 agitur
863 1050 911 1088 de
931 1050 1062 1100 priore
1082 1050 1227 1092 itinere
1243 1052 1269 1090 ².
1291 1052 1349 1090 De
1366 1052 1445 1090 alio
1466 1052 1646 1091 dicemus
1666 1053 1784 1091 infra.

138 1109 181 1147 P.
211 1109 273 1156 60,
301 1109 367 1159 lig.
398 1108 459 1147 26.
499 1109 994 1156 MONTEMPESSULANUM,
1024 1109 1093 1147 ubi
1130 1124 1223 1148 eum
1260 1119 1470 1149 assecutus
1509 1112 1693 1150 Jacobus'
1717 1127 1786 1151 rex

84 1167 384 1218 Arragonun1³‚
421 1168 456 1206 ei
495 1167 646 1206 obtulit
682 1168 962 1217 juramentum
995 1168 1206 1207 fidelitatis
1236 1184 1309 1219 pro
1339 1184 1462 1219 regno
1499 1171 1709 1211 Sardiniae
1746 1180 1786 1210 et

84 1227 279 1267 Corsicae.
309 1228 428 1267 Liber
452 1226 621 1264 Arnaldi
639 1227 858 1265 Camerarii
881 1244 887 1265 :
915 1227 1056 1265 Littere
1084 1228 1225 1266 bullate
1248 1228 1353 1266 bulla
1373 1244 1493 1267 aurea
1520 1230 1659 1268 Jacobi
1684 1231 1786 1280 regis

83 1286 329 1335 Aragonum,
355 1286 549 1333 Valencie,
565 1286 751 1324 Sardinie
769 1295 802 1324 et
816 1286 983 1333 Corsioe,
998 1287 1223 1337 comitisque
1241 1288 1502 1335 Barchinone‚
1519 1305 1564 1327 ac
1575 1290 1786 1339 prescripte

84 1359 242 1383 romane
257 1345 427 1383 Ecclesie
443 1345 684 1387 vexillarius,
702 1346 934 1393 admiratus,
952 1354 986 1384 et
1001 1346 1233 1396 capitaneus
1250 1347 1456 1396 generaliS,
1474 1348 1612 1386 directe
1629 1349 1786 1386 domino

83 1403 272 1442 Clementi
299 1420 403 1454 pape
424 1405 469 1452 V,
499 1404 735 1442 continentes
763 1405 864 1454 quod
892 1405 992 1442 idem
1021 1420 1086 1443 rea:
1114 1405 1157 1442 in
1184 1406 1349 1455 propria
1374 1421 1542 1456 persona
1570 1408 1786 1457 recognovit

82 1463 240 1501 domino
257 1463 469 1513 Bonifacio
486 1478 588 1513 pape
611 1463 723 1500 VIII
738 1478 778 1500 se
798 1464 848 1501 ab
865 1464 994 1502 eodem
1010 1473 1044 1502 et
1072 1473 1207 1502 sancta
1225 1479 1389 1503 romana
1406 1466 1581 1503 Ecclesia
1599 1467 1785 1516 recepisse

83 1521 126 1559 in
142 1522 305 1571 feudum
324 1537 488 1572 regnum
508 1522 693 1560 Sardinie
711 1531 745 1560 et
763 1522 918 1560 Corsice
936 1531 971 1561 et
988 1538 1058 1573 pro
1077 1538 1118 1561 eo
1134 1523 1403 1573 juramentum
1423 1525 1624 1573 fidelitatis
1642 1525 1785 1575 ligium

81 1588 116 1618 et
133 1582 425 1619 vassallaticum
441 1582 656 1631 prestitisse
671 1581 785 1631 juaeta
801 1582 969 1631 formam
987 1583 1203 1620 litterarum
1220 1583 1394 1632 ejusdem
1411 1584 1563 1622 domini
1580 1584 1784 1633 Bonijacii

81 1640 143 1678 liic
165 1641 209 1678 de
232 1641 343 1678 verbo
365 1641 417 1678 ad
439 1641 596 1678 verbum
621 1641 870 1688 insertarum,
894 1649 928 1679 et
941 1643 1115 1679 eamdem
1138 1643 1440 1690 recognitionem
1463 1651 1496 1680 et
1516 1634 1784 1692 juramentum

80 1699 295 1748 prestitisse
314 1714 383 1750 per
400 1700 703 1737 ambassiatores
721 1714 813 1737 suos
832 1700 990 1738 domino
1009 1701 1217 1739 Benedicto
1236 1716 1340 1751 pape
1358 1702 1439 1748 XI,
1459 1702 1671 1740 successori
1690 1703 1783 1740 dicti

81 1758 232 1796 domini
261 1758 479 1808 Bonisacii,
510 1767 544 1796 et
571 1758 755 1796 similiter
783 1760 916 1797 eadem
954 1760 1139 1797 obtulisse
1170 1760 1212 1797 in
1245 1762 1408 1810 propria
1437 1775 1605 1811 persona
1634 1762 1782 1811 prefato

82 1817 238 1854 domino
255 1817 445 1856 Clementi
462 1832 565 1867 pape
589 1818 633 1863 Γ,
654 1818 696 1855 in
714 1818 1077 1868 ssdontepessulano.
1097 1820 1148 1857 Et
1174 1819 1266 1869 quia
1285 1828 1376 1857 tunc
1394 1835 1472 1857 non
1488 1821 1648 1869 suerunt
1663 1821 1779 1870 sacta,

82 1875 182 1914 idem
202 1891 268 1914 rear
288 1877 396 1914 misit
414 1877 538 1914 eidem
558 1877 715 1914 domino
736 1877 925 1915 Clementi
945 1878 1248 1916 ambassiatores
1267 1893 1371 1925 suos,
1394 1879 1455 1916 hic
1476 1880 1709 1926 nominatos,
1732 1881 1782 1917 ad

81 1936 334 1984 prestandum
364 1936 550 1986 predicta,
582 1937 683 1986 quod
710 1944 743 1973 et
771 1937 943 1985 jecerunt
958 1937 984 1974 4.
1018 1937 1118 1975 Vide
1150 1937 1371 1975 Odorieum
1403 1938 1680 1987 Raynaldum‚
1712 1953 1776 1977 au.

82 1993 194 2042 1305,
220 1995 279 2043 ξ8
297 2003 338 2033 et
355 2009 430 2045 sq.‚
449 2003 490 2033 et
511 1995 666 2032 Indices
685 1995 831 2033 Suritae
847 1996 898 2033 ad
918 2009 1072 2033 annum
1093 1996 1205 2044 1305,
1225 2005 1266 2035 et
1284 2011 1342 2047 sq.

136 2053 238 2092 Item
262 2054 454 2101 Jacohus,
475 2068 546 2092 rex
569 2054 870 2103 Majoricarum,
900 2055 979 2092 fuit
1001 2056 1143 2093 eadem
1172 2063 1420 2106 tempestate
1444 2057 1554 2106 apud
1579 2056 1777 2095 Montem-

78 2113 352 2162 pessulanum.
387 2113 449 2151 Sic
480 2112 587 2151 enim
618 2113 801 2162 loquitur
823 2114 1094 2163 Raymundus
1127 2114 1344 2162 Guillelmi,
1377 2115 1544 2153 sacrista
1579 2116 1776 2164 Elnensis,

78 2171 194 2209 testis
218 2171 379 2220 juratus
403 2171 445 2209 in
470 2185 591 2210 causa
618 2171 753 2210 fratris
778 2173 975 2211 Bernardi
1002 2173 1187 2212 Delitiosi
1205 2175 1220 2197 5
1245 2189 1254 2211 z
1277 2174 1393 2212 Dixit
1416 2182 1545 2212 tamen
1570 2176 1670 2225 quod
1692 2183 1777 2225 post

78 2237 229 2280 tempus
250 2238 283 2268 et
304 2231 386 2268 dies
407 2230 610 2281 predictos,
633 2246 721 2269 cum
740 2231 868 2280 felicis
890 2232 1168 2270 recordationis
1198 2233 1382 2270 dominus
1404 2233 1582 2271 Clemens
1609 2248 1717 2283 papa
1745 2234 1777 2270 Γ

77 2297 110 2326 et
135 2289 261 2327 dictus
286 2290 470 2328 dominus
496 2304 561 2327 rem
586 2290 878 2339 Major-icarum
903 2299 1027 2329 essent
1054 2291 1096 2329 in
1122 2291 1486 2342 ffiIontepessulano,
1513 2292 1666 2331 audivit
1693 2293 1775 2342 ipse

77 2348 183 2385 testis
209 2349 309 2398 quod
333 2364 442 2398 papa
466 2349 663 2399 predictus
687 2349 815 2398 suerat
841 2349 987 2387 ibidem
1012 2351 1161 2388 locutus
1187 2365 1275 2388 cum
1300 2351 1457 2389 domino
1485 2365 1570 2401 rege
1608 2352 1651 2388 de
1674 2351 1775 2400 facto

77 2407 246 2455 predicto
265 2407 358 2445 dicti
377 2408 528 2446 domini
552 2408 743 2445 Ferrandi
762 2417 796 2446 et
814 2408 908 2446 dicti
925 2409 1062 2458 fratris
1086 2409 1294 2448 Bernardi.
1318 2410 1528 2448 Profectus
1549 2419 1609 2448 est
1630 2410 1774 2448 deinde

78 2465 323 2515 Lugdunum
352 2481 443 2504 cum
471 2481 592 2516 papa,
620 2475 667 2504 ut
693 2475 810 2516 patet
837 2482 887 2506 ex
913 2467 1015 2506 actis
1042 2483 1252 2518 processus
1280 2468 1464 2518 ejusdem
1489 2469 1686 2507 Bernardi
1712 2468 1773 2507 his

77 2524 210 2563 verbis
242 2540 250 2563 t
281 2525 393 2563 Patet
421 2526 539 2563 etiam
567 2540 612 2563 esc
640 2526 708 2563 hoc
738 2526 831 2575 quia
860 2526 1044 2565 dominus
1073 2542 1139 2565 rex
1168 2528 1473 2577 Adajoricarum,
1504 2536 1671 2578 tempore
1700 2542 1772 2577 quo

123 2638 156 2670 1.
174 2638 215 2671 B.
236 2638 293 2678 N.,
312 2649 379 2671 ms.
398 2638 492 2671 latin
509 2639 613 2678 4270,
632 2639 656 2672 f.
676 2639 740 2671 241
762 2642 813 2672 νο.

124 2691 156 2724 2.
179 2690 348 2724 Clement
366 2691 398 2724 V
415 2692 591 2735 sejourna
609 2693 630 2724 ἐι
648 2693 765 2725 Bazas
786 2693 817 2725 16
847 2694 866 2726 8
885 2690 1110 2736 septcfnbre,
1130 2694 1212 2737 puis
1232 2694 1252 2726 a
1280 2694 1530 2727 Villandraut.
1552 2694 1601 2727 Le
1624 2695 1663 2726 14
1685 2707 1768 2739 sep-

74 2744 218 2777 tembre
237 2744 261 2777 il
280 2744 420 2777 entrait
440 2745 460 2777 a
479 2745 584 2788 Agen
603 2752 641 2778 et
666 2746 698 2778 le
720 2746 760 2778 21
783 2746 942 2789 quittait
970 2747 1005 2779 la
1025 2747 1204 2780 Guienne.
1236 2747 1304 2780 Les
1334 2747 1421 2780 frais
1461 2747 1504 2780 de
1539 2759 1606 2780 son
1641 2749 1766 2791 sejour

75 2797 167 2830 dans
186 2797 218 2830 16
245 2798 364 2831 duche
384 2799 606 2832 s’eleverent
626 2799 647 2830 a
668 2800 774 2832 6.000
794 2792 904 2832 livres
926 2800 1094 2833 tournois
1116 2807 1154 2833 et
1173 2801 1300 2833 iurent
1320 2801 1486 2833 assumes
1508 2812 1575 2844 par
1602 2801 1637 2833 la
1676 2813 1765 2835 cour

75 2850 332 2893 d’Angletcrre
350 2851 411 2893 (M.
428 2852 592 2892 Gourou,
607 2852 658 2884 Le
670 2853 826 2895 premier
837 2852 958 2896 sejour
971 2854 1011 2886 de
1025 2853 1185 2887 Clement
1202 2854 1233 2885 V
1256 2865 1299 2886 en
1319 2853 1494 2893 Guienne,
1527 2854 1599 2886 loco
1630 2855 1763 2898 citato).

122 2904 155 2936 3.
180 2903 349 2937 Clement
370 2906 528 2938 accorda
550 2905 713 2938 diverses
736 2906 886 2939 faveurs
908 2907 928 2938 a
950 2907 1087 2950 Jayme
1109 2908 1140 2939 le
1164 2908 1206 2940 17
1231 2907 1382 2940 octobre
1406 2907 1498 2940 1305
1524 2908 1697 2950 (clement
1722 2908 1764 2948 V,

75 2967 110 2989 n.
136 2957 320 3000 223-225).

123 3010 155 3042 4.
176 3009 216 3043 B.
240 3010 297 3050 N„
318 3022 385 3043 ms.
406 3011 500 3043 latin
521 3012 625 3051 5181,
647 3011 670 3044 f.
692 3013 773 3045 78r0
792 3018 830 3045 et
848 3012 1008 3046 Clement
1031 3013 1072 3053 V,
1094 3025 1128 3046 n.
1150 3013 1243 3045 ‘1444
1266 3013 1322 3055 (28
1342 3012 1416 3045 mai
1436 3013 1557 3057 1306).

124 3063 155 3095 5.
172 3063 213 3095 Β.
233 3063 289 3103 Ν.,
306 3075 373 3096 ms.
390 3064 484 3096 latin
500 3064 604 3104 4270,
621 3064 645 3098 f.
664 3065 731 3097 202
747 3068 799 3098 νῦ.
1058 3088 1061 3092 -
