2083 3458
299 241 381 282 852
952 252 1104 277 NOTAE
1139 251 1199 276 AD
1234 251 1362 276 VITAs
1857 235 2009 291 [1337]

302 337 526 377 cardinales
555 336 624 386 qui
648 335 923 374 Benedictum
951 334 1059 372 XIII
1086 334 1311 385 elegerunt,
1336 334 1444 373 inter
1469 349 1536 373 eos
1561 334 1732 385 ponitur
1756 334 1935 374 Thomas
1962 334 2011 373 de

303 397 477 436 Pistorio
505 398 675 443 Tuscus,
704 394 839 433 dictus
870 394 1185 444 Neapolitanus,
1214 393 1409 434 nimirum
1436 393 1501 433 hic
1529 402 1681 432 noster.
1716 394 1933 432 Praeterea
1969 393 2012 431 in

302 456 430 495 veteri
451 456 635 493 Historia
656 454 983 501 Pistoriensium,
1005 468 1045 504 p.
1069 454 1132 501 42,
1151 454 1308 493 mentio
1322 454 1502 492 habetur
1516 453 1662 504 palatii
1677 452 1772 491 Dini
1784 453 2013 492 Amannati

301 517 343 554 in
365 530 411 555 ea
434 516 533 554 urbe
558 513 791 553 constituti.
818 513 913 551 Fuit
937 522 1079 553 autem
1103 513 1248 552 doctor
1270 514 1419 564 legum.
1446 513 1613 552 Venisse
1637 528 1732 553 eum
1755 513 2012 552 Avenionem

300 575 556 626 temporibus
581 573 739 612 Urbani
762 574 796 611 V
817 573 943 613 ferme
966 581 1146 621 constat,
1169 581 1210 612 et
1231 581 1444 624 praeterea
1466 573 1561 611 hinc
1583 572 1717 623 colligi
1737 581 1878 623 potest
1901 572 2012 623 quod

300 636 385 686 ipse
405 634 668 673 examinatus
687 647 797 672 anno
817 633 1125 672 MCCCLXXX
1142 647 1165 670 a
1183 632 1329 683 legatis
1347 633 1450 683 regis
1471 633 1671 671 Castellae
1689 640 1870 671 testatus
1890 640 1953 671 est
1971 647 2011 670 se

301 710 322 733 a
338 695 479 734 decem
496 693 613 732 annis
629 693 732 732 citra
748 692 941 731 habuisse
957 692 1154 733 notitiam
1169 701 1210 731 et
1225 692 1454 732 amicitiam
1469 693 1719 742 singularem
1734 706 1829 730 cum
1843 691 2011 730 domino

300 754 620 793 Bartholomaeo
647 752 761 804 prius
788 751 1099 803 archiepiscopo
1129 752 1427 801 Acheruntino,
1461 761 1502 790 et
1530 761 1676 803 postea
1703 752 2010 803 archiepiscopo

301 814 483 861 Barensi,
508 813 610 851 adeo
635 812 746 866 quod
769 827 892 863 super
916 825 1056 851 omnes
1079 813 1287 863 praelatos
1315 811 1520 851 Ecclesiae
1548 811 1712 851 Italicos
1736 826 1831 851 eum
1854 826 2010 850 revere-

302 875 425 912 batur
443 882 483 912 et
504 873 716 923 diligebat,
735 880 777 911 et
796 871 908 922 quod
926 871 1012 922 ipse
1031 880 1120 910 erat
1139 871 1313 910 dilectus
1333 872 1385 910 ab
1404 871 1473 910 illo
1491 871 1675 910 Barensi.

355 934 474 970 Anno
495 932 803 971 MCCCLXXII
824 931 1038 982 Philippus
1060 931 1281 970 Cabassola
1302 930 1521 970 cardinalis
1541 945 1636 971 eum
1651 930 1885 970 nominavit
1904 929 2012 969 inter

301 1001 539 1032 executores
573 991 635 1031 sui
667 991 926 1039 testamenti,
961 991 1072 1049 quod
1105 991 1266 1029 editum
1299 999 1361 1030 est
1394 991 1502 1029 inter
1534 990 1796 1029 Probationes
1824 989 2011 1028 historiae
2046 991 2048 993 ’

301 1052 570 1091 cardinalium
603 1051 821 1098 Gallorum,
847 1060 888 1102 p.
916 1050 1005 1090 425.

355 1113 473 1150 Anno
507 1111 831 1150 MCCCLXXIV
864 1110 1081 1161 Gregorius
1117 1110 1178 1148 XI
1211 1124 1306 1150 eum
1337 1119 1430 1149 tum
1461 1079 1696 1149 auditorem
1727 1109 1833 1149 sacri
1863 1108 2013 1160 palatii

301 1172 413 1210 misit
431 1172 445 1195 1
466 1171 508 1209 in
531 1170 795 1211 Germaniam
809 1170 869 1208 ad
894 1170 1096 1210 Karolum
1121 1170 1177 1208 IV
1196 1169 1492 1221 imperatorem
1509 1185 1584 1220 pro
1603 1169 1853 1220 gravissimis
1874 1169 2011 1208 Eccle-

302 1231 382 1270 siae
410 1231 604 1281 negotiis,
631 1231 775 1278 Bzov.,
802 1243 868 1269 an.
899 1230 1015 1279 1374,
1038 1229 1121 1279 §5.·
1139 1229 1238 1268 Inde
1266 1237 1408 1268 autem
1444 1229 1566 1268 rediit
1599 1229 1652 1267 ad
1678 1229 1919 1279 Gregorium
1948 1228 2010 1266 XI

302 1306 409 1329 anno
429 1290 776 1330 MCCCLXXVII
796 1289 860 1328 die
880 1305 938 1328 xv
957 1289 1107 1329 mensis
1126 1289 1378 1337 novembris,
1398 1297 1439 1328 et
1461 1290 1616 1328 Romae
1636 1289 1790 1329 mansit
1807 1303 1938 1338 usque
1957 1288 2010 1326 ad

302 1351 410 1389 diem
436 1366 525 1388 xxn
549 1349 655 1400 junii
678 1349 904 1400 sequentis,
929 1358 978 1387 ut
1000 1349 1086 1400 ipse
1112 1349 1233 1388 docet
1256 1349 1299 1387 in
1323 1363 1396 1387 sua
1422 1349 1693 1399 depositione.
1721 1349 1796 1387 Per
1820 1363 1886 1387 eas
1912 1362 2009 1386 vero

301 1418 572 1461 tempestates
587 1410 754 1457 electus,
769 1417 817 1447 ut
830 1417 923 1449 tum
936 1408 1230 1459 loquebantur,
1252 1409 1467 1459 episcopus
1484 1408 1752 1449 Nimociensis
1772 1407 1787 1430 2
1800 1408 1852 1446 ab
1867 1407 2012 1446 eodem

270 1474 272 1477 ⁴
304 1470 509 1535 Gregorio.
538 1469 763 1519 Nunquam
787 1476 931 1508 tamen
956 1477 1219 1508 consecratus
1246 1468 1325 1507 fuit
1350 1469 1403 1507 ad
1440 1468 1612 1508 titulum
1640 1467 1844 1507 Ecclesiae
1874 1467 2012 1507 Nimo-

301 1530 458 1569 ciensis.

356 1591 475 1627 Anno
494 1588 864 1627 MCCCLXXVIII
883 1588 1092 1626 extinctus
1111 1596 1174 1626 est
1191 1602 1300 1639 papa
1319 1587 1550 1638 Gregorius
1572 1588 1673 1626 Cum
1691 1602 1788 1626 vero
1807 1595 1902 1652 post
1923 1586 2011 1637 ejus

304 1650 464 1687 obitum
490 1648 716 1687 cardinales
743 1648 924 1688 multum
949 1647 1063 1685 anxii
1088 1656 1128 1686 et
1153 1647 1196 1686 in
1220 1661 1370 1698 magno
1396 1647 1577 1698 periculo
1598 1646 1818 1687 constituti
1844 1661 2011 1697 quaere-

302 1717 392 1747 rent
411 1709 580 1748 modum
599 1707 776 1746 exeundi
793 1722 845 1746 ex
861 1707 922 1745 his
940 1707 1124 1755 salebris,
1142 1716 1184 1746 et
1202 1707 1362 1757 aliquot
1379 1706 1547 1757 prelatis
1571 1706 1722 1745 Italicis
1742 1707 2012 1744 mandassent

302 1776 349 1806 ut
374 1768 426 1805 ad
451 1783 491 1806 se
516 1768 557 1805 in
583 1768 776 1806 conclave
802 1767 1006 1814 venirent,
1031 1766 1160 1805 istum
1185 1781 1350 1817 quoque
1375 1775 1593 1805 vocarunt.
1625 1766 1741 1804 Istud
1767 1781 1840 1816 ego
1865 1765 1943 1816 legi
1969 1765 2012 1803 in

302 1828 558 1878 depositione
584 1828 670 1877 ejus
688 1826 716 1874 3,
741 1826 782 1864 in
808 1841 889 1876 qua
915 1827 1117 1877 scriptum
1142 1834 1203 1864 est
1231 1842 1238 1865 ε
1268 1826 1367 1864 Item
1391 1827 1493 1876 quod
1516 1826 1621 1864 circa
1644 1826 1782 1864 horam
1806 1825 2013 1873 tertiarum

304 1888 406 1925 venit
432 1888 484 1925 ad
512 1887 631 1924 istum
658 1887 821 1936 quidam
846 1886 1020 1924 serviens
1048 1887 1092 1924 de
1120 1887 1306 1924 mandato
1333 1886 1586 1924 dominorum
1612 1885 1884 1923 cardinalium
1912 1885 2014 1935 quod

303 1947 492 1984 vocabant
510 1961 600 1984 eum
620 1946 708 1993 cito,
729 1954 764 1984 et
783 1946 882 1984 vidit
901 1946 1080 1984 cedulam
1099 1946 1202 1996 quod
1219 1954 1317 1983 esset
1335 1946 1491 1995 positus
1512 1945 1555 1983 in
1574 1946 1745 1983 secundo
1766 1945 1861 1992 loco,
1883 1953 1919 1982 et
1937 1944 2011 1982 alii

302 2006 443 2056 prelati
473 2006 619 2043 ibidem
646 2019 767 2055 usque
793 2006 845 2044 ad
869 2019 948 2053 sex,
977 2005 1044 2055 qui
1071 2006 1313 2043 vocabantur
1337 2020 1458 2055 super
1484 2005 1552 2043 lzoc
1578 2020 1603 2042 a
1628 2004 1909 2043 cardinalibus
1935 2003 2011 2041 sub

302 2080 404 2115 pena
421 2065 857 2112 ezcommunicationis,
877 2074 912 2103 et
931 2065 1001 2103 iste
1019 2065 1221 2103 excusavit
1237 2079 1290 2112 se,
1311 2065 1440 2102 noluit
1460 2065 1527 2103 ire.
1551 2065 1649 2102 Item
1666 2065 1836 2102 secundo
1855 2071 2011 2101 vocatus

301 2134 354 2163 est
379 2140 447 2175 per
471 2125 595 2163 aliam
621 2125 812 2172 cedulam,
839 2139 910 2174 que
934 2133 1016 2162 erat
1039 2124 1189 2174 scripta
1213 2125 1293 2162 alio
1318 2124 1468 2171 ordine,
1497 2132 1537 2162 ut
1561 2124 1739 2174 debebat:
1766 2132 1800 2161 et
1826 2123 2012 2160 similiter

301 2185 500 2222 excusavit
522 2185 576 2221 ire
598 2185 730 2222 dicens
752 2185 853 2234 quod
873 2198 953 2222 non
973 2184 1129 2222 liaberet
1142 2184 1355 2223 animalia.
1376 2184 1506 2221 Tertio
1522 2192 1678 2221 vocatus
1692 2192 1747 2221 est
1763 2192 1804 2220 ut
1819 2183 1890 2220 iret
1904 2182 2009 2232 equi-

302 2245 432 2291 tando,
453 2244 555 2281 alias
575 2244 703 2294 pedes,
724 2244 781 2281 vel
796 2244 940 2293 jaceret
956 2258 995 2280 se
1014 2244 1119 2281 duci.
1142 2244 1256 2281 Tunc
1274 2243 1359 2290 ivit,
1378 2252 1411 2280 et
1430 2243 1528 2281 vidit
1546 2252 1697 2281 tantam
1716 2241 2012 2280 multitudinem

302 2312 335 2341 et
352 2318 579 2353 pressurum
599 2303 776 2353 gentium
794 2304 896 2353 quod
913 2303 1097 2341 mirabile
1114 2311 1207 2342 erat.
1227 2303 1279 2340 Et
1296 2317 1384 2340 cum
1402 2302 1575 2340 viderent
1591 2302 1765 2339 Romani
1783 2302 1885 2355 quod
1901 2315 2009 2338 voca-

306 2363 416 2400 batur
438 2363 507 2400 iste
527 2378 551 2400 a
570 2363 759 2410 dominis,
780 2362 966 2400 dixerunt
983 2362 1063 2400 sibi
1082 2362 1211 2412 aliqui
1230 2362 1404 2400 Romani
1424 2363 1525 2411 quod
1543 2362 1683 2399 diceret
1702 2375 1758 2398 eis
1778 2361 1880 2411 quod
1897 2374 2009 2410 expe-

303 2422 429 2459 dirent
445 2437 483 2459 se
502 2422 588 2469 cito,
608 2422 712 2460 alias
730 2436 864 2459 omnes
884 2422 944 2459 illi
962 2430 998 2459 et
1015 2422 1085 2459 iste
1102 2430 1229 2459 essent
1246 2421 1364 2459 occisi
1382 2436 1451 2471 per
1468 2422 1712 2459 clm-’ellatam
1730 2420 1868 2459 Sancti
1885 2419 2007 2457 Petri.

303 2482 352 2518 Et
368 2496 456 2519 cum
474 2482 543 2519 iste
560 2481 785 2519 accessisset
800 2480 1071 2532 propinquius
1088 2489 1122 2519 et
1137 2480 1377 2519 ascendisset
1392 2495 1530 2531 supra,
1549 2480 1647 2518 vidit
1663 2481 1870 2530 quemdam
1887 2479 2009 2517 docto-

303 2555 381 2577 rem
402 2541 467 2590 qui
489 2556 576 2578 voca
587 2541 698 2578 batur
718 2535 904 2578 dominus
920 2541 1234 2588 Bartliolomeus,
1255 2549 1290 2578 et
1307 2548 1363 2578 est
1389 2540 1583 2587 Ytalicus,
1604 2548 1638 2577 et
1662 2554 1751 2577 cum
1772 2539 1959 2577 manibus
1978 2552 2011 2581 ez

306 2599 416 2636 bonis
453 2600 578 2637 verbis
614 2600 847 2650 prohibebat
881 2601 1083 2638 Romanos
1118 2601 1288 2638 recedere
1323 2615 1347 2638 a
1381 2608 1494 2649 porta
1528 2599 1738 2645 conclavis,
1773 2607 1808 2636 et
1840 2597 2011 2647 faciebat

355 2766 381 2797 1.
406 2765 476 2797 Sur
496 2777 535 2797 sa
558 2766 727 2809 missi-on,
748 2765 829 2798 voir
852 2766 897 2799 Κ.
918 2766 1016 2798 Haid
1038 2766 1120 2809 (Die
1138 2766 1344 2808 Besetzung
1364 2766 1423 2799 des
1443 2765 1611 2798 Bistums
1630 2765 1771 2798 Briaeen
1793 2765 1832 2797 in
1845 2765 1913 2805 ,der
1931 2764 2012 2798 Zeti

301 2829 365 2850 von
388 2819 606 2852 1250-1376.
624 2819 779 2855 Vienne,
799 2820 906 2859 1919,
926 2831 960 2859 Ρ.
981 2820 1038 2864 66)
1060 2825 1096 2852 et
1114 2819 1158 2853 A.
1178 2820 1285 2862 Lang
1304 2818 1410 2853 (Acta
1434 2817 1925 2861 Salzburgo-Aquilejensim
1940 2822 1966 2849 t.
1984 2829 2008 2857 1,

302 2882 333 2903 n.
353 2872 539 2913 5³79-980J.
555 2892 603 2895 κ
617 2872 663 2905 M.
683 2872 726 2905 U.
744 2873 945 2905 Mannucci
963 2873 1111 2916 (Lettere
1125 2874 1161 2907 di
1183 2873 1354 2906 collettori
1375 2873 1545 2916 pontifici
1563 2873 1620 2904 nel
1640 2872 1752 2905 secolo
1777 2871 1889 2910 XIV,
1916 2871 2008 2902 dans

302 2924 492 2957 Rmm'sehe
514 2926 806 2968 Quartalschrist,
829 2932 855 2959 t.
879 2938 990 2959 xxvn
1015 2926 1151 2970 (1913),
1173 2938 1208 2970 Ρ.
1232 2926 1405 2969 199-201)
1431 2937 1450 2957 a
1472 2926 1599 2969 publie
1620 2937 1672 2957 un
1692 2925 1870 2958 memoire
1892 2935 1955 2956 sur
1974 2924 2009 2956 la

301 2978 402 3008 l‹;v‹'·‹=
428 2979 470 3009 de
494 2980 528 3011 la
553 2979 695 3012 decime
718 2979 810 3012 faite
833 2991 879 3012 en
902 2980 1112 3014 1368-1370
1135 2991 1182 3013 en
1206 2979 1385 3023 Hongrie,
1410 2979 1575 3012 Boheme
1599 2985 1637 3011 et
1659 2978 1892 3020 AUemagnc,
1918 2977 2009 3020 qu‘il

302 3031 468 3064 attribue
487 3033 510 3071 'a
536 3032 700 3065 Thomas
725 3033 821 3075 degli
843 3033 1079 3067 Ammanati.

352 3085 380 3115 2.
414 3084 462 3117 Le
484 3085 503 3117 9
527 3086 679 3118 octobre
701 3086 796 3119 1374
820 3086 968 3128 (EubeL
991 3087 1224 3127 Hiemrchia,
1247 3092 1273 3120 t.
1294 3098 1319 3126 1,
1342 3098 1376 3131 p.
1400 3086 1498 3129 367).

350 3138 380 3168 Ρ».
416 3138 451 3170 Β.
479 3138 535 3175 N..
559 3150 625 3172 ms.
647 3138 743 3172 latin
763 3138 894 3179 11745,
915 3139 979 3173 fol.
1001 3141 1048 3173 44
1066 3145 1112 3175 r0.
