2083 3458
102 218 225 277 [937]
633 236 850 262 PAPARUM
885 236 1269 263 AVENmNENsmM
1714 220 1798 262 453

92 325 230 356 torum
255 318 374 357 Nerei
397 328 438 358 et
462 321 644 363 Achillei,
663 323 908 362 facultatem
932 324 1044 362 dedit
1070 323 1245 362 faciendi
1271 323 1548 361 ordinationes
1574 331 1614 360 et
1638 329 1799 359 statuta

93 391 166 426 pro
191 377 300 416 bono
324 379 518 428 regimine
543 389 584 418 et
608 381 714 419 felici
738 390 852 419 statu
877 396 922 421 ac
946 382 1037 420 utili
1062 383 1207 420 domus
1232 390 1273 420 et
1297 382 1452 431 collegii
1475 381 1798 432 praedictorum,

95 435 320 475 dummodo
347 452 429 475 non
454 438 538 476 sint
564 440 966 479 contrariastatutis
993 455 1015 478 a
1042 456 1081 479 se
1109 441 1297 480 conditis.

151 495 195 532 ln
220 496 402 545 antiquis
427 497 701 536 decisionibus
729 499 860 537 Rotae
883 513 1077 539 romanae
1102 501 1352 539 adnotatum
1375 508 1436 538 est
1469 500 1577 537 hunc
1612 498 1798 536 vicecan-

95 554 305 592 cellarium
327 555 369 592 in
391 555 513 593 domo
536 571 609 594 sua
633 557 696 595 die
719 559 907 607 sequenti
931 559 1165 597 nativitatis
1192 559 1370 605 Domini,
1395 558 1549 596 scilicet
1573 557 1636 595 die
1665 554 1799 594 saneti

95 612 307 663 Stephani,
327 622 422 664 post
440 615 674 665 prandium,
695 630 803 654 anno
821 617 985 655 Domini
1006 618 1316 656 MCCCLXXV.
1331 617 1592 655 mandavisse
1612 628 1799 666 expresse

95 671 353 711 auditoribus
382 682 497 712 rotae
525 682 572 711 ut
600 675 631 712 si
660 675 798 724 aliqua
821 676 1052 714 commissio
1075 676 1248 726 alicujus
1274 673 1427 715 causae
1448 684 1555 714 esset
1582 674 1798 713 commissa

96 731 256 770 duobus
289 730 562 780 auditoribus,
598 734 708 783 quod
740 734 804 772 ille
839 744 1100 784 cognosceret
1123 735 1171 773 de
1199 749 1321 773 causa
1346 736 1409 773 cui
1432 735 1542 772 dicta
1569 730 1801 772 commissio

96 790 228 840 primo
250 799 356 829 esset
377 800 656 842 praesentata,
681 793 791 842 quod
813 794 963 831 notarii
986 794 1191 833 dictorum
1212 794 1451 832 auditorum
1473 794 1655 832 facerent
1677 791 1801 841 scrip·

97 857 210 888 turas
243 850 367 900 gratis
399 851 648 901 pauperibus
678 852 954 901 litigantibus,
985 861 1026 890 et
1056 861 1103 889 ut
1133 853 1341 891 auditores
1373 853 1442 902 qui
1472 853 1620 890 volunt
1649 850 1800 888 habere

98 909 265 947 consilia
290 909 394 947 circa
419 924 562 948 causas
586 911 640 949 eis
666 911 903 950 commissas
928 926 1000 962 pro
1022 911 1185 961 justitia
1210 911 1497 959 ministranda,
1522 911 1624 949 bene
1648 918 1690 948 et
1712 923 1800 959 per-

98 967 203 1006 fecte
232 976 273 1006 et
301 966 688 1019 non'perfunctorie
717 970 888 1008 videant
915 985 1127 1020 processus
1157 984 1375 1008 causarum
1403 984 1545 1008 eorum
1571 983 1623 1008 ex
1650 968 1799 1018 quibus

99 1026 268 1065 eliciunt
295 1027 421 1066 dubia
448 1029 490 1065 in
518 1028 666 1077 quibus
694 1030 841 1067 volunt
868 1029 1018 1067 habere
1046 1029 1226 1068 consilia.
1399 1076 1402 1080 ⁴

152 1086 272 1124 Anno
294 1087 615 1125 MCCCLXXVI
638 1088 854 1138 Gregorius
879 1089 939 1126 XI
961 1088 1144 1126 decrevit
1164 1088 1242 1126 iter
1264 1088 1512 1127 Romanum.
1536 1084 1681 1125 Petrus
1703 1099 1800 1124 vero

99 1154 342 1195 praetexens
366 1160 532 1196 gravem
554 1147 742 1185 morbum
766 1162 847 1185 non
863 1147 1037 1186 excessit
1059 1147 1282 1185 Avenione.
1301 1147 1434 1195 Quam
1453 1146 1505 1184 ob
1522 1160 1607 1185 rem
1623 1159 1800 1185 commo-

99 1212 165 1242 tus
184 1204 380 1244 adversus
399 1219 493 1244 eum
511 1206 727 1256 Gregorius
746 1214 953 1245 statuerat
969 1206 1084 1244 illum
1106 1206 1267 1256 privare
1288 1206 1491 1255 dignitate
1513 1204 1802 1243 vicecancella-

99 1263 148 1301 rii
174 1264 370 1314 illamque
405 1265 449 1303 in
485 1265 612 1304 alium
648 1266 882 1304 transferre.
914 1265 991 1304 Sed
1020 1266 1176 1304 remisit
1210 1265 1262 1302 ad
1299 1280 1435 1315 preces
1468 1264 1609 1302 Karoli
1636 1263 1671 1300 V
1698 1262 1802 1312 regis

102 1323 354 1362 Francorum
368 1337 375 1368 3
391 1336 438 1362 ea:
452 1324 620 1374 epistola
642 1324 821 1374 Gregorii
837 1325 907 1362 XI
921 1325 973 1362 ad
987 1339 1126 1374 regem.
1151 1325 1297 1374 ltaque
1315 1323 1531 1373 Gregorius
1552 1337 1642 1361 eam
1662 1335 1804 1360 curam

101 1383 307 1421 commisit
321 1384 640 1421 Bartholomaeo
660 1383 966 1434 archiepiscopo
982 1383 1191 1431 Barensi¹,
1211 1391 1258 1421 ut
1282 1383 1413 1421 tradit
1432 1382 1612 1421 Jacobus
1633 1381 1680 1419 de
1698 1381 1802 1419 Seva

99 1442 142 1480 in
171 1442 282 1480 facto
312 1443 434 1481 misso
464 1443 516 1480 ad
547 1443 874 1481 Universitatem
899 1443 1170 1481 Parisiensem
1189 1457 1310 1493 super
1336 1442 1534 1480 electione
1559 1440 1717 1479 Urbani
1746 1439 1804 1476 VI

99 1501 142 1539 in
163 1502 292 1540 veteri
316 1501 453 1541 codice
477 1516 550 1541 ms.
576 1502 715 1540 Sancti
740 1502 915 1540 Victoris
940 1501 1177 1540 Parisiensis
1197 1499 1212 1522 2
1236 1517 1243 1539 :
1270 1502 1374 1538 Tum
1396 1500 1490 1550 quia
1513 1500 1598 1550 ipse
1620 1498 1806 1536 dominus

101 1561 293 1599 Barensis
319 1561 643 1611 archiepiscopus
668 1569 750 1599 erat
777 1561 820 1598 in
844 1561 1025 1608 scientia,
1050 1561 1093 1598 in
1117 1558 1369 1609 sufficientia,
1397 1568 1431 1598 et
1457 1559 1567 1597 valde
1592 1557 1805 1608 practicus,

101 1620 247 1668 doctus,
272 1629 306 1658 et
331 1621 546 1658 instructus
571 1621 616 1658 cle
640 1620 805 1670 antiquo
829 1620 873 1658 in
896 1620 1030 1658 causis
1053 1629 1087 1658 et
1111 1617 1279 1669 negotiis
1303 1619 1480 1663 Romane
1511 1618 1631 1664 curie,
1665 1625 1699 1654 et
1729 1616 1809 1665 suit

100 1687 135 1717 et
155 1687 236 1717 erat
259 1679 361 1729 ipsis
383 1680 659 1717 cardinalibus
681 1679 868 1717 omnibus
889 1680 940 1717 ab
962 1679 1125 1730 antiquo
1149 1687 1263 1717 notus
1285 1687 1319 1716 et
1338 1677 1573 1728 familiaris,
1596 1692 1642 1714 ac
1662 1675 1807 1722 sociuS,

100 1739 344 1788 capellanus,
367 1753 413 1776 ac
433 1739 532 1776 satis
551 1738 786 1788 familiaris,
809 1747 843 1777 et
864 1738 1098 1776 domesticus
1120 1737 1340 1776 cardinalis
1362 1735 1690 1786 Pampilonensis
1713 1734 1809 1772 vice-

101 1798 329 1853 cancellarii
353 1798 531 1836 Romane
554 1797 673 1846 curie,
699 1797 766 1848 qui
790 1806 872 1835 erat
893 1806 927 1835 et
949 1806 1004 1835 est
1027 1798 1071 1835 de
1094 1797 1254 1835 natione
1278 1796 1559 1834 Lemovicensi.
1588 1795 1692 1832 Tum
1715 1793 1810 1843 quia

100 1857 180 1894 loco
200 1865 235 1894 et
256 1857 299 1895 in
318 1857 500 1895 absentia
522 1857 654 1907 ipsius
674 1857 894 1894 cardinalis
915 1856 1226 1894 vicecancellarii
1247 1856 1425 1906 prefatus
1453 1854 1665 1904 Gregorius
1686 1867 1809 1903 papa,

101 1930 190 1954 cum
214 1916 294 1965 fuit
321 1917 365 1954 in
390 1916 576 1966 partibus
608 1916 752 1963 Ytalie,
783 1916 917 1966 ipsum
944 1924 1036 1953 tunc
1064 1916 1280 1953 Barensem
1305 1914 1650 1964 archiepiscopum
1677 1911 1812 1961 posuit

100 1983 134 2012 et
152 1975 314 2025 prefecit
334 1976 378 2013 in
396 1976 524 2014 locum
543 1975 638 2013 dicti
658 1975 878 2013 cardinalis
898 1975 1226 2024 Pampilonensis
1246 1974 1298 2012 ad
1317 1973 1620 2023 gubernandum
1640 1970 1812 2020 officium

101 2035 333 2072 cancellarie
358 2034 490 2084 ipsius
514 2034 668 2072 domini
692 2048 796 2084 pape
819 2042 853 2072 et
876 2034 1054 2072 Romane
1077 2033 1197 2080 curie,
1223 2041 1257 2071 et
1287 2033 1389 2070 idem
1413 2032 1596 2081 officium,
1623 2039 1811 2077 tanquam

101 2093 302 2143 confidens
321 2095 365 2131 cle
384 2094 471 2144 ipso
489 2102 523 2131 et
543 2093 674 2143 ipsius
692 2093 943 2142 sufficientia,
968 2093 1093 2130 eidem
1111 2101 1204 2131 tunc
1222 2092 1392 2130 Barensi
1411 2090 1707 2140 archiepiscopo
1726 2097 1811 2126 tan-

102 2167 220 2203 quam
251 2153 525 2191 locumtenenti
558 2152 651 2190 clicti
683 2152 902 2190 cardinalis
934 2151 1262 2201 Pampilonensis
1294 2148 1603 2188 vicecancellarii
1636 2147 1812 2198 plenarie

103 2212 310 2250 commisit.
340 2212 497 2250 Eadem
525 2211 656 2250 tradit
678 2210 953 2249 Theodericus
987 2225 1009 2248 a
1036 2211 1168 2257 Niem,
1196 2210 1265 2249 lib.
1297 2211 1311 2247 I
1342 2210 1401 2247 De
1423 2209 1645 2254 schismate,
1671 2221 1758 2256 cap.
1784 2220 1811 2252 1,

102 2286 142 2322 p.
168 2271 188 2309 7
212 2279 253 2309 et
275 2285 334 2321 sq.
362 2272 415 2309 Et
438 2285 531 2310 cum
554 2279 698 2321 postea
722 2270 938 2320 Gregorius
963 2270 1144 2317 obiisset,
1168 2277 1210 2308 et
1235 2269 1278 2307 in
1299 2270 1388 2307 loco
1414 2269 1501 2318 ejus
1524 2267 1682 2317 positus
1706 2273 1812 2303 esset

103 2331 446 2369 Bartholomaeus
470 2329 801 2380 archiepiscopus
823 2329 1027 2376 Barensis,
1052 2329 1121 2378 qui
1144 2329 1280 2366 fuerat
1312 2328 1409 2365 olim
1430 2327 1468 2364 in
1503 2325 1658 2364 familia
1686 2324 1811 2370 Petri,

105 2403 347 2439 quanquam
364 2390 521 2433 ‚Petrus
550 2390 594 2429 in
622 2389 843 2427 schismate
873 2388 1102 2426 contrarius
1124 2388 1158 2425 ei
1184 2395 1304 2434 esset,
1326 2395 1373 2424 ut
1399 2385 1661 2423 ostendemus
1689 2382 1807 2426 infra,

107 2450 240 2487 noluit
266 2457 407 2487 tamen
432 2449 789 2494 Bartholomaeus,
817 2447 951 2485 dictus
980 2447 1171 2485 Urbanus
1192 2446 1310 2484 istius
1337 2444 1512 2483 nominis
1539 2451 1694 2488 sextus,
1721 2454 1812 2479 eam

109 2508 357 2558 dignitatem
377 2508 583 2546 declarare
603 2514 838 2554 vacantem,
860 2521 933 2544 nec
953 2520 1044 2544 eam
1064 2506 1132 2543 alii
1153 2505 1264 2552 dare,
1285 2504 1355 2542 sed
1376 2518 1466 2542 eam
1486 2502 1568 2552 regi
1588 2501 1721 2538 voluit
1742 2514 1813 2549 per

110 2568 408 2617 Raynulphum
428 2567 476 2605 de
498 2566 640 2613 Gorsa,
662 2573 855 2615 nepotem
877 2565 986 2603 Petri
1004 2562 1033 2603 3.
1067 2564 1130 2603 Sic
1161 2564 1270 2602 enim
1292 2563 1440 2612 legitur
1468 2562 1510 2599 in
1529 2559 1812 2598 vetustissimo

108 2627 288 2676 Registro
315 2626 580 2665 cancellariae
608 2624 858 2674 apostolicae
888 2640 895 2662 :
927 2624 1046 2661 Finis
1075 2623 1198 2661 unius
1225 2622 1319 2660 libri
1347 2619 1577 2659 cancellarie
1603 2617 1814 2668 apostolice

109 2685 262 2724 domini
296 2684 419 2723 nostri
451 2699 555 2734 pape
587 2684 631 2721 de
664 2683 849 2721 mandato
882 2681 1197 2720 reverendissimi
1230 2680 1358 2730 patris
1389 2688 1422 2717 et
1466 2677 1618 2716 domini
1659 2675 1812 2714 domini

111 2745 360 2794 Ramnulphi
413 2743 519 2781 tituli
571 2740 713 2780 Sancte
757 2742 991 2779 Potentiane
1035 2740 1267 2790 dignissimi
1320 2737 1535 2788 presbyteri
1579 2735 1810 2779 cardinalis,

111 2804 280 2855 regentis
300 2803 472 2853 officium
491 2800 722 2840 cancellarie
743 2800 891 2850 prefate
913 2800 955 2837 in
975 2799 1157 2837 absentia
1177 2796 1491 2835 reverendissimi
1513 2792 1640 2845 patris
1661 2793 1814 2831 domini

161 2946 192 2978 1.
219 2944 257 2977 P.
283 2943 331 2976 Μ.
356 2943 613 2985 Baumgarten
639 2941 707 2984 (op.
732 2941 802 2979 cit„
828 2952 862 2983 p.
882 2940 977 2981 109).
1001 2939 1243 2980 Barthelemy
1264 2937 1451 2980 Prignano
1474 2941 1584 2979 porta
1607 2935 1637 2967 le
1663 2934 1750 2966 titre
1768 2933 1812 2966 de

118 2998 347 3040 vice-gerant
366 2996 429 3029 des
449 2996 480 3028 le
500 2996 544 3028 13
566 2994 702 3028 sevrier
721 2994 825 3027 1377.
851 2997 854 3001 '

165 3052 195 3084 2.
225 3050 265 3083 B.
296 3049 353 3088 N.,
382 3060 448 3081 ms.
475 3048 570 3080 latin
596 3046 812 3085 14643,f01.
841 3046 910 3078 172
937 3049 987 3078 νο.

163 3105 195 3137 3.
220 3103 487 3145 Baumgarten‚
512 3107 550 3134 ut
569 3112 610 3139 s.‚
634 3112 669 3144 p.
694 3100 774 3133 111.
