2083 3458
115 206 240 262 [809]
643 222 861 248 PAPARUM
896 220 1280 248 AVENloNl-:Nsmm
1723 204 1804 245 313

101 305 202 344 civis
231 306 468 344 Tolosanus.
497 305 542 342 In
571 305 707 343 codice
727 305 740 327 ¹
771 304 847 342 755
874 305 1146 344 bibliothecae
1168 304 1425 343 Colbertinae
1454 312 1571 343 extat
1599 312 1804 343 tractatus

99 364 342 403 concordiae
359 363 485 402 initus
503 377 611 402 anno
634 364 847 403 millesimo
865 364 1173 403 CCCXXXVII
1191 364 1297 402 inter
1324 363 1638 402 mareschallum
1657 364 1806 401 Roma-

101 437 177 462 nae
213 423 346 462 curiae
381 430 422 461 et
457 422 563 460 cives
598 422 916 461 Avenionenses.
952 423 1016 460 An
1048 422 1278 473 jurisdictio
1312 422 1429 461 istius
1465 422 1720 461 mareschalli
1754 422 1807 460 sit

98 481 319 529 ordinaria,
342 496 395 520 an
416 495 512 520 vero
534 481 734 531 delegata,
759 481 946 532 disputat
968 482 1147 520 Joannes
1169 482 1356 520 Andreae
1376 481 1418 519 in
1440 495 1528 532 cap.
1553 481 1621 519 Ne'
1633 481 1806 519 Romani

97 540 142 578 in
162 540 432 579 Clementinis.
455 540 530 578 Per
550 553 596 578 ea
615 554 736 590 porro
756 548 944 590 tempora
964 541 1253 579 mareschallus
1275 540 1430 578 domini
1448 554 1580 591 papae
1600 540 1805 578 tributum

97 599 291 650 capiebat
306 613 329 637 a
345 598 625 637 meretricibus
643 606 684 637 et
707 599 921 637 lenonibus
947 600 1196 638 earumdem.
1216 599 1334 647 Quod
1349 599 1557 637 emendari
1578 599 1618 636 in
1635 598 1806 637 concilio

100 658 319 697 Viennensi
349 657 520 709 petebat
552 657 790 696 Guillelmus
825 658 1023 705 Durandi,
1056 658 1170 708 cujus
1203 659 1302 696 haec
1333 666 1430 696 sunt
1460 659 1585 696 verba
1620 673 1670 697 ex
1699 666 1805 696 trae-

99 725 193 755 tatu
210 717 270 755 De
290 717 401 755 modo
421 716 641 755 celebrandi
663 716 821 754 concilii
843 718 1048 765 generalis,
1071 726 1187 767 parte
1213 718 1265 764 II,
1281 717 1346 755 tit.
1370 732 1398 755 x
1429 717 1502 755 :Et
1524 717 1687 767 insuper
1705 717 1807 767 quod

99 776 321 826 prostibula
349 775 513 826 publica
542 790 621 813 non
651 783 854 813 teneantur
884 790 1004 826 prope
1034 776 1227 824 ecclesias,
1260 776 1303 814 in
1332 777 1513 814 Romana
1543 776 1655 814 curia
1684 790 1806 826 prope

100 835 297 885 palatium
324 834 476 873 domini
502 849 618 885 pape,
647 843 680 872 et
707 848 774 872 nec
800 834 899 872 alibi
927 850 1047 885 prope
1075 836 1206 873 domos
1233 835 1482 885 prelatorum.
1512 835 1562 873 Et
1589 849 1636 872 ne
1662 849 1805 873 mares—

96 893 250 931 challus
272 893 424 931 domini
445 906 548 944 pape
570 901 604 932 et
616 893 848 931 -consimiles
870 894 1024 944 aliquid
1046 894 1240 943 recipiant
1261 909 1282 931 a
1313 893 1579 932 meretricibus
1600 902 1635 931 et
1655 893 1804 931 lenoni-

101 952 173 990 bus
200 953 435 992 earumdem.

152 1011 195 1050 P.
224 1011 313 1059 205,
339 1011 405 1061 lig.
434 1011 495 1050 20.
526 1011 705 1049 DEBEAT
733 1026 832 1049 EssE
862 1025 1098 1049 COMMUNIS.
1125 1011 1242 1049 Bulla
1262 1012 1275 1034 ²
1300 1011 1512 1050 Benedicti
1541 1011 1625 1049 XII
1652 1012 1700 1049 de
1728 1012 1803 1049 hoc

98 1070 262 1120 negotio
298 1086 306 1108 :
342 1071 508 1120 provida
541 1070 886 1120 circumspectione
919 1079 1128 1120 pensantes
1164 1071 1264 1120 quod
1297 1071 1348 1107 acl
1380 1071 1602 1108 Romanam
1637 1071 1803 1117 curiam,

95 1142 168 1179 que
207 1130 428 1167 communis
466 1129 599 1180 patria
636 1129 797 1167 existere
845 1129 1030 1177 noscitur,
1070 1143 1230 1167 securus
1278 1129 1412 1167 haberi
1460 1130 1566 1167 debet
1613 1143 1802 1167 accessus.

98 1188 278 1227 Joannes
303 1188 432 1226 XXII
461 1188 503 1226 in
525 1189 636 1226 bulla
667 1188 863 1227 adversus
887 1188 1147 1227 Matthaeum
1170 1188 1217 1226 de
1240 1188 1558 1226 Vicecomitibus
1582 1188 1629 1226 de
1653 1188 1804 1226 Medio-

96 1247 204 1295 lano,
235 1261 338 1297 quae
367 1255 485 1286 extat
512 1247 553 1285 in
582 1248 720 1286 codice
747 1246 825 1285 829
853 1247 1125 1285 bibliothecae
1155 1247 1412 1285 Colbertinae
1430 1247 1458 1294 3,
1489 1247 1555 1285 fol.
1588 1247 1662 1285 199
1690 1253 1735 1284 ΥΟ
1763 1254 1804 1284 et

93 1306 208 1356 apud
224 1306 438 1355 Bzovium,
457 1321 522 1345 an.
544 1306 658 1354 1322,
677 1322 716 1357 p.
730 1306 819 1354 383,
832 1307 919 1344 licet
936 1306 1191 1355 manifestum
1208 1306 1349 1344 existat
1365 1307 1466 1355 quod
1484 1306 1584 1343 idem
1602 1306 1804 1343 Mattheus

96 1365 140 1402 de
160 1365 313 1403 civitate
332 1374 366 1403 et
385 1365 565 1403 districtu
585 1365 881 1403 Mediolanensi
902 1380 970 1416 per
991 1374 1110 1403 terras
1130 1373 1164 1403 et
1184 1366 1266 1402 loca
1285 1365 1364 1402 sibi
1387 1380 1464 1402 non
1484 1373 1664 1415 suspecta
1685 1378 1804 1414 usque

92 1424 148 1461 ad
176 1423 370 1462 civitatem
400 1424 725 1472 Avinionensem,
759 1424 802 1462 in
832 1439 910 1475 qua
939 1439 1027 1462 cum
1057 1425 1239 1462 Romana
1270 1424 1382 1461 curia
1412 1424 1639 1471 residemus,
1675 1423 1804 1461 venire

96 1483 220 1532 possit
248 1483 367 1521 libere
396 1492 430 1521 et
457 1498 601 1531 secure,
632 1492 666 1522 et
697 1484 740 1521 in
769 1483 873 1522 dicta
902 1484 1014 1521 curia
1045 1483 1088 1521 in
1118 1498 1193 1534 qua
1224 1497 1356 1520 omnes
1385 1483 1589 1520 securitate
1619 1483 1803 1532 gaudent,

91 1556 183 1579 cum
218 1541 334 1580 Sedes
367 1542 583 1593 apostolica
616 1543 766 1580 cunctis
800 1543 852 1580 ad
894 1543 1025 1592 ipsam
1059 1542 1306 1580 venientibus
1343 1542 1469 1579 locum
1502 1556 1571 1579 sue
1598 1541 1804 1579 residentie

91 1600 263 1639 liberum
289 1601 468 1640 emhibeat
494 1610 528 1640 et
554 1616 747 1649 securum,
778 1616 856 1639 non
884 1610 1056 1652 oporteat
1084 1602 1127 1639 cle
1154 1601 1358 1639 securitate
1382 1600 1664 1651 quomodolibet
1689 1600 1802 1637 dubi-

93 1667 186 1698 tare.

148 1718 192 1757 P.
216 1718 304 1766 206,
325 1719 391 1769 lig.
417 1720 450 1758 7.
475 1720 731 1758 SEPULTURA
755 1734 961 1759 cARERET.
985 1719 1087 1758 Vide
1107 1719 1212 1757 infra
1238 1719 1282 1769 [t.
1310 1719 1351 1769 1],
1373 1734 1412 1769 p.
1436 1718 1620 1756 214-224.

148 1777 191 1815 P.
224 1777 313 1825 206,
343 1778 410 1828 lig.
444 1779 504 1817 11.
538 1779 671 1817 FEmA
703 1794 852 1817 SEXTA.
885 1779 993 1817 C’est
1022 1779 1060 1816 la
1092 1779 1187 1817 date
1219 1778 1378 1816 fournie
1407 1792 1482 1828 par
1515 1778 1570 1816 les
1600 1778 1720 1832 livrwes
1752 1777 1800 1815 de

93 1831 561 1888 comptes‘pontificaux
583 1838 733 1887 (Vidal,
756 1846 786 1876 t.
809 1853 850 1886 11,
873 1853 912 1888 p.
936 1838 1042 1887 430).

148 1895 190 1933 P.
221 1895 309 1943 206,
337 1896 403 1946 lig.
435 1896 495 1935 13.
525 1897 684 1935 Gons
715 1912 770 1934 DE
799 1897 1002 1944 ARIMINO,
1031 1897 1086 1935 sic
1115 1896 1427 1946 cognominatus
1456 1910 1478 1933 a
1505 1896 1593 1934 loco
1622 1895 1798 1944 originis,

92 1967 187 1992 cum
208 1969 357 1993 nomen
380 1955 510 2005 gentis
533 1964 639 1994 esset
660 1957 704 1993 de
725 1956 937 2005 Batagliis.
963 1956 1040 1994 Sed
1062 1964 1158 1993 ante
1182 1970 1306 2005 quam
1329 1955 1377 1993 de
1399 1969 1445 1993 eo
1468 1969 1650 2004 agamus,
1674 1954 1799 1991 adno-

94 2013 269 2051 tandum
299 2022 361 2052 est
393 2015 597 2053 Joannem
629 2015 901 2063 Dubravium,
932 2015 1001 2053 lib.
1037 2015 1197 2061 XVIII,
1229 2014 1335 2052 Hist.
1369 2014 1605 2060 Boiemicae,
1636 2028 1675 2063 p.
1711 2012 1797 2053 150.

93 2071 345 2111 mentionem
375 2073 506 2112 facere
545 2073 762 2123 cujusdam
796 2074 888 2112 Itali
925 2075 1060 2124 legum
1090 2073 1325 2124 peritissimi
1354 2073 1395 2110 in
1424 2072 1650 2110 Boiemiam
1687 2071 1797 2109 missi

92 2130 168 2168 sub
195 2131 446 2181 pontificatu
472 2131 674 2171 Bonifacii
702 2133 821 2181 VIII,
851 2133 920 2171 sed
945 2147 1039 2171 eum
1067 2132 1254 2171 nominat
1281 2131 1449 2170 Gotium
1472 2131 1795 2169 Urbevetanum.

94 2189 158 2227 Ex
176 2204 257 2239 quo
276 2190 407 2240 colligi
424 2205 542 2241 posse
561 2191 726 2230 videtur
744 2206 838 2230 eum
856 2207 940 2230 esse
960 2191 1168 2230 diversum
1186 2206 1208 2229 a
1229 2191 1351 2229 Gotio
1370 2190 1418 2228 de
1438 2189 1634 2236 Arimino,
1655 2202 1797 2238 quam-

92 2247 153 2286 vis
180 2248 256 2287 iste
284 2249 407 2288 fuerit
432 2250 533 2300 juris
559 2250 774 2301 utriusque
801 2251 1018 2301 professor,
1047 2251 1157 2301 quod
1185 2265 1235 2287 ex
1261 2249 1524 2299 inscriptione
1552 2247 1797 2285 Ariminensi

92 2314 134 2345 et
155 2321 206 2346 ex
226 2308 410 2359 pluribus
433 2309 520 2347 aliis
543 2309 751 2348 veteribus
773 2310 1051 2348 monumentis
1073 2309 1216 2359 liquet,
1239 2309 1280 2346 in
1302 2307 1441 2358 primis
1463 2321 1559 2345 vero
1582 2321 1632 2345 ex
1653 2306 1796 2344 Collec-

93 2366 220 2404 taneis
241 2366 352 2405 Petri
374 2368 548 2406 Puteani
565 2368 625 2406 De
646 2368 813 2406 dissidio
834 2368 1039 2418 Bonisacii
1066 2368 1179 2406 VIII
1198 2376 1232 2405 et
1252 2366 1439 2416 Philippi
1454 2364 1631 2411 Pulchri,
1650 2379 1688 2415 p.
1705 2364 1793 2411 370,

91 2424 182 2472 371,
212 2425 301 2474 390,
333 2426 421 2475 394,
452 2426 542 2475 399,
572 2427 643 2465 ubi
672 2435 846 2466 vocatur
874 2427 1087 2477 utriusque
1117 2426 1216 2476 juris
1248 2426 1403 2464 doctor.
1437 2424 1531 2462 Fuit
1561 2432 1702 2462 autem
1730 2423 1794 2460 ille

92 2490 183 2520 tum
212 2498 316 2523 unus
347 2500 397 2523 ex
425 2485 472 2523 iis
503 2485 573 2536 qui
602 2500 710 2524 anno
741 2486 921 2524 MCCCX
949 2486 1150 2524 Bonifacii
1180 2485 1283 2522 VIII
1315 2483 1553 2522 memoriam
1583 2496 1792 2532 suscepere

91 2541 394 2583 defendendam
409 2545 604 2583 adversus
621 2545 902 2584 accusationes
920 2544 1123 2583 Guillelmi
1141 2544 1188 2582 de
1208 2544 1425 2592 Nogareto.
1445 2542 1508 2579 Ex
1525 2556 1604 2591 quo
1621 2548 1794 2591 apparet

90 2614 284 2651 magnam
306 2602 392 2652 jam
416 2611 506 2640 tum
531 2603 653 2642 fuisse
678 2604 764 2654 ejus
790 2604 956 2642 famam.

139 2763 170 2796 1.
191 2762 232 2795 B.
255 2762 312 2802 N.‚
332 2774 399 2796 ms.
419 2762 515 2796 latin
532 2762 637 2803 5155,
657 2763 720 2797 fol.
742 2765 786 2797 85
804 2764 901 2797 r0-89
921 2768 971 2796 v0.

140 2816 171 2849 2.
192 2815 369 2856 Daumet,
388 2827 423 2849 n.
443 2816 523 2856 715,
543 2816 610 2850 col.
630 2817 710 2850 441.
729 2836 777 2839 ——
794 2817 846 2849 La
864 2817 962 2849 bulle
979 2815 1132 2858 indique
1151 2826 1222 2858 quc
1240 2812 1456 2857 l⁷agressi0n
1473 2818 1537 2845 eut
1554 2812 1626 2845 lieu
1645 2812 1736 2845 dans
1755 2812 1790 2844 la

91 2867 174 2901 nuit
191 2869 241 2902 du
257 2868 301 2902 ’13
319 2868 412 2901 avril
429 2869 533 2902 1340.
554 2869 724 2902 Nicolino
743 2869 897 2909 Fieschi,
915 2881 982 2902 son
1002 2869 1056 2900 fils
1075 2867 1223 2901 Gabriel
1240 2873 1278 2899 et
1293 2878 1361 2899 son
1377 2868 1512 2909 ecuyer
1526 2866 1652 2898 Andre
1669 2864 1791 2897 revin-

90 2927 175 2954 rent
189 2932 235 2954 en
249 2920 425 2965 Avignon
440 2922 471 2954 le
488 2922 533 2955 16
548 2921 629 2965 juin
648 2922 838 2964 (Daumet,
856 2934 890 2955 n.
910 2921 1004 2964 728).
1029 2921 1068 2954 Ε.
1088 2920 1231 2964 Deprez
1251 2919 1330 2961 (Les
1353 2918 1633 2961 preliminaires,
1646 2930 1685 2961 p.
1704 2918 1790 2950 305-

90 2973 172 3017 312)
198 2980 236 3007 et
259 2973 424 3007 Daumet
449 2974 724 3017 (Introduction,
748 2987 782 3019 p.
808 2974 1083 3016 xxxvm—xun)
1111 2979 1177 3006 ont
1198 2973 1440 3015 longuement
1461 2972 1614 3005 raconte
1636 2971 1671 3003 la
1693 2970 1789 3003 suite

91 3027 153 3060 des
175 3028 427 3061 evenements.

139 3081 171 3114 3.
189 3080 229 3114 B.
249 3079 307 3119 N.‚
324 3091 390 3114 ms.
407 3079 503 3112 latin
521 3079 626 3113 4114.
