2083 3458
270 247 353 288 618
925 261 1076 286 NOTAE
1111 262 1172 286 AD
1207 261 1334 287 VITAS
1827 247 1978 303 [1095]

257 348 454 395 Paschae,
475 355 523 384 ut
543 346 723 396 legitur
713 360 756 384 in
777 346 900 384 Facto
920 345 1044 384 misso
1065 361 1137 397 per
1155 347 1525 386 Bartholomaeum
1544 348 1628 413 regi
1647 348 1847 387 Castellae
1866 348 1977 399 apud

258 407 483 458 Odoricum
504 405 787 455 Raynaldum,
806 419 873 444 an
892 405 1008 454 1378,
1028 405 1123 455 §95,
1141 413 1183 444 et
1200 406 1243 444 in
1260 406 1517 456 depositione
1543 407 1724 458 episcopi
1751 406 1976 445 Reatinil:

264 468 361 505 Item
383 474 489 504 nocte
511 465 687 530 ejusdem
707 464 868 503 sabbati
889 465 1116 515 precedente
1135 465 1379 504 dominicam
1399 466 1697 504 resurrectionis
1717 474 1979 505 convenerunt

260 540 393 564 omnes
414 524 637 563 cardinales
660 524 703 562 in
723 525 882 574 prefata
902 524 1066 562 ecclesia
1087 524 1226 563 Sancti
1247 525 1357 563 Petri
1377 539 1450 575 pro
1469 526 1710 576 expediendo
1729 525 1854 576 officio
1875 540 1977 564 coro-

263 584 440 623 nationis
464 584 641 633 ejusdem
664 583 818 622 domini
844 584 984 632 nostri,
1008 591 1044 621 et
1064 584 1230 622 servatis
1254 584 1442 622 omnibus
1466 585 1510 623 in
1541 585 1791 623 coronatione
1822 585 1977 623 romani

262 644 476 694 Pontificis
499 643 770 691 observandis,
794 644 987 682 celebrata
1008 635 1078 693 per
1100 644 1279 682 eumdem
1302 652 1345 682 ut
1367 658 1500 683 verum
1521 659 1672 695 papam
1696 645 1820 683 missa
1840 645 1976 683 solem-

261 704 350 754 pni,
370 703 696 753 sumentibusque
716 704 760 741 de
782 717 905 741 manu
926 702 1058 753 ipsius
1077 703 1265 741 omnibus
1292 703 1472 742 diaconis
1498 704 1773 743 cardinalibus
1795 712 1978 743 sanctum

263 762 516 801 Eucharistie
547 770 853 810 sacramentum,
888 763 1146 814 impensaque
1177 763 1286 800 omni
1319 764 1467 814 populo
1498 764 1751 814 solempniter
1781 763 1978 815 solempni

267 822 545 870 benedictione,
578 823 757 860 eumdem
786 836 942 860 summo
973 836 1088 860 mane
1119 823 1364 861 deduxerunt
1393 831 1482 861 ante
1511 824 1614 873 sores
1644 823 1793 874 prefate
1823 823 1977 861 ecclesie

263 896 390 933 supra
424 882 584 931 gradus.
621 882 673 919 Et
707 881 855 920 ibidem
887 882 1139 920 ascendentes
1174 896 1255 920 una
1289 897 1378 926 cum
1410 897 1452 920 eo
1485 883 1681 933 quoddam
1713 882 1978 934 pignaculum

262 942 442 980 eminens
460 942 513 980 ad
529 942 599 980 hoc
616 941 861 990 ordinatum,
881 955 1012 980 coram
1030 955 1242 980 numerosa
1258 941 1402 992 populi
1421 942 1676 981 multitudine
1689 957 1780 980 eum
1797 942 1977 980 coronari

260 1003 437 1052 jecerunt
454 1016 524 1052 per
542 1001 787 1039 cardinalem
806 1002 851 1039 de
877 1000 1053 1049 Ursinis,
1073 1001 1126 1039 ad
1143 1015 1256 1051 quem
1275 1002 1377 1040 velut
1390 1001 1563 1052 priorem
1578 1002 1836 1040 diaconorum
1850 1001 1976 1040 cardi-

264 1061 433 1109 nalium,
458 1075 547 1099 cum
570 1062 673 1098 deest
695 1060 908 1111 episcopus
930 1060 1161 1099 Hostiensis
1183 1060 1417 1109 cardinalis,
1441 1062 1610 1111 pertinet
1631 1076 1677 1100 ex
1695 1060 1977 1100 consuetudine

261 1130 296 1160 et
314 1121 533 1159 secundum
553 1120 795 1159 ceremonias
814 1120 922 1159 curie
941 1129 1053 1158 actus
1084 1120 1168 1170 ipse
1193 1120 1474 1169 coronationis,
1502 1121 1741 1171 imponendo
1767 1121 1803 1159 ei
1832 1121 1977 1160 tiaram

264 1181 307 1219 in
326 1180 468 1231 capite,
489 1180 594 1218 alias
615 1180 760 1218 dictam
779 1194 959 1229 regnum,
981 1194 1058 1230 qua
1086 1180 1211 1218 solent
1228 1180 1341 1218 ceteri
1370 1180 1527 1218 romani
1546 1180 1762 1230 Pontifices
1781 1180 1974 1219 coronari.

266 1241 371 1279 Item
406 1240 449 1278 in
484 1239 743 1290 depositione
781 1239 953 1278 Joannis
990 1239 1193 1288 Columbi,
1231 1239 1364 1278 clerici
1399 1240 1696 1279 Avenionensis
1733 1239 1928 1279 dioecesis
1967 1255 1975 1278 :

262 1301 313 1339 Et
340 1300 440 1338 vidit
466 1300 569 1350 quod
595 1299 657 1337 dic
685 1299 850 1347 Pasclze,
879 1299 975 1337 hora
1002 1299 1149 1349 prima,
1179 1299 1377 1338 modicum
1403 1300 1496 1350 plus
1523 1300 1582 1338 vel
1608 1299 1756 1348 minus,
1789 1299 1975 1337 omnibus

261 1359 552 1407 cardinalibus,
589 1359 709 1397 etiam
744 1359 811 1409 qui
847 1358 1048 1397 exiverant
1090 1359 1247 1407 Urbem,
1286 1359 1343 1397 ibi
1378 1359 1668 1409 presentialiter
1702 1359 1973 1406 existentibus,

261 1419 415 1458 videtur
428 1418 510 1457 sibi
526 1420 629 1469 quod
643 1418 864 1457 cardinalis
879 1419 924 1456 de
946 1418 1109 1456 Ursinis
1123 1418 1260 1469 posuit
1275 1418 1332 1457 ibi
1349 1418 1393 1456 in
1407 1418 1535 1469 capite
1550 1419 1731 1469 thyaram
1745 1427 1780 1457 et
1793 1432 1976 1457 coronam

262 1493 340 1530 qua
360 1485 646 1517 consueverunt
665 1478 847 1516 coronari
876 1478 1034 1516 romani
1055 1478 1285 1528 Pontifices,
1308 1479 1360 1516 Et
1388 1478 1457 1517 hoc
1475 1479 1555 1528 fuit
1572 1479 1722 1528 sactum
1744 1478 1787 1516 in
1807 1478 1976 1528 quodam

263 1546 495 1589 paramento
517 1538 619 1588 quod
639 1545 722 1576 erat
741 1546 831 1576 ante
852 1546 1008 1588 portam
1029 1537 1185 1576 ecclesie
1206 1537 1345 1576 Sancti
1366 1538 1488 1576 Petri.
1517 1538 1622 1576 Illud
1642 1538 1779 1589 ipsum
1799 1538 1841 1575 in
1862 1546 1974 1576 vete-

263 1598 375 1637 ribus
408 1597 689 1636 monumentis
722 1597 774 1635 ab
807 1597 1040 1647 Augustino
1073 1597 1280 1636 Trivulcio
1309 1597 1515 1636 cardinale
1547 1597 1726 1636 collectis
1757 1598 1974 1636 invenerat

265 1657 503 1708 Onuphrius
539 1657 782 1705 panvinius,
817 1657 887 1707 qui
919 1657 978 1695 ita
1013 1657 1062 1695 de
1097 1657 1267 1695 Urbano
1300 1657 1443 1696 scribit
1474 1657 1516 1695 in
1550 1657 1733 1696 Secunda
1755 1657 1931 1708 *epitome
1965 1672 1972 1694 :

269 1717 330 1755 VI
356 1717 446 1755 idus
472 1716 618 1767 aprilis
643 1716 745 1755 anni
772 1716 976 1755 millesimi
1003 1716 1365 1764 CCCLXXVIII,
1392 1716 1580 1765 Pontifex
1604 1717 1804 1755 maximus
1829 1731 1972 1754 renun-

262 1777 406 1825 ciatus,
440 1777 503 1815 die
534 1776 712 1827 sequenti
745 1776 927 1814 omnium
959 1776 1171 1826 suffragiis
1205 1776 1248 1813 in
1280 1776 1498 1826 apostolica
1531 1776 1628 1814 Sede
1661 1777 1809 1814 locatus
1840 1784 1907 1822 est,
1940 1784 1974 1813 et

263 1836 374 1874 XIV
408 1837 592 1874 calendas
628 1835 728 1874 maii
765 1836 809 1873 in
843 1835 905 1874 die
939 1835 1118 1874 Paschae
1152 1850 1221 1886 per
1258 1836 1454 1874 „Iacobum
1488 1836 1732 1874 cardinalem
1780 1835 1974 1874 Ursinum

263 1896 303 1934 S.
324 1896 372 1934 R.
393 1896 440 1934 E.
461 1894 735 1934 archidiaconi
755 1896 883 1933 locum
900 1903 1091 1933 tenentem
1107 1909 1182 1933 sua
1199 1895 1480 1943 coronationis,
1497 1895 1683 1933 omnibus
1698 1894 1974 1934 cardinalibus

262 1955 614 2003 consentientibus,
641 1955 825 2004 insignia
844 1954 1032 2005 suscepit.
1060 1950 1280 2004 Auberyus
1306 1969 1402 1993 vero
1424 1955 1686 2005 reprehendit
1712 1955 1972 2005 Onuphiium

263 2014 342 2053 ista
362 2015 626 2062 scribentem,
646 2028 736 2053 eam
758 2014 809 2052 ob
829 2028 1012 2062 causam,
1033 2014 1144 2065 quod
1163 2029 1214 2052 ex
1232 2014 1482 2053 Theoderico
1501 2028 1524 2052 a
1544 2014 1664 2054 Niem
1693 2014 1748 2065 [p.
1769 2014 1818 2052 14
1835 2021 1877 2052 et
1898 2014 1971 2064 24]

261 2074 420 2124 liqueat
455 2074 708 2113 cardinalem
745 2074 877 2113 Roma
913 2073 1133 2112 excessisse
1168 2081 1264 2124 post
1299 2074 1542 2113 electionem
1579 2073 1750 2121 Urbani,
1786 2073 1972 2123 adeoque

263 2148 346 2171 non
378 2134 501 2172 fuisse
536 2134 692 2173 Romae
724 2148 771 2172 eo
802 2142 989 2184 tempore
1022 2147 1103 2183 quo
1135 2133 1319 2171 solennia
1351 2133 1627 2172 coronationis
1659 2141 1828 2184 peracta
1859 2141 1969 2171 sunt.

264 2193 343 2232 Sed
366 2193 583 2232 observare
608 2193 810 2231 debuerat
834 2193 895 2231 vir
919 2193 1101 2243 optimus
1124 2192 1316 2233 eumdem
1340 2192 1637 2232 Theodericum
1660 2192 1804 2231 statim
1828 2192 1970 2231 docere

262 2260 343 2291 tres
371 2253 597 2291 cardinales
628 2253 807 2299 Italicos,
833 2267 853 2290 e
880 2266 1055 2302 quorum
1080 2266 1252 2291 numero
1278 2260 1443 2291 constat
1468 2252 1591 2290 fuisse
1616 2253 1725 2290 hunc
1751 2251 1970 2299 Jacobum,

261 2312 428 2350 rediisse
451 2312 649 2362 postridie
672 2312 725 2349 ad
750 2312 981 2359 Urbanum,
1004 2311 1202 2362 illumque
1225 2311 1278 2349 ab
1302 2311 1491 2351 omnibus
1515 2311 1791 2350 cardinalibus
1813 2311 1970 2349 inthro-

262 2371 448 2409 nizatum
465 2372 601 2419 fuisse,
618 2379 659 2409 et
674 2371 726 2409 ab
740 2371 886 2410 iisdem
900 2378 1045 2421 postea
1060 2370 1103 2409 in
1117 2371 1181 2409 die
1197 2371 1378 2409 Paschae
1394 2385 1489 2409 suae
1506 2364 1781 2409 coronationis
1796 2370 1970 2420 insignia

262 2445 471 2481 recepisse.

316 2490 466 2528 Verum
491 2491 570 2528 ista
595 2490 732 2529 omnia
756 2490 867 2528 facta
890 2504 976 2528 esse
998 2504 1070 2540 per
1091 2489 1400 2529 simulationem
1422 2497 1463 2527 et
1485 2489 1534 2527 ad
1559 2489 1804 2527 evitandum
1826 2488 1969 2528 mortis

262 2549 490 2599 periculum
518 2550 611 2588 hinc
640 2557 750 2588 certo
779 2556 944 2588 constat
971 2549 1081 2599 quod
1108 2557 1253 2599 postea
1281 2548 1498 2587 cardinalis
1527 2549 1575 2587 de
1591 2548 1762 2589 Ursinis.
1790 2548 1969 2586 existens

261 2609 372 2657 apud
400 2609 687 2648 Talliacotium
716 2622 809 2648 cum
836 2608 923 2646 aliis
952 2608 1113 2647 duobus
1142 2607 1418 2646 cardinalibus
1444 2607 1569 2646 Italis⁴
1599 2607 1849 2646 exclamavit
1876 2620 1968 2645 cum

262 2667 544 2717 indignatione
566 2668 763 2706 adversus
786 2683 852 2706 eos
876 2667 945 2717 qui
966 2668 1177 2717 negabant
1198 2667 1440 2706 violentiam
1462 2667 1584 2705 fuisse
1606 2667 1762 2706 factam
1784 2667 1968 2705 cardina-

264 2726 368 2763 libus
396 2742 441 2764 eo
468 2736 653 2777 tempore
681 2741 762 2777 quo
786 2728 1130 2765 Bartholomaeus
1157 2727 1309 2765 electus
1336 2735 1398 2764 est
1423 2740 1544 2776 papa.
1574 2726 1762 2776 Legimus
1788 2726 1901 2764 istud
1926 2725 1968 2763 in

265 2784 518 2834 depositione
559 2786 772 2834 Gilaberti,
811 2786 1019 2825 secretarii
1055 2799 1202 2836 papae,
1241 2786 1407 2823 natione
1447 2786 1676 2832 Alemanni,
1714 2785 1756 2822 in
1794 2799 1875 2835 qua
1912 2783 1969 2823 sic

264 2845 463 2893 scriptum
497 2854 558 2883 est
578 2845 592 2868 ²
627 2862 634 2883 ε
665 2846 762 2883 Item
786 2846 888 2896 quod
910 2847 1005 2883 dum
1029 2845 1273 2883 venerandus
1299 2844 1357 2882 vir
1382 2845 1566 2882 dominus
1590 2844 1767 2882 Poncius
1791 2843 1967 2891 Beraldi,

266 2902 479 2941 litterarum
507 2905 815 2953 apostolicarum
839 2913 1036 2952 corrector,
1062 2913 1096 2942 et
1120 2904 1246 2941 dictus
1271 2905 1468 2953 deponens
1495 2903 1595 2941 irent
1618 2904 1661 2941 de
1684 2904 1811 2941 Roma
1834 2916 1967 2941 versus

269 2962 436 3009 Fundis,
476 2964 741 3001 transiverunt
777 2978 845 3014 per
881 2971 1053 3002 castrum
1093 2963 1362 3013 Tuillacossie,
1402 2963 1470 3000 ubi
1507 2962 1659 3000 domini
1696 2962 1965 3011 Florentinus,

315 3092 344 3123 1.
377 3092 441 3123 Ms.
470 3093 551 3131 cite,
580 3095 640 3126 fol.
669 3095 713 3127 82
739 3099 788 3127 ΥΟ.

316 3146 345 3175 2.
377 3144 441 3177 Ms.
466 3146 547 3183 cite,
573 3146 631 3179 fol.
657 3148 699 3179 52
721 3152 763 3179 1·⁰.
