2083 3458
321 215 405 257 388
972 233 1123 259 NOTAE
1158 233 1218 259 AD
1252 234 1380 259 VITAs
1900 216 2026 273 [876]

326 317 418 354 bant
440 331 572 354 muros
593 325 627 354 et
649 317 800 361 domus,
824 317 917 354 aliis
940 316 1179 354 victualibus·
1202 331 1281 355 non
1303 317 1538 355 habentibus
1560 327 1594 356 et
1615 318 1889 368 deficientibus
1911 332 2028 356 reme-

321 376 401 413 diis
433 376 754 426 quibuscumque.
788 376 888 414 Vide
922 376 1125 414 joannem
1157 376 1394 424 Villanium,
1425 377 1493 415 lib.
1529 377 1627 425 XII,
1669 392 1757 428 cap.
1791 392 1904 425 XCIV,
1944 392 2029 416 xcv

324 433 554 484 [Muratori,
577 443 606 473 t.
632 450 717 482 xm,
738 436 811 473 col.
835 433 1044 484 972-975];
1070 436 1275 474 Joannem
1299 436 1577 483 Hocsemium,
1600 452 1638 487 p.
1663 436 1751 484 496,
1773 436 1867 483 5113
1888 436 2029 475 Alber-

322 502 413 532 tum
438 494 791 543 Argentinensem,
816 509 854 544 p.
877 494 966 541 208,
991 494 1080 542 230,
1106 494 1200 542 233;
1217 495 1558 534 Continuatorem
1582 496 1743 545 Nangii,
1760 504 1789 534 t.
1808 510 1850 544 11,
1873 510 1912 546 p.
1936 495 2029 534 205-

323 553 417 599 207;
449 553 629 591 Αηηαῖεε
660 553 893 601 Hiberniae,
925 568 989 592 an.
1025 553 1144 600 13473
1177 562 1217 592 et
1249 554 1472 593 Odoricum
1504 555 1783 604 Raynaldum,
1815 569 1879 593 an.
1913 554 2028 603 1346,

330 612 346 661 ξ
368 612 428 650 42.

378 672 418 710 P.
450 671 539 718 247,
567 671 633 721 lig.
665 671 726 709 32.
757 672 962 709 TREUGAS
991 686 1047 709 AD
1080 686 1252 710 CERTUM
1282 687 1466 720 TEMPUS,
1496 673 1548 711 ad
1576 673 1801 712 triennium
1817 672 1844 712 1.
1877 673 2028 712 Hocse—

323 731 440 777 mins,
466 746 504 781 p.
532 730 621 777 465,
645 731 815 780 loquens
850 731 898 769 de
928 731 1048 780 gestis
1077 745 1186 769 anno
1211 732 1512 780 MCCCXLIII.
1538 747 1675 771 mense
1700 732 1849 770 martio
1876 748 1883 770 ε
1910 732 2029 770 Circa

321 790 571 840 principium
593 790 714 839 liujus
736 790 883 827 mensis
906 791 1006 828 inter
1027 805 1134 840 reges·
1156 791 1353 829 Franciae
1375 800 1409 829 et
1428 792 1603 841 Angliae
1625 800 1781 841 treugae
1802 791 2028 842 publicatae

320 857 413 886 sunt
435 864 459 886 a
481 849 576 898 festo
600 849 726 886 sancti
752 849 966 887 llffz'chaelis
989 850 1041 887 ad
1063 850 1282 888 triennium
1306 851 1530 889 duraturae.

376 909 416 945 P.
452 908 541 955 248,
573 908 639 957 lig.
674 908 708 946 5.
745 908 883 946 DEDIT
916 923 1022 946 FILIO
1057 923 1149 948 SUO.
1185 910 1336 948 Contra
1368 918 1513 949 auctor
1544 911 1605 949 M.
1640 910 1828 960 Chronici
1858 909 2026 959 Belgici,

320 983 358 1017 p.
395 967 484 1024 3ι31,
520 967 661 1005 scribit
696 968 953 1005 Ludovicum
991 969 1059 1016 IV,
1093 969 1208 1019 imp.‚
1244 969 1491 1007 comitatum
1527 970 1772 1008 Hollandiae
1806 977 2025 1008 vacantem

320 1027 492 1065 donasse
525 1027 779 1076 Margaretae
808 1027 1061 1077 imperatrici
1091 1028 1256 1078 conjugi
1286 1043 1396 1075 suae,
1429 1043 1532 1079 quae
1563 1043 1660 1067 vera
1691 1043 1804 1067 soror
1833 1042 2027 1079 germana

320 1086 398 1123 fuit
430 1085 621 1123 Willelmi
653 1086 826 1125 comitis.
861 1087 1070 1125 Seniorem
1102 1095 1243 1126 autem
1275 1102 1365 1126 eam
1398 1103 1583 1126 sororum
1614 1088 1701 1138 ejus
1743 1088 1866 1126 fuisse
1897 1088 2028 1126 tradit

319 1145 511 1183 Albertus
542 1145 865 1195 Argentinensis,
895 1161 934 1196 p.
967 1146 1055 1194 201,
1087 1155 1128 1185 et
1157 1161 1250 1185 cum
1279 1147 1391 1186 illam
1420 1147 1687 1198 repudiarent
1718 1147 1926 1195 Hollandi,
1958 1146 2028 1197 qui

319 1204 515 1242 volebant
541 1204 691 1243 habere
716 1205 917 1244 seniorem
944 1205 1074 1244 filium
1100 1206 1186 1255 ejus
1212 1221 1286 1257 pro
1313 1207 1493 1254 domino,
1520 1207 1711 1245 eumdem
1734 1207 2027 1257 imperatorem

319 1264 473 1302 misisse
492 1263 529 1300 in
552 1278 643 1302 eam
660 1264 867 1314 regionem
885 1265 1135 1303 Willelmum
1156 1265 1287 1303 filium
1305 1281 1437 1304 suum.
1458 1266 1560 1305 Vide
1578 1265 1593 1288 2
1611 1266 1751 1314 etiam,
1769 1281 1809 1317 p.
1830 1265 1918 1304 231.

373 1323 415 1360 P.
454 1322 542 1370 248,
577 1322 644 1373 lig.
685 1323 744 1361 12.
783 1324 1122 1363 ZVARZEMBURG.
1160 1325 1299 1364 Codex
1332 1326 1479 1375 regius,
1515 1325 1794 1373 Zauzienbeth,
1831 1325 2024 1371 Albertus

318 1381 640 1431 Argentinensis,
659 1398 696 1433 p.
717 1382 806 1430 272,
827 1383 1074 1433 Swarzburg.
1096 1384 1160 1422 Ita
1186 1384 1312 1423 etiam
1332 1385 1531 1423 Henricus
1551 1385 1813 1423 Rebdorffius
1833 1383 1888 1435 [p.
1908 1383 2024 1434 534].

318 1441 420 1479 Vide
446 1441 729 1491 Spondanum‚
754 1456 819 1480 an.
848 1443 962 1490 1347,
995 1443 1011 1492 ξ
1036 1443 1072 1490 6,
1098 1452 1139 1482 et
1164 1444 1387 1482 Odoricum
1413 1444 1693 1494 Raynaldum,
1718 1458 1783 1483 an.
1809 1444 1914 1491 eod.,
1945 1443 1962 1492 ἓ
1987 1442 2024 1492 9,

318 1508 359 1538 et
374 1515 438 1538 an.
458 1500 572 1545 1349,
595 1501 611 1549 ξ
629 1501 688 1539 12.

372 1560 413 1598 P.
432 1560 521 1607 248,
536 1561 602 1610 lig.
624 1560 683 1598 18.
704 1561 883 1599 DICITUR
906 1561 1221 1601 PROCURASSE3.
1248 1563 1364 1601 Istud
1386 1563 1535 1601 falsum
1551 1578 1635 1601 esse
1658 1562 1873 1601 contendit
1894 1562 2022 1613 Spon—

318 1619 448 1657 danus
473 1619 514 1657 in
537 1620 626 1658 loco
650 1621 774 1670 paulo
798 1629 894 1659 ante
918 1621 1102 1660 laudato.

372 1678 414 1716 P.
435 1678 523 1725 249,
541 1679 607 1728 lig.
629 1679 662 1717 7.
685 1679 969 1718 REFORMATA.
990 1681 1066 1719 Sur
1081 1681 1137 1719 les
1151 1683 1414 1720 evenements
1433 1682 1486 1719 du
1506 1681 1701 1731 Liegeois,
1719 1682 1808 1719 voir
1820 1681 1866 1719 G.
1883 1681 2021 1718 Kurth

319 1737 394 1785 (La
415 1738 485 1775 cite
506 1738 549 1775 de
569 1738 688 1787 Liege
708 1754 760 1776 au
782 1739 932 1789 llffoyen
951 1740 1050 1789 Age,
1074 1740 1200 1788 Paris,
1225 1740 1338 1787 1910,
1361 1749 1390 1779 t.
1412 1756 1453 1787 11,
1475 1756 1513 1791 p.
1537 1741 1688 1790 78-83).

373 1797 414 1834 Ρ.
442 1796 530 1844 249,
554 1797 620 1847 lig.
646 1797 682 1836 9.
710 1798 954 1836 ECCLESIAM
980 1797 1262 1838 PRAGENSEM.
1284 1800 1459 1838 Factum
1476 1800 1517 1838 id
1535 1800 1658 1839 fuisse
1680 1815 1703 1838 a
1724 1800 1876 1841 Karolo
1896 1799 2023 1849 impe-

318 1863 453 1894 ratore
483 1856 525 1894 in
557 1856 691 1894 odium
722 1857 890 1895 Hemici
934 1858 1230 1909 archiepiscopi
1259 1859 1491 1909 Moguntini
1519 1860 1578 1897 ait
1612 1860 1802 1898 Albertus
1835 1858 2021 1908 Argenti-

319 1915 466 1962 nensis,
483 1930 521 1965 p.
545 1913 621 1952 200
646 1932 652 1953 :
674 1916 734 1953 De
756 1932 828 1966 quo
851 1926 984 1967 postea
1005 1925 1184 1967 argutus,
1200 1918 1349 1968 inquit,
1369 1933 1435 1956 rex
1448 1919 1646 1966 Bohemie,
1664 1925 1774 1969 pater
1787 1918 1888 1967 ejus,
1910 1916 2022 1969 prin-

318 1972 476 2024 cipibus
502 1974 602 2024 quod
626 1974 713 2011 sine
746 1975 847 2013 scitu
872 1976 957 2026 ejus
982 1977 1132 2026 factum
1156 1976 1298 2025 suisset
1320 1978 1482 2027 juravit.
1509 1979 1563 2016 Et
1588 1986 1731 2016 tamen
1760 1978 1942 2016 Clemens
1966 1977 2024 2014 VI

316 2033 357 2070 in
375 2032 593 2071 Collatione
606 2033 623 2056 4
639 2034 748 2072 facta
765 2035 807 2072 in
824 2036 1027 2074 erectione
1045 2036 1225 2075 civitatis
1245 2037 1457 2087 pragensis
1475 2037 1516 2075 in
1534 2037 1796 2088 metropolim
1812 2045 1854 2075 et
1870 2037 2024 2074 Lutho-

317 2093 471 2130 muslae
493 2101 533 2131 et
554 2093 761 2143 Algezirae
782 2094 823 2132 in
844 2095 1034 2133 civitates
1055 2096 1304 2146 episcopales
1325 2097 1384 2134 ita
1404 2097 1588 2146 loquitur
1610 2113 1616 2135 :
1637 2097 1813 2134 Tertium
1833 2096 1935 2146 quod
1953 2110 2023 2133 nos

318 2159 438 2189 movet
460 2160 514 2189 est
536 2153 669 2190 devota
691 2161 724 2190 et
746 2153 911 2191 humilis
933 2155 1176 2204 supplicatio
1199 2156 1251 2193 ad
1272 2156 1440 2193 litteram
1463 2170 1598 2205 regum
1622 2155 1787 2194 Castelle
1808 2169 1879 2205 pro
1902 2154 2022 2204 Argi-

316 2210 409 2248 silla
425 2219 458 2247 et
474 2211 660 2249 Bolzemie
686 2227 756 2261 pro
773 2213 868 2250 aliis·
885 2214 1053 2252 duabus.
1073 2214 1124 2251 Et
1140 2222 1235 2252 certe
1253 2229 1332 2252 non
1356 2230 1501 2264 parum
1518 2215 1661 2264 adjecit
1678 2215 1853 2252 maxima
1875 2214 2022 2252 devotio

319 2270 461 2307 Karoli
489 2270 566 2320 filii
591 2271 848 2321 primogeniti
874 2273 967 2310 dicti
993 2273 1097 2322 regis
1122 2273 1320 2321 Bohemie,
1348 2274 1463 2323 cujus
1488 2274 1703 2312 devotionis
1727 2274 1917 2324 spiritum
1943 2287 2023 2311 non

318 2328 526 2367 debuimus
557 2330 795 2379 extinguere,
828 2332 894 2381 qui
924 2332 1043 2369 etiam
1074 2333 1118 2369 de
1147 2347 1219 2370 suo
1249 2333 1412 2382 proprio
1443 2333 1552 2370 walde
1581 2333 1688 2382 large
1719 2333 1809 2370 dare
1840 2333 1921 2370 vult
1950 2346 2021 2383 pro

319 2388 506 2437 ampliori
537 2389 619 2426 dote
657 2389 768 2427 illius
798 2390 981 2429 Ecclesia.
1018 2391 1206 2429 Meminit
1243 2392 1365 2440 hujus
1396 2392 1590 2430 historiae
1622 2392 1801 2431 Joannes
1833 2392 2020 2430 Andreae

317 2446 359 2483 in
380 2447 591 2486 additione
613 2448 665 2485 ad
688 2448 902 2498 Speculum
924 2450 1110 2488 Durandi
1131 2465 1246 2501 supe1
1271 2451 1394 2488 titulo
1412 2451 1472 2488 De
1491 2451 1719 2489 auctoritate
1738 2459 1772 2488 et
1793 2466 1869 2489 usu
1888 2450 2020 2501 pallii.

368 2625 398 2657 1.
418 2624 469 2657 La
486 2626 590 2658 treve
607 2626 651 2659 de
668 2626 787 2660 Calais
808 2627 865 2670 (28
881 2628 1093 2671 septembre
1110 2628 1231 2672 1347),
1250 2629 1396 2662 valable
1413 2641 1508 2672 pour
1524 2630 1587 2662 dix
1602 2630 1708 2671 mois,
1725 2631 1785 2664 fut
1799 2633 2020 2666 renouvelee

318 2678 338 2709 a
364 2677 525 2763 dlixgerses
550 2679 706 2722 reprises
732 2686 769 2712 et
795 2681 887 2714 dura
911 2680 1089 2724 jusqu'au
1115 2682 1135 2715 6
1169 2682 1262 2714 avril
1288 2683 1381 2716 1354
1410 2682 1580 2725 (Denifle,
1606 2683 1662 2716 La
1682 2684 1904 2726 Deisolation,
1931 2691 1958 2719 t.
1982 2697 2020 2727 11,

319 2742 341 2773 p
369 2784 398 2815 2.
414 2731 650 2826 Blarguerite,
666 2785 802 2818 femme
819 2787 862 2819 de
879 2786 990 2819 Louis
1007 2788 1050 2820 de
1066 2787 1233 2827 Baviere‚
1249 2788 1332 2820 vint
1346 2790 1504 2831 prendre
1517 2790 1728 2833 possession
1743 2803 1788 2824 en
1800 2803 1898 2825 mars
1912 2792 2017 2826 1346.

320 2836 392 2868 Son
425 2836 490 2875 fils,
523 2836 733 2871 Guillaumc
765 2839 835 2878 ΙΙΙ,
865 2839 915 2872 lui
943 2841 1102 2873 succeda
1130 2843 1236 2884 apres
1266 2841 1398 2884 qu'elle
1438 2842 1496 2874 fut
1534 2850 1653 2876 morte
1682 2844 1713 2876 le
1743 2845 1786 2878 23
1813 2845 1897 2888 juin
1925 2846 2018 2879 1356

323 2888 382 2929 (H.
408 2889 574 2929 Pii-enne,
596 2890 758 2924 Histoire
777 2892 817 2924 de
835 2892 1020 2936 Belgique,
1042 2893 1243 2933 Bruxelles,
1266 2894 1370 2934 1909,
1393 2901 1418 2927 t.
1439 2907 1475 2935 11,
1497 2908 1531 2939 p.
1554 2897 1739 2941 ’177-180).

367 2942 398 2974 3.
417 2941 486 2974 Sur
501 2943 535 2975 la
552 2950 650 2976 mort
667 2944 710 2976 de
728 2943 909 2984 Gunther,
928 2946 1008 2979 voir
1022 2946 1193 2979 l’edition
1209 2947 1252 2979 dc
1269 2946 1431 2981 Mathias
1449 2949 1492 2981 de
1511 2949 1766 2994 Nuwemburg
1780 2962 1848 2994 par
1861 2951 1905 2985 A.
1925 2950 2018 2984 Hof-

318 2994 478 3079 {nelilstctg
498 3007 564 3081 1Ῑέ8
576 2997 652 3081 21769
670 3002 708 3029 et
737 2997 772 3030 C.
802 2997 1015 3042 VVcrunsky
1040 2998 1260 3041 (Geschichte
1286 3000 1422 3034 Kaiser
1439 3001 1553 3035 Karls
1573 3003 1642 3043 IV,
1666 3003 1887 3044 Innsbruck,
1909 3004 2014 3045 1886,

367 3074 406 3133 4.t
428 3049 690 3144 Bpibliothiigqtie
719 3101 1089 3145 Sainte-Genevieve,
1119 3116 1185 3138 ms.
1215 3105 1295 3146 240,
1325 3106 1386 3141 sol.
1417 3109 1484 3142 553
1513 3113 1563 3143 v0.
