<?xml version="1.0" encoding="UTF-8"?>
<!DOCTYPE html PUBLIC "-//W3C//DTD XHTML 1.0 Transitional//EN"
    "http://www.w3.org/TR/xhtml1/DTD/xhtml1-transitional.dtd">
<html xmlns="http://www.w3.org/1999/xhtml" xml:lang="en" lang="en">
 <head>
  <title>
</title>
<meta http-equiv="Content-Type" content="text/html;charset=utf-8" />
  <meta name='ocr-system' content='tesseract 3.04.00' />
  <meta name='ocr-capabilities' content='ocr_page ocr_carea ocr_par ocr_line ocrx_word'/>
</head>
<body>
  <div class='ocr_page' id='page_1' title='image "./vitaepaparumaven02balu_0794.png"; bbox 0 0 2083 3458; ppageno 0'>
   <div class='ocr_carea' id='block_1_1' title="bbox 277 221 1981 277">
    <p class='ocr_par' dir='ltr' id='par_1_1' title="bbox 277 221 1981 277">
     <span class='ocr_line' id='line_1_1' title="bbox 277 221 1981 277; baseline -0.001 -12"><span class='ocrx_word' id='word_1_1' title='bbox 277 224 356 265; x_wconf 77' lang='grc'><em>784</em></span> <span class='ocrx_word' id='word_1_2' title='bbox 942 237 1094 262; x_wconf 82' lang='lat' dir='ltr'><strong>NOTAE</strong></span> <span class='ocrx_word' id='word_1_3' title='bbox 1129 237 1189 262; x_wconf 78' lang='lat' dir='ltr'><em>AD</em></span> <span class='ocrx_word' id='word_1_4' title='bbox 1224 237 1352 263; x_wconf 80' lang='lat' dir='ltr'><em>VITAs</em></span> <span class='ocrx_word' id='word_1_5' title='bbox 1829 221 1981 277; x_wconf 84' lang='grc'>[1263]</span> 
     </span>
    </p>
   </div>
   <div class='ocr_carea' id='block_1_2' title="bbox 272 320 2042 374">
    <p class='ocr_par' dir='ltr' id='par_1_2' title="bbox 272 320 2042 374">
     <span class='ocr_line' id='line_1_2' title="bbox 272 320 2042 374; baseline -0.002 -12"><span class='ocrx_word' id='word_1_6' title='bbox 272 325 322 363; x_wconf 83' lang='lat' dir='ltr'><em>ab</em></span> <span class='ocrx_word' id='word_1_7' title='bbox 347 325 417 363; x_wconf 84' lang='lat' dir='ltr'><em>illa</em></span> <span class='ocrx_word' id='word_1_8' title='bbox 440 324 483 362; x_wconf 83' lang='lat' dir='ltr'><em>in</em></span> <span class='ocrx_word' id='word_1_9' title='bbox 505 324 639 374; x_wconf 80' lang='lat' dir='ltr'><em>aliquo</em></span> <span class='ocrx_word' id='word_1_10' title='bbox 663 323 944 373; x_wconf 78' lang='lat' dir='ltr'><em>cujuscumque</em></span> <span class='ocrx_word' id='word_1_11' title='bbox 966 321 1142 359; x_wconf 79' lang='lat' dir='ltr'><em>hominis</em></span> <span class='ocrx_word' id='word_1_12' title='bbox 1163 320 1414 371; x_wconf 74' lang='lat' dir='ltr'><em>suggestione</em></span> <span class='ocrx_word' id='word_1_13' title='bbox 1436 321 1612 368; x_wconf 68' lang='lat' dir='ltr'><em>variabo,</em></span> <span class='ocrx_word' id='word_1_14' title='bbox 1638 321 1716 358; x_wconf 88' lang='lat' dir='ltr'><em>imo</em></span> <span class='ocrx_word' id='word_1_15' title='bbox 1740 321 1851 358; x_wconf 87' lang='lat' dir='ltr'><em>illam</em></span> <span class='ocrx_word' id='word_1_16' title='bbox 1873 335 1982 359; x_wconf 85' lang='lat' dir='ltr'><em>cons·</em></span> <span class='ocrx_word' id='word_1_17' title='bbox 2039 323 2042 340; x_wconf 75' lang='lat'><strong><em>⁵</em></strong></span> 
     </span>
    </p>
   </div>
   <div class='ocr_carea' id='block_1_3' title="bbox 266 380 1983 2278">
    <p class='ocr_par' dir='ltr' id='par_1_3' title="bbox 274 380 1983 612">
     <span class='ocr_line' id='line_1_3' title="bbox 274 380 1981 434; baseline -0.002 -12"><span class='ocrx_word' id='word_1_18' title='bbox 274 393 398 422; x_wconf 59' lang='lat' dir='ltr'><em>stanter</em></span> <span class='ocrx_word' id='word_1_19' title='bbox 419 392 454 422; x_wconf 85' lang='lat' dir='ltr'><em>et</em></span> <span class='ocrx_word' id='word_1_20' title='bbox 475 384 641 434; x_wconf 75' lang='lat' dir='ltr'><em>firmiter</em></span> <span class='ocrx_word' id='word_1_21' title='bbox 663 392 769 421; x_wconf 90' lang='lat' dir='ltr'><em>teneo</em></span> <span class='ocrx_word' id='word_1_22' title='bbox 791 390 825 420; x_wconf 87' lang='lat' dir='ltr'><em>et</em></span> <span class='ocrx_word' id='word_1_23' title='bbox 846 381 993 429; x_wconf 77' lang='lat' dir='ltr'><em>tenebo,</em></span> <span class='ocrx_word' id='word_1_24' title='bbox 1017 395 1085 419; x_wconf 89' lang='lat' dir='ltr'><em>nec</em></span> <span class='ocrx_word' id='word_1_25' title='bbox 1106 381 1156 419; x_wconf 80' lang='lat' dir='ltr'><em>ab</em></span> <span class='ocrx_word' id='word_1_26' title='bbox 1178 395 1224 419; x_wconf 92' lang='lat' dir='ltr'><em>ea</em></span> <span class='ocrx_word' id='word_1_27' title='bbox 1245 380 1533 430; x_wconf 76' lang='lat' dir='ltr'><em>quomodolibet</em></span> <span class='ocrx_word' id='word_1_28' title='bbox 1552 381 1701 431; x_wconf 78' lang='lat' dir='ltr'><em>aliquis</em></span> <span class='ocrx_word' id='word_1_29' title='bbox 1725 395 1782 418; x_wconf 84' lang='lat' dir='ltr'><em>me</em></span> <span class='ocrx_word' id='word_1_30' title='bbox 1803 380 1981 428; x_wconf 82' lang='lat' dir='ltr'><em>abducet,</em></span> 
     </span>
     <span class='ocr_line' id='line_1_4' title="bbox 275 439 1983 493; baseline -0.002 -12"><span class='ocrx_word' id='word_1_31' title='bbox 275 444 352 481; x_wconf 88' lang='lat' dir='ltr'><em>imo</em></span> <span class='ocrx_word' id='word_1_32' title='bbox 379 444 483 493; x_wconf 68' lang='lat' dir='ltr'><em>flatus</em></span> <span class='ocrx_word' id='word_1_33' title='bbox 508 451 542 481; x_wconf 84' lang='lat' dir='ltr'><em>et</em></span> <span class='ocrx_word' id='word_1_34' title='bbox 566 451 748 481; x_wconf 75' lang='lat' dir='ltr'><em>constans</em></span> <span class='ocrx_word' id='word_1_35' title='bbox 775 441 818 479; x_wconf 86' lang='lat' dir='ltr'><em>in</em></span> <span class='ocrx_word' id='word_1_36' title='bbox 844 441 914 479; x_wconf 88' lang='lat' dir='ltr'><em>illa</em></span> <span class='ocrx_word' id='word_1_37' title='bbox 939 440 1151 491; x_wconf 76' lang='lat' dir='ltr'><em>persistam</em></span> <span class='ocrx_word' id='word_1_38' title='bbox 1176 449 1367 490; x_wconf 81' lang='lat' dir='ltr'><em>tanquam</em></span> <span class='ocrx_word' id='word_1_39' title='bbox 1392 440 1457 478; x_wconf 67' lang='lat' dir='ltr'><em>via</em></span> <span class='ocrx_word' id='word_1_40' title='bbox 1482 455 1601 490; x_wconf 79' lang='lat' dir='ltr'><em>quam</em></span> <span class='ocrx_word' id='word_1_41' title='bbox 1625 439 1925 478; x_wconf 74' lang='lat' dir='ltr'><em>commodiorem</em></span> <span class='ocrx_word' id='word_1_42' title='bbox 1949 448 1983 478; x_wconf 81' lang='lat' dir='ltr'><em>et</em></span> 
     </span>
     <span class='ocr_line' id='line_1_5' title="bbox 274 499 1981 551; baseline -0.002 -10"><span class='ocrx_word' id='word_1_43' title='bbox 274 503 471 541; x_wconf 84' lang='lat' dir='ltr'><em>meliorem</em></span> <span class='ocrx_word' id='word_1_44' title='bbox 495 516 625 541; x_wconf 86' lang='lat' dir='ltr'><em>assero</em></span> <span class='ocrx_word' id='word_1_45' title='bbox 650 510 684 539; x_wconf 86' lang='lat' dir='ltr'><em>et</em></span> <span class='ocrx_word' id='word_1_46' title='bbox 708 515 840 539; x_wconf 87' lang='lat' dir='ltr'><em>censeo</em></span> <span class='ocrx_word' id='word_1_47' title='bbox 865 515 937 551; x_wconf 88' lang='lat' dir='ltr'><em>pro</em></span> <span class='ocrx_word' id='word_1_48' title='bbox 961 500 1129 539; x_wconf 80' lang='lat' dir='ltr'><em>tollendo</em></span> <span class='ocrx_word' id='word_1_49' title='bbox 1153 500 1364 538; x_wconf 78' lang='lat' dir='ltr'><em>schismate</em></span> <span class='ocrx_word' id='word_1_50' title='bbox 1388 508 1422 538; x_wconf 88' lang='lat' dir='ltr'><em>et</em></span> <span class='ocrx_word' id='word_1_51' title='bbox 1446 500 1618 538; x_wconf 88' lang='lat' dir='ltr'><em>Ecclesie</em></span> <span class='ocrx_word' id='word_1_52' title='bbox 1644 500 1793 538; x_wconf 82' lang='lat' dir='ltr'><em>unitate</em></span> <span class='ocrx_word' id='word_1_53' title='bbox 1818 499 1981 538; x_wconf 86' lang='lat' dir='ltr'><em>celerius</em></span> 
     </span>
     <span class='ocr_line' id='line_1_6' title="bbox 274 558 1800 612; baseline -0.001 -12"><span class='ocrx_word' id='word_1_54' title='bbox 274 563 554 612; x_wconf 75' lang='lat' dir='ltr'><em>consequenda.</em></span> <span class='ocrx_word' id='word_1_55' title='bbox 582 562 712 599; x_wconf 84' lang='lat' dir='ltr'><em>Extat</em></span> <span class='ocrx_word' id='word_1_56' title='bbox 734 560 776 598; x_wconf 91' lang='lat' dir='ltr'><em>in</em></span> <span class='ocrx_word' id='word_1_57' title='bbox 798 559 930 599; x_wconf 85' lang='lat' dir='ltr'><em>veteri</em></span> <span class='ocrx_word' id='word_1_58' title='bbox 952 559 1090 599; x_wconf 86' lang='lat' dir='ltr'><em>codice</em></span> <span class='ocrx_word' id='word_1_59' title='bbox 1114 574 1189 598; x_wconf 89' lang='lat' dir='ltr'><em>ms.</em></span> <span class='ocrx_word' id='word_1_60' title='bbox 1214 559 1372 598; x_wconf 79' lang='lat' dir='ltr'><em>archivi</em></span> <span class='ocrx_word' id='word_1_61' title='bbox 1393 559 1492 609; x_wconf 81' lang='lat' dir='ltr'><em>regii</em></span> <span class='ocrx_word' id='word_1_62' title='bbox 1516 558 1752 598; x_wconf 89' lang='lat' dir='ltr'><em>Parisiensis</em></span> <span class='ocrx_word' id='word_1_63' title='bbox 1771 558 1800 598; x_wconf 75' lang='lat'><em>¹.</em></span> 
     </span>
    </p>

    <p class='ocr_par' dir='ltr' id='par_1_4' title="bbox 272 618 1981 1377">
     <span class='ocr_line' id='line_1_7' title="bbox 327 618 1979 672; baseline -0.002 -12"><span class='ocrx_word' id='word_1_64' title='bbox 327 623 474 661; x_wconf 79' lang='lat' dir='ltr'><em>Postea</em></span> <span class='ocrx_word' id='word_1_65' title='bbox 508 636 600 660; x_wconf 89' lang='lat' dir='ltr'><em>cum</em></span> <span class='ocrx_word' id='word_1_66' title='bbox 632 620 864 672; x_wconf 80' lang='lat' dir='ltr'><em>pertinacia</em></span> <span class='ocrx_word' id='word_1_67' title='bbox 896 619 1111 658; x_wconf 78' lang='lat' dir='ltr'><em>Benedicti</em></span> <span class='ocrx_word' id='word_1_68' title='bbox 1144 619 1345 669; x_wconf 79' lang='lat' dir='ltr'><em>exegisset</em></span> <span class='ocrx_word' id='word_1_69' title='bbox 1378 627 1425 657; x_wconf 91' lang='lat' dir='ltr'><em>ut</em></span> <span class='ocrx_word' id='word_1_70' title='bbox 1457 619 1583 657; x_wconf 89' lang='lat' dir='ltr'><em>etiam</em></span> <span class='ocrx_word' id='word_1_71' title='bbox 1616 618 1739 658; x_wconf 91' lang='lat' dir='ltr'><em>amici</em></span> <span class='ocrx_word' id='word_1_72' title='bbox 1769 618 1856 669; x_wconf 88' lang='lat' dir='ltr'><em>ejus</em></span> <span class='ocrx_word' id='word_1_73' title='bbox 1888 633 1979 657; x_wconf 90' lang='lat' dir='ltr'><em>eum</em></span> 
     </span>
     <span class='ocr_line' id='line_1_8' title="bbox 274 679 1980 730; baseline -0.002 -10"><span class='ocrx_word' id='word_1_74' title='bbox 274 683 519 729; x_wconf 76' lang='lat' dir='ltr'><em>desererent,</em></span> <span class='ocrx_word' id='word_1_75' title='bbox 537 680 773 719; x_wconf 86' lang='lat' dir='ltr'><em>Leonardus</em></span> <span class='ocrx_word' id='word_1_76' title='bbox 790 694 954 730; x_wconf 85' lang='lat' dir='ltr'><em>quoque</em></span> <span class='ocrx_word' id='word_1_77' title='bbox 976 694 1070 719; x_wconf 90' lang='lat' dir='ltr'><em>eum</em></span> <span class='ocrx_word' id='word_1_78' title='bbox 1090 679 1270 717; x_wconf 84' lang='lat' dir='ltr'><em>deseruit</em></span> <span class='ocrx_word' id='word_1_79' title='bbox 1285 693 1393 717; x_wconf 89' lang='lat' dir='ltr'><em>anno</em></span> <span class='ocrx_word' id='word_1_80' title='bbox 1413 679 1816 726; x_wconf 82' lang='lat' dir='ltr'><em>MCCCXCVIII,-ut</em></span> <span class='ocrx_word' id='word_1_81' title='bbox 1838 686 1980 717; x_wconf 86' lang='lat' dir='ltr'><em>narrat</em></span> 
     </span>
     <span class='ocr_line' id='line_1_9' title="bbox 273 738 1980 791; baseline -0.002 -11"><span class='ocrx_word' id='word_1_82' title='bbox 273 741 423 780; x_wconf 87' lang='lat' dir='ltr'><em>Surita.</em></span> <span class='ocrx_word' id='word_1_83' title='bbox 446 741 534 790; x_wconf 88' lang='lat' dir='ltr'><em>Qua</em></span> <span class='ocrx_word' id='word_1_84' title='bbox 552 748 819 791; x_wconf 79' lang='lat' dir='ltr'><em>tempestate,</em></span> <span class='ocrx_word' id='word_1_85' title='bbox 838 748 885 777; x_wconf 92' lang='lat' dir='ltr'><em>ut</em></span> <span class='ocrx_word' id='word_1_86' title='bbox 904 738 1005 778; x_wconf 92' lang='lat' dir='ltr'><em>mihi</em></span> <span class='ocrx_word' id='word_1_87' title='bbox 1022 739 1202 786; x_wconf 79' lang='lat' dir='ltr'><em>videtur,</em></span> <span class='ocrx_word' id='word_1_88' title='bbox 1222 738 1386 789; x_wconf 79' lang='lat' dir='ltr'><em>scripsit</em></span> <span class='ocrx_word' id='word_1_89' title='bbox 1403 747 1634 777; x_wconf 88' lang='lat' dir='ltr'><em>tractatum</em></span> <span class='ocrx_word' id='word_1_90' title='bbox 1653 738 1849 777; x_wconf 76' lang='lat' dir='ltr'><em>adversus</em></span> <span class='ocrx_word' id='word_1_91' title='bbox 1869 752 1980 777; x_wconf 89' lang='lat' dir='ltr'><em>eum-</em></span> 
     </span>
     <span class='ocr_line' id='line_1_10' title="bbox 274 796 1979 849; baseline -0.002 -10"><span class='ocrx_word' id='word_1_92' title='bbox 274 802 366 841; x_wconf 85' lang='lat' dir='ltr'><em>dem</em></span> <span class='ocrx_word' id='word_1_93' title='bbox 389 800 662 839; x_wconf 79' lang='lat' dir='ltr'><em>Beneclictum</em></span> <span class='ocrx_word' id='word_1_94' title='bbox 686 808 891 849; x_wconf 87' lang='lat' dir='ltr'><em>tanquam</em></span> <span class='ocrx_word' id='word_1_95' title='bbox 914 798 1183 845; x_wconf 88' lang='lat' dir='ltr'><em>haereticum,</em></span> <span class='ocrx_word' id='word_1_96' title='bbox 1210 798 1280 848; x_wconf 88' lang='lat' dir='ltr'><em>qui</em></span> <span class='ocrx_word' id='word_1_97' title='bbox 1303 798 1482 836; x_wconf 86' lang='lat' dir='ltr'><em>habetur</em></span> <span class='ocrx_word' id='word_1_98' title='bbox 1505 798 1547 836; x_wconf 89' lang='lat' dir='ltr'><em>in</em></span> <span class='ocrx_word' id='word_1_99' title='bbox 1571 798 1708 837; x_wconf 84' lang='lat' dir='ltr'><em>codice</em></span> <span class='ocrx_word' id='word_1_100' title='bbox 1730 796 1812 836; x_wconf 80' lang='grc'><em>820</em></span> <span class='ocrx_word' id='word_1_101' title='bbox 1833 797 1979 836; x_wconf 90' lang='lat' dir='ltr'><em>biblio-</em></span> 
     </span>
     <span class='ocr_line' id='line_1_11' title="bbox 272 857 1978 907; baseline -0.002 -8"><span class='ocrx_word' id='word_1_102' title='bbox 272 862 415 899; x_wconf 85' lang='lat' dir='ltr'><em>thecae</em></span> <span class='ocrx_word' id='word_1_103' title='bbox 453 860 711 899; x_wconf 87' lang='lat' dir='ltr'><em>Colbertinae</em></span> <span class='ocrx_word' id='word_1_104' title='bbox 730 859 758 907; x_wconf 78' lang='lat'><em>²,</em></span> <span class='ocrx_word' id='word_1_105' title='bbox 793 860 838 897; x_wconf 89' lang='lat' dir='ltr'><em>ln</em></span> <span class='ocrx_word' id='word_1_106' title='bbox 869 858 1006 897; x_wconf 86' lang='lat' dir='ltr'><em>codice</em></span> <span class='ocrx_word' id='word_1_107' title='bbox 1029 873 1125 896; x_wconf 87' lang='lat' dir='ltr'><em>vero</em></span> <span class='ocrx_word' id='word_1_108' title='bbox 1154 857 1259 896; x_wconf 77' lang='grc'><em>2743</em></span> <span class='ocrx_word' id='word_1_109' title='bbox 1293 857 1475 907; x_wconf 84' lang='lat' dir='ltr'><em>ejusdem</em></span> <span class='ocrx_word' id='word_1_110' title='bbox 1512 858 1801 905; x_wconf 79' lang='lat' dir='ltr'><em>bibliothecae,</em></span> <span class='ocrx_word' id='word_1_111' title='bbox 1828 857 1870 895; x_wconf 90' lang='lat' dir='ltr'><em>in</em></span> <span class='ocrx_word' id='word_1_112' title='bbox 1898 871 1978 907; x_wconf 89' lang='lat' dir='ltr'><em>quo</em></span> 
     </span>
     <span class='ocr_line' id='line_1_12' title="bbox 274 917 1979 969; baseline -0.002 -11"><span class='ocrx_word' id='word_1_113' title='bbox 274 920 510 960; x_wconf 83' lang='lat' dir='ltr'><em>continetur</em></span> <span class='ocrx_word' id='word_1_114' title='bbox 559 920 775 969; x_wconf 81' lang='lat' dir='ltr'><em>Catalogus</em></span> <span class='ocrx_word' id='word_1_115' title='bbox 823 917 1097 956; x_wconf 82' lang='lat' dir='ltr'><em>bibliothecae</em></span> <span class='ocrx_word' id='word_1_116' title='bbox 1131 917 1146 940; x_wconf 85' lang='lat'><strong>3</strong></span> <span class='ocrx_word' id='word_1_117' title='bbox 1197 917 1383 968; x_wconf 78' lang='lat' dir='ltr'><em>ejusdem</em></span> <span class='ocrx_word' id='word_1_118' title='bbox 1433 917 1660 965; x_wconf 86' lang='lat' dir='ltr'><em>Benedicti,</em></span> <span class='ocrx_word' id='word_1_119' title='bbox 1719 917 1774 956; x_wconf 91' lang='lat' dir='ltr'><em>sic</em></span> <span class='ocrx_word' id='word_1_120' title='bbox 1831 917 1979 967; x_wconf 75' lang='lat' dir='ltr'><em>legitur</em></span> 
     </span>
     <span class='ocr_line' id='line_1_13' title="bbox 274 974 1981 1027; baseline -0.002 -9"><span class='ocrx_word' id='word_1_121' title='bbox 274 981 341 1018; x_wconf 82' lang='lat' dir='ltr'><em>fol.</em></span> <span class='ocrx_word' id='word_1_122' title='bbox 383 979 455 1017; x_wconf 82' lang='lat'><em>107</em></span> <span class='ocrx_word' id='word_1_123' title='bbox 491 987 526 1017; x_wconf 66' lang='lat'><em>1²0</em></span> <span class='ocrx_word' id='word_1_124' title='bbox 565 995 572 1017; x_wconf 90' lang='lat'><strong>:</strong></span> <span class='ocrx_word' id='word_1_125' title='bbox 622 979 720 1017; x_wconf 90' lang='lat' dir='ltr'><em>Item</em></span> <span class='ocrx_word' id='word_1_126' title='bbox 760 978 859 1016; x_wconf 83' lang='lat' dir='ltr'><em>liber</em></span> <span class='ocrx_word' id='word_1_127' title='bbox 898 974 1208 1027; x_wconf 82' lang='lat' dir='ltr'><em>Soliloquiorum</em></span> <span class='ocrx_word' id='word_1_128' title='bbox 1254 977 1387 1015; x_wconf 86' lang='lat' dir='ltr'><em>anime</em></span> <span class='ocrx_word' id='word_1_129' title='bbox 1422 977 1635 1027; x_wconf 82' lang='lat' dir='ltr'><em>penitentis</em></span> <span class='ocrx_word' id='word_1_130' title='bbox 1682 978 1735 1015; x_wconf 80' lang='lat' dir='ltr'><em>ad</em></span> <span class='ocrx_word' id='word_1_131' title='bbox 1772 977 1903 1014; x_wconf 84' lang='lat' dir='ltr'><em>Deam</em></span> <span class='ocrx_word' id='word_1_132' title='bbox 1929 977 1981 1014; x_wconf 81' lang='lat' dir='ltr'><em>aol</em></span> 
     </span>
     <span class='ocr_line' id='line_1_14' title="bbox 274 1036 1977 1089; baseline -0.002 -12"><span class='ocrx_word' id='word_1_133' title='bbox 274 1039 567 1089; x_wconf 70' lang='lat' dir='ltr'><em>impetrandum</em></span> <span class='ocrx_word' id='word_1_134' title='bbox 614 1038 784 1088; x_wconf 79' lang='lat' dir='ltr'><em>gratiam</em></span> <span class='ocrx_word' id='word_1_135' title='bbox 822 1046 856 1075; x_wconf 89' lang='lat' dir='ltr'><em>et</em></span> <span class='ocrx_word' id='word_1_136' title='bbox 893 1038 1102 1087; x_wconf 68' lang='lat' dir='ltr'><em>lacrymas,</em></span> <span class='ocrx_word' id='word_1_137' title='bbox 1143 1036 1362 1075; x_wconf 84' lang='lat' dir='ltr'><em>cardinalis</em></span> <span class='ocrx_word' id='word_1_138' title='bbox 1407 1038 1450 1074; x_wconf 83' lang='lat' dir='ltr'><em>de</em></span> <span class='ocrx_word' id='word_1_139' title='bbox 1498 1036 1672 1086; x_wconf 74' lang='lat' dir='ltr'><em>Gijfono,</em></span> <span class='ocrx_word' id='word_1_140' title='bbox 1711 1045 1752 1074; x_wconf 88' lang='lat' dir='ltr'><em>ut</em></span> <span class='ocrx_word' id='word_1_141' title='bbox 1797 1036 1977 1074; x_wconf 83' lang='lat' dir='ltr'><em>creditur.</em></span> 
     </span>
     <span class='ocr_line' id='line_1_15' title="bbox 275 1095 1978 1149; baseline -0.002 -12"><span class='ocrx_word' id='word_1_142' title='bbox 275 1100 404 1137; x_wconf 83' lang='lat' dir='ltr'><em>Extat</em></span> <span class='ocrx_word' id='word_1_143' title='bbox 437 1107 649 1149; x_wconf 84' lang='lat' dir='ltr'><em>praeterea</em></span> <span class='ocrx_word' id='word_1_144' title='bbox 693 1097 735 1135; x_wconf 90' lang='lat' dir='ltr'><em>in</em></span> <span class='ocrx_word' id='word_1_145' title='bbox 778 1097 909 1136; x_wconf 81' lang='lat' dir='ltr'><em>Veteri</em></span> <span class='ocrx_word' id='word_1_146' title='bbox 960 1096 1098 1135; x_wconf 86' lang='lat' dir='ltr'><em>codice</em></span> <span class='ocrx_word' id='word_1_147' title='bbox 1133 1111 1207 1135; x_wconf 90' lang='lat' dir='ltr'><em>ms.</em></span> <span class='ocrx_word' id='word_1_148' title='bbox 1256 1096 1497 1135; x_wconf 89' lang='lat' dir='ltr'><em>Carthusiae</em></span> <span class='ocrx_word' id='word_1_149' title='bbox 1513 1095 1529 1119; x_wconf 78' lang='lat'>4</span> <span class='ocrx_word' id='word_1_150' title='bbox 1561 1095 1730 1146; x_wconf 85' lang='lat' dir='ltr'><em>majoris</em></span> <span class='ocrx_word' id='word_1_151' title='bbox 1773 1104 1978 1135; x_wconf 86' lang='lat' dir='ltr'><em>tractatus</em></span> 
     </span>
     <span class='ocr_line' id='line_1_16' title="bbox 272 1155 1978 1209; baseline -0.003 -11"><span class='ocrx_word' id='word_1_152' title='bbox 272 1159 457 1209; x_wconf 87' lang='lat' dir='ltr'><em>ejusdem</em></span> <span class='ocrx_word' id='word_1_153' title='bbox 503 1157 719 1196; x_wconf 88' lang='lat' dir='ltr'><em>cardinalis</em></span> <span class='ocrx_word' id='word_1_154' title='bbox 756 1156 933 1208; x_wconf 86' lang='lat' dir='ltr'><em>scriptus</em></span> <span class='ocrx_word' id='word_1_155' title='bbox 970 1171 1078 1194; x_wconf 90' lang='lat' dir='ltr'><em>anno</em></span> <span class='ocrx_word' id='word_1_156' title='bbox 1115 1155 1396 1195; x_wconf 85' lang='lat' dir='ltr'><em>sextodecimo</em></span> <span class='ocrx_word' id='word_1_157' title='bbox 1434 1164 1529 1207; x_wconf 90' lang='lat' dir='ltr'><em>post</em></span> <span class='ocrx_word' id='word_1_158' title='bbox 1559 1164 1750 1194; x_wconf 86' lang='lat' dir='ltr'><em>exortum</em></span> <span class='ocrx_word' id='word_1_159' title='bbox 1787 1155 1978 1203; x_wconf 85' lang='lat' dir='ltr'><em>schisma,</em></span> 
     </span>
     <span class='ocr_line' id='line_1_17' title="bbox 273 1215 1980 1268; baseline -0.002 -11"><span class='ocrx_word' id='word_1_160' title='bbox 273 1219 313 1257; x_wconf 86' lang='lat' dir='ltr'><em>in</em></span> <span class='ocrx_word' id='word_1_161' title='bbox 338 1233 419 1268; x_wconf 88' lang='lat' dir='ltr'><em>quo</em></span> <span class='ocrx_word' id='word_1_162' title='bbox 445 1217 633 1268; x_wconf 87' lang='lat' dir='ltr'><em>disputat</em></span> <span class='ocrx_word' id='word_1_163' title='bbox 664 1217 806 1255; x_wconf 87' lang='lat' dir='ltr'><em>Utrum</em></span> <span class='ocrx_word' id='word_1_164' title='bbox 830 1217 895 1254; x_wconf 68' lang='lat' dir='ltr'><em>via</em></span> <span class='ocrx_word' id='word_1_165' title='bbox 919 1216 1236 1254; x_wconf 76' lang='lat' dir='ltr'><em>renunciationis</em></span> <span class='ocrx_word' id='word_1_166' title='bbox 1260 1215 1409 1254; x_wconf 88' lang='lat' dir='ltr'><em>summi</em></span> <span class='ocrx_word' id='word_1_167' title='bbox 1434 1215 1639 1266; x_wconf 74' lang='lat' dir='ltr'><em>pontificis</em></span> <span class='ocrx_word' id='word_1_168' title='bbox 1663 1215 1716 1253; x_wconf 85' lang='lat' dir='ltr'><em>sit</em></span> <span class='ocrx_word' id='word_1_169' title='bbox 1739 1216 1980 1265; x_wconf 85' lang='lat' dir='ltr'><em>acceptanda</em></span> 
     </span>
     <span class='ocr_line' id='line_1_18' title="bbox 272 1275 1978 1327; baseline -0.002 -11"><span class='ocrx_word' id='word_1_170' title='bbox 272 1293 313 1316; x_wconf 93' lang='lat' dir='ltr'><em>eo</em></span> <span class='ocrx_word' id='word_1_171' title='bbox 327 1279 438 1316; x_wconf 79' lang='lat' dir='ltr'><em>moclo</em></span> <span class='ocrx_word' id='word_1_172' title='bbox 451 1278 581 1315; x_wconf 85' lang='lat' dir='ltr'><em>oblata</em></span> <span class='ocrx_word' id='word_1_173' title='bbox 595 1291 668 1327; x_wconf 78' lang='lat' dir='ltr'><em>quo</em></span> <span class='ocrx_word' id='word_1_174' title='bbox 682 1292 706 1314; x_wconf 92' lang='lat' dir='ltr'><em>a</em></span> <span class='ocrx_word' id='word_1_175' title='bbox 719 1276 926 1314; x_wconf 80' lang='lat' dir='ltr'><em>nonnullis</em></span> <span class='ocrx_word' id='word_1_176' title='bbox 939 1276 1178 1327; x_wconf 79' lang='lat' dir='ltr'><em>proponitur</em></span> <span class='ocrx_word' id='word_1_177' title='bbox 1191 1284 1232 1314; x_wconf 86' lang='lat' dir='ltr'><em>et</em></span> <span class='ocrx_word' id='word_1_178' title='bbox 1245 1290 1298 1313; x_wconf 90' lang='lat' dir='ltr'><em>an</em></span> <span class='ocrx_word' id='word_1_179' title='bbox 1312 1275 1542 1314; x_wconf 84' lang='lat' dir='ltr'><em>subtractio</em></span> <span class='ocrx_word' id='word_1_180' title='bbox 1556 1275 1814 1314; x_wconf 86' lang='lat' dir='ltr'><em>obedientiae</em></span> <span class='ocrx_word' id='word_1_181' title='bbox 1829 1275 1978 1314; x_wconf 88' lang='lat' dir='ltr'><em>debeat</em></span> 
     </span>
     <span class='ocr_line' id='line_1_19' title="bbox 275 1337 748 1377; baseline -0.002 0"><span class='ocrx_word' id='word_1_182' title='bbox 275 1337 361 1377; x_wconf 89' lang='lat' dir='ltr'><em>fieri</em></span> <span class='ocrx_word' id='word_1_183' title='bbox 378 1337 602 1376; x_wconf 85' lang='lat' dir='ltr'><em>Benedicto</em></span> <span class='ocrx_word' id='word_1_184' title='bbox 625 1337 748 1376; x_wconf 87' lang='lat' dir='ltr'>XIII.</span> 
     </span>
    </p>

    <p class='ocr_par' dir='ltr' id='par_1_5' title="bbox 266 1394 1980 2278">
     <span class='ocr_line' id='line_1_20' title="bbox 326 1394 1978 1446; baseline -0.002 -11"><span class='ocrx_word' id='word_1_185' title='bbox 326 1398 368 1436; x_wconf 87' lang='lat' dir='ltr'><em>P.</em></span> <span class='ocrx_word' id='word_1_186' title='bbox 383 1397 472 1444; x_wconf 77' lang='lat'><em>473,</em></span> <span class='ocrx_word' id='word_1_187' title='bbox 485 1396 551 1446; x_wconf 78' lang='lat' dir='ltr'><em>lig.</em></span> <span class='ocrx_word' id='word_1_188' title='bbox 565 1396 627 1435; x_wconf 78' lang='grc'><em>23.</em></span> <span class='ocrx_word' id='word_1_189' title='bbox 644 1396 905 1434; x_wconf 81' lang='lat' dir='ltr'><strong>NICHOLAUM</strong></span> <span class='ocrx_word' id='word_1_190' title='bbox 922 1399 980 1433; x_wconf 40' lang='lat' dir='ltr'><em>DE*</em></span> <span class='ocrx_word' id='word_1_191' title='bbox 994 1396 1031 1434; x_wconf 92' lang='lat' dir='ltr'><em>S.</em></span> <span class='ocrx_word' id='word_1_192' title='bbox 1047 1396 1314 1433; x_wconf 75' lang='lat' dir='ltr'><em>SATURNINO.</em></span> <span class='ocrx_word' id='word_1_193' title='bbox 1334 1395 1454 1432; x_wconf 91' lang='lat' dir='ltr'><em>Illum</em></span> <span class='ocrx_word' id='word_1_194' title='bbox 1467 1409 1576 1432; x_wconf 93' lang='lat' dir='ltr'><em>anno</em></span> <span class='ocrx_word' id='word_1_195' title='bbox 1590 1394 1978 1442; x_wconf 84' lang='lat' dir='ltr'>MCCCLXXVIH,</span> 
     </span>
     <span class='ocr_line' id='line_1_21' title="bbox 271 1454 1978 1507; baseline -0.002 -12"><span class='ocrx_word' id='word_1_196' title='bbox 271 1457 334 1495; x_wconf 89' lang='lat' dir='ltr'><em>die</em></span> <span class='ocrx_word' id='word_1_197' title='bbox 351 1472 408 1495; x_wconf 83' lang='lat' dir='ltr'><em>xv</em></span> <span class='ocrx_word' id='word_1_198' title='bbox 422 1456 525 1507; x_wconf 84' lang='lat' dir='ltr'><em>julii,</em></span> <span class='ocrx_word' id='word_1_199' title='bbox 542 1456 714 1495; x_wconf 89' lang='lat' dir='ltr'><em>missum</em></span> <span class='ocrx_word' id='word_1_200' title='bbox 730 1455 852 1494; x_wconf 84' lang='lat' dir='ltr'><em>fuisse</em></span> <span class='ocrx_word' id='word_1_201' title='bbox 869 1469 891 1493; x_wconf 88' lang='lat' dir='ltr'><em>a</em></span> <span class='ocrx_word' id='word_1_202' title='bbox 908 1454 1186 1493; x_wconf 84' lang='lat' dir='ltr'><em>cardinalibus</em></span> <span class='ocrx_word' id='word_1_203' title='bbox 1204 1455 1256 1492; x_wconf 86' lang='lat' dir='ltr'><em>ad</em></span> <span class='ocrx_word' id='word_1_204' title='bbox 1272 1468 1409 1504; x_wconf 81' lang='lat' dir='ltr'><em>regem</em></span> <span class='ocrx_word' id='word_1_205' title='bbox 1428 1455 1681 1494; x_wconf 78' lang='lat' dir='ltr'><em>Francorum</em></span> <span class='ocrx_word' id='word_1_206' title='bbox 1699 1454 1820 1493; x_wconf 89' lang='lat' dir='ltr'><em>docet</em></span> <span class='ocrx_word' id='word_1_207' title='bbox 1837 1468 1978 1492; x_wconf 87' lang='lat' dir='ltr'><em>eorum</em></span> 
     </span>
     <span class='ocr_line' id='line_1_22' title="bbox 270 1513 1980 1567; baseline -0.002 -12"><span class='ocrx_word' id='word_1_208' title='bbox 270 1516 443 1567; x_wconf 86' lang='lat' dir='ltr'><em>epistola</em></span> <span class='ocrx_word' id='word_1_209' title='bbox 472 1516 583 1554; x_wconf 88' lang='lat' dir='ltr'><em>edita</em></span> <span class='ocrx_word' id='word_1_210' title='bbox 611 1515 653 1553; x_wconf 91' lang='lat' dir='ltr'><em>in</em></span> <span class='ocrx_word' id='word_1_211' title='bbox 681 1524 796 1555; x_wconf 90' lang='lat' dir='ltr'><em>tomo</em></span> <span class='ocrx_word' id='word_1_212' title='bbox 826 1523 975 1565; x_wconf 84' lang='lat' dir='ltr'><em>quarto</em></span> <span class='ocrx_word' id='word_1_213' title='bbox 1004 1514 1209 1552; x_wconf 84' lang='lat' dir='ltr'><em>Historiae</em></span> <span class='ocrx_word' id='word_1_214' title='bbox 1244 1514 1527 1552; x_wconf 68' lang='lat' dir='ltr'><em>Universitatis</em></span> <span class='ocrx_word' id='word_1_215' title='bbox 1555 1514 1707 1562; x_wconf 88' lang='lat' dir='ltr'><em>Paris.,</em></span> <span class='ocrx_word' id='word_1_216' title='bbox 1737 1529 1776 1564; x_wconf 88' lang='lat' dir='ltr'><em>p.</em></span> <span class='ocrx_word' id='word_1_217' title='bbox 1807 1513 1897 1561; x_wconf 86' lang='grc'><em>465,</em></span> <span class='ocrx_word' id='word_1_218' title='bbox 1927 1529 1980 1552; x_wconf 84' lang='lat' dir='ltr'><em>ex</em></span> 
     </span>
     <span class='ocr_line' id='line_1_23' title="bbox 269 1573 1978 1624; baseline -0.003 -9"><span class='ocrx_word' id='word_1_219' title='bbox 269 1576 406 1615; x_wconf 90' lang='lat' dir='ltr'><em>codice</em></span> <span class='ocrx_word' id='word_1_220' title='bbox 428 1575 507 1614; x_wconf 81' lang='grc'><em>843</em></span> <span class='ocrx_word' id='word_1_221' title='bbox 523 1575 665 1614; x_wconf 83' lang='lat' dir='ltr'><em>Sancti</em></span> <span class='ocrx_word' id='word_1_222' title='bbox 682 1574 858 1614; x_wconf 87' lang='lat' dir='ltr'><em>Victoris</em></span> <span class='ocrx_word' id='word_1_223' title='bbox 883 1573 1121 1612; x_wconf 88' lang='lat' dir='ltr'><em>Parisiensis</em></span> <span class='ocrx_word' id='word_1_224' title='bbox 1135 1574 1164 1612; x_wconf 84' lang='lat'><em>5.</em></span> <span class='ocrx_word' id='word_1_225' title='bbox 1190 1573 1339 1612; x_wconf 89' lang='lat' dir='ltr'><em>Similis</em></span> <span class='ocrx_word' id='word_1_226' title='bbox 1355 1573 1529 1624; x_wconf 88' lang='lat' dir='ltr'><em>epistola</em></span> <span class='ocrx_word' id='word_1_227' title='bbox 1547 1574 1726 1612; x_wconf 88' lang='lat' dir='ltr'><em>habetur</em></span> <span class='ocrx_word' id='word_1_228' title='bbox 1740 1573 1782 1611; x_wconf 89' lang='lat' dir='ltr'><em>in</em></span> <span class='ocrx_word' id='word_1_229' title='bbox 1799 1573 1978 1623; x_wconf 81' lang='lat' dir='ltr'><em>Regestis</em></span> 
     </span>
     <span class='ocr_line' id='line_1_24' title="bbox 268 1632 1978 1686; baseline -0.001 -13"><span class='ocrx_word' id='word_1_230' title='bbox 268 1635 516 1686; x_wconf 88' lang='lat' dir='ltr'><em>parlamenti</em></span> <span class='ocrx_word' id='word_1_231' title='bbox 546 1633 798 1673; x_wconf 88' lang='lat' dir='ltr'><em>Parisiensis.</em></span> <span class='ocrx_word' id='word_1_232' title='bbox 831 1633 1057 1672; x_wconf 85' lang='lat' dir='ltr'><em>Advenisse</em></span> <span class='ocrx_word' id='word_1_233' title='bbox 1087 1633 1204 1673; x_wconf 88' lang='lat' dir='ltr'><em>illum</em></span> <span class='ocrx_word' id='word_1_234' title='bbox 1235 1632 1448 1671; x_wconf 86' lang='lat' dir='ltr'><em>Lutetiam</em></span> <span class='ocrx_word' id='word_1_235' title='bbox 1478 1647 1616 1671; x_wconf 88' lang='lat' dir='ltr'><em>mense</em></span> <span class='ocrx_word' id='word_1_236' title='bbox 1648 1641 1826 1683; x_wconf 78' lang='lat' dir='ltr'><em>augusto</em></span> <span class='ocrx_word' id='word_1_237' title='bbox 1858 1633 1978 1671; x_wconf 89' lang='lat' dir='ltr'><em>docet</em></span> 
     </span>
     <span class='ocr_line' id='line_1_25' title="bbox 268 1691 1977 1743; baseline -0.002 -10"><span class='ocrx_word' id='word_1_238' title='bbox 268 1695 534 1734; x_wconf 88' lang='lat' dir='ltr'><em>continuator</em></span> <span class='ocrx_word' id='word_1_239' title='bbox 562 1694 713 1743; x_wconf 82' lang='lat' dir='ltr'><em>Nangii</em></span> <span class='ocrx_word' id='word_1_240' title='bbox 732 1694 759 1741; x_wconf 78' lang='lat'><em>⁶,</em></span> <span class='ocrx_word' id='word_1_241' title='bbox 786 1693 827 1731; x_wconf 87' lang='lat' dir='ltr'><em>id</em></span> <span class='ocrx_word' id='word_1_242' title='bbox 854 1702 930 1741; x_wconf 89' lang='lat' dir='ltr'><em>est,</em></span> <span class='ocrx_word' id='word_1_243' title='bbox 959 1693 1070 1739; x_wconf 14' lang='lat' dir='ltr'><em>circa»</em></span> <span class='ocrx_word' id='word_1_244' title='bbox 1092 1693 1275 1732; x_wconf 90' lang='lat' dir='ltr'><em>medium</em></span> <span class='ocrx_word' id='word_1_245' title='bbox 1302 1692 1451 1732; x_wconf 86' lang='lat' dir='ltr'><em>mensis</em></span> <span class='ocrx_word' id='word_1_246' title='bbox 1479 1692 1659 1742; x_wconf 82' lang='lat' dir='ltr'><em>augusti,</em></span> <span class='ocrx_word' id='word_1_247' title='bbox 1687 1701 1735 1730; x_wconf 86' lang='lat' dir='ltr'><em>ut</em></span> <span class='ocrx_word' id='word_1_248' title='bbox 1761 1692 1911 1743; x_wconf 82' lang='lat' dir='ltr'><em>legitur</em></span> <span class='ocrx_word' id='word_1_249' title='bbox 1936 1691 1977 1729; x_wconf 91' lang='lat' dir='ltr'><em>in</em></span> 
     </span>
     <span class='ocr_line' id='line_1_26' title="bbox 268 1751 1978 1805; baseline -0.002 -12"><span class='ocrx_word' id='word_1_250' title='bbox 268 1754 524 1805; x_wconf 80' lang='lat' dir='ltr'><em>expositione</em></span> <span class='ocrx_word' id='word_1_251' title='bbox 551 1768 688 1793; x_wconf 89' lang='lat' dir='ltr'><em>rerum</em></span> <span class='ocrx_word' id='word_1_252' title='bbox 715 1753 758 1791; x_wconf 94' lang='lat' dir='ltr'><em>in</em></span> <span class='ocrx_word' id='word_1_253' title='bbox 787 1753 917 1792; x_wconf 89' lang='lat' dir='ltr'><em>Gallia</em></span> <span class='ocrx_word' id='word_1_254' title='bbox 946 1761 1038 1791; x_wconf 91' lang='lat' dir='ltr'><em>tum</em></span> <span class='ocrx_word' id='word_1_255' title='bbox 1067 1761 1277 1802; x_wconf 80' lang='lat' dir='ltr'><em>gestarum</em></span> <span class='ocrx_word' id='word_1_256' title='bbox 1304 1751 1461 1790; x_wconf 86' lang='lat' dir='ltr'><em>tradita</em></span> <span class='ocrx_word' id='word_1_257' title='bbox 1490 1752 1632 1790; x_wconf 90' lang='lat' dir='ltr'><em>comiti</em></span> <span class='ocrx_word' id='word_1_258' title='bbox 1662 1751 1879 1791; x_wconf 87' lang='lat' dir='ltr'><em>Flandriae</em></span> <span class='ocrx_word' id='word_1_259' title='bbox 1907 1766 1978 1802; x_wconf 88' lang='lat' dir='ltr'><em>per</em></span> 
     </span>
     <span class='ocr_line' id='line_1_27' title="bbox 270 1811 1978 1862; baseline -0.002 -10"><span class='ocrx_word' id='word_1_260' title='bbox 270 1815 474 1852; x_wconf 82' lang='lat' dir='ltr'><em>Joannem</em></span> <span class='ocrx_word' id='word_1_261' title='bbox 504 1813 626 1851; x_wconf 85' lang='lat' dir='ltr'><em>Fabri</em></span> <span class='ocrx_word' id='word_1_262' title='bbox 652 1813 851 1852; x_wconf 89' lang='lat' dir='ltr'><em>abbatem</em></span> <span class='ocrx_word' id='word_1_263' title='bbox 878 1812 1019 1851; x_wconf 84' lang='lat' dir='ltr'><em>Sancti</em></span> <span class='ocrx_word' id='word_1_264' title='bbox 1047 1812 1230 1859; x_wconf 87' lang='lat' dir='ltr'><em>Vedasti,</em></span> <span class='ocrx_word' id='word_1_265' title='bbox 1259 1826 1363 1862; x_wconf 85' lang='lat' dir='ltr'><em>quae</em></span> <span class='ocrx_word' id='word_1_266' title='bbox 1391 1811 1503 1850; x_wconf 85' lang='lat' dir='ltr'><em>edita</em></span> <span class='ocrx_word' id='word_1_267' title='bbox 1530 1820 1591 1850; x_wconf 90' lang='lat' dir='ltr'><em>est</em></span> <span class='ocrx_word' id='word_1_268' title='bbox 1618 1811 1660 1849; x_wconf 88' lang='lat' dir='ltr'><em>in</em></span> <span class='ocrx_word' id='word_1_269' title='bbox 1685 1820 1801 1850; x_wconf 91' lang='lat' dir='ltr'><em>tomo</em></span> <span class='ocrx_word' id='word_1_270' title='bbox 1828 1819 1978 1862; x_wconf 85' lang='lat' dir='ltr'><em>quarto</em></span> 
     </span>
     <span class='ocr_line' id='line_1_28' title="bbox 270 1871 1978 1922; baseline -0.002 -11"><span class='ocrx_word' id='word_1_271' title='bbox 270 1874 473 1911; x_wconf 86' lang='lat' dir='ltr'><em>Historiae</em></span> <span class='ocrx_word' id='word_1_272' title='bbox 507 1872 787 1911; x_wconf 67' lang='lat' dir='ltr'><em>Universitatis</em></span> <span class='ocrx_word' id='word_1_273' title='bbox 815 1872 1077 1919; x_wconf 85' lang='lat' dir='ltr'><em>Parisiensis,</em></span> <span class='ocrx_word' id='word_1_274' title='bbox 1104 1886 1145 1922; x_wconf 89' lang='lat' dir='ltr'><em>p.</em></span> <span class='ocrx_word' id='word_1_275' title='bbox 1175 1872 1264 1910; x_wconf 77' lang='lat'><em>523.</em></span> <span class='ocrx_word' id='word_1_276' title='bbox 1298 1872 1345 1909; x_wconf 90' lang='lat' dir='ltr'><em>In</em></span> <span class='ocrx_word' id='word_1_277' title='bbox 1372 1871 1550 1920; x_wconf 80' lang='lat' dir='ltr'><em>Regestis</em></span> <span class='ocrx_word' id='word_1_278' title='bbox 1577 1871 1828 1922; x_wconf 84' lang='lat' dir='ltr'><em>parlamenti</em></span> <span class='ocrx_word' id='word_1_279' title='bbox 1854 1871 1978 1922; x_wconf 90' lang='lat' dir='ltr'><em>paulo</em></span> 
     </span>
     <span class='ocr_line' id='line_1_29' title="bbox 270 1930 1978 1981; baseline -0.001 -11"><span class='ocrx_word' id='word_1_280' title='bbox 270 1941 365 1971; x_wconf 85' lang='lat' dir='ltr'><em>ante</em></span> <span class='ocrx_word' id='word_1_281' title='bbox 391 1932 570 1971; x_wconf 85' lang='lat' dir='ltr'><em>laudatis</em></span> <span class='ocrx_word' id='word_1_282' title='bbox 596 1932 847 1970; x_wconf 87' lang='lat' dir='ltr'><em>adnotatum</em></span> <span class='ocrx_word' id='word_1_283' title='bbox 872 1940 934 1970; x_wconf 85' lang='lat' dir='ltr'><em>est</em></span> <span class='ocrx_word' id='word_1_284' title='bbox 959 1932 1152 1971; x_wconf 87' lang='lat' dir='ltr'><em>eumdem</em></span> <span class='ocrx_word' id='word_1_285' title='bbox 1180 1931 1395 1969; x_wconf 88' lang='lat' dir='ltr'><em>Nicolaum</em></span> <span class='ocrx_word' id='word_1_286' title='bbox 1422 1930 1616 1969; x_wconf 86' lang='lat' dir='ltr'><em>detulisse</em></span> <span class='ocrx_word' id='word_1_287' title='bbox 1642 1945 1735 1969; x_wconf 89' lang='lat' dir='ltr'><em>eam</em></span> <span class='ocrx_word' id='word_1_288' title='bbox 1759 1930 1978 1981; x_wconf 90' lang='lat' dir='ltr'><em>epistolam</em></span> 
     </span>
     <span class='ocr_line' id='line_1_30' title="bbox 269 1990 1977 2042; baseline -0.001 -12"><span class='ocrx_word' id='word_1_289' title='bbox 269 1993 321 2030; x_wconf 89' lang='lat' dir='ltr'><em>ad</em></span> <span class='ocrx_word' id='word_1_290' title='bbox 341 1993 648 2042; x_wconf 88' lang='lat' dir='ltr'><em>parlamentum</em></span> <span class='ocrx_word' id='word_1_291' title='bbox 670 1991 733 2029; x_wconf 89' lang='lat' dir='ltr'><em>die</em></span> <span class='ocrx_word' id='word_1_292' title='bbox 755 1999 904 2041; x_wconf 87' lang='lat' dir='ltr'><em>quarta</em></span> <span class='ocrx_word' id='word_1_293' title='bbox 926 1990 1184 2041; x_wconf 87' lang='lat' dir='ltr'><em>septembris.</em></span> <span class='ocrx_word' id='word_1_294' title='bbox 1212 1991 1333 2028; x_wconf 91' lang='lat' dir='ltr'><em>Illum</em></span> <span class='ocrx_word' id='word_1_295' title='bbox 1354 1998 1512 2040; x_wconf 88' lang='lat' dir='ltr'><em>postea,</em></span> <span class='ocrx_word' id='word_1_296' title='bbox 1535 1990 1725 2040; x_wconf 84' lang='lat' dir='ltr'><em>quamvis</em></span> <span class='ocrx_word' id='word_1_297' title='bbox 1747 1991 1977 2036; x_wconf 87' lang='lat' dir='ltr'><em>absentem,</em></span> 
     </span>
     <span class='ocr_line' id='line_1_31' title="bbox 269 2049 1975 2100; baseline -0.002 -10"><span class='ocrx_word' id='word_1_298' title='bbox 269 2066 405 2090; x_wconf 89' lang='lat' dir='ltr'><em>mense</em></span> <span class='ocrx_word' id='word_1_299' title='bbox 420 2051 626 2091; x_wconf 88' lang='lat' dir='ltr'><em>decembri</em></span> <span class='ocrx_word' id='word_1_300' title='bbox 640 2051 823 2089; x_wconf 85' lang='lat' dir='ltr'><em>Clemens</em></span> <span class='ocrx_word' id='word_1_301' title='bbox 837 2051 917 2088; x_wconf 90' lang='lat' dir='ltr'><em>VII</em></span> <span class='ocrx_word' id='word_1_302' title='bbox 932 2050 1029 2089; x_wconf 86' lang='lat' dir='ltr'><em>fecit</em></span> <span class='ocrx_word' id='word_1_303' title='bbox 1044 2050 1308 2088; x_wconf 85' lang='lat' dir='ltr'><em>cardinalem.</em></span> <span class='ocrx_word' id='word_1_304' title='bbox 1324 2050 1402 2088; x_wconf 87' lang='lat' dir='ltr'><em>Sed</em></span> <span class='ocrx_word' id='word_1_305' title='bbox 1416 2064 1525 2087; x_wconf 89' lang='lat' dir='ltr'><em>anno</em></span> <span class='ocrx_word' id='word_1_306' title='bbox 1541 2049 1745 2100; x_wconf 83' lang='lat' dir='ltr'><em>sequenti,</em></span> <span class='ocrx_word' id='word_1_307' title='bbox 1761 2049 1975 2089; x_wconf 85' lang='lat' dir='ltr'><em>cumidem</em></span> 
     </span>
     <span class='ocr_line' id='line_1_32' title="bbox 267 2108 1976 2161; baseline -0.002 -12"><span class='ocrx_word' id='word_1_308' title='bbox 267 2125 375 2161; x_wconf 87' lang='lat' dir='ltr'><em>papa</em></span> <span class='ocrx_word' id='word_1_309' title='bbox 402 2110 590 2149; x_wconf 84' lang='lat' dir='ltr'><em>rediisset</em></span> <span class='ocrx_word' id='word_1_310' title='bbox 616 2110 657 2148; x_wconf 90' lang='lat' dir='ltr'><em>in</em></span> <span class='ocrx_word' id='word_1_311' title='bbox 686 2110 878 2157; x_wconf 89' lang='lat' dir='ltr'><em>Galliam,</em></span> <span class='ocrx_word' id='word_1_312' title='bbox 902 2110 1094 2148; x_wconf 89' lang='lat' dir='ltr'><em>Nicolaus</em></span> <span class='ocrx_word' id='word_1_313' title='bbox 1115 2110 1151 2148; x_wconf 90' lang='lat' dir='ltr'><em>ei</em></span> <span class='ocrx_word' id='word_1_314' title='bbox 1179 2108 1356 2148; x_wconf 87' lang='lat' dir='ltr'><em>occurrit</em></span> <span class='ocrx_word' id='word_1_315' title='bbox 1384 2109 1587 2148; x_wconf 88' lang='lat' dir='ltr'><em>Massiliae</em></span> <span class='ocrx_word' id='word_1_316' title='bbox 1615 2109 1678 2148; x_wconf 86' lang='lat' dir='ltr'><em>die</em></span> <span class='ocrx_word' id='word_1_317' title='bbox 1707 2125 1797 2148; x_wconf 86' lang='lat' dir='ltr'><em>xxv</em></span> <span class='ocrx_word' id='word_1_318' title='bbox 1823 2108 1928 2159; x_wconf 85' lang='lat' dir='ltr'><em>junii</em></span> <span class='ocrx_word' id='word_1_319' title='bbox 1948 2109 1976 2155; x_wconf 88' lang='lat'><em>7,</em></span> 
     </span>
     <span class='ocr_line' id='line_1_33' title="bbox 267 2163 1978 2220; baseline -0.002 -12"><span class='ocrx_word' id='word_1_320' title='bbox 267 2170 328 2208; x_wconf 90' lang='lat' dir='ltr'><em>uti</em></span> <span class='ocrx_word' id='word_1_321' title='bbox 355 2170 556 2220; x_wconf 88' lang='lat' dir='ltr'><em>scriptum</em></span> <span class='ocrx_word' id='word_1_322' title='bbox 583 2178 645 2208; x_wconf 83' lang='lat' dir='ltr'><em>est</em></span> <span class='ocrx_word' id='word_1_323' title='bbox 672 2170 713 2207; x_wconf 91' lang='lat' dir='ltr'><em>in</em></span> <span class='ocrx_word' id='word_1_324' title='bbox 740 2170 844 2207; x_wconf 86' lang='lat' dir='ltr'><em>libro</em></span> <span class='ocrx_word' id='word_1_325' title='bbox 873 2163 1187 2219; x_wconf 79' lang='lat' dir='ltr'><em>Obligationum.</em></span> <span class='ocrx_word' id='word_1_326' title='bbox 1218 2170 1324 2206; x_wconf 89' lang='lat' dir='ltr'><em>Tum</em></span> <span class='ocrx_word' id='word_1_327' title='bbox 1351 2168 1387 2207; x_wconf 92' lang='lat' dir='ltr'><em>ei</em></span> <span class='ocrx_word' id='word_1_328' title='bbox 1415 2169 1537 2207; x_wconf 89' lang='lat' dir='ltr'><em>datus</em></span> <span class='ocrx_word' id='word_1_329' title='bbox 1567 2177 1628 2207; x_wconf 91' lang='lat' dir='ltr'><em>est</em></span> <span class='ocrx_word' id='word_1_330' title='bbox 1655 2169 1803 2207; x_wconf 89' lang='lat' dir='ltr'><em>titulus</em></span> <span class='ocrx_word' id='word_1_331' title='bbox 1836 2167 1978 2207; x_wconf 89' lang='lat' dir='ltr'><em>Sancti</em></span> 
     </span>
     <span class='ocr_line' id='line_1_34' title="bbox 266 2227 1974 2278; baseline -0.001 -11"><span class='ocrx_word' id='word_1_332' title='bbox 266 2229 433 2268; x_wconf 86' lang='lat' dir='ltr'><em>Martini</em></span> <span class='ocrx_word' id='word_1_333' title='bbox 452 2229 493 2267; x_wconf 82' lang='lat' dir='ltr'><em>iu</em></span> <span class='ocrx_word' id='word_1_334' title='bbox 510 2229 733 2268; x_wconf 86' lang='lat' dir='ltr'><em>montibus.</em></span> <span class='ocrx_word' id='word_1_335' title='bbox 750 2229 863 2268; x_wconf 89' lang='lat' dir='ltr'><em>Obiit</em></span> <span class='ocrx_word' id='word_1_336' title='bbox 877 2243 985 2267; x_wconf 87' lang='lat' dir='ltr'><em>anno</em></span> <span class='ocrx_word' id='word_1_337' title='bbox 1007 2229 1223 2268; x_wconf 89' lang='lat' dir='ltr'><em>millesimo</em></span> <span class='ocrx_word' id='word_1_338' title='bbox 1245 2228 1569 2275; x_wconf 85' lang='lat' dir='ltr'>CCCLXXXII,</span> <span class='ocrx_word' id='word_1_339' title='bbox 1586 2228 1649 2266; x_wconf 87' lang='lat' dir='ltr'><em>die</em></span> <span class='ocrx_word' id='word_1_340' title='bbox 1665 2243 1769 2266; x_wconf 81' lang='lat' dir='ltr'><em>xxm</em></span> <span class='ocrx_word' id='word_1_341' title='bbox 1781 2227 1974 2278; x_wconf 85' lang='lat' dir='ltr'><em>januarii.</em></span> 
     </span>
    </p>
   </div>
   <div class='ocr_carea' id='block_1_4' title="bbox 268 2376 1976 3107">
    <p class='ocr_par' dir='ltr' id='par_1_6' title="bbox 318 2376 760 2416">
     <span class='ocr_line' id='line_1_35' title="bbox 318 2376 760 2416; baseline 0 -8"><span class='ocrx_word' id='word_1_342' title='bbox 318 2378 347 2409; x_wconf 86' lang='lat'><em>1.</em></span> <span class='ocrx_word' id='word_1_343' title='bbox 379 2377 413 2409; x_wconf 81' lang='lat' dir='ltr'><em>J.</em></span> <span class='ocrx_word' id='word_1_344' title='bbox 436 2377 516 2416; x_wconf 77' lang='lat'><em>518,</em></span> <span class='ocrx_word' id='word_1_345' title='bbox 537 2376 599 2409; x_wconf 84' lang='lat' dir='ltr'><em>fol.</em></span> <span class='ocrx_word' id='word_1_346' title='bbox 622 2376 689 2408; x_wconf 80' lang='lat'><em>225</em></span> <span class='ocrx_word' id='word_1_347' title='bbox 710 2380 760 2408; x_wconf 71' lang='grc' dir='ltr'><em>νο.</em></span> 
     </span>
    </p>

    <p class='ocr_par' dir='ltr' id='par_1_7' title="bbox 268 2428 1976 2580">
     <span class='ocr_line' id='line_1_36' title="bbox 320 2428 1976 2472; baseline -0.001 -10"><span class='ocrx_word' id='word_1_348' title='bbox 320 2430 349 2462; x_wconf 75' lang='lat'><em>2.</em></span> <span class='ocrx_word' id='word_1_349' title='bbox 382 2430 421 2462; x_wconf 83' lang='grc' dir='ltr'><em>Β.</em></span> <span class='ocrx_word' id='word_1_350' title='bbox 448 2429 504 2469; x_wconf 86' lang='lat' dir='ltr'><em>N.,</em></span> <span class='ocrx_word' id='word_1_351' title='bbox 528 2441 595 2463; x_wconf 85' lang='lat' dir='ltr'><em>ms.</em></span> <span class='ocrx_word' id='word_1_352' title='bbox 618 2429 715 2462; x_wconf 87' lang='lat' dir='ltr'><em>latin</em></span> <span class='ocrx_word' id='word_1_353' title='bbox 736 2428 842 2469; x_wconf 84' lang='grc'><em>1480,</em></span> <span class='ocrx_word' id='word_1_354' title='bbox 866 2428 929 2461; x_wconf 83' lang='lat' dir='ltr'><em>fol.</em></span> <span class='ocrx_word' id='word_1_355' title='bbox 953 2429 1023 2462; x_wconf 95' lang='lat'><em>159</em></span> <span class='ocrx_word' id='word_1_356' title='bbox 1044 2429 1167 2461; x_wconf 88' lang='lat' dir='ltr'><em>r0-17O</em></span> <span class='ocrx_word' id='word_1_357' title='bbox 1189 2434 1234 2461; x_wconf 88' lang='lat' dir='ltr'><em>r0.</em></span> <span class='ocrx_word' id='word_1_358' title='bbox 1253 2429 1302 2461; x_wconf 88' lang='lat' dir='ltr'><em>Le</em></span> <span class='ocrx_word' id='word_1_359' title='bbox 1325 2428 1505 2462; x_wconf 80' lang='lat' dir='ltr'><em>memoire</em></span> <span class='ocrx_word' id='word_1_360' title='bbox 1527 2428 1587 2461; x_wconf 83' lang='lat' dir='ltr'><em>fut</em></span> <span class='ocrx_word' id='word_1_361' title='bbox 1608 2428 1735 2472; x_wconf 75' lang='lat' dir='ltr'><em>redige</em></span> <span class='ocrx_word' id='word_1_362' title='bbox 1757 2429 1778 2460; x_wconf 74' lang='lat' dir='ltr'><em>a</em></span> <span class='ocrx_word' id='word_1_363' title='bbox 1798 2429 1835 2461; x_wconf 86' lang='lat' dir='ltr'><em>la</em></span> <span class='ocrx_word' id='word_1_364' title='bbox 1858 2428 1910 2460; x_wconf 88' lang='lat' dir='ltr'><em>fin</em></span> <span class='ocrx_word' id='word_1_365' title='bbox 1932 2429 1976 2460; x_wconf 87' lang='lat' dir='ltr'><em>de</em></span> 
     </span>
     <span class='ocr_line' id='line_1_37' title="bbox 268 2481 1975 2526; baseline 0 -12"><span class='ocrx_word' id='word_1_366' title='bbox 268 2483 414 2516; x_wconf 78' lang='lat' dir='ltr'><em>l&#39;annee</em></span> <span class='ocrx_word' id='word_1_367' title='bbox 439 2484 533 2516; x_wconf 82' lang='lat'>1398</span> <span class='ocrx_word' id='word_1_368' title='bbox 559 2495 606 2515; x_wconf 92' lang='lat' dir='ltr'><em>ou</em></span> <span class='ocrx_word' id='word_1_369' title='bbox 631 2494 679 2515; x_wconf 90' lang='lat' dir='ltr'><em>au</em></span> <span class='ocrx_word' id='word_1_370' title='bbox 704 2483 823 2516; x_wconf 75' lang='lat' dir='ltr'><em>debut</em></span> <span class='ocrx_word' id='word_1_371' title='bbox 849 2482 892 2515; x_wconf 84' lang='lat' dir='ltr'><em>de</em></span> <span class='ocrx_word' id='word_1_372' title='bbox 917 2482 1011 2515; x_wconf 88' lang='lat'>1399</span> <span class='ocrx_word' id='word_1_373' title='bbox 1041 2482 1100 2525; x_wconf 93' lang='lat' dir='ltr'><em>(N.</em></span> <span class='ocrx_word' id='word_1_374' title='bbox 1128 2482 1270 2522; x_wconf 83' lang='lat' dir='ltr'><em>Valois,</em></span> <span class='ocrx_word' id='word_1_375' title='bbox 1288 2482 1344 2514; x_wconf 88' lang='lat' dir='ltr'><em>La</em></span> <span class='ocrx_word' id='word_1_376' title='bbox 1367 2482 1511 2514; x_wconf 81' lang='lat' dir='ltr'><em>France</em></span> <span class='ocrx_word' id='word_1_377' title='bbox 1535 2487 1566 2515; x_wconf 85' lang='lat' dir='ltr'><em>et</em></span> <span class='ocrx_word' id='word_1_378' title='bbox 1589 2482 1619 2514; x_wconf 87' lang='lat' dir='ltr'><em>le</em></span> <span class='ocrx_word' id='word_1_379' title='bbox 1648 2482 1776 2515; x_wconf 83' lang='lat' dir='ltr'><em>Grand</em></span> <span class='ocrx_word' id='word_1_380' title='bbox 1799 2481 1975 2526; x_wconf 80' lang='lat' dir='ltr'><em>Schisme,</em></span> 
     </span>
     <span class='ocr_line' id='line_1_38' title="bbox 273 2537 549 2580; baseline 0.004 -12"><span class='ocrx_word' id='word_1_381' title='bbox 273 2543 297 2569; x_wconf 83' lang='lat' dir='ltr'><em>t.</em></span> <span class='ocrx_word' id='word_1_382' title='bbox 319 2549 369 2576; x_wconf 83' lang='lat'><em>111,</em></span> <span class='ocrx_word' id='word_1_383' title='bbox 394 2548 427 2579; x_wconf 88' lang='lat' dir='ltr'><em>p.</em></span> <span class='ocrx_word' id='word_1_384' title='bbox 454 2537 549 2580; x_wconf 85' lang='lat'>193).</span> 
     </span>
    </p>

    <p class='ocr_par' dir='ltr' id='par_1_8' title="bbox 319 2588 901 2630">
     <span class='ocr_line' id='line_1_39' title="bbox 319 2588 901 2630; baseline -0.002 -8"><span class='ocrx_word' id='word_1_385' title='bbox 319 2591 350 2622; x_wconf 84' lang='lat'><em>3.</em></span> <span class='ocrx_word' id='word_1_386' title='bbox 382 2590 421 2622; x_wconf 83' lang='grc' dir='ltr'><em>Β.</em></span> <span class='ocrx_word' id='word_1_387' title='bbox 449 2590 505 2630; x_wconf 87' lang='lat' dir='ltr'><em>N.‚</em></span> <span class='ocrx_word' id='word_1_388' title='bbox 529 2602 597 2622; x_wconf 88' lang='lat' dir='ltr'><em>ms.</em></span> <span class='ocrx_word' id='word_1_389' title='bbox 621 2589 719 2622; x_wconf 86' lang='lat' dir='ltr'><em>latin</em></span> <span class='ocrx_word' id='word_1_390' title='bbox 739 2588 835 2622; x_wconf 80' lang='lat'><em>5156</em></span> <span class='ocrx_word' id='word_1_391' title='bbox 856 2589 901 2622; x_wconf 86' lang='lat' dir='ltr'><em>A.</em></span> 
     </span>
    </p>

    <p class='ocr_par' dir='ltr' id='par_1_9' title="bbox 270 2641 1975 2793">
     <span class='ocr_line' id='line_1_40' title="bbox 317 2641 1975 2686; baseline 0 -12"><span class='ocrx_word' id='word_1_392' title='bbox 317 2643 347 2675; x_wconf 72' lang='lat'><em>4.</em></span> <span class='ocrx_word' id='word_1_393' title='bbox 380 2643 647 2686; x_wconf 79' lang='lat' dir='ltr'><em>Bibliotheque</em></span> <span class='ocrx_word' id='word_1_394' title='bbox 674 2643 717 2675; x_wconf 89' lang='lat' dir='ltr'><em>de</em></span> <span class='ocrx_word' id='word_1_395' title='bbox 746 2643 933 2675; x_wconf 82' lang='lat' dir='ltr'><em>Grenoble</em></span> <span class='ocrx_word' id='word_1_396' title='bbox 960 2654 1028 2675; x_wconf 88' lang='lat' dir='ltr'><em>ms.</em></span> <span class='ocrx_word' id='word_1_397' title='bbox 1047 2641 1129 2682; x_wconf 80' lang='grc'><em>988,</em></span> <span class='ocrx_word' id='word_1_398' title='bbox 1144 2642 1208 2675; x_wconf 81' lang='lat' dir='ltr'><em>fol.</em></span> <span class='ocrx_word' id='word_1_399' title='bbox 1223 2643 1293 2675; x_wconf 89' lang='grc'><em>136</em></span> <span class='ocrx_word' id='word_1_400' title='bbox 1307 2642 1489 2676; x_wconf 86' lang='lat' dir='ltr'><em>r0-151r0.</em></span> <span class='ocrx_word' id='word_1_401' title='bbox 1505 2661 1554 2665; x_wconf 82' lang='lat'><em>—-</em></span> <span class='ocrx_word' id='word_1_402' title='bbox 1567 2642 1610 2675; x_wconf 85' lang='lat' dir='ltr'><em>N.</em></span> <span class='ocrx_word' id='word_1_403' title='bbox 1631 2642 1758 2674; x_wconf 85' lang='lat' dir='ltr'><em>Valois</em></span> <span class='ocrx_word' id='word_1_404' title='bbox 1777 2654 1798 2674; x_wconf 86' lang='lat' dir='ltr'><em>a</em></span> <span class='ocrx_word' id='word_1_405' title='bbox 1814 2643 1975 2685; x_wconf 82' lang='lat' dir='ltr'><em>propose&#39;</em></span> 
     </span>
     <span class='ocr_line' id='line_1_41' title="bbox 270 2694 1974 2739; baseline 0 -12"><span class='ocrx_word' id='word_1_406' title='bbox 270 2707 413 2728; x_wconf 86' lang='lat' dir='ltr'><em>comme</em></span> <span class='ocrx_word' id='word_1_407' title='bbox 431 2697 518 2728; x_wconf 86' lang='lat' dir='ltr'><em>datc</em></span> <span class='ocrx_word' id='word_1_408' title='bbox 535 2697 578 2728; x_wconf 88' lang='lat' dir='ltr'><em>de</em></span> <span class='ocrx_word' id='word_1_409' title='bbox 594 2696 849 2739; x_wconf 87' lang='lat' dir='ltr'><em>composition</em></span> <span class='ocrx_word' id='word_1_410' title='bbox 865 2696 1012 2728; x_wconf 81' lang='lat' dir='ltr'><em>l&#39;annee</em></span> <span class='ocrx_word' id='word_1_411' title='bbox 1030 2696 1123 2729; x_wconf 84' lang='lat'>1395</span> <span class='ocrx_word' id='word_1_412' title='bbox 1144 2695 1185 2739; x_wconf 84' lang='lat' dir='ltr'><em>(t.</em></span> <span class='ocrx_word' id='word_1_413' title='bbox 1201 2708 1253 2735; x_wconf 88' lang='lat'><em>111,</em></span> <span class='ocrx_word' id='word_1_414' title='bbox 1271 2707 1308 2739; x_wconf 94' lang='lat' dir='ltr'><em>p.</em></span> <span class='ocrx_word' id='word_1_415' title='bbox 1326 2696 1400 2739; x_wconf 87' lang='grc'><em>44).</em></span> <span class='ocrx_word' id='word_1_416' title='bbox 1418 2715 1465 2718; x_wconf 87' lang='lat'>—</span> <span class='ocrx_word' id='word_1_417' title='bbox 1481 2696 1552 2729; x_wconf 88' lang='lat' dir='ltr'><em>Sur</em></span> <span class='ocrx_word' id='word_1_418' title='bbox 1575 2695 1749 2729; x_wconf 74' lang='lat' dir='ltr'><em>Leonard</em></span> <span class='ocrx_word' id='word_1_419' title='bbox 1765 2695 1809 2728; x_wconf 94' lang='lat' dir='ltr'><em>de</em></span> <span class='ocrx_word' id='word_1_420' title='bbox 1827 2694 1974 2728; x_wconf 79' lang='lat' dir='ltr'><em>Giffone</em></span> 
     </span>
     <span class='ocr_line' id='line_1_42' title="bbox 273 2749 1121 2793; baseline 0.004 -14"><span class='ocrx_word' id='word_1_421' title='bbox 273 2749 351 2780; x_wconf 73' lang='lat' dir='ltr'><em>voir</em></span> <span class='ocrx_word' id='word_1_422' title='bbox 373 2749 496 2781; x_wconf 83' lang='lat' dir='ltr'><em>Valois</em></span> <span class='ocrx_word' id='word_1_423' title='bbox 521 2750 560 2792; x_wconf 77' lang='lat' dir='ltr'><em>(t.</em></span> <span class='ocrx_word' id='word_1_424' title='bbox 581 2762 618 2789; x_wconf 80' lang='lat'><em>11,</em></span> <span class='ocrx_word' id='word_1_425' title='bbox 640 2762 674 2793; x_wconf 90' lang='lat' dir='ltr'><em>p.</em></span> <span class='ocrx_word' id='word_1_426' title='bbox 696 2750 764 2782; x_wconf 84' lang='grc'><em>487</em></span> <span class='ocrx_word' id='word_1_427' title='bbox 786 2755 823 2781; x_wconf 86' lang='lat' dir='ltr'><em>et</em></span> <span class='ocrx_word' id='word_1_428' title='bbox 842 2755 870 2782; x_wconf 88' lang='lat' dir='ltr'><em>t.</em></span> <span class='ocrx_word' id='word_1_429' title='bbox 890 2761 941 2789; x_wconf 77' lang='lat' dir='ltr'><em>lv,</em></span> <span class='ocrx_word' id='word_1_430' title='bbox 963 2760 999 2792; x_wconf 87' lang='lat' dir='ltr'><em>p.</em></span> <span class='ocrx_word' id='word_1_431' title='bbox 1021 2749 1121 2792; x_wconf 86' lang='grc'>574).</span> 
     </span>
    </p>

    <p class='ocr_par' dir='ltr' id='par_1_10' title="bbox 322 2801 863 2841">
     <span class='ocr_line' id='line_1_43' title="bbox 322 2801 863 2841; baseline 0.002 -8"><span class='ocrx_word' id='word_1_432' title='bbox 322 2803 351 2834; x_wconf 81' lang='lat'><em>5.</em></span> <span class='ocrx_word' id='word_1_433' title='bbox 382 2803 420 2834; x_wconf 69' lang='lat' dir='ltr'><em>M.</em></span> <span class='ocrx_word' id='word_1_434' title='bbox 447 2803 503 2841; x_wconf 78' lang='lat' dir='ltr'><em>N.‚</em></span> <span class='ocrx_word' id='word_1_435' title='bbox 527 2815 592 2835; x_wconf 88' lang='lat' dir='ltr'><em>ms.</em></span> <span class='ocrx_word' id='word_1_436' title='bbox 616 2801 863 2835; x_wconf 71' lang='lat' dir='ltr'><em>laii1114644.</em></span> 
     </span>
    </p>

    <p class='ocr_par' dir='ltr' id='par_1_11' title="bbox 272 2854 1974 3107">
     <span class='ocr_line' id='line_1_44' title="bbox 321 2854 1974 2900; baseline 0.001 -15"><span class='ocrx_word' id='word_1_437' title='bbox 321 2857 350 2886; x_wconf 69' lang='lat' dir='ltr'><em>(j.</em></span> <span class='ocrx_word' id='word_1_438' title='bbox 381 2855 542 2887; x_wconf 77' lang='lat' dir='ltr'><em>Grandes</em></span> <span class='ocrx_word' id='word_1_439' title='bbox 563 2856 778 2899; x_wconf 78' lang='lat' dir='ltr'><em>clironiques</em></span> <span class='ocrx_word' id='word_1_440' title='bbox 801 2856 841 2888; x_wconf 84' lang='lat' dir='ltr'><em>de</em></span> <span class='ocrx_word' id='word_1_441' title='bbox 862 2855 1015 2895; x_wconf 82' lang='lat' dir='ltr'><em>France,</em></span> <span class='ocrx_word' id='word_1_442' title='bbox 1040 2856 1097 2888; x_wconf 80' lang='lat' dir='ltr'><em>ed.</em></span> <span class='ocrx_word' id='word_1_443' title='bbox 1125 2855 1369 2895; x_wconf 73' lang='lat' dir='ltr'><em>DelachenaL</em></span> <span class='ocrx_word' id='word_1_444' title='bbox 1394 2861 1421 2888; x_wconf 82' lang='lat' dir='ltr'><em>t.</em></span> <span class='ocrx_word' id='word_1_445' title='bbox 1444 2868 1481 2896; x_wconf 90' lang='lat'><em>11,</em></span> <span class='ocrx_word' id='word_1_446' title='bbox 1506 2868 1540 2900; x_wconf 94' lang='lat' dir='ltr'><em>p.</em></span> <span class='ocrx_word' id='word_1_447' title='bbox 1565 2856 1647 2889; x_wconf 90' lang='grc'>319.</span> <span class='ocrx_word' id='word_1_448' title='bbox 1665 2874 1713 2878; x_wconf 78' lang='lat'><em>——</em></span> <span class='ocrx_word' id='word_1_449' title='bbox 1735 2855 1778 2888; x_wconf 88' lang='lat' dir='ltr'><em>N.</em></span> <span class='ocrx_word' id='word_1_450' title='bbox 1803 2854 1930 2887; x_wconf 88' lang='lat' dir='ltr'><em>Valois</em></span> <span class='ocrx_word' id='word_1_451' title='bbox 1953 2866 1974 2887; x_wconf 85' lang='lat' dir='ltr'><em>a</em></span> 
     </span>
     <span class='ocr_line' id='line_1_45' title="bbox 272 2907 1974 2952; baseline 0.001 -15"><span class='ocrx_word' id='word_1_452' title='bbox 272 2910 430 2946; x_wconf 64' lang='lat' dir='ltr'><em>niontre,</em></span> <span class='ocrx_word' id='word_1_453' title='bbox 456 2909 751 2942; x_wconf 70' lang='lat' dir='ltr'><em>contrairemcnt</em></span> <span class='ocrx_word' id='word_1_454' title='bbox 780 2909 801 2941; x_wconf 78' lang='lat' dir='ltr'><em>a</em></span> <span class='ocrx_word' id='word_1_455' title='bbox 822 2908 1202 2948; x_wconf 73' lang='lat' dir='ltr'><em>Denisse-Chatelain,</em></span> <span class='ocrx_word' id='word_1_456' title='bbox 1227 2920 1299 2952; x_wconf 88' lang='lat' dir='ltr'><em>que</em></span> <span class='ocrx_word' id='word_1_457' title='bbox 1316 2909 1348 2941; x_wconf 90' lang='lat' dir='ltr'><em>le</em></span> <span class='ocrx_word' id='word_1_458' title='bbox 1379 2909 1566 2942; x_wconf 69' lang='lat' dir='ltr'><em>Precheur</em></span> <span class='ocrx_word' id='word_1_459' title='bbox 1599 2908 1748 2941; x_wconf 89' lang='lat' dir='ltr'><em>Nicolas</em></span> <span class='ocrx_word' id='word_1_460' title='bbox 1775 2909 1819 2941; x_wconf 89' lang='lat' dir='ltr'><em>de</em></span> <span class='ocrx_word' id='word_1_461' title='bbox 1848 2907 1974 2940; x_wconf 84' lang='lat' dir='ltr'><em>Saint-</em></span> 
     </span>
     <span class='ocr_line' id='line_1_46' title="bbox 272 2961 1972 3005; baseline 0.001 -14"><span class='ocrx_word' id='word_1_462' title='bbox 272 2961 453 2992; x_wconf 76' lang='lat' dir='ltr'><em>Saturnin</em></span> <span class='ocrx_word' id='word_1_463' title='bbox 473 2962 670 3004; x_wconf 52' lang='lat' dir='ltr'><em>nhcccpta</em></span> <span class='ocrx_word' id='word_1_464' title='bbox 688 2974 753 3004; x_wconf 89' lang='lat' dir='ltr'><em>pas</em></span> <span class='ocrx_word' id='word_1_465' title='bbox 773 2962 805 2995; x_wconf 85' lang='lat' dir='ltr'><em>le</em></span> <span class='ocrx_word' id='word_1_466' title='bbox 825 2962 998 3005; x_wconf 85' lang='lat' dir='ltr'><em>chapeau</em></span> <span class='ocrx_word' id='word_1_467' title='bbox 1018 2962 1245 2994; x_wconf 83' lang='lat' dir='ltr'><em>cardinalice</em></span> <span class='ocrx_word' id='word_1_468' title='bbox 1266 2962 1377 2995; x_wconf 79' lang='lat' dir='ltr'><em>offert</em></span> <span class='ocrx_word' id='word_1_469' title='bbox 1396 2974 1464 3005; x_wconf 88' lang='lat' dir='ltr'><em>par</em></span> <span class='ocrx_word' id='word_1_470' title='bbox 1485 2962 1631 2996; x_wconf 78' lang='lat' dir='ltr'><em>Urbain</em></span> <span class='ocrx_word' id='word_1_471' title='bbox 1648 2962 1699 2994; x_wconf 95' lang='lat' dir='ltr'><em>VI</em></span> <span class='ocrx_word' id='word_1_472' title='bbox 1720 2962 1759 3005; x_wconf 85' lang='lat' dir='ltr'><em>(t.</em></span> <span class='ocrx_word' id='word_1_473' title='bbox 1776 2973 1800 3001; x_wconf 90' lang='lat'><em>1,</em></span> <span class='ocrx_word' id='word_1_474' title='bbox 1818 2973 1853 3004; x_wconf 91' lang='lat' dir='ltr'><em>p.</em></span> <span class='ocrx_word' id='word_1_475' title='bbox 1872 2961 1972 3004; x_wconf 87' lang='lat'>115).</span> 
     </span>
     <span class='ocr_line' id='line_1_47' title="bbox 272 3013 1972 3059; baseline 0.001 -15"><span class='ocrx_word' id='word_1_476' title='bbox 272 3013 342 3044; x_wconf 76' lang='lat' dir='ltr'><em>Sur</em></span> <span class='ocrx_word' id='word_1_477' title='bbox 360 3026 396 3043; x_wconf 72' lang='grc' dir='ltr'><em>ι-ι»</em></span> <span class='ocrx_word' id='word_1_478' title='bbox 416 3014 583 3046; x_wconf 57' lang='grc' dir='ltr'>ραι-(111131</span> <span class='ocrx_word' id='word_1_479' title='bbox 602 3015 682 3047; x_wconf 85' lang='lat' dir='ltr'><em>voir</em></span> <span class='ocrx_word' id='word_1_480' title='bbox 700 3015 826 3047; x_wconf 84' lang='lat' dir='ltr'><em>Valois</em></span> <span class='ocrx_word' id='word_1_481' title='bbox 844 3015 883 3058; x_wconf 85' lang='lat' dir='ltr'><em>(t.</em></span> <span class='ocrx_word' id='word_1_482' title='bbox 902 3027 940 3055; x_wconf 93' lang='lat'><em>11,</em></span> <span class='ocrx_word' id='word_1_483' title='bbox 960 3027 994 3059; x_wconf 90' lang='lat' dir='ltr'><em>p.</em></span> <span class='ocrx_word' id='word_1_484' title='bbox 1015 3015 1096 3059; x_wconf 83' lang='lat'>507)</span> <span class='ocrx_word' id='word_1_485' title='bbox 1118 3021 1155 3048; x_wconf 86' lang='lat' dir='ltr'><em>ct</em></span> <span class='ocrx_word' id='word_1_486' title='bbox 1174 3014 1854 3054; x_wconf 63' lang='lat' dir='ltr'><em>Denille-Chatelain(Chartularium,</em></span> <span class='ocrx_word' id='word_1_487' title='bbox 1873 3020 1900 3047; x_wconf 87' lang='lat' dir='ltr'><em>t.</em></span> <span class='ocrx_word' id='word_1_488' title='bbox 1918 3026 1972 3054; x_wconf 80' lang='lat'><em>111,</em></span> 
     </span>
     <span class='ocr_line' id='line_1_48' title="bbox 273 3068 427 3107; baseline 0.006 -10"><span class='ocrx_word' id='word_1_489' title='bbox 273 3078 305 3107; x_wconf 80' lang='lat' dir='ltr'><em>p.</em></span> <span class='ocrx_word' id='word_1_490' title='bbox 332 3068 427 3106; x_wconf 64' lang='lat'><em>5:33).</em></span> 
     </span>
    </p>
   </div>
   <div class='ocr_carea' id='block_1_5' title="bbox 322 3119 340 3127">
    <p class='ocr_par' dir='ltr' id='par_1_12' title="bbox 322 3119 340 3127">
     <span class='ocr_line' id='line_1_49' title="bbox 322 3119 340 3127; baseline 0 0"><span class='ocrx_word' id='word_1_491' title='bbox 322 3119 340 3127; x_wconf 57' lang='lat' dir='ltr'><em>r*</em></span> 
     </span>
    </p>
   </div>
   <div class='ocr_carea' id='block_1_6' title="bbox 328 3119 1333 3164">
    <p class='ocr_par' dir='ltr' id='par_1_13' title="bbox 328 3119 1333 3164">
     <span class='ocr_line' id='line_1_50' title="bbox 328 3119 1333 3164; baseline 0.004 -14"><span class='ocrx_word' id='word_1_492' title='bbox 328 3128 352 3151; x_wconf 75' lang='lat' dir='ltr'><em>s.</em></span> <span class='ocrx_word' id='word_1_493' title='bbox 386 3119 489 3151; x_wconf 80' lang='lat' dir='ltr'><em>Liscz</em></span> <span class='ocrx_word' id='word_1_494' title='bbox 505 3120 535 3152; x_wconf 88' lang='lat' dir='ltr'><em>lc</em></span> <span class='ocrx_word' id='word_1_495' title='bbox 551 3120 596 3151; x_wconf 82' lang='lat'><em>10</em></span> <span class='ocrx_word' id='word_1_496' title='bbox 611 3120 692 3163; x_wconf 89' lang='lat' dir='ltr'><em>juin</em></span> <span class='ocrx_word' id='word_1_497' title='bbox 711 3120 856 3163; x_wconf 86' lang='lat' dir='ltr'><em>(Eubel,</em></span> <span class='ocrx_word' id='word_1_498' title='bbox 875 3121 1107 3161; x_wconf 78' lang='lat' dir='ltr'><em>Hierarchia,</em></span> <span class='ocrx_word' id='word_1_499' title='bbox 1128 3127 1151 3154; x_wconf 85' lang='lat' dir='ltr'><em>t.</em></span> <span class='ocrx_word' id='word_1_500' title='bbox 1167 3133 1191 3161; x_wconf 89' lang='lat'><em>1,</em></span> <span class='ocrx_word' id='word_1_501' title='bbox 1208 3133 1243 3164; x_wconf 89' lang='lat' dir='ltr'><em>p.</em></span> <span class='ocrx_word' id='word_1_502' title='bbox 1262 3121 1333 3164; x_wconf 87' lang='lat'><em>27).</em></span> 
     </span>
    </p>
   </div>
  </div>
 </body>
</html>
