2083 3458
116 186 239 240 [775]
643 201 859 226 PAPARUM
894 200 1280 226 AVENIONENSIUM
1723 183 1802 224 277

103 284 276 322 Accessit
295 284 346 321 ad
365 282 517 320 curiam
530 283 753 321 Romanam
772 291 817 332 et,
831 282 1074 321 absolutione
1093 296 1164 333 pro
1177 281 1381 332 apostasia
1394 289 1563 331 accepta,
1577 281 1629 319 ad
1643 282 1803 320 Terram

98 351 278 381 sanctam
297 341 478 392 perrexit,
502 356 618 391 quam
639 342 691 379 ad
713 341 945 379 instantiam
967 341 1088 379 unius
1110 341 1377 379 cardinalium
1400 340 1643 389 gratiose-sic
1664 341 1805 389 legenti

102 410 189 452 post
218 400 434 450 descripsit.
467 400 547 438 Hic
576 408 709 450 postea
741 401 783 438 in
812 401 877 438 sui
908 400 1122 438 reversione
1151 400 1203 437 ad
1231 400 1408 437 ordinem
1438 399 1562 437 redire
1592 399 1806 449 disponens

102 460 290 499 Coloniae
320 460 431 509 apud
459 459 598 508 fratres
630 459 923 496 Praedicator-es
954 459 1159 508 defunctus
1190 467 1255 497 est.
1290 458 1479 497 Ceterum
1510 457 1610 496 illud
1643 472 1805 508 quoque

103 534 266 558 monere
291 519 426 556 visum
453 527 514 556 est
541 518 721 556 codicem
755 518 1026 556 bibliothecae
1052 517 1184 567 regiae
1211 517 1409 568 scriptum
1445 532 1528 555 esse
1556 531 1680 554 manu
1708 518 1806 555 cele-

101 578 265 617 berrimi
288 577 394 615 illius
422 577 578 615 Nicolai
600 577 751 614 Flamel
776 591 849 626 pro
876 578 1048 625 Joanne,
1068 577 1169 615 duce
1193 576 1425 626 Biturigum
1448 584 1489 614 et
1514 576 1804 614 Arvernorum.

155 637 274 674 Anno
299 636 574 684 MCCCXLII,
601 635 735 674 effecit
760 636 800 672 in
825 636 965 685 primis
990 644 1037 673 ut
1062 636 1245 674 Andreas
1271 636 1320 674 de
1347 635 1566 683 Florentia,
1593 635 1806 685 episcopus

101 695 382 743 Tornacensis,
415 694 709 733 adscisceretur
741 708 763 731 a
796 695 1002 733 Clemente
1034 695 1091 732 VI
1123 695 1164 732 in
1197 709 1356 732 sacrum
1389 693 1658 732 cardinalium
1691 694 1807 732 colle-

103 754 226 804 gium.
248 755 442 792 Testatur
468 753 569 791 illud
599 761 742 791 auctor
761 753 996 790 Collationis
1016 754 1027 775 '²
1059 754 1106 791 de
1153 768 1232 803 qua
1260 767 1381 803 supra
1411 753 1567 791 dictum
1596 761 1670 801 est,
1692 753 1806 802 cujus

103 814 202 852 haec
218 822 313 851 sunt
334 813 459 851 verba
481 812 533 850 ad
547 812 857 861 Talayrandum
875 812 1094 850 :Dominus
1109 813 1291 850 Andreas
1313 813 1356 850 cle
1372 812 1573 850 Florentia
1591 812 1808 850 cardinalis

106 871 379 920 Tornacensis,
408 871 522 921 cujus
549 885 616 920 ego
642 871 704 920 sui
732 871 1063 919 consanguineus,
1099 871 1210 909 Unde
1235 871 1337 909 sicut
1363 871 1544 908 Andreas
1569 870 1648 920 suit
1671 870 1809 920 junior

104 932 218 970 Petro
241 939 275 968 et
294 931 414 980 fratre
438 930 581 980 ipsius,
607 930 661 967 ita
684 929 869 967 dominus
891 930 1073 967 Andreas
1094 930 1173 979 suit
1195 930 1302 967 vobis
1323 930 1461 980 junior
1483 930 1686 979 dignitate.
1712 929 1810 967 Fuit

103 999 233 1028 tamen
265 990 396 1039 frater,
433 988 635 1027 dilectione
670 988 813 1026 intima
846 1003 910 1026 vos
946 988 1113 1026 insimul
1145 997 1399 1027 connectente.
1435 989 1592 1039 Quippe
1627 989 1711 1039 ipse
1745 1002 1809 1026 vos

104 1049 243 1087 habuit
274 1049 316 1086 in
347 1063 493 1097 magna
522 1047 734 1086 reverentia
764 1056 798 1085 et
825 1047 1046 1098 plurimum
1077 1048 1370 1085 commendabat
1399 1056 1433 1085 et
1463 1048 1610 1095 merito,
1642 1048 1736 1098 quia
1767 1047 1809 1084 in

107 1108 292 1146 omnibus
318 1122 387 1158 que
413 1107 551 1145 habuit
576 1121 688 1156 agere
725 1106 865 1157 [circa]
895 1121 1057 1156 papam,
1085 1115 1118 1144 et
1146 1106 1368 1156 specialiter
1394 1107 1548 1156 quando
1575 1107 1658 1157 ipse
1684 1107 1809 1144 cardi—

110 1167 213 1205 nalis
230 1166 309 1216 suit
327 1167 499 1216 effectuS,
518 1174 717 1216 promotor
735 1166 820 1215 ejus
841 1166 1039 1203 maximus
1060 1180 1124 1203 vos
1142 1165 1291 1215 fuistis

162 1227 281 1264 Anno
312 1225 610 1273 MCCCXLIII,
637 1225 788 1263 electus
820 1233 882 1263 est
912 1233 1121 1275 protector
1152 1224 1303 1263 ordinis
1335 1224 1510 1262 fratrum
1535 1224 1739 1263 Minorum
1769 1224 1810 1262 in

108 1285 283 1324 comitiis
310 1284 563 1334 generalibus
590 1284 741 1322 ordinis
768 1283 970 1322 Massiliae
1005 1284 1238 1329 celebratis3
1264 1297 1435 1333 eamque
1462 1284 1702 1322 electionem
1728 1283 1811 1322 Cle-

107 1359 219 1383 mens
239 1344 296 1381 VI
317 1344 331 1366 ²
349 1351 484 1381 ratam
502 1343 669 1388 habuit;
690 1343 923 1393 Wadding.,
944 1357 1008 1381 an.
1032 1343 1146 1390 1343,
1173 1342 1189 1391 ξ
1208 1342 1232 1380 8
1254 1343 1297 1393 [t.
1320 1357 1388 1390 vn,
1408 1357 1446 1392 p.
1469 1342 1583 1392 293].

159 1403 349 1442 Nicolaus
376 1402 659 1453 Harpsfeldius
682 1401 724 1440 in
745 1402 928 1440 Historia
950 1402 1179 1451 Anglicana
1201 1401 1473 1449 ecclesiastica,
1496 1416 1534 1451 p.
1560 1401 1648 1450 509,
1672 1401 1813 1439 scribit

106 1463 357 1501 Clementem
385 1462 442 1500 VI
474 1476 581 1499 anno
610 1461 895 1499 MCCCXLIII
925 1461 1083 1499 dedisse
1120 1461 1279 1499 duobus
1310 1460 1585 1498 cardinalibus
1615 1475 1634 1498 e
1664 1460 1811 1510 quibus

105 1522 209 1560 alter
231 1521 310 1559 fuit
333 1520 605 1571 Peragotsius,
629 1520 670 1558 id
693 1529 768 1568 est,
793 1520 1149 1570 petragoricensis,
1173 1534 1295 1570 supra
1319 1520 1458 1558 decem
1480 1519 1607 1557 millia
1629 1519 1813 1557 marcha-

106 1594 197 1618 rum
215 1580 431 1618 annuatim
449 1594 499 1618 ex
515 1579 715 1618 reditibus
734 1579 1016 1618 ecclesiasticis
1037 1579 1206 1629 Angliae
1224 1578 1456 1628 redigenda.
1481 1578 1633 1616 Verum
1667 1586 1775 1616 errat
1785 1577 1811 1616 3.

106 1639 341 1678 Cardinales
367 1638 515 1689 quibus
540 1647 639 1677 tunc
660 1639 843 1677 Clemens
870 1639 927 1676 VI
953 1638 1069 1677 dedit
1089 1638 1288 1676 beneficia
1310 1637 1583 1676 ecclesiastica
1607 1637 1649 1675 in
1668 1636 1813 1686 Anglia

109 1698 219 1737 fuere
238 1698 464 1736 Ademarus
486 1697 656 1736 Roberti
675 1705 716 1736 et
734 1697 937 1736 Gerardus
957 1698 1004 1736 de
1025 1697 1217 1736 Guardia.
1826 1733 1832 1742 ,

161 1757 281 1795 Anno
314 1756 581 1804 MCCCXLV,
616 1756 799 1795 Andreas
834 1757 1019 1795 Joannae
1061 1756 1221 1806 reginae
1256 1756 1413 1794 Siciliae
1455 1756 1626 1794 maritus
1660 1754 1815 1793 nefario

108 1816 255 1855 scelere
275 1816 536 1866 praefocatus
558 1824 620 1854 est
641 1815 751 1866 apud
774 1816 985 1854 Aversam.
1011 1816 1117 1854 Hinc
1138 1815 1275 1853 variae
1297 1814 1545 1865 suspiciones
1566 1814 1608 1852 in
1629 1822 1815 1852 auctores

109 1875 266 1914 sceleris
298 1875 340 1913 in
373 1875 533 1913 occulto
564 1874 733 1925 patrati.
768 1875 916 1925 Magna
948 1883 1088 1913 autem
1121 1874 1399 1925 suspicionum
1429 1888 1524 1924 pars
1556 1873 1744 1912 incubuit
1775 1872 1816 1910 in

110 1934 417 1984 Talayrandum
458 1933 720 1981 cardinalem,
761 1942 808 1972 ut
847 1934 1100 1972 avunculum
1142 1933 1432 1980 Duraciorum3
1473 1933 1525 1971 ad
1566 1946 1666 1982 quos
1706 1931 1815 1981 regia

108 1993 287 2043 dignitas
309 1992 748 2043 spectarevidebatur,
771 1993 803 2031 si
824 1992 962 2043 regina
984 1992 1199 2032 decederet
1219 1992 1374 2042 absque
1395 1992 1543 2031 liberis.
1567 1991 1670 2030 Vide
1693 1991 1816 2029 Joan-

109 2066 202 2090 nem
224 2052 461 2101 Villanium,
483 2051 553 2090 lib.
579 2052 678 2099 XII,
701 2065 789 2102 cap.
818 2066 914 2090 LV111
947 2051 1175 2103 [Muratori,
1198 2060 1228 2090 t.
1253 2066 1340 2099 xm,
1363 2052 1436 2090 col.
1460 2050 1576 2101 939],
1599 2050 1815 2088 Albertum

112 2111 466 2161 Argentinensem‚
488 2125 528 2161 p.
554 2110 642 2159 165,
661 2119 702 2149 et
725 2110 947 2149 Odoricum
972 2111 1250 2161 Raynaldum,
1275 2125 1339 2149 an.
1366 2109 1481 2158 1346,
1510 2109 1527 2159 ἓ
1550 2109 1612 2158 56,
1636 2116 1677 2147 et
1701 2108 1816 2156 1348,

163 2229 282 2267 Anno
306 2228 552 2278 MCCCLVI,
574 2228 764 2272 interfuit
786 2228 956 2267 solemni
976 2228 1244 2279 jurejurando
1264 2242 1345 2278 quo
1363 2242 1403 2266 se
1428 2227 1617 2274 Karolus,
1636 2225 1816 2264 marchio

111 2287 332 2335 Moraviae,
365 2287 588 2326 obstrinxit
618 2287 667 2326 de
697 2288 853 2326 tuendo
882 2287 974 2337 jura
1007 2288 1218 2326 Romanae
1251 2286 1468 2334 Ecclesiae,
1500 2285 1532 2324 si
1563 2284 1817 2334 contingeret

113 2346 249 2397 ipsum
267 2346 359 2396 eligi
377 2346 669 2396 imperatorem
688 2347 721 2394 4;
743 2346 866 2385 Odor.
890 2347 1110 2396 Raynald.,
1130 2361 1195 2386 an.
1218 2345 1332 2393 1346,
1358 2345 1375 2394 ἓ
1396 2345 1444 2383 19
1462 2352 1503 2383 et
1522 2343 1582 2383 26.

164 2405 284 2444 Anno
302 2405 582 2444 MCCCLVIII
601 2405 616 2427 5
632 2406 696 2444 vel
713 2405 915 2455 sequenti,
933 2420 1029 2443 nam
1047 2405 1296 2444 dissentiunt
1313 2404 1354 2442 in
1371 2405 1446 2442 hoc
1471 2404 1559 2441 loco
1586 2402 1816 2452 scriptores,

113 2464 277 2503 Joanna
300 2463 439 2514 regina
465 2464 623 2503 Siciliae
648 2464 789 2515 nupsit
815 2464 1024 2503 Ludovico
1049 2464 1223 2515 principi
1248 2463 1483 2509 Tarentino,
1511 2462 1681 2500 obtenta
1706 2460 1817 2511 prius

111 2537 136 2561 a
157 2523 364 2562 Clemente
383 2537 491 2573 papa
513 2523 816 2573 dispensatione
837 2538 958 2574 super
978 2523 1347 2573 consanguinitate.
1371 2522 1502 2559 Erant
1521 2520 1629 2559 enim
1650 2533 1818 2558 consan-

114 2581 250 2632 guinei
274 2581 316 2619 in
340 2581 463 2620 tertio
489 2582 629 2631 gradu,
658 2582 911 2621 Sceleratum
935 2582 976 2620 id
1002 2581 1313 2620 matrimonium
1342 2588 1465 2618 vocat
1491 2579 1670 2617 Joannes
1696 2577 1820 2616 Villa-
1864 2628 1867 2634 .

116 2640 219 2690 nius,
246 2640 315 2680 lib.
345 2640 444 2688 XII,
472 2655 559 2691 cap.
588 2655 716 2679 xcvm
754 2641 982 2691 [Muratori,
1009 2649 1039 2679 t.
1068 2655 1154 2688 xm,
1182 2641 1256 2678 col.
1284 2638 1382 2689 976]
1412 2638 1482 2688 qui
1509 2651 1670 2675 omnem
1695 2636 1818 2686 hujus

165 2796 198 2830 1.
229 2795 438 2836 Duchesne,
460 2795 624 2829 Histoire
643 2796 683 2829 de
704 2801 782 2828 tous
802 2795 851 2828 les
871 2796 1075 2828 cardinausc
1092 2795 1264 2838 franceis,
1288 2800 1313 2828 t.
1335 2805 1372 2833 11,
1394 2805 1430 2837 p.
1453 2793 1534 2826 314.

167 2850 197 2882 2.
229 2848 385 2892 Deprez,
412 2860 447 2882 n.
475 2849 544 2882 428
574 2847 705 2892 (bulles
733 2849 783 2881 du
809 2849 853 2881 28
878 2848 1091 2892 septembre
1117 2847 1237 2890 1343).

166 2903 198 2935 3.
224 2902 450 2945 Talleyrand
481 2901 674 2945 possedait
708 2901 770 2934 des
794 2900 980 2934 benefices
1003 2912 1049 2934 en
1070 2900 1289 2943 Angleterre
1315 2898 1471 2942 (Mollat‚
1495 2898 1550 2931 La
1571 2898 1739 2932 collation
1761 2899 1822 2932 des
1865 2891 1874 2894 ’

119 2954 303 2998 beneficos,
331 2966 367 2998 p.
398 2955 478 2994 252,
508 2953 604 2998 259).

165 3009 198 3041 4.
229 3007 396 3047 Zeumer‚
426 3006 721 3047 constitutiones,
751 3013 777 3040 t.
807 3004 899 3046 V1111‚
928 3017 963 3039 n.
992 3006 1114 3039 10-12.

166 3062 198 3094 5.
229 3060 278 3094 Le
302 3060 346 3092 22
369 3060 460 3092 aout
482 3060 575 3093 1347
602 3059 758 3102 (Mollat‚
782 3059 851 3092 Les
872 3070 986 3102 papes
1008 3058 1231 3102 d’Avignon,
1256 3070 1291 3102 p.
1316 3057 1412 3100 188).
