2083 3458
134 206 285 261 [1392]
653 223 869 249 PAPARUM
904 224 1288 250 AVENIONENsmM
1734 210 1816 251 903

123 303 298 351 Ortesio,
324 317 446 352 quem
470 304 551 342 duo
579 304 650 342 filii
673 305 760 354 ejus
785 305 913 355 spurii
936 321 1030 344 cum
1054 306 1302 356 quibusdam
1325 307 1518 357 praelatis
1543 316 1584 346 et
1608 307 1812 346 nobilibus

121 361 271 411 aliique
309 362 551 411 diviserunt,
589 372 801 413 certasque
837 372 966 403 terras
1004 365 1104 403 dicti
1148 366 1359 415 quondam
1395 366 1554 405 comitis
1590 366 1811 416 praedictis

121 421 267 471 spuriis
304 421 579 471 assignarunt,
616 432 657 461 et
692 437 815 473 supra
852 438 997 474 corpus
1045 424 1195 462 Christi
1237 425 1482 474 juraverunt
1527 425 1811 464 vicecomitem

121 480 353 518 Castriboni
385 495 467 519 non
498 481 616 520 aliter
647 481 914 532 permissuros
948 482 1058 521 adire
1091 483 1363 522 hereditatem
1397 484 1587 522 Gastonis
1621 498 1746 534 quam
1779 484 1812 522 si

119 538 276 588 juraret
309 555 349 578 se
383 540 594 590 praedicta
629 541 766 579 omnia
799 549 1073 580 servaturum.
1101 542 1352 581 Necessitate
1378 557 1471 593 ergo
1506 551 1671 581 coactus
1705 543 1811 581 vice-

120 612 253 636 comes
274 599 431 648 juravit
454 613 558 649 quae
580 599 637 637 illi
658 600 835 638 voluere.
860 601 1007 639 Postea
1031 601 1172 639 videns
1195 617 1235 640 se
1257 601 1405 640 esse'in
1426 602 1678 652 possessione
1701 601 1809 652 paci·

121 656 196 695 fica
233 665 436 696 terrarum
472 658 594 709 petiit
631 659 767 697 omnia
803 659 1038 708 juramenta
1075 660 1288 710 praedicta
1325 675 1395 710 per
1440 661 1691 699 Clementem
1729 660 1808 698 VII

119 715 307 755 relaxari.

175 776 218 813 P.
239 775 327 822 510,
345 776 410 826 lig.
431 776 491 814 23.
514 777 723 814 DISPERSE
748 792 962 816 FUERUNT.
980 778 1216 826 Aymericus
1236 779 1283 816 de
1300 779 1478 827 Peyraco
1494 778 1507 801 1
1527 795 1534 816 ε
1554 778 1682 828 Cajas
1697 793 1811 828 peca-

122 834 191 871 nia
211 835 289 883 fait
310 835 489 885 dispersa
509 844 543 873 et
564 836 697 873 multis
720 836 930 891 distributa
944 852 967 874 a
986 837 1129 887 quibas
1147 837 1334 875 habuerat
1350 846 1383 875 et
1397 846 1603 875 extorserat
1618 838 1811 875 dictarum

122 907 382 947 pecuniarum
402 909 590 933 summas.

173 952 216 991 Ρ
236 952 325 1000 510,
344 952 410 1002 lig.
430 953 492 992 24.
515 954 633 992 OBIIT
652 954 880 992 AMEDEUS.
901 954 977 992 Sur
993 968 1037 992 sa
1059 954 1114 992 fin
1133 954 1407 1004 dramatique‚
1435 954 1523 993 voir
1550 955 1603 994 M.
1629 955 1810 994 Bruchet

120 1011 189 1060 (Le
219 984 397 1049 chiteaii3
411 1012 454 1049 de
483 1012 673 1062 Ripaille,
705 1012 831 1060 Paris,
864 1013 995 1062 1907).

173 1070 216 1109 Ρ.
240 1070 329 1118 511,
352 1071 418 1120 lig.
444 1071 504 1110 17.
530 1071 648 1110 Ossnr
671 1072 854 1110 PETRUS.
881 1072 1006 1110 Entre
1028 1072 1062 1110 le
1085 1072 1134 1110 24
1156 1087 1262 1110 mars
1285 1080 1327 1110 et
1358 1073 1393 1111 le
1417 1071 1497 1110 18
1484 1072 1575 1122 juin
1605 1073 1705 1111 1892
1742 1073 1808 1122 (N.

122 1128 273 1176 Valois,
299 1144 362 1180 op.
389 1130 466 1177 cit„
492 1138 522 1168 t.
547 1145 575 1177 1,
600 1144 639 1180 p.
665 1129 772 1179 315).

174 1188 216 1227 Ρ.
247 1188 336 1235 512,
365 1189 431 1239 lig.
460 1189 496 1227 8.
528 1161 776 1228 A'mENAvIT.
808 1189 883 1227 Sur
910 1190 948 1228 13
978 1189 1070 1228 folie
1100 1189 1154 1227 du
1184 1190 1255 1237 roi,
1294 1190 1383 1229 voir
1422 1189 1587 1229 Lavisse
1617 1190 1811 1240 (Histoire

119 1247 163 1285 de
195 1248 361 1294 France,
395 1256 425 1286 t.
458 1263 500 1286 1v
518 1248 546 1295 ¹,
579 1263 618 1298 p.
653 1248 857 1297 305-307).

173 1306 216 1345 Ρ.
249 1306 339 1354 513,
370 1306 436 1357 lig.
471 1307 504 1346 7.
539 1308 772 1346 CIVITATEM
807 1308 1145 1346 AMBIANENSEM.
1180 1309 1232 1346 Le
1265 1308 1537 1358 chroniqueur
1563 1308 1740 1346 confond
1772 1308 1810 1346 13

118 1365 355 1404 conference
378 1366 604 1414 d'Amiens,
627 1366 697 1416 qui
718 1375 788 1405 eut
810 1366 890 1405 lieu
910 1381 960 1405 en
983 1366 1098 1414 1392,
1114 1381 1214 1405 avec
1235 1367 1460 1405 l’entrevue
1478 1366 1526 1405 de
1544 1366 1810 1417 Leulinghem

118 1424 286 1474 (Valois,
313 1439 375 1475 op.
403 1425 481 1472 cit.‚
507 1433 537 1464 t.
563 1440 605 1473 11,
630 1440 670 1475 p.
696 1425 899 1474 321-323).

173 1484 216 1523 P.
236 1484 326 1531 513,
344 1484 410 1534 lig.
430 1485 491 1523 28.
510 1484 654 1523 MissE.
676 1485 748 1523 Les
767 1484 895 1523 bulles
914 1484 1138 1522 instituant
1155 1499 1233 1523 une
1252 1499 1379 1523 messe
1397 1492 1564 1535 portent
1581 1484 1618 1522 13
1637 1484 1732 1522 date
1755 1484 1809 1522 du

117 1542 167 1581 29
188 1544 354 1582 octobre
377 1543 478 1582 1393
495 1543 560 1593 (Ν.
585 1543 735 1591 Valois,
756 1551 787 1582 t.
808 1558 849 1591 11,
864 1558 904 1594 p.
927 1544 1039 1593 403);
1061 1543 1149 1581 voir
1166 1543 1218 1582 M.
1234 1543 1373 1582 Prinet
1396 1544 1482 1592 (Un
1504 1543 1636 1581 missal
1652 1544 1696 1581 de
1711 1543 1810 1581 l’an-

117 1601 253 1652 tipape
266 1602 441 1641 Clement
460 1603 547 1640 VII
559 1606 584 1641 ὰ
597 1603 635 1640 la
653 1603 908 1653 bibliotheque
923 1603 1135 1650 nationale,
1151 1602 1252 1641 dans
1266 1603 1300 1641 le
1316 1602 1604 1652 Bibliographe
1617 1603 1809 1650 moderne,

117 1669 148 1700 t.
174 1676 263 1699 xxn
289 1662 437 1711 (1924),
461 1677 500 1712 p.
527 1662 676 1711 18-21).

172 1720 215 1759 Ρ.
245 1720 335 1768 514,
363 1721 429 1771 lig.
458 1721 493 1760 5.
524 1722 706 1760 PETRUM
737 1721 979 1759 FERNANDI.
1009 1720 1206 1768 Mariana,
1228 1720 1297 1759 lib.
1323 1720 1482 1767 XVIII,
1506 1734 1594 1770 cap.
1617 1734 1809 1767 x11,xvl11,

116 1793 211 1818 eum
249 1789 371 1818 vocat
410 1780 579 1819 Petrum
616 1780 777 1818 Aialam
794 1779 820 1818 2.
849 1780 940 1817 Non
972 1779 1203 1818 interfuisse
1240 1779 1428 1818 electioni
1463 1778 1675 1817 Benedicti
1702 1779 1809 1816 XIII

117 1847 235 1889 patet
264 1854 314 1877 ex
344 1838 584 1877 Narratione
614 1847 807 1887 gestorum
836 1847 921 1889 post
949 1839 1099 1877 obitam
1127 1838 1337 1877 Clementis
1372 1838 1457 1876 VII
1499 1838 1544 1888 [t.
1573 1852 1599 1885 1,
1629 1852 1667 1888 p.
1699 1836 1808 1886 538].

172 1899 215 1937 Ρ.
247 1898 335 1945 514,
366 1899 430 1949 lig.
467 1899 502 1937 9.
536 1899 795 1937 PRocEssus.
828 1899 880 1936 Le
913 1898 959 1936 15
988 1898 1200 1937 decembre
1232 1898 1331 1936 1393
1360 1906 1402 1936 et
1429 1898 1464 1935 le
1496 1897 1542 1934 16
1571 1896 1673 1935 avril
1712 1896 1811 1935 1393

119 1957 185 2005 (N.
208 1957 358 2005 Valois,
381 1972 442 2008 op.
465 1958 542 2005 cit„
563 1966 594 1996 t.
615 1973 656 2004 11,
677 1973 716 2008 p.
739 1957 827 2004 355,
848 1957 953 2005 359).

171 2016 214 2054 Ρ.
250 2016 339 2064 514,
373 2016 439 2066 lig.
476 2016 536 2055 10.
576 2017 868 2054 RAYMUNDUM
905 2030 959 2053 DE
995 2017 1223 2062 TURENNA,
1261 2015 1389 2053 filium
1414 2014 1617 2053 Guillelmi
1648 2013 1807 2052 comitis

116 2074 337 2113 Bellifortis
358 2083 399 2114 et
420 2074 647 2114 Alienordis
669 2075 716 2113 de
738 2074 952 2114 Convenis.
977 2074 1070 2112 Fuit
1090 2074 1154 2113 ille
1171 2074 1231 2112 vir
1245 2074 1472 2121 bellicosus,
1501 2073 1684 2122 adeoque
1706 2072 1807 2110 mul-

116 2143 209 2172 tum
239 2134 430 2173 inclaruit
462 2134 671 2173 occasione
703 2134 902 2173 bellorum
933 2148 1036 2183 quae
1070 2133 1191 2183 gessit
1221 2133 1415 2171 adversus
1448 2132 1547 2170 duos
1578 2140 1806 2181 postremos

117 2193 335 2243 pontifices
380 2194 586 2231 Romanos
629 2193 700 2243 qui
742 2192 949 2231 Avenione
991 2192 1196 2230 sederunt.
1240 2192 1384 2230 Variae
1426 2192 1571 2229 horum
1608 2190 1805 2228 bellorum

119 2266 264 2291 causae
287 2254 530 2299 afferuntur,
554 2266 656 2301 quae
679 2252 721 2290 in
741 2266 871 2290 unum
890 2260 1033 2289 tamen
1053 2251 1228 2290 incidere
1248 2251 1454 2289 videntur.
1479 2250 1656 2288 Joannes
1681 2250 1804 2287 Juve-

119 2311 220 2350 nalis
241 2311 289 2349 de
313 2311 466 2350 Ursinis
487 2311 527 2349 in
547 2311 729 2349 Historia
750 2310 891 2348 Karoli
917 2310 988 2357 VI,
1010 2324 1049 2360 p.
1073 2310 1159 2357 106,
1180 2309 1239 2347 ait
1258 2309 1325 2346 illa
1346 2318 1435 2347 orta
1454 2324 1538 2346 esse
1558 2323 1608 2346 ex
1628 2322 1672 2346 eo
1693 2307 1803 2357 quod

123 2370 393 2419 Raymundus
426 2385 448 2408 a
480 2384 588 2420 papa
620 2370 818 2420 poscebat
849 2369 926 2407 sibi
957 2368 1072 2407 reddi
1103 2369 1210 2406 bona
1244 2367 1409 2406 mobilia
1440 2376 1481 2405 et
1508 2366 1802 2405 successionem

120 2429 302 2479 Gregorii
335 2430 410 2476 XI,
440 2429 579 2479 patrui
617 2428 692 2475 sui,
733 2428 982 2466 Froissartus
1018 2427 1095 2478 [ed.
1131 2428 1313 2476 Kervyn,
1344 2435 1374 2464 t.
1416 2441 1501 2473 x1v,
1541 2440 1580 2476 p.
1612 2425 1801 2474 296-297]

119 2489 229 2538 quod
252 2489 434 2526 Clemens
457 2497 498 2525 et
520 2488 743 2526 cardinales
766 2487 806 2524 vi
828 2486 1059 2524 detinerent
1079 2500 1125 2524 ea
1147 2486 1254 2523 dona
1276 2499 1379 2534 quae
1401 2484 1533 2523 eidem
1557 2483 1805 2533 Raymundo

118 2548 286 2586 dederat
318 2547 547 2597 Gregorius,
577 2555 618 2585 et
647 2547 699 2583 ab
728 2561 775 2584 eo
803 2545 936 2595 rogati
965 2553 1012 2582 ut
1041 2545 1117 2582 sibi
1146 2559 1192 2583 ea
1222 2544 1499 2590 restituerent,
1531 2543 1803 2592 denegabant.

119 2607 332 2644 Praeterea
367 2605 612 2644 Benedictus
650 2605 758 2642 XIII
793 2604 834 2642 in
869 2604 978 2641 bulla
1013 2603 1155 2641 edita3
1188 2603 1294 2641 inter
1328 2602 1586 2640 Probationes
1620 2601 1805 2638 historiae

121 2665 404 2711 Turennensis,
419 2679 457 2714 p.
476 2664 563 2711 136,
578 2672 757 2702 testatur
771 2664 879 2701 hunc
896 2662 1190 2711 Raymundum
1205 2662 1309 2700 bello
1323 2660 1541 2711 appetiisse
1555 2661 1806 2698 Clementem

118 2725 197 2762 VII
221 2739 341 2774 super
363 2723 547 2774 pluribus
570 2731 611 2761 et
634 2721 790 2771 magnis
814 2721 981 2760 summis
1005 2720 1105 2763 auri,
1123 2735 1223 2770 quas
1247 2720 1379 2758 dictus
1399 2719 1668 2769 Raymundus
1695 2726 1807 2768 pete-

116 2784 189 2821 bat
216 2797 238 2820 a
266 2782 487 2821 camerario
514 2789 555 2819 et
582 2795 741 2820 camera
769 2779 993 2830 apostolica
1019 2794 1093 2830 pro
1120 2779 1237 2817 certis
1265 2778 1433 2816 summis
1461 2778 1548 2816 auri
1574 2786 1615 2815 et
1650 2777 1809 2826 argenti

166 2923 198 2955 1.
230 2922 296 2956 Ms.
329 2922 413 2962 cite,
443 2921 505 2954 fol.
537 2921 605 2954 147
634 2925 678 2954 ΓΟ.

168 2976 199 3008 2.
217 2975 288 3008 Sur
304 2975 426 3007 Picrre
443 2975 487 3007 de
505 2974 620 3013 Frias,
635 2973 716 3006 voir
733 2973 776 3006 N.
794 2973 921 3006 Valois
940 2973 979 3016 (t.
996 2985 1033 3011 11,
1050 2984 1085 3016 p.
1103 2973 1184 3016 572)
1204 2978 1242 3005 et
1260 2972 1369 3004 Ehrle
1386 2971 1596 3014 (Martinde
1610 2970 1807 3014 Alpartils,

316 3029 334 3048 c)

116 3035 140 3061 t·
168 3040 200 3115 3.
223 3028 708 3114 Eetie3bi5il313)estunfaux
731 3079 791 3121 (N.
813 3078 953 3118 Valois,
974 3089 1031 3121 op.
1054 3078 1125 3117 cit„
1147 3083 1230 3116 t.11‚
1252 3062 1287 3120 p.
1309 3078 1390 3116 333,
1412 3082 1500 3109 note
1521 3077 1568 3120 2).
