2083 3458
271 242 353 284 514
902 257 1053 282 NOTAE
1088 257 1149 282 AD
1184 257 1311 282 VITAs
1846 222 1970 298 [997]

271 342 400 390 lhaco,
446 343 590 379 Petrus
635 342 682 379 de
726 341 979 387 Monteruco,
1034 341 1175 378 Petrus
1228 341 1352 388 Iterii,
1404 341 1584 380 Joannes
1634 342 1682 380 de
1733 342 1968 381 Blandiaco.

328 402 409 439 lter
445 401 678 439 Romanum
714 400 941 449 descripsit,
978 400 1047 449 qui
1081 414 1271 449 praesens
1307 409 1407 448 erat,
1444 401 1644 440 Garoscus
1680 402 1728 440 de
1764 401 1969 440 Ulmoisca

272 460 446 498 Veteril.
1975 463 1979 467 ’

329 519 369 557 Ρ.
390 519 477 562 361,
507 519 572 567 hg.
594 517 628 557 9.
660 518 910 556 MAssmAM.
938 518 992 556 Le
1017 517 1040 555 6
1066 518 1148 556 mai
1179 518 1300 567 (Petit
1327 518 1562 568 Tliaiamus,
1593 533 1633 570 p.
1664 519 1743 570 95),

326 579 366 617 P.
388 579 476 620 3131,
495 579 560 628 h'g.
584 578 641 616 10.
665 578 819 615 SANCTI
839 578 1050 617 VICTORIS.
1074 578 1234 626 Kirsch,
1251 578 1327 615 Die
1344 579 1560 628 Riiclclcehr,
1579 595 1617 630 p.
1640 580 1700 628 19,
1720 594 1757 619 n.
1778 579 1840 618 37,

325 638 365 677 P.
389 637 477 685 361,
496 638 561 687 lig.
587 637 645 676 13.
670 637 871 675 FECERAT
891 651 1123 675 RENOVARI.
1145 637 1477 687 Walsinghamus
1509 639 1553 688 [t.
1573 654 1599 687 1,
1620 654 1657 689 p.
1679 638 1780 689 311]
1799 640 1971 689 loquens

272 697 318 735 de
342 705 472 735 morte
495 705 535 735 et
557 698 768 747 sepultura
791 697 977 746 ejusdem
1000 696 1157 735 Urbani
1180 697 1239 735 ait
1262 712 1351 735 ossa
1371 697 1385 720 2
1407 698 1493 747 ejus
1517 699 1569 736 ad
1591 698 1807 737 abbatiam
1831 698 1974 737 Sancti

272 756 445 794 Victoris
475 756 596 805 juxta
629 756 866 803 Massiliam,
899 756 969 794 ubi
1001 757 1212 806 quondam
1242 756 1370 795 abbas
1402 758 1550 805 fuerat,
1583 759 1706 797 fuisse
1737 758 1972 808 deportata,

269 825 304 853 et
329 816 371 852 in
396 815 556 853 ecclesia
582 830 698 865 quam
726 815 810 865 ipse
835 830 906 865 pro
932 816 1077 865 majori
1102 825 1213 865 parte
1233 816 1277 853 de
1299 831 1396 853 novo
1416 825 1698 865 construxerat,
1723 817 1839 867 juxta
1858 817 1972 867 prin-
2018 810 2022 814 ⁴

269 875 395 923 cipale
419 875 666 924 sepeliuntur
689 875 822 914 altare.
1436 870 1439 875 .

324 934 366 971 Ρ.
392 933 480 981 361,
505 934 571 983 lig.
597 934 656 971 18,
687 935 983 972 GUILLERMUM
1020 949 1075 972 DE
1110 934 1346 973 AGRIFono
1384 935 1513 975 filium
1547 936 1740 975 Ademari
1776 936 1824 974 de
1858 935 1973 986 Agri-

270 993 380 1040 folio,
408 994 563 1041 militis,
586 1002 632 1031 ut
654 994 804 1032 docent
826 1002 1019 1044 excerpta
1042 1009 1092 1032 ex
1112 994 1291 1043 Regestis
1312 996 1560 1045 parlamenti
1583 996 1708 1036 Paris.
1734 996 1842 1034 edita
1865 996 1974 1033 inter

270 1053 529 1090 Probationes
559 1053 745 1091 historiae
768 1053 1052 1091 Cardinalinm
1081 1053 1297 1103 Gallorum,
1321 1069 1359 1104 p.
1385 1054 1473 1094 415.

324 1112 447 1150 Porro
468 1121 586 1162 pater
605 1113 691 1163 ejus
712 1113 941 1152 Ademarus
962 1122 1050 1151 erat
1066 1114 1180 1152 miles
1197 1122 1238 1152 et
1255 1114 1444 1153 dominus
1462 1115 1510 1153 de
1528 1115 1726 1154 Gramato
1741 1116 1784 1154 in
1799 1113 1973 1152 dioecesi

270 1171 516 1210 Cadurcensi
542 1187 650 1210 anno
677 1172 894 1211 MCCCXL
920 1173 984 1211 die
1009 1187 1118 1211 nona
1142 1174 1247 1223 junii
1289 1182 1329 1212 et
1355 1188 1463 1211 anno
1490 1174 1663 1213 MCCCL
1698 1175 1761 1213 die
1796 1174 1972 1224 septima

268 1231 460 1280 januarii,
498 1240 545 1269 ut
582 1232 732 1271 docent
771 1241 909 1271 vetera
947 1240 1216 1271 monumenta
1254 1233 1410 1271 archivi
1448 1233 1746 1273 Turennensis.=
1774 1233 1973 1284 Ejusdem

270 1290 463 1329 Ademari
495 1291 596 1330 filius
624 1300 665 1330 et
691 1292 897 1331 Guillelmi
923 1292 1051 1330 frater
1076 1292 1155 1330 fuit
1181 1292 1410 1331 Ademarus
1438 1307 1561 1342 quem
1584 1293 1833 1332 Benedictus
1862 1292 1971 1330 XIII
2018 1321 2024 1322 ff

205 1351 207 1353 ’
269 1359 453 1389 recenter
467 1352 618 1390 electus
633 1352 746 1390 misit
760 1351 812 1389 ad
823 1366 960 1402 regem
974 1352 1234 1402 Arragonum
1248 1360 1295 1390 ut
1308 1352 1424 1391 illum
1439 1353 1591 1392 faceret
1607 1353 1822 1391 certiorem
1836 1353 1884 1390 de
1899 1365 1972 1390 sua

270 1410 480 1458 electione,
508 1420 555 1448 ut
580 1411 649 1450 lib.
680 1411 719 1448 X
744 1411 895 1450 Annal.
924 1412 1139 1461 Arragon.,
1167 1426 1255 1461 cap.
1285 1426 1365 1460 LIII,
1392 1421 1573 1451 testatur
1607 1413 1755 1451 Surita.
1786 1412 1973 1450 Fratrem

270 1468 416 1507 habuit
447 1479 658 1520 praeterea
691 1471 909 1518 Joannem,
942 1485 1064 1521 quem
1094 1479 1214 1521 pater
1243 1472 1524 1522 emancipavit
1553 1486 1662 1510 anno
1694 1470 1972 1510 MCCCLXVI

270 1542 474 1579 quemque
500 1530 740 1569 Guillelmus
766 1531 983 1569 cardinalis
1007 1531 1200 1570 heredem
1223 1522 1343 1570 suum
1366 1531 1551 1570 instituit
1572 1532 1614 1569 in
1633 1531 1750 1570 bonis
1774 1530 1970 1581 paternis.

270 1587 433 1627 Sorores
458 1589 606 1627 habuit
631 1589 804 1628 Mariam
828 1598 1005 1640 nuptam
1032 1590 1283 1640 Raymundo
1307 1591 1355 1629 de
1376 1591 1592 1639 Lauduno,
1612 1591 1740 1629 nobili
1758 1590 1971 1637 Occitano,

270 1661 395 1697 quam
423 1662 531 1687 anno
561 1649 822 1687 MCCCXCII
851 1650 1081 1688 extinctam
1109 1650 1233 1689 fuisse
1262 1665 1398 1700 supra,
1427 1665 1466 1701 p.
1497 1650 1587 1698 865,
1617 1651 1868 1689 adnotatum
1896 1657 1971 1697 est,

272 1707 485 1756 Helenam,
516 1708 718 1757 Dulciam,
748 1717 788 1748 et
816 1709 1082 1757 Florentiam,
1110 1710 1276 1748 vinculo
1301 1710 1430 1760 jugali
1457 1711 1658 1749 sociatam
1685 1724 1778 1749 cum
1805 1708 1972 1748 domino

271 1767 319 1805 de
344 1767 555 1807 Casillaco.
582 1769 754 1807 Joannis
781 1768 887 1807 filius
913 1776 953 1807 et
980 1768 1093 1807 heres
1117 1769 1358 1821 universalis
1378 1769 1457 1807 fuit
1477 1769 1674 1808 Elziarius
1694 1769 1742 1807 de
1760 1766 1971 1818 Agrifolio,

270 1826 521 1875 domicellus,
552 1828 741 1866 dominus
772 1828 1037 1867 baroniarum
1067 1829 1115 1867 de
1146 1829 1344 1868 Gramato
1374 1838 1414 1868 et
1444 1829 1492 1868 de
1522 1829 1729 1868 Theminis
1757 1829 1799 1867 in
1828 1828 1970 1867 eadem

270 1885 443 1925 dioecesi
474 1887 721 1926 Cadurcensi
751 1902 859 1925 anno
891 1888 1166 1926 MCCCXCVI
1189 1897 1230 1927 et
1252 1889 1521 1937 MCCCCVH,
1544 1889 1660 1938 cujus
1692 1903 1817 1938 nepos
1848 1887 1972 1925 fuisse

264 1945 435 1991 &videtur
457 1946 576 1996 Hugo
598 1947 646 1985 de
667 1947 878 1996 Agrifolio,
901 1947 1030 1995 miles,
1048 1948 1147 1986 baro
1166 1948 1214 1986 de
1234 1948 1445 1996 Gramato,
1467 1962 1575 1986 anno
1594 1946 1972 1988 MCCCCLXXIII,

322 2005 561 2044 Guillelmus
583 2015 670 2044 erat
690 2008 909 2045 canonicus
931 2007 1232 2046 Lemovicensis
1252 2022 1360 2046 anno
1382 2007 1619 2046 MCCCLXI
1643 2016 1683 2046 et
1703 2005 1920 2045 MCCCLX
1931 2005 1972 2052 V,

268 2078 350 2113 quo
371 2065 518 2103 studiis
538 2066 751 2104 literarum
773 2066 902 2104 dabat
924 2081 1091 2116 operam
1110 2067 1152 2104 in
1172 2068 1384 2106 academia
1406 2067 1623 2115 Tolosana,
1645 2067 1716 2105 ubi
1736 2067 1816 2104 fuit
1836 2066 1970 2104 factus

269 2124 414 2162 doctor
427 2125 699 2173 decretorum,
719 2126 880 2164 utinfra
899 2124 943 2174 [t.
958 2125 988 2176 1]
1002 2140 1094 2176 pag.
1109 2126 1199 2173 408,
1215 2127 1364 2176 legitur
1378 2127 1418 2164 in
1435 2127 1583 2176 Quarta
1597 2125 1853 2164 vitaUrbcini.
1871 2125 1972 2162 Erat

268 2191 372 2231 tum,
398 2184 437 2221 ni
459 2184 590 2232 fallor,
615 2184 793 2223 decanus
818 2185 1022 2224 Ecclesiae
1045 2186 1404 2225 Claromontensis.
1425 2187 1585 2224 Extant
1607 2186 1715 2224 enim
1739 2186 1781 2223 in
1804 2184 1971 2222 archivo

269 2243 424 2293 collegii
446 2243 585 2282 Sancti
606 2244 805 2283 Martialis
826 2245 996 2283 Tolosae
1015 2245 1168 2283 Literna
1187 2246 1376 2294 Hagom's
1395 2245 1549 2283 Alberti
1568 2245 1745 2295 episcopi
1764 2243 1972 2286 Albiensis
2016 2240 2019 2243 ’

269 2302 391 2340 datae
425 2303 627 2341 Avenioni
660 2318 768 2342 anno
803 2304 1080 2352 MCCCLXII,
1115 2305 1178 2343 die
1211 2305 1440 2355 penultima
1474 2305 1622 2343 mensis
1657 2303 1896 2350 decembris,
1929 2302 1971 2339 in

269 2362 416 2411 quibus
442 2372 789 2402 commemoratur·
812 2364 1051 2403 Guillelmus
1076 2364 1125 2402 de
1149 2364 1382 2414 Agreffolio,
1408 2365 1585 2402 decanus
1610 2362 1970 2409 Claromontensis,

269 2429 360 2459 tum
384 2422 553 2460 studens
580 2422 761 2461 Tolosae.
792 2423 948 2461 Deinde
973 2423 1107 2462 sactus
1133 2432 1195 2462 est
1220 2424 1403 2462 notarius
1430 2424 1542 2462 Sedis
1567 2423 1830 2473 apostolicae.
1859 2421 1971 2469 Quae

268 2489 357 2518 erat
379 2494 485 2518 mera
511 2481 703 2531 dignitas,
727 2496 852 2532 quam
874 2482 1051 2520 Romani
1074 2482 1296 2521 Pontifices
1318 2483 1420 2521 caris
1442 2483 1522 2521 suis
1545 2482 1798 2521 tribuebant.
1826 2482 1971 2530 Itaque

271 2539 480 2578 Frizonius
514 2549 554 2578 et
585 2550 679 2591 post
712 2556 805 2580 eum
838 2542 1035 2580 Oldoinus
1069 2542 1177 2580 hunc
1208 2543 1345 2581 locum
1376 2542 1686 2592 paraphrastice
1718 2548 1970 2591 exponentes

268 2599 363 2637 hinc
398 2600 502 2638 male
538 2601 788 2650 collegerunt
821 2601 937 2640 illum
971 2602 1094 2639 fuisse
1130 2601 1299 2639 Urbano
1332 2615 1465 2651 papae
1499 2615 1521 2639 a
1556 2602 1663 2639 notis
1699 2609 1740 2639 et
1773 2599 1968 2650 epistolis.

274 2658 457 2707 Denique
480 2659 589 2698 idem
614 2660 804 2698 Urbanus
828 2660 869 2698 in
892 2660 1106 2710 procinctu
1128 2660 1284 2699 itineris
1310 2661 1486 2698 Romani
1510 2675 1603 2699 eum
1626 2660 1781 2699 creavit
1803 2658 1971 2709 presby-

270 2725 405 2755 terum
422 2718 670 2757 cardinalem
686 2720 798 2757 tituli
815 2719 952 2758 Sancti
971 2720 1169 2770 Stephani
1183 2720 1224 2757 in
1240 2720 1375 2758 Coelio
1390 2729 1530 2758 monte
1546 2735 1654 2758 anno
1670 2717 1970 2757 MCCCLXVII

271 2776 333 2813 die
353 2790 408 2813 x11
427 2777 535 2816 maii.
557 2778 610 2815 Et
627 2792 723 2815 mox
740 2792 833 2816 cum
851 2794 896 2817 eo
912 2780 990 2817 iter
1005 2779 1207 2829 ingressus
1226 2788 1287 2817 est
1304 2779 1367 2817 die
1386 2794 1459 2816 X1x
1477 2780 1659 2829 ejusdem
1678 2778 1839 2816 mensis.

325 2836 443 2872 Anno
470 2836 793 2876 MCCCLXVIII
819 2852 912 2877 eum
937 2838 1060 2877 fuisse
1086 2839 1256 2878 missum
1280 2839 1331 2876 ab
1358 2839 1526 2877 Urbano
1550 2839 1591 2876 in
1615 2851 1786 2887 regnum
1811 2836 1968 2887 Neapou

270 2894 445 2931 liminum
482 2896 530 2932 ad
569 2896 770 2934 sedandas
808 2898 1010 2947 quasdam
1046 2898 1344 2936 controversias
1380 2898 1522 2935 scribit
1558 2897 1778 2935 Frizonius.
1819 2895 1895 2933 Sed
1930 2895 1969 2933 id

324 3033 349 3063 1.
383 3033 528 3073 Malum,
556 3041 579 3067 t.
602 3047 652 3074 lv,
704 3062 710 3069 .
735 3036 751 3068 ‘l
784 3037 815 3069 1.

321 3086 349 3117 2.
382 3087 450 3117 Sur
479 3088 508 3119 le
538 3047 718 3121 tombeiiu
748 3037 934 3122 d3’Urbain
962 3089 1004 3129 V,
1036 3090 1116 3123 voir
1142 3089 1523 3123 Albanes-Chevalier
1547 3088 1673 3131 (Actes
1700 3091 1860 3129 anciens,
1891 3096 1916 3123 t.
1940 3089 1968 3129 Ι,

272 3149 303 3179 p.
328 3139 407 3177 427,
433 3151 463 3172 n.
492 3141 567 3179 170,
590 3147 627 3174 et
647 3154 681 3184 p.
705 3142 785 3181 429,
808 3154 842 3175 n.
866 3142 962 3185 177).
