2083 3458
278 268 359 310 682
928 283 1080 308 ΝοΤΑΕ
1115 283 1175 308 AD
1211 283 1338 309 VITAs
1835 270 1988 326 [1162]

332 369 432 406 Erat
451 367 666 407 cardinalis
686 367 973 406 Ambianensis
993 368 1221 408 arctissima
1239 368 1407 418 junctus
1426 369 1608 409 amicitia
1627 384 1719 409 cum
1739 370 1826 409 viro
1843 370 1991 421 insigni

281 429 528 478 Ingerranno
558 428 735 475 Eudino,
764 428 1014 466 seneschallo
1041 428 1307 478 Belliquadri,
1337 443 1458 478 quem
1489 430 1668 468 Joannes
1699 430 1912 469 Juvenalis
1942 430 1991 469 de

278 487 433 526 Ursinis
468 487 510 525 in
549 487 642 525 Vita
676 487 819 525 Karoli
860 488 932 535 VI,
967 502 1006 538 p.
1042 487 1105 535 30,
1141 502 1293 526 vocans
1331 488 1546 526 Hubinum
1581 498 1852 528 connumerat
1885 490 1992 528 inter

275 547 441 585 intimos
467 546 653 596 ejusdem
677 546 793 597 regis.
823 547 885 584 Illi
910 547 1093 585 Clemens
1118 562 1227 598 papa
1252 548 1334 585 VII
1358 548 1400 585 in
1423 548 1550 587 initiis
1575 549 1831 599 principatus
1858 549 1991 588 Ludo-

275 606 354 645 vici
375 607 404 654 I,
422 606 524 656 regis
545 606 702 645 Siciliae
720 615 761 645 et
778 607 939 645 comitis
959 607 1212 654 Provinciae,
1232 607 1494 647 commiserat
1511 608 1526 630 1
1552 608 1784 647 custodiam
1812 617 1991 659 quatuor

274 666 429 704 arcium
457 666 541 704 sive
569 675 799 706 castrorum
823 666 865 704 in
891 680 937 705 ea
963 666 1195 717 provincia3
1224 681 1323 716 quas
1352 681 1445 705 cum
1472 667 1599 707 Maria
1625 668 1777 718 regina,
1804 668 1990 718 ejusdem

277 725 474 764 Ludovici
512 725 608 765 olim
646 726 812 776 conjux,
851 740 1089 776 recuperare
1128 727 1265 774 vellet,
1304 735 1568 777 mentemque
1606 741 1723 766 suam
1762 728 1990 778 aperuisset

274 785 405 823 eidem
442 799 574 836 papae
611 786 723 836 apud
760 785 1019 824 Avenionem
1056 800 1165 823 anno
1203 786 1559 834 MCCCLXXXV,
1598 787 1661 825 die
1698 795 1816 826 sexta
1875 787 1987 835 maii,

285 845 474 894 [Journal
499 846 543 883 de
571 845 675 883 Jean
700 846 732 883 Ze
759 845 891 892 Fcere,
918 860 957 896 p.
987 845 1086 895 106]
1113 846 1271 896 placuit
1296 846 1348 883 ad
1375 846 1625 885 cardinalem
1652 847 1987 895 Ambianensem,

273 905 387 954 cujus
420 904 637 955 praecipue
669 904 845 943 consiliis
881 906 1153 955 Ingerrannus
1186 905 1456 953 innitebatur,
1489 906 1600 945 mitti
1630 907 1847 944 nonnullos
1880 907 1987 945 viros

270 964 472 1014 principes
495 979 546 1002 ex
567 965 660 1002 aula
682 964 843 1015 reginae
867 964 937 1014 qui
958 979 1098 1003 earum
1120 964 1276 1004 arcium
1297 965 1603 1004 restitutionem
1626 966 1899 1016 postularent.
1923 966 1987 1004 Ad

271 1023 521 1063 cardinalem
544 1024 685 1074 itaque
708 1033 873 1075 postera
898 1024 961 1062 die
984 1024 1093 1072 ivere
1119 1025 1298 1063 <loannes
1325 1025 1448 1063 Fabri
1470 1025 1684 1076 episcopus
1710 1025 1986 1073 Carnotensis,

271 1083 510 1122 Guillelmus
532 1098 664 1122 comes
685 1084 906 1122 Bellifortis
928 1092 969 1122 et
990 1084 1184 1134 Georgius
1207 1084 1255 1123 de
1274 1084 1417 1122 Marlio
1433 1085 1628 1135 magister
1644 1085 1813 1136 hospitii
1831 1085 1987 1124 domini

269 1157 414 1193 papae.
439 1144 493 1181 Et
515 1143 731 1182 cardinalis
755 1143 921 1194 quidem
942 1144 1101 1194 prolixo
1122 1158 1307 1182 sermone
1328 1159 1439 1192 usus,
1461 1145 1641 1182 multum
1662 1159 1914 1195 conquerens
1937 1145 1986 1183 de

269 1203 495 1241 acerbitate
515 1217 656 1241 eorum
676 1217 779 1253 quae
800 1203 1021 1242 adversum
1040 1218 1079 1241 se
1101 1212 1214 1253 gesta
1234 1212 1365 1251 erant,
1386 1204 1594 1242 facturum
1613 1213 1755 1242 tamen
1773 1204 1986 1255 respondit

269 1276 373 1312 quae
400 1272 551 1313 posset.
582 1263 736 1301 Eadem
765 1263 828 1301 die
855 1271 950 1313 post
975 1263 1194 1313 prandium
1227 1264 1499 1313 Ingerrannus
1526 1264 1698 1302 accessit
1723 1264 1776 1301 ad
1801 1263 1985 1314 reginam

268 1322 546 1360 salutandam.
571 1323 659 1371 Qua
681 1323 892 1361 occasione
912 1337 1008 1361 usus
1030 1323 1243 1373 episcopus
1266 1323 1526 1362 Carnotensis
1548 1324 1600 1361 ab
1621 1338 1667 1362 eo
1686 1323 1802 1373 jussu
1822 1323 1983 1373 reginae

267 1382 433 1432 repetiit
449 1396 494 1420 ea
513 1391 660 1421 castra.
679 1383 743 1420 Ad
759 1383 859 1421 haec
875 1382 939 1420 ille
957 1383 1108 1420 multas
1127 1382 1395 1421 contumelias
1413 1383 1490 1421 sibi
1505 1383 1655 1430 illatas,
1673 1383 1884 1433 pactiones
1902 1397 1985 1421 non

267 1450 451 1480 servatas
489 1456 830 1489 commemorans,
869 1442 1035 1480 demum
1073 1442 1178 1480 dixit
1215 1457 1296 1480 non
1329 1442 1621 1481 restituturum
1651 1458 1692 1481 se
1727 1451 1876 1490 castra,
1913 1442 2010 1490 sed,

266 1501 423 1540 iturum
449 1502 502 1539 ad
528 1516 678 1552 regem,
708 1502 957 1540 Francorum
986 1502 1191 1549 videlicet,
1220 1510 1260 1540 et
1288 1502 1497 1540 facturum
1524 1516 1628 1552 quae
1654 1502 1719 1541 ille
1746 1502 1982 1553 imperaret.

268 1561 481 1600 Perculsus
508 1575 552 1599 ea
580 1561 843 1612 responsione
862 1561 1076 1612 episcopus
1102 1561 1214 1599 illam
1232 1561 1429 1612 postridie
1448 1562 1590 1600 retulit
1612 1575 1744 1612 papae
1766 1561 1979 1600 Clementi.

270 1620 339 1659 Ille
364 1636 460 1659 vero
486 1635 602 1671 aegre
628 1621 669 1659 id
695 1621 840 1668 ferens,
866 1621 919 1658 ad
944 1621 1132 1659 eumdem
1163 1622 1460 1671 Ingerrannum
1484 1621 1540 1660 ire
1564 1621 1686 1671 jussit
1710 1621 1981 1660 camerarium

266 1694 399 1728 suum,
418 1680 488 1730 qui
503 1681 591 1719 vice
607 1681 694 1730 ejus
712 1695 803 1719 eam
818 1680 1123 1719 restitutionem
1141 1689 1315 1730 urgeret.
1335 1681 1496 1719 Placuit
1512 1689 1653 1719 tamen
1669 1690 1716 1719 ut
1732 1689 1828 1719 ante
1846 1695 1978 1720 comes

267 1740 545 1779 Gebennensis
573 1754 667 1780 cum
692 1755 738 1779 eo
764 1740 1013 1790 loqueretur.
1044 1740 1154 1778 Nihil
1179 1749 1279 1779 tunc
1306 1749 1447 1779 actum
1473 1749 1548 1787 est,
1576 1741 1687 1790 quod
1714 1741 1881 1791 quidem
1906 1755 1979 1790 ego

265 1799 404 1838 sciam.
429 1800 502 1838 Die
524 1800 618 1838 dein
639 1814 710 1838 x111
731 1800 939 1849 sequentis
961 1800 1110 1838 mensis
1132 1800 1270 1838 martii
1303 1800 1438 1849 [1386;
1464 1801 1647 1848 Journal,
1669 1815 1708 1850 p.
1731 1800 1831 1850 249]
1854 1801 1978 1838 Joan-

266 1874 334 1897 nes
358 1859 406 1898 de
429 1860 588 1898 Sanctis
611 1874 704 1899 cum
725 1859 978 1910 amplissima
999 1868 1207 1910 potestate
1229 1859 1375 1898 missus
1397 1868 1459 1898 est
1479 1860 1531 1897 ad
1557 1860 1853 1910 Ingerrannum
1872 1868 1978 1898 trac-

265 1927 429 1958 taturus
467 1933 558 1958 cum
596 1934 643 1958 eo
679 1919 1070 1958 deconditionibus
1107 1919 1458 1959 restituendarum
1493 1919 1662 1958 arcium.
1701 1919 1778 1958 Sed
1814 1918 1977 1957 interim

270 1979 541 2028 Ingerrannus
586 1979 794 2029 profectus
839 1987 901 2017 est
946 1978 1169 2017 Lutetiam.
1216 1979 1360 2028 Itaque
1401 1979 1580 2017 Joannes
1621 1979 1808 2018 eamdem
1852 1978 1977 2025 viam,

265 2046 311 2075 ut
334 2052 426 2076 eum
450 2047 750 2088 assequeretur,
773 2038 975 2088 ingressus
1000 2047 1061 2077 est
1084 2038 1148 2077 die
1171 2053 1243 2076 xiv
1265 2038 1451 2088 ejusdem
1473 2038 1637 2078 mensis.
1663 2038 1815 2077 Mansit
1837 2046 1976 2076 autem

266 2098 455 2136 Lutetiae
482 2099 753 2148 Ingerrannus
777 2112 906 2148 usque
928 2098 980 2135 ad
1003 2112 1186 2137 mensem
1207 2098 1375 2138 maium.
1393 2098 1496 2135 Tum
1520 2113 1617 2137 vero
1638 2098 1733 2136 hinc
1752 2098 1977 2145 discedens,

264 2157 468 2196 rediturus
490 2157 532 2195 in
555 2157 830 2205 Provinciam,
854 2158 1101 2207 Lugdunum
1123 2157 1295 2196 advenit
1317 2158 1380 2196 die
1402 2158 1559 2196 veneris
1583 2172 1683 2195 xv111
1707 2157 1817 2205 maii,
1839 2157 1977 2207 ibique

264 2217 498 2267 hospitatus
530 2226 592 2255 est
623 2217 675 2255 ad
705 2217 862 2267 insigne
894 2217 988 2267 pilei
1018 2217 1145 2256 rubei.
1181 2218 1369 2265 Quantae
1401 2225 1542 2257 autem
1573 2216 1822 2267 dignationis
1855 2216 1978 2255 fuerit

264 2276 371 2314 idem
406 2277 677 2326 Ingerrannus
708 2276 802 2315 hinc
832 2291 995 2326 quoque
1024 2277 1167 2327 liquet.
1200 2277 1306 2314 Nam
1336 2290 1431 2315 cum
1470 2277 1684 2327 episcopus
1715 2275 1975 2315 Carnotensis

264 2335 475 2374 Avenione
508 2336 708 2386 digressus
742 2336 988 2386 Lugdunum
1022 2351 1069 2374 eo
1101 2336 1164 2374 die
1207 2336 1456 2384 advenisset,
1497 2345 1538 2374 et
1578 2336 1788 2386 Georgius,
1821 2350 1974 2385 coquus

264 2395 364 2444 ejus,
394 2395 436 2433 in
465 2395 688 2434 diversorio
716 2395 784 2433 illo
812 2396 947 2434 locum
977 2395 1214 2446 accepisset,
1245 2395 1579 2445 supervenientes
1604 2395 1818 2435 domestici
1841 2395 1974 2445 Inger-

263 2454 380 2492 ranni
415 2469 509 2493 eum
541 2455 636 2493 hinc
669 2455 863 2493 excedere
898 2455 1198 2505 compulerunt.
1236 2455 1428 2494 Referam
1461 2463 1602 2493 autem
1636 2455 1761 2493 verba
1795 2453 1975 2505 episcopi

275 2514 476 2564 [Journah
502 2529 542 2565 p.
569 2514 669 2564 275]
695 2514 775 2553 ista
802 2515 849 2553 de
875 2529 915 2553 se
940 2514 1154 2553 scribentis
1183 2530 1190 2552 :
1216 2505 1417 2552 'Vendredi
1441 2515 1604 2552 XVIII
1626 2514 1717 2564 jour
1739 2514 1776 2564 je
1800 2513 1927 2552 αννίνὲ
1951 2528 1975 2551 α

263 2573 386 2622 Lyon.
412 2574 463 2611 Et
485 2588 629 2612 comme
658 2573 801 2623 George
825 2588 915 2611 mon
938 2588 1065 2624 queam
1086 2582 1170 2611 eust
1192 2574 1307 2623 prins
1329 2574 1448 2611 hostel
1470 2588 1523 2611 αιι
1546 2574 1696 2624 Chapel
1718 2574 1853 2623 Rouge
1876 2587 1976 2623 pour

265 2647 365 2682 moy,
393 2633 573 2671 vindrent
598 2634 651 2671 les
679 2647 772 2682 genz
799 2634 842 2671 de
869 2634 1027 2671 messire
1053 2634 1291 2682 Engaerran
1318 2633 1497 2671 d’Eadin
1523 2641 1556 2671 et
1583 2648 1643 2670 me
1667 2634 1916 2682 deslogerent,
1943 2640 1976 2669 et

262 2691 299 2740 je
329 2692 394 2740 sus
425 2696 449 2729 ὰ
479 2693 518 2730 la
548 2693 709 2730 Pomme
740 2707 793 2730 αα
826 2693 974 2731 devant.
1009 2693 1110 2731 Cum
1145 2693 1394 2743 Ingerranno
1426 2701 1544 2731 erant
1575 2692 1799 2731 vicecomes
1829 2691 1975 2740 d'Acy,

265 2751 458 2800 magister
492 2752 696 2790 Robertus
731 2752 961 2799 Cordelerii,
995 2761 1036 2790 et
1068 2751 1262 2802 magister
1295 2752 1475 2790 Joannes
1509 2752 1557 2790 de
1591 2752 1870 2798 Monteacuto,
1905 2750 1974 2800 qui

266 2810 543 2848 Mediolanum
584 2811 952 2861 proficiscebantur
993 2819 1162 2861 propter
1203 2811 1514 2851 matrimonium
1557 2811 1769 2858 Ludovici,
1813 2809 1972 2849 comitis

265 2868 461 2916 Valesiae,
495 2884 588 2908 cum
620 2871 840 2908 Valentina
874 2870 956 2908 filia
990 2870 1161 2909 Joannis
1195 2870 1374 2908 Galeacii
1404 2870 1656 2910 vicecomitis
1690 2869 1899 2920 Papiensis
1932 2877 1973 2907 et

265 2927 589 2968 Mediolanensis.
620 2930 718 2968 Post
746 2930 967 2980 prandium
999 2930 1268 2979 Ingerrannus
1298 2938 1339 2968 et
1367 2930 1562 2979 magister
1591 2930 1795 2968 Robertus
1826 2928 1971 2967 Corde·

264 2986 347 3023 lerii
369 2987 532 3026 iverunt
553 2989 594 3027 in
615 2989 733 3027 aedes
756 2989 827 3026 ubi
848 2989 1068 3027 habitabat
1089 2989 1315 3039 episcopus.
1340 2988 1523 3028 Primum
1544 2989 1655 3039 apud
1676 3002 1770 3028 eum
1791 2987 1969 3038 graviter

264 3055 509 3094 conquestus
538 3056 598 3085 est
626 3048 896 3097 Ingerrannus
924 3048 972 3086 de
998 3048 1188 3098 episcopo
1215 3048 1483 3095 sistaricensi,
1509 3062 1631 3097 quem
1659 3047 1797 3086 aiebat
1820 3046 1968 3084 dixisse

313 3170 340 3201 1.
363 3170 432 3202 Sur
451 3172 500 3204 les
521 3174 778 3213 eveucmcnts,
801 3173 882 3206 voir
902 3174 1028 3207 Valois
1053 3174 1092 3217 (t.
1114 3186 1151 3214 11,
1172 3186 1206 3218 p.
1229 3175 1376 3214 97-101,
1398 3174 1586 3218 108-110).
