2083 3458
73 288 199 346 [921]
600 307 816 334 PAPARUM
851 308 1235 335 AVENIONENSIUM
1675 294 1758 337 437

63 389 332 439 provinciales
366 389 561 428 adversus
594 399 857 440 usurpatores
891 391 1093 430 bonorum
1126 392 1387 431 ecclesiarum
1419 401 1460 431 et
1489 395 1756 433 monasterio-

63 461 172 494 rum3
192 462 295 497 quae
313 448 581 486 confirmatae
600 449 613 471 1
631 449 799 487 fuerunt
815 464 837 487 a
856 451 1024 488 concilio
1040 451 1260 490 Basileensi
1278 466 1385 489 anno
1404 452 1756 501 MCCCCXXXV,

66 521 91 544 x
113 507 192 544 kal.
214 507 365 556 aprilis,
387 515 428 545 et
447 521 469 544 a
491 507 601 544 Julio
622 522 729 557 papa
755 508 793 545 ΙΙ
814 508 921 546 anno
943 509 1121 557 MDVII,
1144 525 1211 547 vm
1230 510 1308 548 kal.
1327 511 1517 549 octobris.
1545 512 1754 550 Habemus

63 580 183 616 porro
215 579 325 619 prae*
345 566 533 604 manibus
568 566 854 605 fundationem
887 568 1276 617 praebendariorum
1310 583 1430 619 supra
1465 584 1757 608 commemora-

63 633 162 663 tam.

121 683 166 720 In
187 683 322 721 codice
340 681 445 721 1898
463 683 735 722 bibliothecae
756 684 1012 724 Colbertinae
1033 685 1046 707 ²
1066 694 1212 723 extant
1228 686 1536 724 Constitutiones
1550 689 1758 737 synodales

64 742 115 780 ab
150 757 196 780 eo
231 742 365 780 editae
399 756 506 780 anno
539 742 815 780 MCCCLXVI
839 757 911 793 pro
936 744 1108 782 dioecesi
1131 745 1419 793 Avenionensi,
1449 760 1572 795 quam
1605 747 1756 785 vicario

64 802 226 839 nomine
252 801 408 839 Urbani
432 801 465 838 V
488 801 668 850 regebat.
690 802 752 839 Sic
776 810 916 840 autem
939 802 1160 853 inscriptae
1184 812 1300 842 sunt:
1326 804 1589 854 Infraseripta
1610 814 1757 844 statuta

62 860 224 909 fuerunt
241 860 336 897 lecta
354 868 388 897 et
406 860 609 909 publicata
630 860 672 897 in
691 861 851 898 eeclesia
869 861 1137 899 Avinionensi
1158 862 1200 899 in
1218 863 1366 912 synodo
1385 878 1491 900 anno
1510 879 1534 901 a
1553 865 1757 902 nativitate

60 919 227 956 Domini
246 918 402 956 MCCC
417 919 658 968 sexagesimo
676 928 780 957 sexto
803 919 1026 957 immediate
1047 929 1134 969 post
1153 935 1369 959 sermonem
1391 931 1425 959 et
1448 923 1756 972 appellationem

62 978 241 1015 omnium
275 977 591 1027 beneficiatorum
621 986 654 1016 et
684 978 853 1015 aliorum
885 979 1111 1016 clericorum
1141 988 1174 1017 et
1204 981 1542 1018 denuntiationem
1570 982 1757 1030 festorum

62 1037 270 1074 mobilium
298 1051 367 1086 per
396 1037 553 1074 modum
583 1037 649 1086 qui
677 1037 853 1086 sequitur
883 1045 923 1074 ut
950 1052 1041 1076 eece.
1076 1039 1128 1075 Et
1166 1047 1308 1088 postea
1347 1040 1533 1089 sequitur
1570 1041 1714 1078 statim
1745 1057 1753 1078 :

61 1095 291 1143 Ordinatur,
315 1095 546 1146 precipitur,
570 1104 604 1133 et
626 1096 797 1133 districte
821 1097 1031 1134 mandatur
1053 1112 1122 1146 per
1144 1098 1511 1136 reverendissimum
1535 1099 1578 1136 in
1601 1099 1757 1137 Christo

62 1163 212 1205 patrem
229 1163 263 1192 et
281 1155 486 1192 (lominum
505 1155 710 1192 dominum
729 1155 955 1192 Arnaldum
975 1155 1223 1193 miseratione
1250 1157 1388 1194 divina
1415 1158 1755 1208 archiepiscopum

62 1214 389 1261 Auxitanensem,
416 1213 567 1251 domini
595 1214 716 1251 nostri
741 1228 845 1263 pape
870 1213 1158 1262 Camerarium,
1184 1224 1218 1252 et
1242 1216 1359 1253 totius
1384 1216 1634 1266 episcopatus
1659 1218 1755 1254 Aoi-

64 1273 268 1310 nionensis
294 1273 369 1310 sub
398 1287 520 1310 manu
547 1281 581 1310 et
608 1273 799 1321 regimine
828 1273 979 1310 domini
1009 1274 1131 1311 nostri
1159 1289 1262 1323 pape
1289 1275 1341 1311 ad
1367 1289 1527 1324 presens
1554 1276 1756 1313 existentis

61 1346 132 1381 pro
153 1332 283 1369 eodem
305 1332 462 1369 domino
485 1340 613 1369 nostro
634 1347 744 1381 papa
766 1332 960 1369 vicarium
982 1333 1199 1381 generalem
1222 1333 1480 1383 infrascripta
1500 1342 1646 1372 statuta
1668 1335 1755 1384 fieri

61 1399 95 1428 et
116 1391 264 1428 servari
287 1405 356 1440 per
377 1405 441 1428 vos
463 1405 596 1428 omnes
619 1399 652 1428 et
674 1391 855 1439 singulos
876 1399 1044 1428 vestrum
1066 1392 1229 1441 priores,
1255 1392 1435 1439 vicarios,
1461 1401 1493 1430 et
1517 1394 1754 1442 capellanos,
1816 1415 1820 1419 ¹

62 1458 229 1498 curatos,
246 1465 290 1487 ae
311 1458 450 1487 ceteros
474 1449 721 1499 beneficiatos
733 1450 1001 1487 Ecclesiarum
1022 1450 1193 1488 civitatis
1214 1459 1247 1488 et
1268 1451 1441 1500 dyocesis
1453 1452 1752 1490 Avinz'onensis.

63 1509 184 1547 Patet
215 1517 356 1547 autem
386 1509 652 1547 vehementer
683 1523 814 1547 errare
848 1509 1137 1548 Sebastianum
1171 1510 1434 1557 Fantonium,
1468 1519 1496 1549 t.
1529 1526 1569 1558 11,
1604 1511 1752 1550 Histor.

61 1567 271 1615 Avenion.,
303 1582 341 1617 p.
375 1568 464 1615 323,
497 1568 566 1605 ubi
598 1568 656 1605 ait
689 1568 916 1606 Arnaldum
945 1568 1298 1619 archiepiscopum
1329 1569 1601 1608 Auscitanum
1633 1570 1755 1608 fuisse

61 1627 259 1665 vicarium
285 1627 496 1665 Benedicti
526 1627 633 1664 XIII
661 1627 702 1664 in
729 1627 1004 1665 Avenionensi
1032 1627 1204 1666 dioecesi
1231 1642 1338 1665 anno
1368 1628 1687 1676 MCCCCXCVI,
1714 1637 1755 1667 et

59 1686 264 1735 synodum
292 1686 576 1724 dioecesanam
605 1686 884 1725 celebravisse:
913 1687 1024 1724 Haec
1048 1687 1156 1724 enim
1183 1687 1364 1736 synodus
1393 1688 1596 1726 celebrata
1622 1696 1682 1726 est
1702 1688 1754 1725 ab

59 1744 240 1783 Arnaldo
269 1759 377 1782 anno
408 1745 697 1783 MCCCLXVI.

116 1804 235 1841 Illum
261 1803 598 1842 Sammarthani3
623 1818 701 1841 non
729 1812 955 1854 posuerunt
979 1804 1019 1841 in
1041 1804 1229 1853 Catalogo
1253 1805 1528 1854 episcoporum
1553 1806 1752 1854 Agathen-

57 1863 237 1900 sium.Et
251 1871 391 1901 tamen
406 1878 455 1901 ex
469 1863 571 1900 libro
590 1862 890 1911 Obligationum
907 1863 1062 1901 archivi
1082 1864 1271 1901 Vaticani
1294 1863 1346 1901 ad
1364 1878 1519 1901 annum
1545 1864 1752 1902 MCCCLV

57 1922 188 1971 liquet
228 1922 441 1961 Sicardum
481 1922 719 1972 episcopum
760 1922 1038 1971 Agathcnsem
1079 1923 1316 1961 successisse
1357 1923 1521 1961 cuidam
1560 1923 1751 1962 Arnaldo.

62 1980 207 2030 Itaque
246 1989 409 2031 oportet
447 1981 675 2019 Arnaldum
714 1981 835 2019 fuisse
874 1981 1031 2019 factum
1069 1981 1306 2031 episcopum
1338 1982 1612 2031 Agathensem
1646 1997 1753 2019 anno

59 2039 305 2087 MCCCLIV,
328 2054 464 2078 mense
486 2040 618 2090 aprili,
640 2048 681 2078 et
704 2054 799 2078 mox
820 2041 1070 2078 translatum
1090 2055 1175 2078 esse
1197 2040 1248 2078 ad
1271 2041 1649 2088 Carcassonensem,
1673 2056 1752 2079 non

58 2112 166 2136 anno
186 2099 433 2146 MCCCLVI,
454 2099 612 2137 diexx¹
633 2099 890 2149 septembris,
911 2107 958 2136 ut
981 2100 1082 2137 falso
1106 2100 1306 2149 scriptum
1328 2108 1390 2137 est
1413 2100 1455 2137 in
1482 2100 1614 2137 Gallia
1631 2100 1751 2137 chris-

57 2157 170 2195 tiana
183 2157 212 2205 4,
231 2158 299 2196 sed
318 2172 425 2195 anno
445 2158 667 2205 MCCCLV,
685 2172 777 2197 cum
795 2166 953 2196 certum
971 2158 1024 2211 sit
1044 2158 1314 2196 Auscitanam
1330 2159 1552 2196 Ecclesiam
1574 2159 1607 2196 ei
1631 2159 1752 2197 fuisse

58 2217 318 2255 commissam
345 2231 453 2254 anno
483 2217 691 2255 MCCCLV
721 2217 784 2255 die
814 2216 915 2254 XV15
942 2217 1134 2266 januarii.

112 2275 269 2313 Foedus
296 2276 347 2313 ad
374 2275 635 2326 septennium
661 2276 856 2314 adversus
883 2276 1169 2314 Bernabonem
1195 2284 1235 2313 et
1262 2276 1498 2326 Galeacium
1525 2276 1572 2314 de
1602 2276 1751 2314 Medio·
1776 2315 1785 2321 ,

57 2334 164 2381 lano,
188 2335 351 2373 nomine
377 2335 532 2372 Urbani
557 2334 604 2381 V,
627 2335 719 2372 iniit
743 2349 850 2372 anno
875 2335 1174 2373 MCCCLXVII
1199 2349 1292 2373 cum
1318 2335 1470 2372 Karolo
1497 2335 1550 2372 IV
1579 2335 1751 2384 impera-

57 2400 158 2440 tore,
196 2393 404 2432 Ludovico
439 2408 529 2443 rege
564 2394 812 2442 Hungariae,
844 2402 885 2432 et
915 2394 1003 2431 aliis
1037 2393 1303 2443 quibusdam3
1337 2393 1496 2431 Odoric.
1532 2393 1751 2441 Raynald„

58 2465 122 2490 an.
143 2452 257 2500 1367,
281 2453 297 2501 ς
316 2452 374 2490 16.

105 2584 137 2617 1.
158 2583 199 2617 B.
223 2583 279 2623 N.‚
301 2595 367 2617 ms.
390 2583 525 2616 Baluze
547 2583 604 2623 12,
626 2583 687 2616 fol.
710 2584 750 2616 91
774 2589 811 2616 et
831 2584 910 2617 196.

106 2637 138 2669 2.
162 2636 202 2670 B.
228 2636 284 2676 N.,
309 2648 375 2670 ms.
398 2636 494 2669 latin
516 2636 624 2676 1541,
648 2636 710 2670 sol.
733 2637 779 2670 39
800 2637 904 2669 r0-4O
927 2640 977 2669 v0.
1006 2654 1054 2659 —
1074 2635 1139 2668 Ces
1163 2635 1431 2668 constitutions
1455 2641 1521 2668 ont
1547 2638 1604 2668 ete
1626 2635 1752 2678 impri-

57 2690 155 2722 mees
179 2701 247 2733 par
270 2689 438 2722 Martene
465 2690 687 2732 (Thesaurus
711 2701 823 2722 novus
846 2690 1107 2728 anecdotorum,
1133 2694 1159 2721 t.
1182 2700 1232 2727 lv,
1259 2689 1325 2721 col.
1352 2688 1536 2731 574-576).

105 2743 138 2775 3.
159 2742 235 2775 Son
254 2754 342 2775 nom
361 2742 479 2776 existe
500 2743 592 2775 dans
611 2742 781 2776 l’edition
802 2743 846 2775 de
866 2742 958 2775 1739
983 2742 1021 2785 (t.
1044 2753 1092 2781 VI,
1114 2741 1180 2774 col.
1203 2741 1299 2784 690).

105 2795 137 2829 4.
163 2795 333 2828 L’erreur
354 2807 375 2828 a
398 2795 550 2839 disparu
573 2796 616 2828 de
639 2795 810 2829 sedition
833 2796 876 2828 de
900 2795 992 2828 1739
1019 2795 1058 2838 (t.
1084 2806 1132 2834 VI,
1156 2795 1222 2826 col.
1248 2793 1344 2837 899).

106 2849 137 2882 5.
156 2849 312 2881 Arnaud
329 2849 474 2881 Aubert
492 2848 617 2881 obtint
632 2848 797 2882 l⁷eveche
815 2849 958 2891 d'Agde
975 2848 1006 2880 Ie
1025 2848 1069 2880 19
1087 2858 1185 2879 mars
1203 2847 1307 2886 1354,
1327 2846 1420 2879 celui
1438 2847 1481 2879 de
1500 2846 1750 2880 Carcassonne

56 2900 88 2933 le
105 2902 150 2934 14
165 2902 368 2934 novembre
385 2902 489 2941 1354,
506 2901 762 2935 l’archeveche
779 2901 926 2933 d’Auch
949 2901 980 2933 le
997 2901 1042 2933 18
1056 2899 1203 2943 janvier
1218 2900 1322 2932 1357.
1342 2899 1371 2932 Il
1391 2899 1451 2932 fut
1466 2901 1616 2933 nomme
1631 2902 1752 2933 came-

55 2953 128 2987 rier
143 2955 193 2987 du
210 2954 440 2997 Saint-Siege
457 2954 488 2987 le
505 2955 550 2987 16
566 2966 664 2988 mars
681 2955 771 2988 1361
791 2960 829 2987 et
844 2959 998 2986 mourut
1013 2953 1044 2985 le
1062 2953 1103 2985 11
1122 2952 1204 2996 juin
1220 2953 1310 2985 1371
1333 2951 1478 2995 (Mollat
1498 2958 1536 2985 et
1556 2951 1750 2992 Sam-aran,

55 3006 112 3045 La
128 3007 278 3050 fiscalite
294 3007 502 3051 pontificale
518 3018 562 3040 en
578 3007 719 3040 France
738 3018 788 3039 au
802 3006 918 3039 XIVe
935 3006 1049 3045 siecle,
1071 3005 1184 3045 Paris,
1203 3005 1308 3045 1905,
1327 3017 1362 3048 p.
1383 3006 1468 3045 258;
1489 3005 1528 3039 P.
1547 3004 1596 3039 M.
1614 3005 1752 3038 Baum-

58 3067 200 3102 garten,
222 3061 305 3093 Aus
330 3060 487 3093 Kanzlet
509 3061 585 3093 und
602 3060 789 3099 Kammer‚
813 3060 939 3103 p.107;
965 3059 1008 3092 U.
1031 3058 1200 3098 Berliere‚
1223 3058 1292 3090 Les
1317 3058 1558 3091 archidiacres
1579 3059 1620 3091 de
1642 3058 1751 3101 Liege

57 3123 108 3145 au
134 3113 251 3146 XIVe
279 3113 393 3152 siecle,
417 3114 509 3146 dans
534 3112 716 3146 Bulletins
746 3113 787 3145 de
816 3113 851 3145 la
880 3112 1112 3145 commiss-ion
1140 3111 1260 3154 royale
1289 3110 1473 3144 d'histoire
1497 3111 1537 3144 de
1564 3110 1748 3155 Belgique,

57 3171 84 3199 t.
104 3177 211 3198 Lxxv
231 3166 364 3202 (19061,
383 3178 417 3206 ιζ).
438 3166 612 3199 201-202;
631 3165 796 3199 Schafer.
813 3165 989 3197 Benedikt
1003 3164 1101 3200 XII.
1120 3175 1155 3206 p.
1174 3163 1270 3200 832).
