2083 3458
293 199 377 242 380
942 214 1093 240 NOTAE
1128 214 1188 239 AD
1224 213 1351 239 vers
1881 193 1996 251 [871]

297 300 552 338 Nivernensi.
588 299 694 337 Nam
724 298 816 336 libri
847 298 1149 347 Obligationum
1180 297 1336 335 archivi
1366 297 1558 336 Vaticani
1589 297 1740 335 fallunt
1770 296 2007 346 aliquando.

299 360 343 397 In
371 374 453 396 uno
480 373 600 409 porro
628 372 769 396 eorum
797 358 1048 396 adnotatum
1075 365 1137 395 051
1165 357 1335 395 Petrum
1362 356 1485 395 fuisse
1513 357 1690 395 electum
1713 356 2008 394 Nivernensem

295 433 402 456 anno
422 417 742 465 MCCCXXXV‚
761 431 899 455 mense
915 416 1118 466 januario.
1140 416 1257 465 Quod
1276 430 1420 454 verum
1438 430 1522 454 esse
1543 431 1626 454 non
1649 423 1790 466 potest
1812 415 1844 453 si
1862 415 2008 453 Petrus

295 478 371 515 1510
390 492 471 515 11011
489 485 550 515 051
568 477 751 514 diversus
770 477 821 514 ab
839 491 885 514 eo
904 490 1026 526 quem
1042 476 1166 526 paulo
1183 483 1280 514 ante
1306 475 1484 513 diximus
1511 475 1669 513 factum
1695 475 1818 513 fuisse
1844 473 2007 513 canoni-

295 552 389 575 cum
409 534 681 575 Aeduensem.
705 536 810 574 Sane
838 535 1179 574 Attrebatensem
1202 535 1442 585 episcopum
1466 535 1643 573 evasisse
1667 549 1775 572 anno
1794 532 2008 572 millesimo

295 595 589 634 CCCXXXIX
615 595 784 633 ineunte
811 603 970 633 certum
996 602 1087 633 051.»

348 655 467 692 Anno
490 654 783 702 MCCCXLIV,
807 654 870 692 die
893 669 997 692 XXVI
1020 653 1230 702 februarii,
1253 654 1437 693 Clemens
1460 654 1518 691 VI
1539 653 1581 691 in
1604 653 1783 692 secunda
1803 651 2009 690 creatione

294 714 565 752 cardinalium
591 713 703 752 facta
730 714 842 764 apud
868 713 1175 752 Villamnovam
1203 721 1347 751 contra
1374 712 1631 751 Avenionem
1657 727 1751 751 eum
1777 711 1875 750 fecit
1900 725 2010 762 pres-

293 774 488 822 byterum
519 772 770 811 cardinalem
799 772 913 811 tituli
943 773 1119 811 Sanctae
1151 772 1375 811 Susannae.
1410 772 1566 810 Datum
1595 771 1636 809 id
1667 771 1791 810 fuisse
1821 770 2010 821 precibus

295 832 482 871 Joannae
505 832 669 882 reginae
694 833 947 871 Francorum
970 840 1152 870 testatur
1175 832 1359 870 Clemens
1383 846 1492 882 papa
1515 831 1557 869 in
1581 831 1800 869 Collatione
1821 845 1894 880 per
1915 843 2010 868 eum

294 891 404 930 facta
425 906 506 941 quo
526 899 712 942 tempore
730 891 856 931 istam
874 891 1145 929 cardinalium
1166 891 1416 930 creationem
1430 891 1600 941 peregit.
1622 889 1775 929 Statim
1793 889 1902 928 enim
1915 896 2010 939 post

294 951 419 989 verba
442 951 572 989 relata
595 965 720 1001 supra
743 965 836 1001 pag.
860 950 938 989 869
960 951 1079 988 addit
1100 950 1115 973 1
1140 967 1147 988 :
1170 950 1247 988 Sed
1267 958 1396 1000 posset
1419 950 1560 988 iterum
1582 950 1703 1001 queri.
1729 949 1859 1000 Quare
1882 948 2012 998 magis

293 1010 572 1060 assumpsistis
591 1010 685 1048 istos
702 1025 821 1060 quam
837 1009 963 1048 alios?
979 1010 1265 1060 Respondetur.
1285 1010 1337 1048 Et
1352 1010 1482 1060 primo
1500 1018 1693 1060 quantum
1713 1010 1765 1047 ad
1780 1009 2012 1058 episcopum

293 1069 388 1106 olim
409 1069 741 1117 Attrabatensem,
763 1069 894 1120 primo
917 1084 962 1107 ex
983 1078 1093 1119 parte
1115 1069 1249 1119 regine
1271 1069 1455 1117 Francie,
1479 1084 1550 1120 que
1573 1069 1790 1107 intercessit
1809 1068 2011 1118 ferventer,

292 1129 462 1166 secundo
484 1143 529 1166 eo:
550 1137 661 1179 parte
682 1129 748 1167 sui
770 1129 973 1176 avunculi,
998 1129 1065 1179 qui
1087 1129 1305 1179 promeruit
1326 1137 1514 1179 patenter,
1538 1129 1648 1166 tertio
1665 1143 1710 1166 ex
1731 1136 1842 1178 parte
1864 1135 2010 1175 nostra,

292 1188 360 1237 qui
386 1188 650 1226 concessimus
674 1189 889 1236 clementer,
916 1195 1052 1238 quarto
1077 1203 1122 1226 ex
1145 1196 1256 1238 parte
1279 1203 1367 1236 sua,
1394 1188 1461 1238 qui
1484 1188 1647 1238 recipiet
1670 1187 1845 1225 libenter.
1872 1186 2011 1224 Primo

293 1247 378 1284 dico
399 1261 445 1284 ex
465 1249 576 1297 parte
598 1248 766 1285 illustris
788 1248 922 1297 regine
943 1248 979 1285 F
982 1248 1128 1295 rancie,
1152 1262 1223 1298 que
1245 1247 1462 1286 intercessit
1480 1248 1711 1297 frequenter,
1735 1255 1769 1285 et
1788 1245 2013 1296 specialiter
2032 1290 2037 1291 ⁷

293 1306 589 1344 determinando
610 1321 650 1344 se
671 1307 723 1345 ad
745 1307 866 1345 istum
887 1307 1119 1357 episcopum
1140 1307 1458 1345 Attrabatensem
1480 1315 1514 1345 et
1533 1321 1603 1357 per
1623 1307 1841 1357 frequentes
1863 1305 2012 1343 litteras

291 1374 325 1403 et
347 1380 416 1415 per
436 1366 671 1416 sollempnes
693 1366 980 1414 ambasciatores,
1004 1367 1099 1417 quia
1120 1366 1306 1405 dominus
1328 1367 1553 1404 Ludovicus
1575 1367 1619 1404 de
1642 1365 1852 1404 'Sabaudia
1872 1364 2014 1403 habuit

292 1439 413 1474 super
438 1425 507 1463 hoc
532 1425 780 1475 singularem
805 1426 1091 1474 ambasciatam,
1119 1435 1153 1464 et
1179 1426 1365 1464 dominus
1390 1426 1643 1476 Raynaudus
1669 1426 1714 1463 de
1741 1424 1914 1462 Molinis
1940 1423 2012 1461 diu

293 1484 372 1533 fuit
389 1485 432 1522 in
449 1485 561 1522 curia
577 1499 698 1535 super
715 1485 788 1523 isto
806 1485 970 1534 negotio.
988 1486 1043 1523 Et
1058 1485 1164 1524 infra
1177 1485 1192 1508 ²
1211 1502 1218 1524 ε
1238 1485 1422 1524 Secunda
1438 1500 1560 1523 causa
1577 1486 1621 1523 de
1633 1485 1877 1535 promotione
1894 1483 2011 1521 istius

294 1543 587 1582 Attrabatensis
609 1559 655 1582 ex
672 1553 786 1595 parte
808 1545 998 1583 avunculi
1020 1545 1098 1594 sui,
1124 1545 1191 1596 qui
1212 1560 1284 1596 pro
1308 1560 1414 1583 nunc
1436 1553 1611 1595 patenter
1633 1553 1667 1582 et
1688 1552 1783 1582 certe
1809 1543 1900 1581 bene
1921 1557 2010 1593 pro—

295 1603 437 1641 meruit
471 1603 611 1641 habere
646 1612 823 1654 nepotem
857 1604 1112 1643 cardinalem.
1152 1604 1196 1643 Si
1233 1605 1318 1663 ipse
1352 1605 1572 1643 cardinalis
1611 1603 1813 1642 Eduensis
1851 1614 2010 1653 presens

294 1670 391 1714 esset
414 1677 494 1700 non
517 1663 746 1702 diceremus.
774 1663 851 1701 Sed
874 1664 1092 1713 gaudemus
1116 1664 1212 1714 quia
1236 1664 1320 1714 ipse
1345 1679 1424 1702 non
1441 1672 1506 1703 est.
1531 1665 1651 1702 Nunc
1676 1663 1783 1701 istud
1804 1661 2012 1712 collegium

295 1722 463 1759 multum
485 1722 699 1760 honoratur
721 1737 766 1760 ex
786 1738 862 1760 sua
883 1723 1083 1773 presentia
1104 1732 1263 1774 propter
1283 1738 1400 1761 suam
1421 1723 1719 1774 experientiam,
1742 1721 2011 1773 prudentiam,

296 1790 505 1818 scientiam
527 1790 561 1819 et
583 1790 716 1820 Vitam.

349 1840 547 1888 Quamvis
582 1849 723 1879 autem
757 1841 791 1880 ei
826 1841 948 1879 datus
983 1842 1107 1880 fuerit
1140 1843 1286 1880 titulus
1323 1843 1498 1881 Sanctae
1533 1843 1758 1889 Susannae,
1792 1855 1865 1891 pro
1899 1854 2011 1878 more

293 1907 435 1939 tamen
459 1900 623 1939 illorum
647 1909 884 1951 temporum
908 1909 1082 1939 vocatus
1108 1910 1170 1939 051
1195 1901 1412 1940 cardinalis
1439 1901 1745 1941 Attrebatensis
1771 1915 1822 1939 ex
1845 1898 2011 1939 nomine

293 1959 464 1997 ultimae
487 1959 692 1998 Ecclesiae
713 1974 839 2010 quam
859 1961 1055 2010 possedit.
1076 1961 1260 2000 Clemens
1276 1961 1334 1999 VI
1354 1961 1396 1998 in
1416 1962 1561 2000 eadem
1581 1959 1825 1999 Collatione3
1843 1975 1851 1997 :
1872 1959 2011 1996 Primo

295 2018 445 2055 ratione
466 2033 535 2056 sue
556 2019 800 2069 sufficientie.
828 2019 920 2069 Ipse
941 2028 996 2057 est
1017 2021 1144 2058 doctor
1165 2021 1308 2070 legum,
1332 2029 1366 2058 et
1386 2021 1516 2071 primo
1537 2021 1616 2070 fuit
1637 2020 1848 2070 episcopus
1870 2018 2011 2055 Niver-

295 2078 443 2124 nensis,
463 2086 496 2115 et
513 2086 601 2128 post
618 2079 732 2116 Attra
741 2079 924 2127 batensis,
945 2087 978 2116 et
998 2079 1041 2117 in
1060 2088 1219 2130 utroque
1241 2080 1332 2118 bene
1350 2080 1514 2130 profecit
1530 2087 1689 2130 propter
1705 2093 1822 2116 suam
1839 2077 2010 2128 pruden-

295 2136 403 2174 tiam.
425 2137 604 2175 Secundo
620 2138 772 2176 ratione
788 2138 998 2187 dignitatis
1014 2153 1083 2176 sue
1099 2140 1282 2177 Ecclesie.
1305 2139 1382 2177 Illa
1405 2139 1583 2177 Ecclesia
1609 2138 1744 2189 genuit
1768 2136 2011 2175 cardinalem

293 2204 327 2233 et
341 2210 505 2246 papam.
524 2196 758 2235 Cardinalis
775 2197 1032 2235 Carnotensis
1046 2198 1127 2247 fuit
1141 2207 1388 2236 consecratus
1405 2199 1448 2236 in
1463 2199 1695 2249 episcopum
1713 2197 1823 2235 illius
1839 2195 2012 2234 Ecclesie

293 2255 600 2303 Attrabatensis‚
633 2257 701 2294 sed
733 2271 811 2294 non
843 2257 1008 2295 retinuit
1039 2272 1193 2306 nomen,
1228 2258 1323 2308 quia
1352 2258 1431 2307 suit
1454 2267 1685 2308 assumptus
1707 2257 1751 2295 de
1775 2252 2010 2294 Carnotensi

294 2314 483 2353 Ecclesia.
508 2315 559 2352 Et
580 2330 650 2352 nos
671 2316 856 2353 similiter
875 2316 1031 2365 suimus
1052 2317 1265 2355 consecrati
1289 2318 1331 2354 in
1352 2318 1583 2368 episcopum
1606 2318 1716 2355 illius
1738 2315 1923 2362 Ecclesie,
1944 2313 2012 2351 sed

295 2387 373 2410 non
391 2374 631 2412 retinuimus
650 2390 803 2422 nomen,
823 2375 918 2425 quia
936 2390 1015 2413 non
1030 2376 1186 2425 suimus
1205 2376 1295 2414 inde
1312 2377 1522 2427 assumpti.
1542 2377 1593 2414 Et
1611 2377 1695 2414 ideo
1713 2376 1893 2413 volumus
1910 2373 2012 2424 quod

294 2431 433 2470 habeat
458 2434 700 2471 cardinalem
725 2435 792 2484 qui
818 2434 982 2473 retineat
1007 2450 1148 2473 nomen
1171 2436 1344 2473 Ecclesie
1368 2436 1673 2474 Attrabatensis.

348 2491 522 2530 Videtur
556 2501 696 2531 autem
731 2494 854 2532 fuisse
888 2494 1066 2532 absens4
1098 2509 1144 2533 eo
1177 2503 1363 2545 tempore
1398 2510 1478 2545 quo
1512 2495 1646 2533 factus
1681 2502 1743 2532 est
1776 2491 2006 2532 cardinalis.

297 2550 427 2587 Extat
446 2552 555 2591 enim
572 2552 680 2590 inter
699 2557 904 2591 sermones
925 2553 1111 2603 ejusdem
1130 2554 1350 2592 Clementis
1370 2553 1538 2592 Collatio
1554 2554 1569 2576 5
1588 2554 1668 2592 alia
1687 2553 1798 2591 facta
1816 2568 1887 2603 per
1914 2564 2008 2591 eum

295 2623 367 2657 pro
387 2610 571 2648 adventu
591 2611 809 2660 cujusdam
827 2612 1044 2650 cardinalis
1064 2613 1228 2652 nomine
1249 2613 1359 2651 Petri
1376 2613 1417 2650 in
1436 2614 1624 2652 novitate
1643 2627 1729 2660 sua,
1748 2612 1789 2650 in
1809 2626 1889 2662 qua
1908 2612 2009 2649 haec

294 2668 401 2705 111101·
426 2669 504 2707 alia
529 2670 722 2719 leguntur
749 2687 756 2709 :
785 2671 893 2709 Nam
920 2672 1026 2709 istud
1049 2672 1256 2721 collegium
1280 2673 1449 2721 fratrum
1475 2681 1696 2710 nostrorum
1723 2672 1857 2723 ipsum
1882 2672 2009 2710 videre

348 2817 374 2848 1.
397 2816 660 2861 Bibliothcque
681 2819 1053 2861 sainte-Genevieve‚
1076 2834 1142 2855 ms.
1165 2821 1246 2863 240,
1268 2822 1329 2856 fol.
1353 2824 1420 2856 524
1442 2828 1491 2857 νο.

346 2870 375 2901 2.
403 2870 449 2901 Ut
467 2882 507 2906 3.,
529 2871 590 2904 fol.
613 2872 682 2904 524
701 2877 743 2905 r0.

346 2923 376 2954 3.
410 2923 455 2955 Ut
478 2936 518 2961 s.‚
545 2924 606 2957 fol.
634 2926 703 2957 524
727 2931 770 2958 r0.

346 2975 376 3006 si.
400 2975 426 3007 ll
445 2976 549 3015 (11311,
569 2988 613 3009 cn
631 2978 730 3017 estet,
750 2979 895 3019 absent,
915 2993 977 3013 car
994 2981 1163 3015 Clemcnt
1180 2982 1232 3015 VI
1249 2982 1300 3015 lui
1317 2983 1460 3023 e'crivit‚
1479 2984 1510 3016 le
1528 2984 1572 3017 15
1590 2995 1688 3017 mars
1706 2984 1811 3024 1344,
1833 2985 1876 3017 dc
1900 2983 2004 3017 venir

298 3039 382 3058 suns
418 3030 539 3061 wicus]
579 3029 747 3074 (Deprcz,
782 3044 816 3065 11.
852 3034 948 3077 726).

347 3082 376 3112 ὖ.
407 3081 665 3125 Hildiotlicsluc
689 3080 1061 3127 Saintc-Gcnevieve,
1086 3100 1153 3121 ms.
1178 3088 1259 3128 240,
1284 3089 1345 3122 fol.
1372 3090 1439 3123 525
1462 3094 1505 3123 ΓΟ.
