2083 3458
79 209 205 265 [842]
606 225 823 251 PAPARUM
858 224 1242 251 AVENloNENsmM
1683 210 1763 251 351

66 308 247 359 epistolis
269 309 321 346 ad
343 323 435 347 eum
457 308 617 359 scriptis
639 316 680 347 et
700 309 741 347 in
763 323 947 348 sermone
969 323 1091 359 supra
1112 309 1324 357 laudato-¹,
1358 310 1428 348 ubi
1448 309 1527 348 ista
1541 310 1732 360 leguntur
1755 325 1762 347 :

67 368 134 406 Sic
151 375 280 406 autem
297 382 365 417 per
380 367 455 404 Dei
476 367 644 416 gratiam
661 368 751 416 fecit
768 369 917 417 legatus
936 376 1078 416 noster,·
1097 368 1164 418 qui
1181 368 1259 417 suit
1284 369 1326 406 in
1343 369 1545 406 laboribus
1562 368 1763 419 plurimis,

45 427 110 475 ‚in
137 426 302 476 vigiliis,
332 426 374 463 in
400 426 752 475 sollicitudinibus,
782 427 824 464 in
852 427 1134 464 tentationibus
1160 427 1283 465 variis
1310 435 1390 465 tam
1418 428 1460 465 in
1488 427 1763 474 Romandiola,

67 485 135 523 ubi
157 485 292 523 statim
314 484 485 522 obtinuit
510 485 678 523 Imolam
700 494 734 523 et
757 486 991 523 Faventiam
1014 493 1047 523 et
1071 486 1193 523 multa
1215 486 1298 523 alia
1321 487 1416 533 loca,
1441 501 1558 536 quam
1580 486 1697 524 etiam
1722 485 1764 523 in

66 558 200 593 regno,·
223 544 293 581 ubi
316 551 349 581 et
371 552 460 581 ante
483 558 600 593 quam
625 544 888 593 ingrederetur
910 552 944 582 et
965 552 1171 594 postquam
1197 544 1397 593 ingressus
1420 553 1486 592 est,
1512 560 1617 583 nunc
1643 545 1765 582 minis

66 604 234 649 territus,
261 617 366 640 nunc
389 602 723 652 promissionibus
748 603 907 641 allectus
932 618 978 640 ne
1001 603 1386 641 administrationem
1409 604 1520 653 regni
1545 618 1662 654 quam
1685 603 1764 641 sibi

65 662 384 700 commiseramus
407 669 546 711 ageret,
572 661 656 711 ipse
678 662 780 700 sicut
800 662 914 711 sortis
936 661 1077 700 athleta
1099 671 1133 700 et
1155 670 1349 709 constans,
1376 677 1442 700 nec
1465 663 1599 700 timore
1627 677 1764 700 concu-

66 721 172 767 titur,
200 735 266 758 nec
295 720 558 758 blandimento
581 721 793 767 seducitur,
821 735 887 759 nec
912 721 1120 771 promissis
1145 722 1421 771 corrumpitur.
1449 722 1550 760 Vide
1576 736 1698 771 supra
1723 721 1764 758 in

65 779 205 817 Prima
225 779 305 817 wita
325 779 535 817 Clementis
561 779 633 826 VI,
655 794 693 829 p.
717 780 804 817 243.

118 839 236 877 Anno
261 838 551 885 MCCCXLVI,
592 838 782 877 interfuit
803 838 1038 888 juramento
1056 838 1071 860 ²
1095 838 1205 888 quod
1231 838 1406 876 Karolus
1430 839 1610 877 marchio
1634 839 1764 876 Mora-

65 897 155 936 viae
177 897 340 935 futurus
361 897 585 947 imperator
605 897 814 947 praestitit
836 897 884 935 de
902 897 1113 935 servandis
1130 897 1289 947 juribus
1310 898 1511 936 Ecclesiae
1533 898 1762 942 Romanae3

66 956 226 995 Odoric.
255 956 475 1005 Raynald.,
499 970 564 995 an.
592 956 706 1003 1346,
738 956 755 1005 ἓ
781 956 842 1002 19,
868 956 929 995 26.

118 1016 376 1054 Abrahamus
395 1015 585 1061 Bzovius,
605 1015 658 1053 ad
676 1029 831 1054 annum
852 1015 965 1062 1347,
992 1015 1008 1064 ξ
1029 1015 1090 1062 18,
1109 1015 1168 1052 ait
1186 1015 1294 1053 hunc
1314 1015 1576 1064 Aymericum
1595 1015 1763 1053 missum

64 1089 148 1113 esse
174 1075 350 1113 Romam
372 1088 480 1112 anno
504 1074 803 1113 MCCCXLVII
827 1074 880 1112 ad
902 1074 1100 1112 sedendas
1122 1073 1341 1112 seditiones
1365 1082 1407 1112 et
1427 1074 1764 1124 compescendam

64 1133 281 1172 audaciam
307 1133 476 1171 Tribuni
502 1133 633 1172 almae
660 1133 783 1172 urbis.
812 1133 963 1171 Verum
990 1133 1167 1172 Thomas
1196 1133 1452 1180 Fortifiocca‚
1480 1148 1530 1171 ex
1556 1147 1636 1182 quo
1664 1133 1763 1171 Bzo-

31 1199 34 1208 ¹
65 1192 154 1230 vius
175 1206 248 1230 sua
269 1192 440 1242 accepit,
460 1192 502 1229 in
528 1192 619 1230 Vita
639 1192 799 1230 Nicolai
819 1192 1040 1239 Laurentii,
1062 1206 1143 1230 non
1155 1192 1342 1230 nominat
1357 1192 1604 1231 cardinalem
1626 1192 1694 1241 qui
1712 1191 1763 1229 ad

65 1266 104 1289 se
132 1251 323 1289 evocavit
348 1251 588 1290 Tribunum.
622 1251 766 1301 Itaque
787 1251 829 1288 in
856 1251 1027 1289 obscuro
1054 1259 1116 1289 est
1143 1251 1191 1289 de
1219 1265 1300 1301 quo
1327 1251 1530 1289 cardinale
1556 1251 1763 1300 loquatur,

65 1310 140 1348 nisi
176 1310 340 1348 aliunde
378 1318 620 1360 argumenta
657 1318 886 1349 sumantur.
926 1310 1189 1359 Aymericum
1226 1325 1307 1348 non
1345 1310 1466 1348 fuisse
1503 1310 1596 1348 hinc
1633 1309 1763 1359 colligi

63 1384 181 1419 posse
206 1369 371 1408 videtur
397 1369 507 1419 quod
556 1369 699 1408 nullibi
724 1369 934 1408 invenitur
958 1369 1175 1407 excessisse
1202 1369 1411 1408 Avenione
1438 1377 1660 1419 postquam
1684 1368 1764 1406 illic

62 1427 252 1467 interfuit
284 1442 391 1466 anno
426 1428 702 1467 MCCCXLVI
734 1428 970 1478 juramento
1007 1427 1147 1466 Karoli
1180 1428 1426 1467 marchionis
1460 1427 1680 1474 Moraviae,
1715 1427 1762 1465 de

64 1501 144 1537 quo
171 1487 328 1525 dictum
354 1495 416 1525 est
441 1488 564 1538 paulo
590 1495 699 1526 ante,
728 1487 870 1526 Melius
896 1487 1021 1537 igitur
1047 1487 1245 1526 Odoricus
1274 1487 1528 1537 Raynafflus,
1555 1501 1619 1526 an.
1650 1486 1763 1532 1347,

69 1546 86 1594 ἓ
108 1546 168 1594 16,
190 1546 252 1593 17,
271 1546 350 1584 ista
365 1546 540 1585 referens
556 1547 608 1584 ad
622 1546 898 1585 Bertrandum
913 1547 962 1584 de
980 1546 1132 1585 Deucio
1149 1545 1398 1585 cardinalem
1415 1546 1761 1584 Ebredunensem.

64 1606 196 1653 Quare
217 1605 497 1644 emendandus
517 1614 579 1644 est
599 1605 796 1644 Oldoinus
818 1604 865 1655 [t.
884 1620 926 1653 11,
947 1606 1021 1644 col.
1043 1605 1141 1656 492]
1164 1606 1269 1643 hanc
1291 1605 1505 1644 historiam
1529 1604 1762 1642 adscribens

63 1664 156 1702 huic
201 1664 429 1715 Aymerico.

116 1723 259 1762 Obiit³
283 1724 522 1773 Aymericus
546 1738 654 1761 anno
670 1723 966 1770 MCCCXLIX,
991 1723 1054 1762 die
1078 1723 1221 1761 martis
1237 1723 1412 1774 septima
1435 1722 1538 1772 julii,
1554 1730 1601 1760 ut
1624 1721 1764 1760 scribit

65 1782 177 1820 Felix
203 1783 455 1821 Contelorius
484 1782 536 1833 [p.
565 1783 652 1832 75].
679 1783 734 1820 At
758 1782 799 1821 in
825 1781 1056 1832 Necrologio
1081 1782 1278 1820 Ecclesiae
1302 1782 1557 1821 Carnotensis
1592 1781 1762 1819 adnota-

63 1849 154 1880 tum
176 1849 238 1879 est
260 1856 353 1880 eum
377 1841 522 1880 obiisse
547 1856 600 1879 v11
623 1841 714 1879 idus
729 1841 745 1864 4
763 1841 954 1891 januarii.

120 1900 165 1938 In
188 1899 419 1950 Necrologio
441 1909 581 1939 autem
604 1900 845 1939 monialium
869 1901 1042 1939 Sanctae
1067 1900 1218 1939 Mariae
1236 1901 1285 1939 de
1302 1900 1535 1938 Bonasania
1556 1899 1599 1937 in
1623 1900 1763 1936 Lemo-

63 1959 234 2007 vicibus,
250 1960 308 1998 ita
323 1959 471 2009 legitur
486 1960 538 1998 ad
555 1959 662 1998 diem
679 1974 765 1997 xv11
782 1960 861 1998 kal.
879 1959 1112 1998 novembris
1131 1959 1196 2010 [16
1212 1959 1401 2009 octobre]
1422 1975 1429 1997 ε
1452 1958 1562 1997 Obiit
1580 1957 1764 1996 dominus

62 2018 296 2068 Aymericus
315 2019 359 2056 de
379 2018 616 2057 Castrolucii
636 2019 854 2057 cardinalis
873 2018 1142 2066 Carnotensis,
1163 2019 1230 2069 qui
1250 2018 1392 2068 legavit
1410 2018 1569 2056 cuilibet
1589 2024 1763 2054 nostrum

61 2077 232 2127 quinque
272 2078 439 2128 florenos
480 2078 677 2115 Florentie
716 2078 833 2115 semel
871 2078 1085 2116 solvendos.
1130 2078 1379 2116 Executores
1420 2075 1661 2115 testamenti
1702 2074 1762 2112 sui

61 2136 293 2174 nominavit
335 2137 586 2176 Ademarum
630 2137 801 2175 Roberti
843 2144 884 2175 et
926 2137 1184 2187 Stephanum
1226 2136 1397 2182 Alberti‚
1441 2135 1679 2180 cardinales,
1722 2141 1762 2171 et

63 2195 231 2234 Petrum
263 2196 473 2244 Panabon,
506 2196 749 2234 canonicum
780 2196 1071 2235 Turonensem.
1106 2196 1236 2234 Docet
1265 2195 1376 2234 istud
1412 2193 1672 2232 Innocentius
1704 2192 1760 2229 VI

61 2254 102 2291 in
124 2254 235 2292 bulla
253 2254 267 2277 5
308 2269 388 2305 qua
411 2255 695 2294 executionem
717 2255 903 2305 ejusdem
919 2255 1161 2294 testamenti
1175 2254 1262 2293 vice
1277 2268 1350 2292 sua
1365 2253 1569 2292 commisit
1584 2259 1762 2302 quatuor

62 2313 157 2351 viris
181 2313 222 2351 in
246 2328 291 2352 ea
316 2314 426 2351 bulla
452 2314 686 2353 nominatis.

116 2372 319 2422 Nepotem
343 2373 489 2410 habuit
514 2373 754 2420 Cassidium,
781 2372 849 2423 qui
872 2373 1085 2412 literarum
1108 2371 1255 2410 studiis
1279 2371 1393 2410 dedit
1417 2384 1583 2421 operam
1606 2369 1646 2406 in
1670 2381 1760 2406 aca-

110 2503 141 2537 1.
164 2503 426 2547 Bibliotheque
449 2503 820 2543 Sainte-Genevieve,
844 2515 910 2537 ms.
934 2502 1016 2543 240,
1039 2502 1101 2536 fol.
1125 2503 1193 2536 423
1217 2508 1266 2536 v0.

111 2557 141 2590 2.
167 2557 332 2596 Zeumer,
358 2556 650 2596 constitutiones,
676 2563 702 2590 t.
728 2555 819 2596 vu11,
845 2568 880 2590 n.
905 2557 1025 2590 10-12.

109 2610 141 2643 3.
165 2609 283 2642 Eubel
306 2609 546 2652 (ffierarchia,
569 2616 594 2644 t.
613 2622 637 2650 1,
659 2621 693 2654 p.
715 2611 772 2653 18)
796 2610 918 2643 donne
947 2610 982 2642 la
1011 2610 1098 2643 date
1129 2609 1179 2641 du
1198 2610 1240 2642 31
1264 2608 1414 2641 octobre
1435 2607 1539 2646 1349,
1560 2618 1644 2640 sans
1664 2605 1758 2638 indi-

61 2673 153 2705 quer
171 2674 228 2695 ses
247 2674 406 2696 sources.
430 2663 525 2704 Quoi
546 2663 636 2707 qu'il
656 2675 702 2696 en
721 2663 806 2702 soit,
829 2663 999 2696 Clement
1019 2663 1072 2695 VI
1093 2662 1285 2705 envoyait,
1307 2661 1338 2693 le
1359 2661 1404 2694 16
1425 2659 1627 2693 novembre
1650 2658 1754 2697 1349,

60 2726 131 2748 une
148 2715 258 2748 lettre
276 2716 319 2748 de
336 2717 584 2749 condoleance
603 2717 623 2748 a
642 2716 762 2749 Pierre
780 2717 824 2748 de
842 2716 1031 2754 Chfflelus,
1049 2717 1190 2758 eveque
1209 2715 1252 2747 de
1270 2713 1442 2752 Valence,
1460 2712 1553 2746 frere
1572 2713 1622 2744 du
1638 2710 1756 2744 cardi-

60 2768 133 2807 nal,
156 2769 177 2800 a
197 2768 396 2802 l’occasion
418 2769 512 2802 dela
533 2775 633 2802 mort
650 2770 694 2802 de
716 2769 862 2802 celui-ci
887 2769 991 2812 (Reg.
1015 2768 1100 2801 Vat.
1124 2767 1205 2806 143,
1222 2767 1285 2800 fol.
1308 2766 1377 2799 115
1392 2765 1452 2808 ro).
1471 2765 1519 2799 Le
1534 2765 1619 2808 jour
1640 2765 1683 2797 de
1699 2775 1755 2797 ses

59 2820 283 2861 funerailles,
313 2822 345 2854 Ie
375 2821 541 2855 cardinal
572 2821 782 2855 Guillaume
814 2821 929 2855 Court
958 2832 1149 2865 prononca
1178 2831 1229 2853 un
1259 2819 1424 2852 discours
1457 2817 1633 2861 (Castico,
1664 2816 1757 2850 Acta

59 2874 195 2913 selecta,
222 2885 256 2918 p.
284 2875 356 2918 53).

106 2926 139 2960 4.
157 2926 262 2961 Lisez
277 2927 309 2960 Ie
326 2939 363 2960 Vl
391 2927 445 2971 [8]
475 2928 557 2961 idus
579 2927 748 2971 januarii
775 2926 1006 2970 (Obituaires,
1034 2932 1059 2959 t.
1085 2938 1122 2964 11.
1141 2937 1175 2969 p.
1202 2924 1298 2973 162).
1326 2924 1431 2957 Cette
1449 2924 1536 2957 date
1578 2933 1756 2956 conccrne

58 2979 94 3012 la
119 2979 347 3014 celebration
374 2981 417 3013 de
444 2992 511 3013 son
531 2980 795 3014 anniversaire.
823 2979 949 3012 L’obit
967 2980 1016 3012 du
1043 2978 1209 3012 cardinal
1235 2977 1339 3011 avait
1365 2976 1437 3010 lieu
1459 2977 1490 3010 le
1517 2977 1562 3009 10
1581 2975 1716 3009 sevrier
1735 2976 1756 3008 a

64 3031 237 3076 l’abbaye
259 3034 303 3066 de
325 3033 542 3066 Saint-Avit
564 3034 607 3066 de
630 3033 880 3066 Chateaudun
904 3032 955 3075 (ut
974 3044 1014 3070 8.,
1038 3043 1073 3075 p.
1098 3031 1193 3074 220).

108 3086 139 3119 5.
164 3085 318 3129 Deprez‚
344 3086 517 3119 Innocent
542 3086 607 3125 VI,
631 3097 665 3119 n.
689 3086 757 3119 127
784 3086 838 3129 (21
862 3096 960 3119 mars
983 3085 1103 3128 1353),
