2083 3458
91 177 214 234 [662]
619 194 836 220 PAPARUM
872 196 1257 222 AVENIONENSIUM
1702 188 1784 228 147

132 277 175 315 Ρ.
203 276 264 324 69,
290 276 355 326 lig.
383 275 444 313 30.
482 276 766 314 RAYMUNDUS
800 277 1041 316 GUILLERMI
1080 293 1134 315 DE
1174 279 1341 318 FARffls.
1379 282 1527 320 Fateor
1560 298 1623 321 me
1660 285 1779 322 valde

78 335 324 386 impeditum
349 335 471 372 fuisse
495 334 537 371 in
562 335 740 372 eruenda
766 335 917 385 origine
942 337 1057 374 istius
1084 338 1311 377 cardinalis.
1340 340 1511 378 Constat
1533 342 1640 379 enim
1665 343 1779 381 illum

79 394 201 432 fuisse
228 402 421 444 nepotem
449 393 668 431 Clementis
696 394 743 440 V,
772 409 821 431 ex
847 409 993 439 sorore,
1023 396 1203 447 fratrem·
1218 412 1313 435 vero
1339 399 1535 438 Bernardi
1562 402 1777 452 archiepis-

79 453 168 503 copi
206 452 494 490 Narbonensis.
533 452 658 489 Porro
692 453 923 491 Bernardus
960 455 1000 491 in
1036 469 1108 492 suo
1144 463 1395 495 testamento
1431 467 1623 509 nepotem
1659 475 1777 498 suum

79 520 200 550 vocat
220 511 496 549 Bertrandum
520 510 650 548 filium
673 512 867 550 Caeciliae
891 513 938 550 de
960 514 1125 561 Baucio‚
1155 529 1278 564 quam
1301 516 1483 555 Andreas
1509 519 1777 565 Duchesnius‚

76 571 144 609 lib.
165 571 213 617 V,
229 571 335 609 Hist.
354 571 639 617 lWonmor-enc.⁷
656 585 693 619 p.
712 571 800 618 448,
821 572 961 609 scribit
983 572 1104 610 fuisse
1128 575 1348 612 secundam
1370 590 1538 615 uxorem
1556 578 1778 616 Raimundi

77 629 280 668 Guillelmi
305 630 353 667 de
375 629 528 676 Budos,
553 637 594 666 et
617 644 666 666 ex
689 644 734 667 ea
759 639 1006 680 prognatum
1031 631 1101 679 ait,
1121 641 1282 682 praeter
1301 642 1467 682 ceteros,
1489 636 1775 675 Bertrandum.

77 689 140 726 Ex
161 703 241 739 quo
261 688 426 726 videtur
446 687 576 737 colligi
597 689 822 726 necessario
844 690 988 728 debere
1009 698 1169 739 patrem
1189 691 1305 730 istius
1325 693 1541 732 Bertrandi
1562 696 1777 746 archiepis-

76 747 179 798 copi,
212 748 396 797 adeoque
429 761 567 785 eorum
601 755 763 796 gentem
797 748 865 797 qui
899 749 946 787 de
981 750 1118 799 Fargis
1152 752 1549 799 cognominabantur
1581 769 1661 791 non
1694 770 1777 793 esse

76 806 409 856 distinguendam
448 820 470 843 a
508 806 729 844 Budossiis.
774 807 890 845 Hanc
930 809 1209 857 conjecturam
1248 810 1347 848 illud
1387 826 1549 861 quoque
1588 814 1775 864 adjuvat,

76 866 185 915 quod
218 866 260 903 in
294 866 370 903 hac
404 865 491 902 vita
527 865 745 903 Clementis
781 874 821 903 et
855 866 895 904 in
930 867 1049 903 Libro
1083 868 1370 917 obligationum
1404 871 1553 908 archivi
1594 872 1776 910 Is'aticani'

75 925 290 962 cardinalis
322 924 399 962 iste
432 932 606 962 vocatur
640 925 895 962 Raimundus
930 926 1146 973 Guillelmi,
1181 928 1296 977 cujus
1342 930 1591 978 cognominis
1624 939 1703 969 tres
1736 932 1776 969 in

73 983 227 1022 familia
248 983 542 1021 Budossiorum
564 997 609 1021 ea
632 991 879 1033 tempestate
902 995 1275 1024 commemorantur
1296 988 1347 1025 ab
1370 989 1511 1026 eodem
1533 990 1774 1028 Duchesnio.

35 1084 38 1086 v
74 1043 289 1081 Praeterea
308 1042 416 1081 idem
429 1042 662 1080 Bernardus
678 1042 864 1082 Andreae
882 1043 929 1081 de
948 1044 1160 1091 Budossio‚
1178 1060 1311 1094 quem,
1329 1061 1420 1084 cum
1436 1048 1558 1085 fuerit
1575 1063 1777 1099 pronepos

72 1116 204 1152 papae
229 1101 461 1148 Clementis,
479 1102 826 1151 consanguineum
841 1103 1038 1140 Bernardi
1063 1104 1185 1142 fuisse
1211 1113 1385 1153 constat,
1407 1107 1516 1156 legat
1532 1107 1780 1157 quingentas

72 1161 208 1208 libras,
228 1169 269 1199 et
286 1161 499 1198 Amanevo
517 1161 565 1198 de
582 1161 795 1207 Budossio,
815 1162 881 1210 qui
900 1162 1002 1199 nihil
1018 1162 1141 1205 habet,
1161 1163 1267 1201 mille
1285 1164 1420 1203 libras.
1442 1166 1559 1213 Quod
1578 1166 1608 1203 si
1625 1167 1683 1204 ita
1702 1175 1775 1213 est,

71 1219 133 1257 uti
151 1228 258 1258 certe
276 1227 350 1267 est,
367 1220 425 1257 ita
444 1220 780 1257 constituendum
799 1235 881 1258 esse
899 1221 1063 1258 videtur
1080 1222 1155 1259 hoc
1172 1223 1382 1272 negotium
1400 1232 1446 1261 ut
1462 1225 1593 1274 primo
1612 1226 1776 1274 quidem

72 1279 141 1328 qui
165 1294 215 1317 ex
237 1293 282 1317 ea
307 1287 426 1328 gente
450 1279 529 1316 orti
552 1287 669 1317 erant
692 1288 938 1317 vocarentur
962 1280 1009 1317 de
1035 1280 1172 1330 Fargis
1196 1289 1374 1330 tantum,
1399 1291 1541 1332 postea
1565 1299 1660 1321 vero
1685 1298 1776 1322 cum

72 1338 204 1376 titulis
227 1338 307 1376 suis
329 1337 586 1376 addidissent
606 1338 866 1385 Budossium,
890 1347 1008 1377 vetus
1031 1342 1180 1377 nomen
1203 1340 1392 1387 familiae,
1416 1350 1463 1379 ut
1484 1343 1665 1392 plerique
1688 1351 1776 1380 tum

72 1397 273 1444 solebant,
290 1397 517 1447 abjecerint
532 1405 572 1435 et
588 1397 804 1446 dynastiae
817 1398 1118 1436 substituerint.
1138 1399 1282 1449 Itaque
1300 1400 1556 1439 Raimundus
1573 1402 1776 1440 Guillelmi

72 1456 120 1494 de
149 1456 300 1503 Budos,
333 1456 402 1506 qui
433 1456 512 1493 fuit
545 1456 649 1494 filius
681 1456 826 1494 sororis
856 1471 987 1506 papae
1019 1458 1251 1505 Clementis,
1283 1459 1408 1498 frater
1438 1474 1547 1507 vero,
1579 1468 1625 1497 ut
1655 1476 1775 1511 supra

72 1523 282 1553 ostensum
306 1523 380 1562 est,
407 1515 630 1553 Raimundi
646 1515 850 1553 Guillelmi
869 1516 1097 1563 cardinalis,
1116 1517 1276 1567 integro
1295 1518 1457 1557 nomine
1477 1519 1614 1557 vocari
1635 1519 1776 1558 debuit

73 1574 329 1612 Raimundus
359 1574 563 1612 Guillelmi
592 1574 641 1612 de
670 1575 808 1624 Fargis
837 1575 1025 1613 dominus
1055 1576 1102 1613 de
1130 1576 1281 1623 Budos,
1311 1577 1421 1627 quod
1459 1578 1500 1615 in
1529 1578 1777 1617 cardinalem

71 1633 213 1672 cadere
232 1648 314 1671 non
332 1641 483 1683 potest,
505 1633 574 1683 qui
592 1648 674 1671 non
693 1642 781 1672 erat
800 1642 912 1671 ortus
932 1650 951 1672 e
970 1642 1087 1684 patre
1107 1635 1272 1673 domino
1290 1636 1492 1675 Budossii.
1514 1637 1644 1675 Castri
1669 1637 1775 1675 enim

69 1692 175 1730 illius
194 1693 279 1730 alta
299 1701 340 1730 et
359 1693 478 1730 bassa
496 1692 658 1742 justitia
679 1707 786 1730 anno
806 1701 972 1730 tantum
992 1694 1195 1731 MCCCIX
1215 1695 1313 1732 data
1333 1703 1394 1733 est
1413 1695 1506 1733 huic
1527 1696 1773 1734 Raimundo.

101 1751 321 1800 ‚Quamvis
345 1759 487 1790 autem
511 1751 683 1789 dixerim
707 1752 941 1790 existimare
966 1767 1028 1790 me
1054 1753 1217 1802 Fargios
1242 1753 1437 1803 abjecisse
1461 1762 1580 1792 vetus
1598 1755 1780 1794 familiae

71 1825 166 1849 suae
193 1825 342 1848 nomen
368 1819 415 1848 ut
440 1810 734 1849 Budossiorum
761 1811 1081 1861 appellationem
1107 1812 1352 1862 acciperent,
1379 1813 1420 1850 id
1447 1821 1587 1851 tamen
1614 1814 1661 1852 de
1688 1814 1775 1851 uni-

71 1883 187 1908 versa
216 1877 334 1919 gente
363 1869 521 1907 dictum
548 1870 687 1917 nolim,
717 1870 787 1908 sed
815 1870 862 1907 de
892 1885 937 1907 eo
959 1878 1125 1908 tantum
1148 1885 1261 1909 ramo
1288 1871 1329 1909 in
1351 1886 1432 1921 quo
1454 1872 1572 1910 stetit
1596 1881 1776 1910 castrum

69 1928 272 1967 Budossii.
311 1929 473 1967 Ceteros
509 1929 686 1967 arbitror
721 1929 953 1967 substitisse
998 1930 1039 1966 in
1085 1930 1256 1968 dioecesi
1293 1930 1522 1978 Vasatensi‚
1557 1931 1664 1969 uncle
1699 1931 1775 1969 illis

71 1987 194 2038 origo,
217 1995 258 2026 et
277 1987 489 2038 proprium
510 1988 641 2038 gentis
662 2002 811 2026 nomen
833 2003 990 2038 semper
1010 1989 1236 2027 retinuisse.
1261 1989 1426 2027 Etenim
1445 1989 1488 2027 in
1508 1990 1609 2028 actis
1631 1990 1775 2028 funda-

69 2046 192 2084 tionis
219 2061 290 2085 sex
316 2046 634 2097 capellaniarum
660 2047 701 2084 in
730 2047 907 2085 Ecclesia
935 2047 1115 2085 Albiensi
1142 2048 1410 2086 fundatarum
1436 2062 1458 2086 a
1486 2049 1700 2087 Pictavino
1727 2049 1778 2088 de

70 2105 360 2156 Montesquivo
377 2114 477 2144 tunc
495 2106 684 2156 episcopo
703 2106 885 2144 Albiensi
903 2120 1010 2144 anno
1030 2106 1341 2154 MCCCXLVII,
1362 2107 1424 2145 die
1444 2122 1517 2145 xx1
1537 2108 1775 2155 decembris,

72 2164 120 2202 fit
151 2164 306 2203 mentio
340 2165 486 2202 nobilis
518 2165 741 2202 Raimzindi
773 2166 817 2202 de
849 2165 996 2214 Fargis
1028 2166 1224 2214 quondam
1255 2166 1407 2203 domini
1440 2167 1483 2203 de
1515 2166 1774 2214 Malovicino,

76 2224 305 2261 Vasatensis
328 2223 506 2271 diocesis,
531 2232 565 2262 et
587 2224 799 2262 Bertrandi
823 2224 867 2261 de
891 2224 1049 2273 Fargis,
1075 2224 1281 2271 domicelli,
1307 2225 1392 2273 ejus
1414 2225 1504 2274 filii,
1528 2225 1633 2262 illius
1658 2225 1774 2263 nimi-

70 2296 160 2320 rum
199 2283 268 2332 qui
302 2282 345 2320 in
371 2291 529 2333 regesto
557 2284 737 2333 quodam
774 2283 1060 2321 seneschalliae
1088 2283 1312 2321 Tolosonae
1339 2291 1512 2321 vocatur
1538 2284 1705 2321 Bertran
1731 2285 1775 2321 de

70 2341 262 2390 Fargues,
286 2341 447 2389 escuier,
471 2342 579 2379 sicar
601 2343 645 2380 de
668 2342 906 2379 Mauvoisin
929 2356 976 2379 en
998 2342 1175 2391 Agenois
1197 2356 1244 2379 en
1267 2343 1305 2379 la
1328 2342 1475 2380 diocese
1497 2343 1542 2380 de
1564 2343 1773 2390 Bamdois,

69 2414 177 2438 anno
199 2400 489 2449 MCCCXLVI,
511 2401 574 2440 die
595 2416 714 2438 xxvn
733 2401 837 2451 julii.
863 2402 898 2439 Is
920 2415 1015 2439 vero
1038 2401 1294 2439 Raimundus
1315 2401 1504 2439 dominus
1537 2401 1585 2439 de
1606 2401 1773 2439 Malovi-

71 2459 161 2497 cino
183 2459 224 2497 in
249 2467 404 2498 arresto
428 2460 608 2510 quodam
632 2460 879 2510 parlamenti
904 2459 1139 2498 Parisiensis
1164 2460 1262 2497 dato
1285 2474 1393 2497 anno
1418 2460 1623 2498 MCCXLI
1646 2460 1774 2497 nomi-

69 2526 193 2556 natur
212 2533 304 2556 cum
325 2518 529 2557 cardinale
550 2519 598 2557 de
619 2519 787 2569 Fargiis,
809 2519 970 2557 Joanna
991 2519 1039 2557 de
1061 2518 1213 2568 Fargiis
1233 2518 1319 2567 ejus
1340 2533 1487 2565 sorore,
1508 2526 1549 2557 et
1568 2519 1777 2557 Galhardo

70 2577 260 2628 episcopo
289 2577 520 2625 Vasatensi‚
551 2586 661 2616 certo
690 2585 933 2628 argumento
961 2578 1076 2615 illum
1104 2577 1347 2627 pertinuisse
1375 2577 1427 2615 ad
1456 2578 1561 2615 hanc
1591 2578 1773 2627 genealo-

71 2636 178 2685 giam
201 2645 223 2674 ¹.
247 2637 310 2673 Ex
337 2636 483 2675 iisdem
504 2637 658 2687 Fargiis
678 2636 974 2675 Vasatensibus
995 2644 1132 2674 ortum
1160 2644 1263 2686 puto
1281 2636 1536 2674 Bernardum
1557 2636 1605 2674 de
1621 2636 1775 2685 Fargis,

71 2694 135 2732 cui
159 2709 266 2733 anno
291 2695 414 2733 tertio
437 2695 708 2746 pontificatus
731 2695 944 2734 Benedicti
970 2695 1055 2733 XII
1079 2695 1290 2745 provisum
1314 2702 1375 2733 est
1399 2695 1443 2732 de
1466 2695 1646 2744 prioratu
1668 2709 1773 2732 secu-

70 2753 167 2791 laris
191 2754 362 2792 Ecclesie
385 2755 429 2792 de
452 2754 602 2792 Manso
625 2754 830 2804 Agenesii,
855 2753 1157 2792 Condomiensis
1180 2753 1357 2800 diocesis,
1374 2762 1544 2800 vacante,
1566 2761 1613 2790 ut
1627 2753 1777 2803 legitur

69 2812 112 2850 in
133 2812 269 2851 codice
289 2813 393 2852 1615
410 2813 683 2852 bibliothecae
705 2813 961 2851 Colbertinae
980 2814 1006 2851 2.

126 2871 199 2909 His
224 2871 283 2909 ita
310 2871 560 2919 constitutis,
588 2872 806 2910 dicendum
832 2872 996 2909 videtur
1023 2871 1303 2909 Raimundum
1330 2870 1534 2909 Guillelmi
1559 2871 1608 2909 de
1635 2870 1774 2920 Fargis

121 3002 152 3035 1.
184 3003 358 3046 Furgeot,
381 3010 408 3036 t.
429 3016 452 3043 1,
476 3015 510 3037 n.
533 3002 736 3036 4409-4411
765 3004 821 3046 (23
842 3003 964 3046 juillet
984 3002 1105 3045 1342).

121 3056 151 3088 2.
181 3055 222 3089 Β.
245 3056 308 3095 Ν.,’
323 3068 389 3090 ms.
410 3056 505 3089 latin
524 3055 630 3096 4118,
651 3056 675 3090 f.
697 3057 740 3089 93
759 3060 793 3089 1·⁰
811 3062 848 3089 et
867 3056 987 3095 Vidal,
1009 3067 1043 3088 n.
1064 3055 1168 3088 4214.
