2083 3458
84 265 211 322 [891]
612 278 831 305 PAPARUM
866 247 1251 304 AVENIONENsIUM
1682 262 1765 305 403

67 365 115 402 de
143 379 272 402 mense
294 363 485 413 januario
512 363 665 400 curiam
692 362 915 400 Romanam
942 362 1124 399 accedens
1151 361 1354 399 duodecim
1381 362 1602 400 cardinales
1628 376 1766 411 procu-

68 423 172 462 ravit
190 422 408 473 promoveri
428 436 497 471 per
516 435 678 471 papam.
701 421 860 469 Anglzis
881 435 966 458 vero
986 435 1104 470 super
1124 419 1365 470 promotione
1387 420 1509 458 anius
1528 421 1652 458 solius
1672 421 1767 459 scri-

74 482 166 520 bens
190 496 293 532 pape
319 495 397 518 non
421 488 476 518 est
499 479 720 517 exauditus.
748 479 954 529 Wiguleus
981 474 1173 517 vHundius
1198 479 1239 516 in
1265 478 1453 528 Catalogo
1477 479 1768 529 Episcoporum

70 540 376 579 Brixinensium
411 540 470 577 ait
513 553 564 577 ex
600 538 794 575 Putschio
831 539 1090 577 Matthaeum
1133 537 1370 587 episcopum
1404 537 1685 577 Brixinensem
1721 553 1767 578 ea

71 607 320 650 tempestate
351 598 599 636 cardinalem
630 605 813 635 creatum
844 612 865 634 a
897 598 1104 635 Clemente
1134 597 1191 634 VI
1222 597 1406 635 modeste
1430 597 1609 635 renuisse
1636 612 1767 647 neque

71 659 196 696 titulo
213 658 282 696 illo
299 671 484 706 unquam
502 670 623 694 usum
642 670 738 694 esse.

127 718 169 756 P.
205 716 294 763 256,
326 716 391 765 lig.
426 716 461 753 3.
497 716 676 752 EGmms
710 714 873 751 ALVARI
907 714 1021 763 cujus
1055 714 1186 752 vitam
1230 714 1428 753 habemus
1469 715 1767 764 elegantissime

70 776 270 826 scriptam
300 789 322 812 a
349 774 520 813 Genesio
546 773 776 824 Sepulveda
793 773 820 812 ¹.
855 773 950 810 Fuit
980 773 1042 810 vir
1073 773 1370 819 celeberrimus,
1402 773 1516 822 cujus
1548 788 1697 812 nomen
1728 782 1770 813 et

71 835 280 886 praeclara
306 842 418 884 gesta
444 847 563 883 saepe
589 840 808 871 occurrunt
832 831 873 869 in
897 831 1164 881 scriptoribus
1188 832 1349 870 illorum
1374 840 1620 882 temporum.
1647 833 1769 883 Apud

72 895 325 932 Clementem
346 893 418 940 VI,
438 891 508 930 lib.
535 892 602 939 IV,
624 891 742 942 epist.
767 905 890 937 CXLV,
912 899 1029 928 extat
1050 890 1221 940 epistola
1244 891 1295 928 ad
1317 905 1410 929 eum
1430 891 1596 941 scripta,
1618 907 1667 929 ex
1689 906 1769 941 qua

73 961 191 1003 patet
205 952 262 990 illi
277 951 511 1002 adjutorem
526 950 648 989 fuisse
663 950 703 987 in
719 949 982 1000 adipiscenda
1000 949 1179 987 Ecclesia
1195 950 1392 987 Toletana
1411 950 1577 988 Petrum
1593 950 1771 989 Gometii

73 1012 123 1050 de
149 1012 323 1049 Barroso
351 1010 612 1049 cardinalem.
642 1009 705 1046 Ad
733 1023 826 1050 eum
854 1008 1078 1046 cardinales
1107 1007 1332 1058 scripsere2
1359 1023 1466 1046 anno
1495 1009 1770 1056 MCCCLXIL

76 1086 176 1108 xvm
194 1071 273 1108 kal.
293 1069 469 1108 octobris
488 1067 554 1119 [14
570 1068 801 1118 septembre
814 1067 842 1117 ],
860 1067 909 1105 de
931 1075 1061 1105 morte
1083 1067 1311 1105 Innocentii
1327 1067 1559 1117 VI,‘papae.
1580 1069 1770 1107 Urbanus

75 1145 171 1168 vero
203 1130 237 1166 V
274 1128 512 1166 Innocentio
544 1127 739 1165 suffectus
772 1127 824 1164 ad
856 1126 1047 1164 eumdem
1079 1126 1295 1175 Aegidium
1326 1126 1468 1163 statim
1501 1126 1691 1177 scripsit3
1723 1128 1772 1166 de

74 1188 329 1227 exultatione
365 1201 450 1225 sua.
490 1186 700 1225 Habemus
736 1193 955 1234 utramque
990 1185 1136 1222 harum
1172 1185 1450 1235 epistolarum.
1490 1186 1641 1223 Earum
1677 1201 1773 1224 vero

74 1247 218 1298 prioris
244 1247 522 1296 fragmentum
547 1245 677 1283 edidit
702 1244 899 1283 Odoricus
928 1244 1182 1293 Raynaldus,
1209 1258 1273 1282 an.
1302 1244 1416 1290 1362,
1448 1244 1465 1292 ἓ
1490 1245 1527 1290 4,
1554 1244 1623 1294 qui
1648 1244 1773 1283 etiam

82 1306 99 1355 ἓ
133 1306 157 1344 8
192 1305 380 1344 meminit
412 1304 698 1355 posteriorum.
737 1303 850 1342 Obiit
885 1301 1058 1341 Viterbii
1083 1317 1191 1340 anno
1221 1302 1534 1350 MCCCLXVII,
1570 1303 1633 1341 die
1670 1318 1773 1341 xx1v

74 1365 240 1416 augusti
253 1365 281 1402 4.
309 1365 503 1402 Testatur
528 1371 669 1401 autem
693 1362 884 1409 Bzovius,
911 1376 976 1401 an.
1007 1361 1121 1408 1371,
1154 1361 1170 1409 ἓ
1199 1361 1260 1408 15,
1287 1361 1526 1411 Gregoriuni
1556 1362 1616 1399 XI
1643 1362 1775 1402 indul-

76 1424 233 1473 gentias
266 1423 510 1474 impertiisse
544 1422 585 1460 in
619 1421 890 1459 translatione
925 1420 1135 1459 cadaveris
1170 1420 1271 1469 erS,
1307 1420 1416 1469 quod
1451 1428 1542 1458 tum
1576 1421 1774 1459 Assisium

76 1484 351 1530 deferebatur,
372 1482 465 1520 vide
486 1481 778 1531 Waddingum,
799 1494 863 1519 an.
888 1479 1002 1527 1367,
1029 1479 1045 1527 ἓ
1067 1479 1088 1516 2
1109 1493 1167 1528 sq.
1191 1479 1237 1529 [t.
1261 1494 1343 1526 vni,
1364 1494 1401 1529 p.
1425 1479 1539 1529 200].

131 1543 173 1580 P.
207 1541 296 1589 256,
326 1541 392 1591 lig.
425 1541 460 1580 4.
494 1541 662 1578 PASTOR
696 1554 750 1576 DE
783 1539 1113 1577 SARESCUDERIO
1148 1539 1209 1576 vel
1240 1538 1555 1585 Serrescuderio,
1586 1546 1633 1576 ut
1664 1539 1775 1588 apud

78 1601 367 1651 Waddingum,
389 1614 453 1638 an.
484 1599 598 1646 1337,
624 1599 640 1647 ἓ
661 1599 695 1646 1,
716 1598 830 1645 1339,
856 1598 872 1646 ἓ
892 1598 927 1645 2,
949 1597 1062 1645 1350,
1088 1597 1105 1645 ἓ
1124 1596 1146 1634 5
1166 1597 1211 1647 [t.
1233 1611 1301 1643 vu,
1321 1612 1358 1647 p.
1380 1596 1468 1644 203,
1488 1597 1563 1634 225
1582 1606 1623 1635 et
1641 1605 1670 1636 t.
1692 1613 1775 1647 vm,

76 1675 114 1710 p.
140 1660 228 1710 41].
254 1660 317 1698 Sic
339 1659 465 1698 etiam
486 1658 528 1696 in
550 1657 738 1695 Rubricis
760 1657 857 1695 anni
879 1656 990 1695 tertii
1012 1656 1224 1694 Benedicti
1248 1656 1347 1702 XII,
1371 1670 1458 1706 cap.
1485 1656 1571 1694 139.
1596 1657 1711 1694 Petro
1733 1657 1777 1694 de

77 1719 368 1757 Serrescaderio
384 1725 411 1757 ³.
445 1717 679 1755 Providetur
707 1716 788 1754 sibi
820 1717 864 1753 de
894 1715 1135 1766 parrochiali
1166 1715 1326 1752 ecclesia
1358 1715 1494 1752 Sancti
1526 1715 1701 1753 Martini
1733 1716 1778 1753 de

84 1778 347 1827 Vallegorgia,
371 1776 619 1815 Vivariensis
637 1775 815 1822 diocesis,
835 1783 1005 1813 vacante.
1031 1775 1134 1813 Item
1155 1788 1242 1824 cap.
1264 1773 1339 1811 233
1360 1790 1367 1811 z
1389 1774 1546 1811 Pastori
1566 1775 1610 1811 de
1629 1774 1778 1812 Serres·

76 1837 247 1884 cuderio,
269 1836 422 1874 ordinis
442 1835 611 1885 fratrum
633 1835 856 1872 Minorum.
880 1834 1104 1871 Mandatar
1119 1833 1134 1855 ⁶
1155 1833 1235 1870 sibi
1258 1833 1358 1883 qnod
1378 1833 1558 1870 concedat
1578 1833 1778 1871 licentiam

78 1896 222 1945 viginti
245 1895 447 1933 sororibus
472 1894 797 1932 monasteriorum
820 1893 1043 1939 Provincie,
1065 1892 1217 1929 ordinis
1241 1900 1372 1929 sancte
1390 1891 1517 1938 Clare,
1543 1892 1776 1930 transeundi

76 1956 129 1992 ad
149 1954 430 1992 monasterium
449 1954 493 1991 de
513 1967 669 2003 corpore
689 1952 838 1990 Christi
859 1951 1183 2001 Neapolitanum.
1208 1950 1329 2000 Apud
1351 1951 1554 1988 Joannem
1576 1951 1776 1998 Columbi,

78 2014 147 2053 lib.
176 2014 228 2051 IV
249 2014 308 2051 De
330 2013 444 2050 rebus
467 2012 583 2061 gestis
606 2011 896 2061 Episcoporum
924 2010 1233 2056 Vivat-lensium,
1258 2010 1402 2047 Petrus
1426 2010 1474 2047 de
1498 2010 1778 2048 Serescuderio

78 2073 337 2123 jurisperitus
364 2072 601 2110 nominatur
626 2085 733 2109 anno
759 2069 1096 2108 MCCCXXXIII
1125 2069 1231 2106 inter
1261 2068 1476 2106 canonicos
1506 2068 1776 2116 Vivarienses,

78 2132 111 2170 is
133 2132 218 2181 ipse
242 2131 425 2169 fortassis
449 2130 518 2180 qui
540 2129 810 2180 quadriennio
831 2136 927 2179 post
948 2128 1080 2167 evasit
1095 2136 1227 2165 rector
1243 2127 1381 2165 Sancti
1400 2127 1565 2164 Martini
1581 2128 1629 2165 de
1646 2127 1776 2165 Valle-

81 2191 230 2241 gorgia.

136 2250 231 2288 Fuit
254 2250 400 2287 Pastor
422 2248 616 2287 oriundus
641 2262 660 2285 e
684 2247 856 2285 dioecesi
880 2245 1121 2293 Vivariensi,
1139 2253 1180 2283 et
1202 2244 1395 2282 instituto
1417 2245 1549 2282 sancti
1574 2244 1777 2282 Francisci

78 2323 120 2347 se
145 2308 306 2346 addixit
328 2307 502 2357 juvenis.
533 2307 631 2344 Inde
656 2306 801 2344 missus
827 2305 878 2343 ad
903 2305 1040 2343 studia
1063 2319 1129 2342 eos
1163 2318 1396 2353 progressus
1420 2302 1516 2341 fecit
1541 2312 1587 2340 ut
1608 2303 1777 2341 tandem

129 2451 161 2484 1.
189 2450 295 2483 Cette
320 2449 538 2493 biographie
564 2448 625 2481 n’a
650 2449 732 2492 plus
759 2448 802 2481 de
828 2448 967 2480 valeur.
994 2446 1038 2479 Je
1063 2445 1213 2478 renvoie
1238 2445 1270 2478 le
1295 2445 1435 2478 lecteur
1459 2444 1480 2476 a
1504 2445 1591 2477 celle
1617 2456 1687 2487 que
1711 2444 1777 2487 j’ai

80 2503 227 2547 publie'e
245 2503 338 2536 dans
354 2503 386 2536 le
400 2503 654 2536 Dictionnaire
670 2501 854 2534 d’hisloire
869 2505 900 2533 et
917 2501 956 2533 de
969 2498 1184 2542 geographie
1199 2498 1490 2540 ecclesiamque&
1507 2503 1532 2530 t.
1545 2509 1568 2536 1,
1583 2498 1649 2530 col.
1668 2498 1777 2531 1717-

79 2557 174 2590 1725
202 2562 240 2589 et
267 2556 288 2588 a
315 2567 392 2589 mes
420 2555 542 2599 Papes
570 2554 791 2597 d’Avignon,
822 2565 855 2597 p.
886 2553 1054 2591 148-158,
1085 2551 1253 2590 166-170,
1283 2551 1369 2590 416;
1400 2550 1480 2582 voir
1506 2550 1604 2582 aussi
1633 2550 1774 2590 Mollat,

83 2622 118 2643 n.
150 2610 278 2648 24882,
310 2610 437 2648 25853,
469 2608 597 2647 26274,
629 2608 756 2646 29360,
788 2607 922 2645 57811;
953 2605 994 2638 G.
1026 2604 1229 2647 signorelli,
1264 2602 1408 2637 Viterbo
1436 2603 1530 2635 nella
1547 2604 1659 2636 storia
1687 2603 1778 2636 della

81 2662 225 2702 Chiesa,
245 2662 409 2702 viterbo,
430 2662 534 2701 1908,
553 2661 644 2694 livre
666 2660 734 2700 IV;
755 2659 796 2693 G.
817 2658 1048 2696 Mazzatinti‚
1070 2655 1105 2690 Il
1121 2656 1304 2690 cardinale
1320 2656 1502 2689 Albornoz
1519 2655 1599 2688 nell’
1625 2656 1779 2690 Umbria

82 2727 101 2749 e
121 2716 211 2748 nelle
232 2715 393 2754 Marche,
417 2715 509 2747 dans
530 2713 704 2747 Archivio
724 2713 851 2746 storico
866 2723 930 2756 per
950 2711 980 2744 le
995 2710 1161 2743 Marchie
1181 2721 1198 2742 e
1226 2720 1290 2752 per
1309 2709 1331 2741 l'
1341 2709 1506 2748 Umbria,
1530 2714 1555 2741 t.
1577 2720 1617 2740 1v
1642 2708 1775 2752 (1888),

83 2780 119 2812 p.
142 2768 317 2808 467-493;
342 2768 389 2800 M.
414 2767 591 2806 Andrieu‚
615 2767 707 2799 Note
727 2777 791 2798 sur
813 2777 862 2798 un
884 2764 1100 2807 exemplaire
1121 2763 1161 2795 de
1182 2762 1392 2795 l’ordinaire
1412 2761 1527 2804 papal
1547 2763 1714 2794 transcrit
1735 2773 1779 2794 en

83 2821 178 2854 1365
199 2833 294 2864 pour
315 2821 345 2854 le
366 2820 533 2853 cardinal
553 2819 746 2858 Albornoz,
772 2819 864 2851 dans
888 2817 1007 2850 Revue
1029 2817 1088 2849 des
1112 2815 1274 2848 Sciences
1296 2814 1514 2857 religieuses,
1540 2820 1566 2846 t.
1594 2826 1616 2846 v
1642 2814 1775 2858 (1925),

82 2886 119 2918 p.
142 2875 316 2914 275-278;
337 2873 503 2906 Annales
520 2884 713 2911 servorum,
735 2870 911 2904 Centuria
932 2871 963 2909 2,
985 2869 1046 2901 lib.
1071 2868 1119 2907 ΙΙ,
1141 2879 1221 2910 cap.
1244 2879 1305 2907 vn,
1318 2873 1344 2900 t.
1364 2879 1387 2906 1,
1410 2879 1444 2910 p.
1466 2867 1534 2900 304
1566 2866 1679 2910 [BaL]

133 2928 164 2960 2.
190 2927 279 2970 Reg.
302 2927 388 2959 Vat.
412 2925 493 2966 245,
516 2925 578 2959 fol.
601 2925 619 2958 ‘l
643 2930 686 2959 r0.

132 2981 165 3013 3.
191 2980 234 3013 A.
261 2979 430 3018 Theiner,
457 2978 585 3018 Codex,
612 2979 676 3011 tol.
700 2989 738 3017 11,
764 2989 799 3010 n.
827 2986 1014 3009 ccctxvn.

133 3034 165 3066 4.
187 3033 291 3066 Lisez
310 3033 342 3065 le
364 3033 419 3065 22.

134 3087 165 3119 5.
190 3085 311 3125 Vidal,
337 3096 371 3118 n.
397 3085 502 3118 4182.

131 3140 165 3172 6.
192 3138 321 3178 Eubel,
345 3137 389 3170 Β.
415 3137 471 3176 F.,
495 3142 523 3170 t.
548 3147 597 3176 VI,
620 3148 655 3170 n.
681 3137 737 3169 72.
