2083 3458
60 265 212 320 [1268]
580 281 795 308 PAPARUM
831 283 1214 309 AVENIONENSIUM
1664 265 1744 306 789

47 368 94 404 de
113 363 285 410 Fundis,
305 370 338 400 et
359 362 429 399 ivit
447 377 579 400 versus
600 363 813 414 Neapolim
833 380 922 403 cum
941 366 1217 403 cardinalibus
1237 365 1336 404 suis,
1358 366 1408 403 Et
1427 367 1581 415 quando
1600 380 1743 416 appro-

49 423 258 476 pinquavit
292 421 486 468 Caietam,
522 422 704 460 Gaietani
734 425 917 462 nolebant
936 439 1023 462 eum
1044 425 1211 474 recipere
1234 425 1401 462 (licentes
1422 425 1513 474 quia
1542 425 1745 463 credebant

52 485 94 522 in
121 482 327 521 dominum
360 480 582 528 Urbanum,
612 482 677 531 qui
705 491 786 520 erat
812 498 924 520 verus
951 499 1071 533 papa.
1101 484 1242 521 Postea
1271 484 1341 521 ivit
1368 483 1595 534 Neapolim,
1624 484 1694 522 ubi
1719 499 1743 522 a

50 542 197 594 populo
226 540 305 590 fuit
333 540 500 590 pessime
531 549 717 591 receptus.
753 542 888 591 Itaque
919 543 1090 592 oportuit
1119 557 1208 580 eum
1238 557 1325 580 cum
1354 543 1440 580 suis
1470 543 1744 581 cardinalibus

50 610 221 640 castrum
246 598 333 647 Ovi,
360 599 428 636 ubi
454 607 535 637 erat
559 600 710 648 regina,
739 601 896 639 intrare.
925 602 975 639 Et
1001 602 1101 651 quod
1126 601 1264 650 regina
1291 602 1504 639 mandabat
1529 603 1677 652 populo
1703 610 1744 639 ut

49 660 261 707 obedirent,
278 666 312 696 et
329 658 389 695 illi
406 659 514 695 nullo
532 660 641 696 modo
657 660 810 697 obedire
825 661 1040 699 voluerunt.
1057 661 1108 698 Et
1123 661 1257 698 videns
1274 660 1459 698 dominus
1478 661 1743 698 Gebennensis

51 720 152 771 quod
173 719 230 756 ibi
253 732 331 755 non
352 725 433 755 erat
457 717 547 754 bene
570 727 755 768 receptus,
781 719 943 757 intravit
966 734 1084 766 mare,
1108 728 1140 757 et
1163 720 1233 757 ivit
1255 734 1386 756 versus
1408 720 1660 758 Avim‘onem.
1681 721 1743 767 Et,

51 787 167 830 prout
195 776 347 824 audivi,
379 776 518 825 regina
548 777 674 815 locuta
703 786 758 815 est
786 779 933 828 populo
965 779 1244 828 Neapolitano,
1275 786 1309 816 et
1339 779 1438 816 discit
1468 780 1568 828 quod
1597 779 1746 817 volebat

50 838 159 888 sequi
186 836 398 875 consilium
424 849 570 883 eorum⁷
599 845 631 874 et
658 837 857 875 ordinavit
883 838 1171 875 ambazicaores
1198 838 1249 875 ad
1277 837 1396 874 istum
1424 838 1629 875 dominum
1657 852 1743 875 nos-

50 906 154 935 trum
168 910 238 947 pro
253 895 458 933 concordia
474 895 618 944 fienda,
634 904 668 933 et
681 911 789 946 papa
804 897 948 946 recepit
962 911 1023 933 eos
1038 897 1135 934 satis
1152 896 1330 945 gratiose.
1349 896 1525 934 Nomina
1540 897 1743 934 ambascia—

52 965 178 994 torum
199 963 292 993 sunt
316 954 404 1001 ista,
428 968 550 991 comes
575 955 770 1002 Ari-anus,
795 970 917 993 comes
943 955 1138 1002 Nolanus,
1163 969 1285 993 comes
1309 956 1353 992 de
1377 955 1520 993 Sancto
1545 956 1745 1002 severino,

50 1024 86 1054 et
108 1015 315 1054 amiratus,
343 1013 394 1051 Et
418 1021 572 1051 tantum
596 1022 781 1052 steterunt
807 1015 849 1051 in
882 1015 983 1052 Urbe
1008 1016 1060 1052 ad
1084 1015 1331 1052 tractandum
1357 1015 1603 1057 concordiam
1628 1016 1746 1053 donec

52 1074 190 1124 regina
215 1072 354 1111 habuit
379 1087 479 1110 nova
505 1074 548 1110 de
574 1073 656 1110 viro
681 1088 766 1120 suo,
793 1081 908 1123 prout
933 1073 1084 1112 audivi.
1113 1074 1163 1110 Et
1189 1081 1280 1111 tunc
1306 1074 1510 1111 mandavit
1535 1075 1635 1124 quod
1659 1074 1745 1111 sine

52 1133 300 1172 conclusione
323 1132 459 1182 aliqua
483 1132 662 1170 deberent
685 1133 737 1170 ad
758 1147 844 1170 eam
868 1133 1005 1170 redire.
1032 1133 1132 1170 Vide
1157 1146 1280 1183 supra
1306 1147 1346 1182 p.
1374 1133 1488 1171 1127.

106 1194 149 1232 P.
166 1191 255 1239 476,
268 1191 334 1241 lig.
350 1191 412 1230 22.
432 1190 809 1237 MOLIEBATURQUE
828 1206 917 1229 EUM
936 1206 1334 1229 COMPREHENDERE.
1356 1192 1471 1229 Istud
1488 1200 1645 1231 certum
1661 1206 1744 1230 esse

52 1253 202 1291 docent
230 1251 370 1289 literae
401 1250 558 1288 Urbani
586 1251 721 1289 editae
749 1251 800 1288 ab
831 1251 1004 1289 Odorico
1036 1251 1266 1299 Raynaldo,
1295 1265 1360 1288 an.
1393 1251 1507 1297 1378,
1542 1251 1558 1299 ἓ
1589 1251 1677 1297 108,
1705 1259 1746 1288 et

53 1326 118 1350 an.
144 1310 258 1358 1379,
287 1310 303 1358 ξ
326 1309 388 1348 31.
413 1310 563 1348 Contra
587 1310 770 1348 Clemens
796 1310 1011 1348 Urbanum
1034 1324 1175 1360 capere
1199 1309 1422 1359 cogitabat.
1451 1310 1580 1349 Immo
1603 1310 1745 1347 eadem

54 1385 166 1409 mens
201 1370 337 1407 suerat
370 1368 645 1407 cardinalibus
680 1377 776 1407 ante
810 1369 897 1418 ejus
932 1369 1185 1407 electionem.
1226 1369 1271 1405 In
1306 1369 1559 1418 depositione
1596 1368 1745 1419 quippe

54 1428 253 1480 Stephani
271 1427 450 1479 episcopi
468 1428 682 1467 Tudertini
700 1428 755 1466 sic
773 1428 921 1478 legitur
939 1428 952 1450 ¹
974 1444 980 1466 :
1002 1428 1209 1466 Stantibus
1230 1427 1316 1464 istis
1333 1428 1404 1475 sic,
1423 1436 1456 1465 et
1474 1427 1746 1465 cardinalibus

53 1488 309 1527 emistentibus
330 1487 372 1524 in
391 1487 586 1537 Anagnia
604 1495 638 1525 et
655 1502 764 1538 papa
785 1487 827 1524 in
847 1488 986 1534 Roma,
1007 1487 1228 1524 cardinales
1246 1486 1468 1524 scribebant
1487 1488 1588 1536 quod
1606 1487 1745 1535 digna-

54 1557 157 1586 retur
176 1548 231 1585 ire
249 1546 484 1595 Anagniam
503 1555 536 1585 et
556 1546 612 1584 ibi
632 1547 814 1584 ordinare
833 1561 877 1584 ea
897 1561 967 1596 que
986 1554 1110 1585 essent
1126 1546 1347 1583 ordinanda
1367 1560 1437 1595 pro
1455 1554 1558 1583 statu
1576 1545 1746 1583 Ecclesie

55 1605 305 1645 universali&
330 1606 381 1643 Et
403 1607 497 1643 dum
518 1621 628 1656 papa
650 1614 731 1643 erat
755 1606 797 1643 in
820 1606 1079 1655 dispositione
1102 1605 1222 1642 eundi
1244 1605 1492 1653 ifslnagniam,
1517 1619 1745 1654 supervene-

53 1675 146 1705 runt
170 1680 282 1713 nova,
308 1674 424 1715 prout
448 1665 600 1712 audivi,
627 1666 728 1715 quod
751 1665 786 1702 si
812 1665 1049 1713 contingeret
1073 1679 1161 1701 eum
1189 1665 1242 1701 ire
1269 1664 1338 1711 ibi,
1366 1665 1466 1714 quod
1489 1672 1584 1701 esset
1609 1672 1746 1714 captus

53 1726 104 1764 ab
124 1725 180 1763 eis
199 1732 233 1762 et
251 1740 275 1762 a
295 1724 430 1762 comite
450 1725 699 1762 Fundorum.
722 1722 773 1762 Et
792 1733 884 1762 tunc
905 1724 992 1761 istis
1012 1724 1176 1770 auditis,
1204 1731 1319 1773 prout
1348 1723 1500 1770 audivi,
1523 1723 1750 1760 deliberavit

56 1785 110 1822 ire
142 1783 339 1830 Tiburim‚
369 1792 403 1821 et
432 1798 511 1821 non
540 1783 786 1833 Anagniam.
821 1784 923 1821 Eam
952 1798 1048 1820 vero
1080 1791 1260 1821 mentem
1290 1782 1439 1820 sedisse
1469 1782 1595 1820 etiam
1628 1783 1748 1819 Petro

54 1845 104 1883 de
135 1844 277 1882 Crosso
297 1842 540 1881 vCamerario
570 1843 611 1880 in
641 1843 737 1893 ipsis
767 1842 894 1880 initiis
926 1842 1134 1880 electionis
1169 1841 1325 1879 Urbani
1355 1841 1528 1891 ipsemet
1560 1841 1679 1879 docet
1709 1841 1749 1878 in

56 1918 128 1941 sua
148 1901 403 1952 depositione
422 1902 437 1925 2
458 1919 464 1940 :
489 1902 586 1940 Item
606 1902 707 1939 dixit
726 1902 826 1951 quod
844 1910 1050 1952 postquam
1071 1901 1154 1951 ipse
1173 1900 1363 1938 remansit
1382 1900 1423 1937 in
1443 1908 1566 1937 castro
1585 1900 1748 1949 scripse-

55 1971 115 2000 rat
142 1961 300 2000 domino
328 1961 465 1999 Sancti
493 1961 702 1999 Eustachii
731 1962 832 2010 quod
858 1960 1100 1998 camerarius
1128 1968 1275 2009 poterat
1302 1960 1440 1996 habere
1469 1968 1597 2008 gentes
1625 1973 1748 1996 armo-

56 2036 144 2059 rum
163 2029 197 2059 et
215 2033 350 2070 capere
371 2014 484 2058 illum
504 2020 717 2067 intrusum,
737 2028 770 2057 et
787 2020 823 2057 si
842 2020 1068 2057 consulebat
1085 2019 1165 2056 sibi
1184 2019 1288 2056 exire
1308 2019 1366 2055 vel
1382 2027 1499 2065 stare,
1521 2018 1605 2067 ipse
1624 2017 1748 2055 cardi-

56 2081 162 2118 nalis
182 2079 291 2118 misit
308 2079 388 2118 sibi
407 2081 459 2118 ad
477 2079 686 2117 dicendum
706 2080 807 2128 quod
827 2093 904 2116 non
924 2078 1153 2128 eatpediebat
1173 2078 1242 2115 illa
1262 2086 1503 2126 attemptare,
1525 2077 1618 2126 quia
1637 2076 1751 2114 aliter

57 2140 175 2190 fieret,
195 2147 229 2176 et
249 2139 390 2177 melius
409 2147 490 2176 erat
509 2140 610 2188 quod
628 2138 759 2176 exiret.
784 2139 836 2175 Et
865 2138 968 2175 infra
987 2137 1002 2160 3
1023 2154 1030 2175 :
1056 2138 1152 2174 Item
1182 2137 1265 2186 ipse
1291 2136 1475 2173 dominus
1495 2135 1749 2182 camerariuS,

56 2199 150 2237 dum
170 2206 250 2236 erat
270 2199 404 2245 Rome,
428 2198 636 2236 inducebat
657 2205 848 2247 quantum
872 2205 1020 2247 poterat
1042 2196 1188 2233 dictum
1210 2196 1256 2233 B.
1282 2203 1322 2232 ut
1344 2195 1414 2232 iret
1436 2194 1682 2243 Anagniam,
1708 2202 1748 2231 ut

56 2266 275 2308 caperetur3
306 2258 373 2295 sed
402 2257 590 2295 dubitans
621 2256 747 2294 noluit
776 2256 1003 2294 consentire.
1039 2256 1135 2292 Item
1178 2254 1262 2304 ipse
1292 2254 1476 2291 dominus
1506 2253 1746 2291 camerarius

57 2317 304 2355 ordinaverat
326 2317 426 2367 quod
446 2316 481 2353 si
505 2316 606 2353 idem
629 2316 676 2354 B.
700 2315 883 2353 transiret
903 2323 991 2352 ante
1013 2322 1183 2351 castrum
1206 2312 1342 2350 Sancti
1365 2312 1525 2361 Angeli,
1548 2320 1748 2361 caperetur

57 2390 125 2426 per
144 2384 270 2424 gentes
289 2375 426 2422 castri3
445 2375 512 2412 sed
529 2375 572 2412 de
591 2375 658 2412 boc
676 2374 877 2421 dubitans,
896 2388 964 2424 per
983 2373 1093 2410 illam
1111 2373 1216 2409 viam
1236 2371 1362 2409 noluit
1377 2371 1503 2420 jacere
1529 2371 1598 2408 iter
1616 2385 1746 2408 suum.

60 2435 157 2473 Item
176 2443 264 2473 ante
284 2434 585 2472 declarationem
605 2433 689 2483 ipse
709 2433 894 2470 dominus
913 2432 1154 2470 camerarius
1173 2430 1324 2480 pluries
1343 2430 1520 2467 tractavit
1551 2444 1638 2467 cum
1657 2429 1746 2466 Bri-

57 2493 216 2532 tonibus
248 2502 283 2531 et
313 2493 409 2531 aliis
442 2493 623 2542 gentibus
656 2506 858 2529 armorum
892 2499 933 2529 ut
965 2491 1066 2528 irent
1097 2498 1131 2528 et
1164 2490 1248 2539 ipse
1280 2489 1464 2526 dominus
1508 2488 1749 2526 camerarius

56 2552 205 2590 volebat
225 2552 280 2590 ire
302 2552 344 2589 in
365 2551 531 2602 propria
549 2565 718 2601 persona
749 2551 861 2600 apud
884 2550 1156 2596 Tiburtinum,
1179 2548 1248 2585 ubi
1270 2548 1496 2598 morabatur
1517 2547 1580 2584 ille
1600 2547 1663 2594 B„
1683 2547 1750 2584 sed

57 2626 136 2649 non
161 2611 289 2661 potuit
313 2625 402 2648 cum
429 2610 531 2660 ipsis
556 2610 800 2648 concordare.
830 2609 883 2646 Et
908 2617 1049 2646 tamen
1075 2608 1147 2645 has
1175 2614 1313 2655 gentes
1340 2620 1548 2644 armorum
1574 2605 1749 2644 voluisse

57 2684 200 2720 capere
227 2670 442 2708 Urbanum
465 2677 646 2707 testatur
671 2667 834 2706 Garsias
860 2667 1027 2709 Martini
1050 2667 1201 2704 electus
1228 2664 1434 2702 Auriensis
1459 2664 1500 2702 in
1523 2664 1749 2714 responsio-

57 2729 176 2767 nibus
200 2729 252 2766 ad
276 2727 617 2777 interrogationes
641 2727 718 2765 sibi
741 2727 871 2765 factas
896 2741 1017 2776 super
1041 2739 1136 2763 casu
1159 2724 1281 2774 primi
1304 2723 1435 2770 electi,
1459 2723 1500 2760 in
1524 2723 1670 2773 quibus
1695 2723 1750 2761 sic

57 2787 237 2838 legitur4
263 2803 270 2825 :
302 2788 569 2835 Interrogatus
594 2800 713 2835 super
738 2785 883 2823 XCVI
908 2784 1010 2822 discit
1043 2784 1157 2833 quod,
1184 2797 1273 2820 cum
1309 2782 1393 2832 ipse
1427 2790 1524 2820 esset
1549 2781 1750 2831 Anagnie,

58 2846 212 2884 audivit
240 2847 341 2896 quod
370 2845 440 2883 iste
468 2845 624 2895 primus
653 2845 792 2881 electus
821 2844 970 2881 volebat
1000 2843 1054 2879 ire
1082 2843 1134 2879 ad
1163 2841 1446 2879 monasterium
1473 2841 1518 2878 de
1547 2841 1688 2891 Specu,
1718 2849 1752 2878 et

172 2984 239 3018 Ms.
268 2984 352 3024 cite,
379 2984 442 3017 fol.
471 2983 515 3016 77
543 2987 594 3016 v0.

172 3037 239 3070 Ms.
267 3037 352 3076 cite,
380 3037 442 3070 fol.
471 3037 515 3069 63
543 3041 594 3069 v0.

172 3090 239 3123 Ms.
267 3090 352 3130 cite,
379 3089 442 3122 fol.
471 3089 516 3122 64
542 3093 593 3122 νο.

135 3170 143 3176 .
173 3143 241 3176 Ms.
269 3142 354 3183 cite,
382 3142 444 3175 fol.
473 3142 542 3175 126
570 3146 620 3174 νο.

108 2985 141 3175 4*ΡῦΝὲ
