2083 3458
271 199 352 239 910
920 212 1072 237 NOTAE
1106 212 1167 236 AD
1202 212 1330 237 VITAs
1826 198 1979 253 [1398]

269 305 303 334 et
323 298 372 334 ab
396 297 478 334 illis
500 295 720 345 majoribus
748 294 869 333 Urbis
890 294 994 331 diem
1014 307 1135 343 usque
1157 293 1200 331 in
1220 293 1441 331 crastinum
1470 294 1522 331 ad
1542 294 1776 332 intrandum
1805 295 1983 333 conclave

269 365 303 393 et
334 357 414 406 ipsi
446 371 534 393 cum
566 369 712 404 magna
743 354 969 404 difficultate
1000 362 1273 391 concesserunt
1311 353 1405 392 sibi.
1447 353 1541 401 Alii,
1581 362 1629 392 ut
1658 368 1783 404 supra
1806 369 1845 405 p.
1880 354 1983 393 1184

269 416 428 454 dictum
451 424 527 461 est,
552 414 664 453 istud
688 413 871 452 evenisse
896 413 1015 451 aiunt
1037 421 1133 463 post
1159 413 1388 463 ingressum
1412 413 1685 451 cardinalium
1708 414 1751 451 in
1773 414 1982 453 conclave.

322 476 365 513 P.
394 474 483 522 519,
510 474 575 523 lig.
605 474 666 512 12.
695 474 806 511 POST
833 487 999 511 SEPTEM
1027 487 1210 511 MENSEs.
1243 472 1360 510 Istud
1386 472 1538 511 falsum
1563 481 1638 511 est.
1668 473 1835 512 Etenim
1869 488 1892 511 a
1919 474 1982 513 die

267 543 416 572 octava
441 533 593 584 aprilis,
619 547 699 583 qua
726 533 917 571 Urbanus
941 532 1094 571 electus
1119 540 1194 580 est,
1217 546 1348 582 usque
1372 532 1424 570 ad
1456 531 1700 582 vigesimam
1722 533 1984 583 septembris,

269 608 349 643 qua
379 594 585 632 celebrata
614 601 676 631 est
705 592 850 631 electio
888 591 1124 639 Clementis,
1162 591 1428 630 intercedunt
1465 599 1635 630 tantum
1673 592 1844 631 CLXVI
1883 593 1983 642 dies,

267 653 520 704 computatis
549 652 676 691 etiam
703 651 913 699 extremis,
941 651 981 689 id
1009 659 1086 699 est,
1115 651 1298 701 quinque
1325 665 1483 704 menses
1513 666 1606 690 cum
1634 651 1794 702 aliquot
1824 652 1982 691 diebus.

270 714 323 751 Et
347 722 489 751 tamen
515 712 641 751 etiam
666 711 903 750 Bonifacius
934 711 995 749 IX
1019 711 1062 749 in
1086 710 1261 761 epistola
1287 710 1495 760 encyclica
1521 725 1626 761 quae
1652 720 1770 750 extat
1795 711 1837 750 in
1872 720 1983 751 tomo

267 781 384 811 sexto
413 772 625 823 Spicilegii
655 771 915 818 Dacheriani,
941 786 981 821 p.
1011 770 1074 818 51,
1102 770 1245 809 scribit
1272 770 1499 809 cardinales
1528 770 1599 820 qui
1626 771 1880 810 Clementem
1906 772 1983 811 ele-

268 841 415 882 gerunt
434 840 673 882 expectasse
693 845 907 869 assensum
919 830 1153 881 principum
1168 829 1554 878 Galliae,mensibus
1575 839 1735 881 septem
1748 839 1789 869 et
1805 831 1982 882 amplius

268 900 363 930 ante
390 906 516 941 quam
541 891 593 929 ad
618 891 862 929 electionem
887 891 974 940 ejus
1000 890 1284 940 procederent.

322 952 365 990 P.
387 952 476 999 519,
496 951 562 1001 lig.
585 951 645 990 19.
667 951 837 989 Conpus
857 950 1027 988 CHRISTI
1049 964 1351 988 SUMPSERUNT.
1375 949 1562 999 Epistola
1583 949 1812 988 Wenceslai
1833 950 1983 989 Roma-

268 1026 414 1049 norum
432 1011 535 1061 regis
556 1010 609 1049 ad
630 1010 885 1049 Richardum
908 1010 947 1047 II
966 1023 1104 1059 regem
1124 1009 1295 1059 Angliae
1324 1009 1437 1059 apud
1457 1009 1681 1048 Od01icum
1702 1010 1984 1060 Raynaldum,

267 1085 332 1109 an.
366 1070 480 1118 1379,
517 1071 533 1119 ἓ
563 1070 612 1108 40
635 1086 641 1108 ;
677 1070 850 1120 Insuper
877 1078 912 1107 et
940 1069 1104 1120 quidam
1125 1069 1247 1107 etiam
1274 1069 1573 1106 sanctissimam
1593 1069 1913 1107 communionem
1941 1070 1985 1107 de

268 1130 400 1180 ipsius
422 1130 575 1168 domini
598 1130 721 1167 nostri
743 1144 848 1180 pape
871 1129 1061 1167 manibus
1090 1137 1332 1179 receperunt,
1366 1128 1530 1167 diaconi
1559 1128 1766 1177 videlicet,
1788 1137 1836 1167 ut
1861 1143 1985 1179 supra

267 1205 306 1240 p.
326 1189 441 1237 1095,
461 1190 576 1237 1115,
596 1189 846 1236 1119,1120,
866 1197 1079 1227 ostensum
1107 1197 1183 1236 est,
1212 1197 1253 1226 et
1280 1196 1401 1239 patet
1418 1188 1546 1226 etiam
1572 1203 1623 1226 ex
1647 1188 1709 1226 his
1737 1202 1842 1238 quae
1872 1188 1985 1239 apud

269 1249 491 1288 Odoricum
513 1249 794 1298 Raynaldum,
814 1263 879 1287 an.
903 1248 1017 1295 1382,
1044 1248 1060 1297 ξ
1080 1247 1143 1295 23,
1164 1248 1307 1286 scribit
1328 1247 1568 1286 Franciscus
1588 1248 1804 1298 episcopus
1827 1249 1984 1287 Faven-

266 1309 390 1347 tinus.
435 1309 567 1347 lmmo
597 1323 680 1346 non
718 1323 857 1346 omnes
897 1308 1091 1346 diaconos
1126 1322 1286 1346 sacram
1324 1307 1659 1346 communionem
1697 1308 1897 1358 recepisse
1936 1308 1985 1346 de

266 1383 393 1406 manu
419 1369 521 1418 ejus,
549 1368 619 1406 sed
647 1368 899 1407 cardinalem
925 1368 974 1405 de
1004 1367 1160 1405 Ursinis
1190 1375 1370 1414 tantum,
1397 1375 1579 1405 testatus
1603 1376 1663 1406 est
1692 1367 1734 1405 in
1760 1382 1833 1406 sua
1861 1367 1984 1418 depo-

266 1428 414 1466 sitione
446 1428 620 1466 Poncius
651 1427 830 1474 Beraldi,
861 1428 1074 1466 literarum
1104 1427 1427 1478 apostolicarum
1451 1435 1671 1474 corrector,
1695 1426 1756 1465 his
1791 1426 1927 1466 verbis
1946 1426 1986 1465 1:

268 1488 367 1525 Item
395 1488 496 1526 discit
526 1488 568 1525 in
594 1488 691 1537 festo
720 1488 844 1525 Pasce
874 1487 917 1524 in
945 1500 1019 1536 quo
1049 1486 1133 1536 ipse
1162 1494 1371 1524 coronatus
1396 1486 1583 1536 fuit,fuit
1610 1486 1825 1524 consilium
1853 1495 1987 1525 utrum

265 1547 489 1585 cardinales
519 1547 698 1585 deberent
726 1546 1018 1585 communicare
1046 1546 1097 1583 ab
1126 1560 1181 1593 eO,
1213 1546 1307 1596 quia
1337 1546 1538 1595 oportebat
1567 1547 1669 1596 quod
1696 1546 1919 1594 dimitteret,
1949 1546 1985 1584 si

265 1607 415 1644 volebat
448 1607 634 1656 equitare,
670 1615 704 1644 et
738 1606 822 1656 ipse
857 1614 1012 1643 tantum
1045 1605 1213 1643 habebat
1246 1605 1353 1643 cordi
1387 1605 1561 1655 equitare
1596 1606 1698 1655 quod
1727 1606 1850 1643 voluit
1884 1606 1986 1656 quod

265 1666 503 1704 omitteretur
533 1666 771 1713 communiO,
803 1674 836 1703 et
866 1673 1021 1703 tantum
1050 1664 1358 1703 communicavit
1387 1665 1431 1702 de
1452 1680 1574 1702 manu
1604 1665 1691 1715 ejus
1724 1665 1911 1703 dominus
1940 1665 1984 1703 de

272 1726 446 1764 Ursinis.
482 1726 570 1764 Hoc
601 1734 743 1763 autem
773 1733 1068 1775 argumentum
1096 1724 1233 1762 valide
1263 1724 1470 1774 urgebant
1502 1724 1752 1763 Urbanistae
1783 1724 1981 1763 adversus

265 1785 556 1832 Clementinos,
579 1793 784 1835 tanquam
806 1784 839 1823 si
860 1786 936 1823 hac
958 1783 1089 1822 veluti
1111 1783 1339 1822 decretoria
1361 1783 1608 1834 probatione
1631 1784 1679 1822 de
1689 1784 1854 1822 finitum
1875 1792 1983 1822 esset

264 1845 490 1883 cardinales
522 1860 615 1882 vere
646 1844 904 1883 existimasse
937 1844 1154 1882 Urbanum
1183 1858 1268 1881 esse
1299 1857 1444 1881 verum
1473 1857 1640 1893 papam.
1673 1843 1751 1882 Sed
1781 1844 1979 1882 adversus

263 1903 343 1942 ista
376 1904 503 1942 facilis
536 1912 624 1942 erat
655 1903 880 1954 responsio,
912 1903 1109 1941 nimirum
1138 1904 1239 1941 haec
1272 1903 1409 1940 omnia
1440 1903 1705 1941 simulatione
1736 1903 1846 1942 facta
1878 1918 1978 1950 esse,

264 1978 312 2001 ne
338 1972 471 2002 metus
495 1964 754 2014 proderetur,
778 1971 820 2002 et
844 1962 1070 2002 cardinales
1095 1971 1263 2013 putasse
1288 1977 1328 2000 se
1353 1963 1405 2000 ab
1429 1977 1476 2000 eo
1499 1977 1618 2013 posse
1642 1962 1978 2002 communionem

264 2023 446 2073 accipere
473 2023 543 2073 qui
566 2022 899 2073 archiepiscopus
923 2030 1044 2069 esset,
1069 2021 1131 2059 uti
1156 2021 1306 2060 dixisse
1332 2021 1585 2060 cardinalem
1618 2022 1666 2060 de
1692 2022 1841 2060 Vernio
1865 2031 1976 2061 retu-

261 2082 381 2121 limus
410 2097 532 2132 supra
560 2097 599 2133 p.
630 2082 744 2121 1120.

316 2143 358 2180 P.
398 2142 486 2189 519,
523 2141 589 2192 lig.
628 2142 690 2180 20.
729 2142 1037 2180 MULTITUDINE
1075 2156 1434 2179 PEREGRINORUM.
1469 2141 1660 2179 Nicolaus
1691 2141 1897 2191 Eymerici
1932 2141 1974 2179 in

260 2209 446 2239 tractatu
468 2201 482 2223 ²
503 2202 698 2239 adversus
722 2202 939 2239 Urbanum
959 2201 1011 2238 ad
1027 2200 1253 2239 cardinales
1274 2201 1367 2239 sede
1390 2209 1565 2239 vacante
1581 2200 1641 2238 ait
1661 2200 1972 2251 impressionem

259 2269 300 2298 et
321 2261 564 2299 violentiam
585 2261 745 2299 illatam
767 2260 1043 2299 cardinalibus
1065 2260 1273 2298 notoriam
1293 2274 1392 2307 esse,
1408 2274 1490 2297 non
1510 2260 1643 2298 solum
1660 2260 1803 2298 insano
1822 2261 1972 2310 populo

261 2320 452 2368 Romano,
486 2320 552 2370 qui
586 2320 731 2358 dictam
764 2320 1065 2370 impressionem
1096 2319 1289 2357 antedicto
1319 2333 1430 2357 sacro
1462 2319 1622 2369 collegio
1656 2319 1804 2367 intulit,
1838 2334 1972 2357 verum

258 2380 378 2416 etiarn
403 2380 488 2417 orbi
516 2380 711 2427 universo,
740 2381 783 2417 de
809 2379 925 2429 cujus
952 2387 1118 2429 quatuor
1143 2379 1277 2429 plagis
1303 2387 1415 2416 erant
1446 2379 1525 2428 fere
1553 2379 1866 2417 innumerabiles
1893 2379 1969 2417 viri

257 2446 292 2475 et
327 2439 509 2476 mulieres
546 2439 589 2476 in
630 2439 732 2477 Urbe
769 2439 836 2476 illo
871 2438 1071 2476 electionis
1106 2447 1275 2488 tempore
1309 2452 1381 2489 pro
1417 2438 1681 2488 indulgentiis
1727 2438 1967 2486 obtinendis,

257 2497 325 2546 qui
356 2498 501 2535 dictam
532 2498 833 2548 impressionem
863 2498 1044 2536 viderunt
1073 2498 1173 2535 clare
1203 2506 1237 2535 et
1265 2498 1531 2547 palpaverunt
1559 2498 1691 2548 plane,
1722 2512 1812 2535 cum
1835 2497 1969 2535 ‘taliter

258 2556 427 2594 violenta
457 2557 587 2595 electio
616 2558 722 2607 sacta
751 2557 873 2607 fuerit
904 2557 946 2594 in
983 2557 1086 2595 L'rbe
1117 2557 1274 2594 Pascha
1304 2558 1348 2594 de
1378 2556 1559 2607 prod-imo
1590 2557 1820 2594 imminente
1835 2571 1851 2606 ,·
1893 2572 1967 2607 quo

257 2624 426 2665 tempore
458 2625 740 2654 consueverunt
771 2616 972 2666 peregrini
1005 2618 1048 2654 de
1070 2631 1172 2653 more
1195 2616 1369 2666 undique
1390 2617 1442 2654 ad
1471 2616 1617 2654 Urbem
1643 2630 1795 2654 currere
1816 2617 1861 2654 de
1892 2624 1966 2654 toto

257 2674 345 2711 orbe
366 2690 410 2712 ac
431 2676 474 2712 de
495 2684 568 2713 toto
588 2676 677 2713 orbe
697 2690 777 2713 esse
800 2676 842 2713 in
863 2676 978 2714 Urbe.
1004 2676 1109 2713 Item
1131 2675 1172 2713 in
1188 2675 1444 2726 depositione
1458 2674 1661 2714 Bonifacii
1682 2675 1730 2713 de
1747 2674 1963 2713 Amanatis

258 2733 297 2769 in
320 2734 454 2771 codice
480 2735 712 2772 Harlacano
729 2734 744 2757 3
763 2752 769 2772 :
794 2735 891 2772 Item
912 2735 1013 2773 dimit
1028 2736 1128 2785 quod
1142 2736 1311 2784 quodam
1326 2735 1387 2772 die
1402 2743 1491 2772 ante
1507 2735 1732 2784 ingressum
1754 2734 1963 2777 conclavis,

257 2807 344 2829 cum
373 2793 441 2830 iste
469 2794 539 2830 iret
566 2808 633 2843 per
658 2795 844 2831 stationes
880 2796 931 2832 ad
976 2795 1260 2843 indulgentias,
1298 2794 1471 2831 obviavit
1497 2794 1557 2831 illi
1593 2794 1640 2832 B.
1669 2802 1703 2831 et
1729 2793 1829 2831 dixit
1855 2793 1964 2842 sibi,-

264 2851 427 2888 Utinam
454 2853 558 2900 fieret
585 2854 685 2902 quod
709 2854 848 2891 audivi
875 2854 967 2900 dici,
996 2854 1097 2903 quod
1122 2853 1309 2891 deberetis
1334 2867 1414 2891 esse
1439 2868 1561 2903 papa.

313 2987 338 3017 1.
365 2987 399 3017 Β.
428 2987 483 3025 N,
506 2999 569 3019 ms.
596 2988 690 3020 latin
713 2988 842 3028 11746,
867 2990 928 3022 sol.
953 2990 997 3022 50
1019 2994 1064 3022 rs‘.

311 3039 339 3069 2.
369 3039 403 3070 15.
434 3040 486 3071 N..
510 3051 575 3072 nis.
601 3041 694 3073 latin
716 3041 821 3080 1464,
845 3042 911 3075 fol.
935 3042 978 3075 39
1001 3049 1045 3075 r'.

304 3093 335 3122 3.
363 3092 399 3122 1;.
428 3092 482 3130 N„
509 3104 574 3124 nis.
599 3093 693 3125 latin
716 3094 844 3133 11745,
869 3094 930 3127 sol.
957 3096 999 3127 53
1022 3100 1055 3127 ΓΟ
