2083 3458
330 236 412 278 822
981 249 1133 275 NOTAE
1168 249 1228 274 AD
1262 249 1391 274 V1TAs
1886 235 2025 291 [1305

320 336 444 386 officio
465 335 670 373 ordinario
690 335 821 385 potuit
839 349 930 372 eum
950 334 1069 372 citare
1090 348 1222 372 coram
1241 349 1282 372 se
1302 335 1346 372 de
1366 334 1435 372 hoc
1454 347 1755 385 responsurum,
1776 336 1880 374 sicut
1898 345 1932 374 et
1948 336 2025 386 feci

318 396 375 433 wel
399 395 538 433 saltem
563 395 694 444 potuit
717 394 857 443 facere.
886 394 938 431 Et
964 394 1059 444 quia
1085 393 1412 444 archiepiscopus
1438 394 1583 432 citatus
1609 395 1783 444 legitime
1809 395 2044 447 contempsit

315 454 461 501 venire,
483 454 714 492 examinare
735 453 866 504 potuit
889 461 1001 491 testes
1022 468 1142 504 super
1163 454 1416 493 accusatione
1436 462 1472 492 et
1491 454 1735 504 suspicione.
1760 455 1811 493 Et
1831 455 1867 492 si
1890 455 2040 494 inventi

313 522 408 551 sunt
439 522 551 551 testes
584 512 767 563 legitimi,
801 527 881 550 non
913 513 1184 563 repulsibiles,
1215 514 1436 552 secundum
1465 512 1638 562 sormam
1666 514 1773 564 juris
1804 515 2042 565 deponentes

316 573 551 611 sententiare
577 572 707 622 potuit
731 587 822 610 eum
849 572 1049 622 injustum
1075 573 1310 611 detentorem
1335 572 1521 612 Ecclesie.
1551 573 1617 611 Ad
1634 592 1637 595 ·
1653 588 1773 623 quam
1798 574 2043 624 questionem

319 633 493 682 legitimo
529 646 713 683 processu
747 632 938 682 judiciali
974 633 1204 670 conclusam
1238 633 1416 683 sequitur
1451 632 1798 683 archiepiscopum
1821 634 2040 673 Barensem

320 707 398 730 non
423 706 503 729 esse
528 706 693 742 papam.
724 691 856 741 Igitur
881 691 1089 742 publicata
1113 692 1309 730 sententia
1335 691 1512 742 predicta
1537 692 1777 741 Camerarii,
1802 693 2039 744 sufficienter

319 761 374 790 est
397 752 454 790 vel
475 760 571 789 esset
594 752 836 789 declaratum
859 760 894 789 et
916 766 997 789 esse
1022 752 1172 789 deberet
1194 752 1382 790 omnibus
1407 751 1523 789 illum
1546 766 1626 790 non
1649 767 1730 790 esse
1759 768 1929 803 papam3
1958 761 2037 792 esto

318 812 437 849 etiam
453 812 554 861 quod
565 810 822 848 Camerarius
840 811 882 848 in
898 825 994 849 casu
1009 811 1203 849 discordie
1217 811 1318 861 facte
1335 811 1378 849 in
1394 811 1576 849 electione
1590 826 1637 849 esc
1652 811 1776 862 officio
1789 826 1868 850 non
1882 813 2039 852 haberet

319 879 544 921 potestatem
572 871 615 908 de
644 870 786 908 directo
813 879 848 908 et
873 871 1094 920 formaliter
1116 871 1344 921 judicandi,
1371 880 1405 910 et
1427 871 1676 909 discernendi
1703 872 1808 925 hunc
1834 873 1893 910 vel
1921 872 2038 911 illum

319 945 398 968 esse
422 931 479 968 vel
501 944 580 967 non
603 944 684 967 esse
706 945 870 981 papam.
899 930 1094 980 Dialogus
1119 930 1196 969 iste
1219 939 1339 969 extat
1361 930 1403 969 in
1426 930 1565 970 codice
1588 930 1667 970 843
1689 931 1831 970 Sancti
1857 931 2034 971 Victoris

320 990 446 1028 Paris.
475 998 515 1028 et
542 989 583 1027 in
611 989 748 1028 codice
775 989 854 1029 811
880 989 1155 1029 bibliothecae
1185 990 1444 1029 Colbertinae
1460 989 1488 1029 1.
1524 990 1710 1041 Denique
1738 1000 1906 1030 sanctus
1938 991 2034 1030 Vin-

319 1049 475 1089 centius
506 1049 712 1088 Ferrarius
752 1049 793 1087 in
831 1058 1018 1088 tractatu
1031 1049 1052 1071 '²
1078 1050 1138 1087 De
1167 1051 1350 1088 moderno
1379 1050 1578 1089 Ecclesiae
1605 1050 1828 1099 schismate,
1857 1065 1946 1101 par.
1979 1051 2036 1099 II,

319 1123 407 1160 cap.
432 1125 487 1156 111,
522 1109 681 1147 ratione
716 1109 752 1156 7,
788 1123 882 1149 cum
918 1109 1089 1148 dixisset
1125 1109 1166 1147 in
1202 1110 1328 1148 dubio
1366 1111 1456 1160 quis
1482 1124 1533 1148 ex
1562 1110 1724 1149 duobus
1756 1110 1894 1149 electis
1928 1119 2034 1150 esset

317 1184 435 1208 verus
457 1183 565 1219 papa
588 1169 785 1207 standum
817 1184 902 1207 esse
925 1169 1080 1219 judicio
1111 1177 1151 1207 et
1183 1169 1414 1208 sententiae
1448 1168 1711 1210 dominorum
1746 1170 2034 1219 cardinalium,

317 1228 435 1266 addit
468 1228 665 1266 standum
699 1243 862 1279 quoque
897 1243 981 1267 esse
1016 1229 1161 1267 decreto
1187 1229 1504 1268 reverendissimi
1533 1229 1661 1279 patris
1698 1230 1851 1268 domini
1884 1230 2032 1268 archie-

317 1288 473 1339 piscopi
502 1288 747 1326 Arelatensis
774 1296 906 1326 sancte
934 1289 1112 1327 Romane
1139 1289 1311 1326 Ecclesie
1340 1289 1550 1328 camerarii
1577 1297 1610 1327 et
1634 1289 1785 1339 judicis
1813 1289 2030 1338 ordinarii;

302 1348 384 1398 'qui
425 1362 558 1385 omnes
593 1347 864 1385 indubitanter
911 1348 1023 1385 verbo
1071 1356 1105 1385 et
1153 1347 1300 1398 scripto
1333 1348 1554 1387 authentice
1599 1357 1783 1387 asserunt
1825 1349 2032 1387 dominum

316 1415 493 1445 nostrum
511 1407 747 1445 Clementem
770 1407 857 1445 VII
873 1422 953 1444 esse
971 1422 1105 1445 verum
1117 1423 1269 1458 papam
1287 1416 1320 1446 et
1337 1409 1658 1447 Bartholomeum
1673 1423 1754 1446 esse
1767 1409 2032 1459 apostaticum

316 1475 349 1505 et
375 1467 586 1505 intrusum.

369 1526 472 1565 Sane
512 1526 691 1566 officium
730 1526 942 1566 camerarii
980 1542 1064 1565 esse
1103 1535 1352 1577 perpetuum
1390 1535 1556 1566 constat
1594 1543 1644 1566 ex
1674 1527 1928 1566 Clementina
1968 1528 2030 1566 Ne

316 1586 504 1633 Romani,
525 1586 584 1623 De
607 1586 727 1633 elect.>
752 1594 793 1624 et
816 1595 1029 1636 praeterea
1055 1587 1204 1625 docent
1223 1587 1507 1637 responsiones
1526 1587 1578 1625 ad
1607 1601 1747 1626 casum
1772 1587 1895 1638 primi
1927 1588 2027 1627 elec-

312 1645 345 1683 ti
368 1645 502 1684 factae
527 1660 663 1684 coram
687 1660 778 1696 rege
803 1646 1003 1684 Castellae
1028 1661 1099 1696 per
1123 1646 1338 1686 dominum
1361 1646 1613 1687 cardinalem
1637 1647 1686 1685 de
1710 1647 1826 1685 Luna
1858 1656 1899 1686 et
1923 1646 2027 1698 epis-

314 1720 461 1755 copum
496 1705 782 1744 Pisaurensem
821 1714 863 1744 et
901 1705 1161 1744 Bonifacium
1194 1706 1242 1744 de
1276 1706 1492 1745 Amanatis
1526 1706 1568 1744 in
1602 1706 1740 1745 codice
1778 1706 2026 1746 Harlaeano.

318 1764 434 1802 Istud
454 1764 587 1815 ipsum
608 1765 810 1815 scriptum
827 1773 889 1803 est
904 1765 945 1803 in
960 1766 1081 1803 Facto
1094 1765 1357 1805 dominorum
1370 1766 1657 1814 cardinalium,
1674 1765 1744 1816 qui
1759 1766 1877 1804 aiunt
1893 1780 2026 1805 came-

314 1824 467 1864 rarium
504 1824 755 1874 apostolicae
794 1824 906 1863 Sedis
945 1825 1095 1863 habere
1131 1824 1462 1874 jurisdictionem
1500 1825 1751 1865 ordinariam
1788 1840 1948 1876 semper
1983 1826 2025 1864 in

318 1883 505 1922 Romana
530 1883 660 1931 curia3
686 1884 779 1922 vide
804 1884 980 1934 glossam
1003 1884 1041 1932 8,
1066 1899 1104 1934 q.
1127 1899 1155 1932 Ι,
1179 1899 1267 1935 cap.
1290 1900 1318 1932 1,
1343 1885 1389 1923 Si
1412 1885 1568 1924 PetruS.

370 1943 468 1981 Post
505 1943 584 1981 is'ta
623 1943 849 1982 cardinales
888 1944 1098 1994 elegerunt
1139 1944 1369 1984 Robertum
1407 1944 1657 1983 cardinalem
1696 1945 2023 1993 Gebennensem,

316 2002 385 2051 qui
422 2011 636 2053 assumpto
674 2002 839 2042 nomine
877 2003 1097 2042 Clementis
1136 2004 1217 2041 VII
1256 2004 1402 2044 Sedem
1450 2003 1723 2054 apostolicam
1769 2004 1934 2042 reduxit
1980 2004 2022 2042 in

317 2061 505 2100 Galliam.
535 2062 680 2100 Petrus
707 2077 805 2101 Vero
833 2063 1079 2103 camerarius
1106 2076 1201 2102 eum
1228 2072 1439 2101 assecutus
1467 2072 1542 2102 est.

367 2122 486 2159 Anno
513 2122 879 2170 MCCCLXXXII,
906 2122 969 2161 die
996 2122 1153 2167 veneris
1180 2122 1357 2173 septima
1394 2122 1602 2170 februarii,
1638 2122 1810 2161 advenit
1844 2122 2019 2162 Avenie-

313 2194 405 2218 nem
431 2181 664 2220 Ludovicus
688 2182 736 2219 de
760 2181 1016 2220 Constanciis
1040 2182 1315 2220 seneschallus
1341 2182 1653 2232 Neapolitanus.
1678 2183 1784 2222 Tum
1805 2196 1902 2221 vero
1926 2176 2038 2221 cum*

311 2254 357 2277 eo
391 2240 506 2289 jussu
540 2254 673 2291 papae
710 2240 929 2279 Clementis
964 2241 1007 2279 in
1040 2241 1211 2280 aedibus
1247 2241 1466 2280 cardinalis
1497 2241 1751 2281 Mimatensis
1783 2241 2021 2292 congregati

310 2308 407 2337 sunt
434 2300 651 2338 cardinalis
679 2300 942 2348 Cusentinus,
972 2301 1116 2339 Petrus
1146 2301 1194 2339 de
1222 2301 1367 2339 Crosso
1395 2301 1657 2348 camerarius,
1687 2301 1867 2339 Joannes
1897 2300 2020 2339 Fabri

311 2358 524 2409 episcopus
564 2359 838 2407 Carnotensis‚
870 2374 1005 2399 comes
1043 2360 1248 2408 Casertae,
1277 2360 1552 2399 seneschallus
1583 2360 1839 2407 Provinciae,
1868 2374 2018 2400 mares-

312 2418 465 2456 challus
493 2432 640 2469 papae,
668 2418 865 2468 magister
892 2420 1037 2458 Petrus
1067 2419 1237 2458 Gerardi
1263 2427 1305 2458 et
1338 2420 1610 2469 Raymundus
1647 2419 1859 2458 Bernardi.
1890 2420 1937 2457 In
1970 2434 2018 2458 eo

313 2485 446 2524 coetu,
475 2492 676 2516 consensu
705 2478 890 2518 omnium
917 2493 1060 2517 eorum
1089 2478 1159 2528 qui
1186 2479 1361 2516 aderant
1389 2479 1602 2517 decretum
1629 2487 1691 2517 est
1718 2478 1780 2517 uti
1808 2478 2017 2529 quampri-

315 2549 427 2575 mum
458 2537 613 2586 absque
645 2537 727 2575 ulla
760 2552 874 2577 mora
906 2538 1016 2577 idem
1051 2538 1325 2587 Raymundus
1356 2538 1556 2576 Bernardi
1587 2537 1752 2577 nomine
1787 2537 1929 2576 Karoli
1960 2538 2017 2576 VI

314 2594 415 2644 regis
440 2595 690 2636 Francorum
711 2605 753 2635 et
776 2597 976 2636 Ludovici
998 2597 1110 2636 ducis
1134 2596 1442 2647 Andegavensis
1464 2596 1793 2648 proficisceretur
1815 2597 2016 2636 Genuam.

316 2653 546 2693 Genuenses
563 2655 671 2694 enim
688 2656 843 2705 legatos
861 2656 1059 2695 miserant
1073 2656 1290 2707 Neapolim
1306 2656 1476 2694 fratrem
1493 2656 1606 2695 ducis
1623 2670 1780 2704 eorum,
1793 2656 2016 2706 quemdam

315 2712 523 2751 doctorem
545 2715 707 2753 nomine
729 2715 994 2763 Damianum‚
1015 2724 1056 2754 et
1077 2715 1341 2766 Peregrinum
1362 2716 1560 2766 Mousque
1578 2724 1830 2754 tractaturos
1851 2715 1899 2754 de
1914 2730 2015 2766 pace

313 2770 417 2809 inter
437 2773 643 2810 Joannam
662 2774 845 2824 ieginam
870 2784 911 2813 et
932 2775 1132 2817 Karolum
1151 2775 1199 2813 de
1222 2774 1412 2813 Duracio.
1438 2774 1581 2825 Legati
1607 2775 1729 2825 porro
1748 2774 2015 2813 obtinuerant

314 2830 371 2866 uti
395 2832 531 2880 regina
557 2832 635 2870 iret
658 2833 698 2870 in
723 2834 997 2872 Provinciam.
1024 2834 1111 2882 Qua
1135 2834 1293 2872 ratione
1316 2848 1487 2883 regnum
1509 2834 1820 2884 relinquebatur
1846 2833 2012 2872 Karolo.

315 2889 532 2939 Propterea
554 2891 686 2931 visum
705 2901 767 2930 est
785 2893 978 2943 expedire
997 2901 1044 2931 ut
1063 2893 1222 2942 legatus
1238 2893 1340 2943 regis
1360 2901 1401 2932 et
1420 2893 1533 2932 ducis
1550 2901 1810 2943 quantocyus
1829 2901 2011 2943 pergeret

313 2948 512 2996 Genuam,
541 2959 588 2987 ut
616 2965 661 2988 ea
692 2952 851 2990 ratione
881 2952 1009 2990 iretur
1039 2952 1206 2990 obviam
1235 2952 1351 2990 malis
1382 2966 1487 3002 quae
1516 2967 1566 2990 ex
1594 2966 1640 2990 ea
1670 2951 1888 2990 concordia
1921 2951 2013 2989 urin

363 3079 393 3111 1.
425 3079 463 3112 Β.
503 3080 559 3119 Ν.,
595 3093 680 3114 mss.
715 3083 829 3116 latins
852 3083 981 3123 14644,
1005 3084 1066 3116 fol.
1091 3083 1161 3116 154
1183 3086 1236 3122 vo,
1259 3089 1297 3115 et
1317 3082 1423 3123 1462,
1447 3082 1509 3116 fol.
1532 3082 1578 3115 74
1598 3083 1697 3116 r0-85
1720 3085 1773 3117 νο.

365 3131 393 3162 2.
427 3132 465 3164 B.
497 3133 553 3173 Ν.,
582 3146 648 3168 ms.
676 3136 771 3168 latin
798 3136 902 3176 1470,
930 3136 992 3169 fol.
1023 3136 1090 3169 267
1118 3140 1161 3168 r0.
