2083 3458
259 218 340 260 372
909 227 1060 253 NOTAE
1096 227 1155 251 AD
1191 227 1318 252 VITAs
1814 209 1966 265 [1358]

260 316 302 353 in
319 314 542 353 cardinales
559 311 701 363 recepti
719 318 824 349 sunt.
845 309 922 347 Sed
938 317 972 347 et
998 309 1185 347 dominus
1202 308 1342 347 Pileus
1361 308 1404 346 in
1431 308 1620 359 majorem
1637 307 1790 346 domini
1814 305 1970 345 Urbani

261 374 541 413 contumeliam
578 371 774 422 capellum
811 383 924 420 quem
947 369 1009 407 ab
1045 383 1086 406 eo
1125 368 1284 418 insigne
1320 368 1480 406 lionoris
1516 368 1787 406 cardinalatus
1823 366 1972 417 accepit

261 434 417 485 Papiae
451 433 493 471 in
524 433 611 482 soro.
642 430 799 481 publice
832 428 1060 476 combussit,
1094 428 1230 466 comite
1268 428 1471 466 Virtutum
1503 428 1572 466 hoc
1605 436 1762 477 gratum
1793 426 1968 464 habente.

264 495 316 532 Et
335 493 460 544 paulo
478 500 574 543 post
597 507 604 529 :
624 490 735 528 Hinc
761 489 950 527 Urbanus
969 489 1067 526 duos
1087 487 1310 526 cardinales
1328 487 1548 538 praedictos
1567 485 1921 526 excommunicavit
1938 492 1972 522 et

262 553 534 592 cardinalatus
552 552 694 589 honore
712 548 897 600 privavit.
919 547 1197 597 Hieronymus
1219 547 1401 594 Rubeus,
1419 547 1489 585 lib.
1509 547 1566 585 VI
1584 547 1692 585 Hist.
1711 545 1971 591 Ravennatis,

261 629 300 664 p.
329 613 418 660 591,
445 611 504 649 ait
529 610 617 648 illos
644 607 907 647 inexorabilis
934 615 976 646 et
1000 606 1237 658 praecipitis
1264 606 1521 656 nimiumque
1547 605 1768 657 suspicacis
1794 603 1971 643 hominis

264 673 367 711 iram
388 670 557 717 veritos,
578 670 620 708 id
641 677 717 716 est,
741 667 913 715 Urbani,
934 681 985 705 ex
1004 666 1110 705 illius
1132 666 1323 705 manibus
1345 667 1519 717 elapsos,
1540 666 1592 704 ad
1615 667 1820 704 Joannem
1839 664 1973 715 primo

263 730 501 771 'Galeatium
527 728 838 775 Vicecomitem‚
867 741 965 765 mox
993 726 1250 765 Avenionem
1277 726 1330 764 ad
1356 726 1610 764 Clementem
1637 724 1856 774 aufugisse.
1882 724 1995 761 Non.

264 792 408 831 eodem
424 799 568 828 tamen
586 788 643 826 illi
660 796 847 838 tempore
866 794 1146 837 pervenerunt
1165 786 1217 824 ad
1236 786 1504 824 Clementem.
1528 785 1687 836 Quippe
1708 785 1842 822 Pileus
1861 798 1974 834 repe-

265 851 370 890 ritur
386 850 428 888 in
444 850 549 901 libro
567 847 871 897 Obligationum
886 846 1061 884 intrasse
1080 846 1236 884 curiam
1254 860 1362 883 anno
1380 845 1596 883 millesimo
1613 842 1976 890 CCCLXXXVIL

267 910 330 949 die
351 925 423 948 xm
441 908 560 959 junii,
582 908 777 947 Galeotus
797 921 894 945 vero
915 905 978 944 die
999 905 1146 955 quinta
1165 904 1264 943 maii
1281 905 1380 943 anni
1398 904 1621 955 sequentis.

321 971 365 1008 P.
386 969 477 1017 496,
496 968 564 1018 lig.
585 968 621 1006 4.
639 968 797 1006 szns
819 981 874 1004 DE
897 967 1056 1004 PRATA.
1078 966 1198 1003 Illum
1216 965 1399 1016 plerique
1421 979 1560 1003 omnes
1580 964 1622 1002 in
1642 963 1793 1014 oppido
1814 976 1977 1001 concor-

268 1029 373 1077 diae,
405 1028 516 1079 quod
545 1035 607 1066 est
637 1025 909 1077 Aquileiensis
940 1024 1150 1073 dioecesis,
1173 1033 1321 1062 natum
1351 1024 1503 1063 ferunt.
1535 1024 1639 1062 Illud
1663 1032 1774 1062 certo
1799 1028 1978 1069 constat,

270 1098 409 1128 ortum
429 1103 480 1127 ex
500 1087 657 1126 familia
680 1085 881 1125 comitum
903 1085 951 1123 de
974 1085 1113 1123 Prata.
1138 1084 1277 1123 Fuisse
1299 1084 1432 1135 primo
1456 1084 1696 1135 episcopum
1717 1081 1980 1120 Tarvisinum

270 1148 375 1188 circa
391 1162 548 1186 annum
564 1145 814 1193 MCCCLVI,
828 1154 922 1183 tum
937 1159 1047 1182 anno
1062 1144 1278 1183 millesimo
1294 1144 1492 1182 CCCLIX
1505 1143 1758 1182 translatum
1775 1142 1828 1180 ad
1843 1140 1979 1180 Eccle-

271 1208 374 1247 siam
396 1206 647 1246 Patavinam
667 1220 742 1257 pro
763 1213 977 1256 comperto
997 1204 1176 1242 habetur
1194 1204 1222 1243 1.
1246 1203 1309 1241 Ad
1330 1218 1425 1242 eum
1444 1212 1537 1242 tum
1558 1203 1798 1254 episcopum
1819 1200 1980 1239 Padua-

271 1282 371 1307 num
391 1275 510 1306 extat
530 1265 705 1317 epistola
728 1264 936 1303 Francisci
957 1264 1219 1311 petrarchae,
1240 1263 1310 1302 lib.
1334 1264 1391 1301 VI
1413 1264 1502 1301 Rer.
1525 1263 1655 1310 senil,
1677 1261 1797 1313 epist.
1817 1276 1873 1299 1v.

326 1328 445 1365 Anno
472 1325 735 1365 MCCCLXX
762 1324 955 1363 Urbanus
984 1324 1017 1361 V
1043 1323 1159 1361 illum
1195 1323 1413 1361 transtulit
1440 1322 1492 1360 ad
1514 1322 1741 1361 Ecclesiam
1763 1321 1981 1359 Ravenna-

271 1396 374 1434 tam,
396 1394 444 1424 ut
466 1386 587 1424 docet
611 1384 890 1434 Hieronymus
916 1384 1098 1431 Rubeus,
1123 1382 1193 1433 qui
1215 1391 1356 1421 extare
1378 1382 1437 1420 ait
1458 1382 1598 1421 literas
1623 1380 1781 1420 Urbani
1803 1380 1851 1418 de
1873 1393 1919 1418 ea
1941 1393 1982 1416 re

272 1446 392 1485 datas
418 1447 574 1484 Romae
597 1445 708 1495 apud
732 1444 933 1482 Sanctum
956 1444 1127 1481 Petrum
1150 1458 1177 1480 X
1201 1443 1281 1481 kal.
1305 1441 1501 1480 februarii
1525 1441 1589 1492 [23
1611 1439 1789 1491 janvier]
1814 1438 1983 1490 pontifi-

274 1514 391 1545 catus
416 1519 526 1543 anno
550 1513 700 1543 octavo
730 1502 882 1554 [1370]
911 1503 973 1540 Ex
998 1517 1079 1552 quo
1104 1502 1322 1540 manifeste
1347 1510 1513 1540 constat
1550 1501 1672 1539 falsos
1698 1500 1821 1538 fuisse
1846 1498 1984 1537 Ciaco-

275 1566 389 1603 nium
421 1565 467 1616 [t.
493 1579 536 1612 11,
565 1563 639 1602 col.
668 1562 760 1613 637]
792 1571 833 1601 et
852 1562 1076 1601 Oldoinum
1103 1562 1328 1600 scribentes
1356 1561 1472 1599 illum
1492 1575 1537 1599 ea
1560 1560 1764 1610 dignitate
1791 1566 1985 1597 ornatum

276 1625 399 1663 fuisse
425 1639 447 1662 a
474 1623 668 1673 Gregorio
696 1623 770 1661 XI.

330 1686 430 1722 Post
456 1683 573 1723 illum
600 1682 642 1721 in
670 1681 876 1721 Patavina
904 1681 999 1720 sede
1027 1681 1210 1721 locatum
1239 1680 1361 1719 fuisse
1392 1680 1598 1719 Jacobum
1626 1679 1826 1718 Leonium
1854 1677 1986 1716 civem

278 1743 531 1782 Patavinum
547 1742 680 1790 aiunt,
697 1742 767 1780 sed
785 1741 881 1791 quia
897 1740 1054 1779 invisus
1072 1749 1160 1778 erat
1178 1740 1395 1779 Francisco
1412 1739 1661 1778 Carrariensi
1675 1738 1787 1777 urbis
1805 1736 1988 1784 domino,

254 1798 348 1853 vqui
377 1802 509 1841 missis
540 1802 799 1841 Avenionem
825 1800 1001 1852 publicis
1030 1800 1184 1838 tabulis
1214 1800 1466 1851 probaverat
1495 1799 1611 1839 illum
1639 1798 1680 1836 in
1708 1798 1841 1836 vitam
1870 1809 1988 1835 suam

278 1862 546 1914 conspirasse,
584 1861 872 1912 episcopatum
908 1869 949 1898 et
986 1860 1168 1911 patriam
1204 1859 1402 1907 amisisse,
1439 1867 1531 1899 tum
1567 1873 1665 1897 Vero
1702 1857 1989 1908 episcopatum

279 1922 532 1975 Patavinum
558 1921 704 1960 datum
728 1935 813 1959 esse
840 1919 993 1958 Joanni
1018 1919 1066 1957 de
1093 1918 1357 1966 Placentinis,
1382 1918 1574 1969 episcopo
1591 1916 1810 1957 Cerviensi.
1837 1917 1892 1953 At
1915 1929 1989 1965 ego

279 1981 319 2019 in
339 1981 515 2032 epistola
536 1979 719 2030 Gregorii
741 1980 802 2017 XI
823 1979 875 2017 ad
895 1979 1088 2019 eumdem
1109 1978 1374 2018 Franciscum
1395 1977 1695 2019 Carrariensem
1716 1977 1814 2014 data
1832 1974 1989 2026 reperio

279 2041 408 2088 illum,
431 2049 479 2079 ut
504 2039 721 2078 Francisco
745 2038 1064 2089 gratificaretur,
1090 2039 1295 2076 Joannem
1318 2037 1559 2089 episcopum
1582 2037 1843 2083 Paduanum,
1868 2048 1989 2085 quem

282 2100 521 2138 Franciscus
544 2099 663 2138 certis
686 2114 737 2137 ex
758 2098 889 2137 causis
912 2106 1078 2148 gratum
1099 2113 1181 2136 non
1198 2098 1395 2145 habebat,
1411 2096 1672 2136 transtulisse
1694 2096 1747 2134 ad
1764 2094 1989 2133 Ecclesiam

282 2161 586 2206 Patracensem‚
613 2167 655 2197 et
681 2158 969 2209 episcopatum
997 2157 1243 2195 Paduanum
1280 2157 1438 2195 dedisse
1477 2156 1641 2196 cuidam
1670 2155 1812 2194 Heliae
1831 2154 1846 2177 2
1872 2168 1988 2205 apos-

280 2219 427 2257 tolicae
458 2218 571 2257 Sedis
601 2217 778 2265 notario,
809 2217 879 2267 qui
907 2217 1041 2255 eidem
1070 2216 1264 2267 Gregorio
1293 2216 1495 2254 affinitate
1525 2215 1713 2267 proxima
1742 2213 1989 2264 conjunctus

281 2287 383 2325 erat,
416 2286 457 2316 et
489 2278 644 2328 generis
677 2277 895 2315 nobilitate
927 2276 1167 2328 perspicuus
1196 2276 1420 2326 multisque
1444 2275 1670 2313 virtutibus
1698 2273 1989 2325 praedotatus3

284 2337 355 2387 qui
377 2337 562 2375 fortassis
585 2337 695 2375 idem
717 2345 806 2375 erat
829 2350 923 2376 cum
948 2336 1065 2374 Helia
1089 2336 1137 2374 de
1164 2336 1408 2374 Donzenaco
1432 2334 1663 2382 Lemovice,
1688 2347 1810 2386 quem
1831 2332 1991 2382 aliquot

281 2406 377 2447 post
404 2396 521 2434 annis
550 2404 715 2435 constat
742 2395 866 2434 fuisse
893 2396 1133 2446 episcopum
1161 2396 1421 2434 Castrensem
1446 2394 1488 2432 in
1516 2393 1741 2444 Aquitania
1767 2392 1914 2443 prima,
1942 2391 1990 2429 de

283 2470 363 2505 quo
388 2457 488 2495 haec
512 2456 706 2506 leguntur
730 2455 771 2492 in
798 2455 1031 2504 Necrologio
1057 2454 1298 2493 Carthusiae
1325 2453 1551 2492 Castrensis
1578 2453 1629 2491 ad
1655 2452 1763 2491 diem.
1787 2451 1837 2490 30
1861 2450 1960 2489 111311
1983 2466 1990 2488 ;

284 2515 651 2553 Βενενεηάίεείνηαε
684 2516 719 2553 d.
754 2514 898 2552 Helias
932 2515 976 2552 de
1006 2514 1240 2552 Donzenaco
1274 2514 1485 2564 episcopus
1519 2512 1757 2559 Castrensis,
1789 2510 1855 2561 qui
1889 2510 1994 2548 dedit

338 2635 363 2665 1.
382 2634 483 2666 Ρ1100
502 2634 630 2666 obtint
648 2634 815 2667 l’eveche
830 2634 874 2666 de
889 2633 1042 2666 Trevise
1060 2633 1092 2666 le
1110 2634 1163 2665 ›ler
1179 2633 1262 2676 juin
1277 2633 1384 2673 1358,
1399 2638 1437 2665 et
1455 2632 1550 2665 celui
1568 2632 1612 2664 de
1631 2631 1783 2664 Padoue
1799 2630 1830 2663 10
1849 2630 1894 2662 12
1911 2630 1993 2673 juin

287 2687 377 2719 1359
404 2686 551 2729 (Eubel‚
575 2687 808 2726 Hierarchia,
834 2693 860 2720 t.
883 2699 907 2726 1,
931 2699 966 2730 p.
991 2687 1061 2720 386
1084 2692 1121 2719 et
1143 2686 1242 2730 480).
1269 2686 1299 2719 Il
1323 2692 1430 2728 recut
1458 2685 1718 2718 l'archeveche
1741 2684 1786 2717 de
1811 2683 1993 2716 Ravenne

284 2751 329 2771 en
358 2740 463 2780 1370⁷
494 2752 540 2773 en
568 2740 859 2784 compensation
887 2740 937 2772 du
966 2740 1177 2784 patri-areat
1206 2739 1404 2782 d’Aquilee
1433 2738 1649 2782 qu'Urbain
1676 2738 1709 2771 V
1737 2737 1844 2770 avait
1871 2736 1994 2769 refuse

286 2792 328 2824 de
349 2792 400 2824 lui
420 2793 588 2826 conferer
607 2794 749 2836 malgre
768 2794 819 2826 les
838 2793 1029 2826 instances
1051 2794 1113 2826 des
1137 2793 1349 2826 Florentius
1374 2792 1429 2835 (A.
1454 2791 1597 2832 Hortis,
1624 2791 1809 2824 Giovanni
1827 2789 1993 2829 Boccaci,

285 2846 547 2879 ambasciatore
568 2848 608 2879 ιή
626 2847 832 2890 Avignone,
856 2859 873 2880 e
890 2846 994 2880 Pileo
1015 2847 1061 2879 da
1084 2847 1210 2886 Prata,
1232 2851 1403 2890 proposto
1424 2846 1480 2878 da’
1502 2845 1713 2878 Fiorentini
1738 2855 1760 2877 a
1783 2842 1995 2887 patriarcha

287 2899 322 2930 di
354 2899 540 2949 Aquileia,
575 2899 731 2940 Trieste‚
765 2901 872 2940 1875,
906 2912 940 2943 p.
977 2901 1033 2939 25,
1068 2900 1206 2943 50-55).

336 2952 366 2984 2.
401 2952 479 2984 Elie
510 2952 553 2984 de
583 2952 808 2986 Ventadour
837 2954 881 2986 de
912 2953 1115 2986 Donzcnac
1145 2952 1240 2986 etait
1272 2952 1328 2985 fils
1359 2952 1471 2984 d'une
1509 2962 1612 2984 soeur
1640 2951 1684 2983 de
1714 2949 1890 2993 Gregoire
1920 2948 1992 2981 XI.

290 3004 447 3037 Nomme
471 3006 614 3048 eveque
638 3006 682 3038 de
707 3006 860 3039 Padoue
883 3006 915 3039 le
939 3007 982 3039 28
1006 3006 1101 3038 avril
1124 3005 1231 3045 1371,
1254 3005 1279 3038 il
1301 3005 1361 3038 fut
1384 3005 1568 3038 transfere
1591 3004 1612 3036 a
1635 3003 1783 3037 Castres
1806 3003 1838 3035 10
1860 3002 1905 3034 14
1928 3013 1993 3034 no-

289 3058 441 3089 vembre
464 3058 575 3109 13733
598 3070 638 3091 sa
660 3065 761 3092 mort
781 3059 932 3092 survint
953 3071 1029 3091 non
1050 3059 1081 3092 le
1103 3060 1149 3092 30
1170 3058 1257 3098 mai,
1280 3058 1374 3091 mais
1396 3058 1428 3090 le
1450 3058 1494 3090 22
1515 3057 1730 3101 septembre
1753 3056 1845 3089 1383
1871 3054 1924 3098 (L.
1948 3055 1992 3087 de

288 3110 438 3152 Lacger,
466 3111 568 3143 Etats
593 3113 891 3155 administratisS,
918 3124 953 3156 p.
980 3112 1077 3156 325).
