2083 3458
245 192 330 235 390
897 210 1049 236 NOTAE
1083 210 1144 235 AD
1178 210 1305 236 V1TAs
1826 192 1952 247 [878]

248 293 398 331 ordinis
437 293 641 331 Minorum
660 294 671 315 ¹
697 294 854 332 editam
891 294 1002 344 apud
1039 294 1332 343 Waddingum,
1369 302 1398 332 t.
1427 309 1495 342 vn,
1519 294 1561 332 in
1585 295 1761 343 Regesto,
1798 308 1837 344 p.
1865 293 1952 331 155.

302 353 344 390 P.
369 352 457 399 249,
478 353 544 402 lig.
568 352 629 391 20.
651 353 985 391 BONONIENSEM.
1010 353 1084 391 Les
1107 353 1246 403 Pepoli
1267 353 1485 392 vendirent
1504 354 1684 403 Bologne
1704 354 1726 390 a
1751 352 1955 390 Giovanni

249 411 431 448 Visconti
456 412 494 454 le
517 411 565 449 16
588 413 755 451 octobre
781 412 894 450 1350.
920 412 1065 450 Galeas
1089 427 1116 461 y
1138 421 1255 450 entra
1278 413 1314 450 le
1337 412 1386 450 23
1421 421 1462 451 et
1494 413 1632 451 obtint
1661 413 1700 450 la
1732 411 1956 461 seigneurie

248 470 283 508 16
306 469 374 516 253
398 470 487 508 voir
509 470 582 508 Les
604 472 737 521 Papes
760 472 1003 520 ‹I'Avignom
1026 486 1064 522 p.
1091 471 1274 510 144—147.

305 529 347 568 P.
376 529 464 577 249,
490 530 557 580 lig.
586 530 647 569 22.
676 531 937 569 PRocEssus.
968 531 1021 569 Le
1049 530 1098 568 18
1123 531 1347 569 novembre
1375 530 1475 569 1350
1501 538 1542 569 et
1565 531 1601 569 le
1627 531 1651 568 4
1676 530 1823 568 sevrier
1856 529 1955 567 1351

253 588 456 637 (Theiner,
478 588 621 637 Codeae,
644 598 673 628 t.
695 605 737 638 11,
760 590 848 629 doc.
874 605 951 628 cen
973 598 1015 628 et
1037 590 1144 639 ccv).

306 646 349 686 P.
368 647 457 695 249,
473 648 539 698 lig.
559 648 620 688 23.
641 649 1003 688 RECONCILIATUS.
1018 650 1072 687 Le
1085 649 1133 686 27
1145 648 1248 687 avril
1262 648 1362 687 1352
1376 649 1578 699 (Theiner,
1593 658 1634 687 ut
1647 664 1694 696 3.,
1708 648 1796 686 doc.
1813 648 1954 696 ccxx).

305 706 347 745 P.
377 706 466 755 249,
491 707 558 757 lig.
587 708 649 747 24.
679 708 869 747 DIMJSSA.
898 709 952 747 Le
979 708 1029 746 28
1054 708 1158 746 avril
1185 708 1286 746 1352
1314 708 1377 758 (A.
1405 708 1589 756 Sorbelli,
1615 708 1676 746 La
1702 707 1893 756 Signoria
1918 706 1959 744 di

256 764 456 803 Giovanni
483 766 661 805 Visconti
682 782 707 805 a
727 768 922 817 Bologna,
943 767 1138 817 Bologne‚
1158 767 1271 814 1902,
1294 782 1334 818 p.
1354 767 1459 817 350).
1484 768 1540 806 La
1564 767 1719 806 06551011
1742 766 1960 804 solennelle

251 832 321 863 eut
340 825 420 864 lieu
441 826 476 864 le
498 825 521 863 6
542 827 775 877 septembre
798 827 927 877 (ibid,
948 842 987 877 p.
1011 826 1091 876 67).
1246 868 1247 871 ,

306 884 349 922 Ρ.
382 884 471 932 249,
501 885 568 935 lig.
601 885 662 925 27.
705 887 957 925 Lunowcns
987 901 1025 925 R.
1060 886 1309 925 HUNGAmE.
1350 886 1451 925 Vide
1491 887 1696 924 Joannem
1721 884 1959 932 Villanium,

251 942 321 982 lib.
340 943 439 991 XII,
457 958 546 995 cap.
567 959 676 993 Lvm,
694 960 762 984 CXI
778 944 1009 995 [Muratori,
1027 954 1056 984 t.
1077 960 1163 993 xm,
1183 946 1256 984 eol.
1274 945 1350 984 938
1367 954 1409 984 et
1425 945 1538 996 991];
1558 946 1821 983 Matthaeurn
1837 943 1961 981 Villa-

254 1002 381 1051 nium,
408 1003 477 1042 lib.
510 1004 540 1051 Ι,
581 1019 669 1055 cap.
698 1020 740 1053 x,
767 1019 811 1042 XI
851 1004 1081 1055 [Muratori,
1117 1013 1147 1043 t.
1189 1020 1275 1052 xlv,
1310 1006 1383 1043 001.
1412 1005 1461 1043 20
1498 1013 1539 1044 et
1566 1005 1639 1055 21]
1677 1012 1718 1043 et
1756 1004 1962 1042 Joannem

254 1061 532 1110 110056111111111,
552 1079 591 1114 p.
613 1063 702 1112 509,
724 1064 811 1103 510.
834 1064 936 1103 Vide
954 1064 969 1086 2
988 1064 1114 1103 etiam
1135 1064 1418 1114 Spondanum,
1438 1079 1503 1103 an.
1526 1063 1641 1111 1348,
1668 1063 1684 1112 ἓ
1705 1063 1739 1102 1.

306 1121 348 1160 Ρ.
372 1121 460 1170 250,
481 1122 548 1172 lig.
571 1122 606 1161 6.
627 1123 937 1161 BERTRANDUM
961 1138 1016 1161 DE
1041 1124 1221 1163 DEocm.
1241 1123 1506 1162 Destinatum
1527 1138 1621 1162 eum
1636 1123 1759 1161 fuisse
1778 1123 1963 1172 legatum

255 1180 398 1219 Italiae
425 1195 533 1219 anno
561 1183 839 1221 MCCCXLVI
867 1184 946 1222 kal.
977 1182 1039 1233 [1]
1070 1183 1264 1221 februarii
1296 1183 1445 1221 docent
1471 1183 1625 1221 Literae
1658 1182 1877 1220 Clementis
1904 1182 1962 1219 VI

252 1238 386 1278 editae
407 1240 459 1278 ab
481 1241 657 1280 Odorico
680 1242 912 1291 Raynalclo,
935 1257 999 1280 an.
1024 1242 1138 1290 1346,
1167 1242 1184 1291 ἓ
1204 1242 1266 1280 49.
1289 1242 1440 1280 Verum
1463 1242 1636 1280 adversa
1657 1242 1744 1291 ejus
1766 1241 1964 1279 valetudo

251 1313 343 1336 eum
375 1299 555 1338 detinuit
584 1316 634 1348 ne
663 1302 704 1339 in
734 1316 905 1351 regnum
937 1302 1259 1352 Neapolitanum
1289 1302 1341 1339 ad
1372 1301 1650 1352 suscipiendas
1689 1301 1878 1351 publicae
1907 1300 1964 1338 rei

251 1358 433 1397 habenas
458 1374 498 1398 se
524 1361 744 1407 conferret3
771 1361 970 1399 Odoricus
996 1361 1253 1410 Raynaldus,
1277 1375 1386 1399 anno
1411 1361 1526 1409 1346,
1553 1360 1570 1409 ξ
1594 1361 1655 1398 44.
1686 1360 1832 1410 Itaque
1855 1359 1890 1398 ei
1915 1360 1964 1398 de

250 1416 410 1467 integro
433 1419 649 1457 commissa
672 1428 734 1458 est
754 1420 967 1470 provincia
993 1420 1112 1458 Italia
1134 1420 1261 1458 literis
1285 1420 1392 1458 datis
1422 1419 1557 1458 idibus
1581 1418 1671 1470 [15]
1697 1419 1836 1457 martii
1857 1419 1962 1469 ejus-

253 1475 346 1515 dem
376 1477 486 1525 anni,
518 1492 622 1528 quae
652 1487 800 1517 extant
829 1480 940 1530 apud
970 1480 1161 1519 eumdem
1192 1479 1471 1529 Raynaldum,
1508 1479 1525 1528 §
1555 1479 1616 1518 60.
1650 1479 1792 1528 Neque
1822 1486 1964 1517 tamen

252 1535 395 1573 statim
420 1537 606 1576 discessit
628 1538 852 1577 Avenione.
879 1538 1045 1577 Etenim
1069 1553 1160 1577 eum
1184 1538 1265 1577 illic
1288 1538 1411 1577 fuisse
1435 1538 1499 1577 die
1523 1553 1613 1576 xxn
1637 1537 1775 1589 aprilis
1801 1545 1966 1576 constat

252 1609 303 1632 ex
323 1595 467 1634 eodem
484 1596 716 1646 Raynaldo,
738 1597 755 1646 ἓ
771 1597 833 1646 19,
849 1597 911 1636 26.
930 1598 1077 1636 Postea
1095 1598 1304 1648 profectus
1324 1606 1386 1636 est
1400 1612 1537 1637 mense
1554 1596 1772 1648 augusto3,
1790 1605 1838 1634 ut
1854 1596 1965 1635 vide—

252 1661 334 1702 tur,
354 1662 395 1692 et
414 1655 667 1695 Florentiam
686 1657 858 1696 advenit
876 1657 940 1696 die
959 1665 1108 1695 octava
1135 1657 1327 1705 octobris,
1347 1665 1395 1695 ut
1414 1658 1594 1695 Joannes
1614 1656 1814 1695 Villanius
1836 1656 1967 1694 tradit

251 1712 320 1751 lib.
350 1713 450 1761 XII,
476 1729 564 1765 cap.
592 1730 678 1753 Lxx
705 1715 936 1765 [Muratori,
961 1725 992 1755 t.
1019 1731 1106 1764 x111,
1133 1717 1206 1755 001.
1233 1716 1348 1767 953]
1379 1717 1425 1754 111
1449 1716 1594 1756 eadem
1617 1715 1822 1766 legatione
1852 1730 1967 1753 eons-

252 1772 405 1811 titutus
435 1773 714 1823 inquisitionis
745 1776 925 1814 officium
952 1775 994 1813 in
1023 1775 1237 1826 provincia
1267 1775 1401 1813 sancti
1432 1775 1637 1814 Francisci
1664 1775 1782 1813 vallis
1812 1774 1967 1825 Spoleti

256 1832 462 1870 commisit
494 1834 612 1871 fratri
646 1834 798 1872 Joanni
831 1835 978 1873 Jacobi
1019 1835 1068 1873 de
1101 1835 1235 1885 Spello
1269 1835 1420 1873 ordinis
1463 1835 1639 1873 fratrum
1666 1834 1885 1882 Minorum,
1918 1841 1967 1871 ut

254 1898 373 1940 patet
396 1906 445 1929 ex
468 1893 703 1942 Appendice
722 1894 936 1932 Directoriz'
962 1894 1265 1944 Inquisitoram,
1289 1909 1328 1945 p.
1355 1893 1416 1932 66.

308 1950 351 1988 P.
391 1950 480 1999 250,
516 1952 582 2001 lig.
623 1953 657 1991 7.
697 1953 958 1991 SUCCESSIVE
997 1953 1249 1992 GUIDONEM.
1280 1954 1432 1991 Contra
1471 1953 1669 1992 Odoricus
1708 1952 1966 2002 Raynaldus,

254 2022 319 2047 an.
346 2009 461 2058 1346,
491 2010 507 2059 ἕ
530 2012 594 2059 44,
617 2012 676 2050 ait
698 2026 789 2051 eam
810 2013 1059 2063 legationem
1081 2013 1214 2063 primo
1236 2013 1422 2051 oblatam
1445 2012 1638 2060 Guidoni,
1661 2012 1732 2050 sed
1755 2026 1848 2050 cum
1869 2011 1902 2049 is
1923 2011 1965 2049 id

254 2081 403 2107 munus
424 2084 506 2107 non
525 2070 779 2119 admitteret,
800 2072 901 2110 illud
920 2072 961 2109 in
980 2072 1259 2110 Bertrandum
1279 2072 1390 2110 tituli
1411 2072 1552 2110 Sancti
1572 2072 1698 2110 Marci
1715 2071 1965 2110 cardinalem

253 2128 510 2168 transfusum
540 2145 637 2169 esse.

309 2186 351 2225 P.
376 2187 465 2235 250,
486 2189 551 2239 lig.
577 2188 637 2228 15.
661 2190 755 2227 CUM
779 2191 1017 2229 Lunovico.
1042 2190 1214 2229 joannis
1236 2191 1434 2229 Aventini
1454 2204 1615 2228 summa
1637 2198 1699 2228 est
1718 2189 1760 2227 in
1780 2190 1857 2227 hoc
1876 2190 1964 2227 1000

254 2244 462 2295 imperitia
481 2263 617 2286 rerum
634 2249 822 2289 istarum.
843 2249 913 2287 Ait
931 2250 1053 2297 enim,
1068 2265 1107 2300 p.
1130 2249 1218 2298 784,
1234 2250 1343 2288 1111110
1361 2264 1517 2289 novum
1533 2249 1720 2288 Joannae
1739 2249 1935 2288 maritum
1949 2248 1967 2272 4

255 2303 379 2343 fuisse
408 2306 627 2346 Clementis
656 2308 713 2345 VI
742 2308 925 2347 fratrem.
957 2309 1070 2347 Haec
1097 2317 1193 2346 sunt
1222 2309 1309 2358 ejus
1337 2309 1464 2347 verba
1494 2324 1501 2346 :
1530 2309 1617 2346 Hoc
1643 2309 1762 2346 etiam
1788 2322 1894 2346 anno
1924 2308 1966 2345 in

256 2363 413 2413 Apulia
439 2366 623 2409 Andreas
651 2382 717 2405 rece
744 2376 859 2405 nocta
888 2368 931 2405 in
958 2368 1082 2405 cubiti
1109 2368 1246 2418 laqueo
1274 2376 1445 2407 necatur.
1475 2367 1655 2405 Clemens
1683 2382 1868 2417 germano
1895 2382 1968 2404 sao

256 2436 421 2471 regnam
443 2426 574 2464 tradit.
604 2426 748 2464 Veram
763 2427 988 2465 Ladovicas
1008 2442 1074 2465 rex
1095 2428 1229 2476 Ugras
1250 2428 1368 2465 occisi
1388 2428 1509 2476 frater
1525 2441 1613 2464 cam
1636 2426 1777 2476 infesto
1798 2427 1967 2464 excercitu

258 2481 301 2518 in
327 2482 598 2533 Campaniam
624 2486 832 2534 contendit,
863 2487 1067 2524 Joannam
1094 2501 1253 2524 uxorem
1277 2486 1416 2536 fratris
1442 2500 1530 2524 cum
1557 2486 1699 2524 marito
1726 2500 1822 2523 novo
1847 2485 1968 2535 fratre

256 2542 368 2588 sexti,
395 2542 485 2580 item
508 2544 609 2581 alios
632 2545 762 2582 caedis
786 2546 960 2586 conscios
983 2554 1232 2595 auctoresque
1258 2545 1379 2583 Italia
1402 2545 1536 2594 exigit,
1557 2559 1676 2594 regno
1699 2544 1969 2595 Neapolitano

258 2608 418 2648 potitur.

314 2659 356 2699 P.
379 2660 468 2708 250,
488 2662 554 2711 lig.
578 2662 639 2701 20.
663 2663 1044 2701 CONSANGUINEUM
1067 2677 1198 2702 SUUM.
1224 2663 1314 2714 Ipse
1335 2678 1498 2713 quoque
1519 2663 1703 2702 Clemens
1729 2663 1841 2713 apud
1865 2663 1966 2700 Bzo-

260 2717 387 2766 vium,
410 2734 474 2758 an.
500 2721 614 2768 1352,
643 2721 660 2770 ἓ
683 2722 718 2769 7,
740 2730 922 2761 testatur
942 2723 1051 2761 hunc
1073 2722 1337 2761 Guillelmum
1358 2721 1567 2772 sanguinis
1589 2721 1651 2760 sui
1672 2721 1808 2760 virum
1829 2721 1965 2760 fuisse.

307 2868 336 2900 1.
368 2867 496 2908 Eubol,
522 2869 566 2902 B.
593 2870 650 2909 F„
676 2876 703 2903 t.
730 2882 779 2910 VJ,
805 2882 839 2904 n.
865 2871 947 2904 309.

310 2921 339 2953 2.
366 2920 407 2953 G.
433 2922 475 2954 de
500 2922 629 2956 Blasiis
654 2923 745 2956 dans
767 2923 942 2957 Archivio
963 2925 1090 2958 storico
1110 2935 1175 2968 per
1195 2924 1225 2957 le
1245 2923 1430 2967 provincie
1452 2923 1675 2967 napoletane,
1699 2929 1725 2956 t.
1750 2934 1803 2955 xn
1829 2922 1964 2966 (1887),

288 2999 295 3005 .
333 2974 401 3006 365
436 2980 474 3006 et
508 2986 522 3006 5
554 3000 560 3008 .

261 2984 283 3016 p
310 3026 342 3058 3.
369 3027 393 3057 ll
415 2986 581 3069 pai-titqle
602 3028 645 3061 26
665 3035 702 3061 et
720 3029 845 3062 revint
871 3030 902 3062 le
922 3031 966 3062 17
985 3030 1189 3063 novembre
1209 3030 1302 3064 1348
1325 3029 1469 3072 (Euhel,
1492 3029 1720 3069 Hierarchia,
1742 3034 1769 3062 t.
1788 3040 1812 3068 1,
1833 3040 1868 3072 p.
1891 3028 1963 3072 17).

312 3079 343 3111 4.
363 3078 411 3111 Le
429 3080 592 3123 mariage
610 3081 668 3113 sut
686 3084 878 3116 contracte
895 3083 926 3115 le
945 3083 989 3116 22
1005 3084 1097 3117 δοίη
1113 3084 1217 3117 1347.
