2083 3458
244 226 325 268 696
858 260 861 261 ⁷
894 241 1045 266 NOTAE
1080 242 1140 266 AD
1175 242 1303 267 V1TAs
1800 229 1959 285 [1178]

243 334 316 363 tem
339 326 622 363 Romanorum.
649 325 730 362 Nec
754 326 910 362 demum
935 325 1096 363 ivissent
1119 325 1154 362 si
1180 325 1223 363 in
1246 325 1346 364 dicto
1370 335 1493 364 castro
1517 327 1748 366 habuissent
1771 328 1959 367 victualia

242 400 313 435 pro
333 394 501 435 tempore
522 399 678 433 magno,
702 385 758 421 vel
778 384 884 422 viam
903 399 1081 422 securam
1100 400 1172 435 pro
1191 400 1231 423 se
1253 386 1355 436 ipsis
1375 395 1558 425 eteorum
1578 388 1760 437 gentibus
1775 403 1847 438 pro
1867 397 1959 426 tunc

242 445 321 482 alio
348 445 467 482 eundi
495 444 738 491 habuissent,
766 452 884 494 prout
910 444 1072 494 quidam
1098 459 1142 482 ecc
1168 445 1224 482 eis
1252 460 1402 483 mecum
1428 447 1658 496 conferendo
1685 448 1879 486 dixerunt.
1908 448 1960 486 Et

242 504 445 554 presertim
475 504 637 553 juerant
667 504 890 554 supradicti
923 504 1075 542 domini
1108 505 1330 542 cardinales
1363 505 1429 556 qui
1461 515 1571 544 erant
1604 507 1647 544 in
1679 515 1802 545 castro
1833 507 1958 545 stricti

242 564 293 601 acl
319 564 614 601 assentiendum
642 563 867 601 ambasciate
894 578 1020 614 supra
1048 564 1104 601 eis
1131 565 1230 613 facte
1257 579 1326 615 per
1356 565 1490 615 ipsum
1517 566 1697 604 abbatem
1727 567 1960 607 Sitriensem

241 638 311 673 pro
348 637 388 660 eo
425 624 525 673 quod
560 623 838 660 Bandarenses
873 623 1043 673 predicte
1085 624 1218 671 Urbis,
1257 624 1433 663 videlicet
1468 625 1633 664 Nardus
1668 626 1958 676 apothecarius,

244 683 446 720 Johannes
465 682 596 720 Sincii
615 683 888 730 cancellarius,
909 691 942 720 et
960 683 1143 733 officiales
1161 683 1235 721 alii
1253 684 1351 722 dicte
1376 685 1496 722 Urbis
1515 694 1702 723 venerunt
1719 687 1771 724 ad
1788 694 1961 724 castrum

241 750 273 780 et
291 742 555 792 requisierunt
572 742 752 780 dominos
770 742 992 780 cardinales
1011 744 1113 793 quod
1130 743 1309 781 deberent
1328 744 1382 781 ire
1400 745 1453 782 ad
1469 745 1758 795 perficiendum
1778 745 1963 784 inchoata

244 802 286 839 de
315 802 401 852 ipso
428 802 711 840 Bartholomeo.
742 802 872 849 Alias,
896 802 1146 850 addiderunt,
1171 818 1235 841 vos
1263 804 1467 853 confidetis
1495 804 1539 842 in
1562 813 1701 852 castro,
1726 813 1760 843 et
1785 805 1963 856 populus·

242 861 310 899 iste
339 861 381 898 in
410 862 517 899 nullo
545 861 699 899 dubitat
727 859 861 911 ipsum
889 862 1045 907 liabere;
1074 871 1108 900 et
1136 863 1220 900 ideo
1248 863 1329 900 nisi
1355 864 1527 913 feceritis
1556 865 1658 914 quod
1684 879 1817 903 eorum
1843 864 1960 903 satis-

238 920 425 970 factionis
452 929 518 968 est,
547 921 770 971 periculum
797 936 870 971 quo
898 922 1067 959 evasisse
1095 922 1245 972 putatis
1275 922 1496 971 incurretis,
1528 932 1562 961 et
1589 939 1721 962 omnes
1750 924 1864 963 vestri
1893 924 1960 974 qui

239 973 346 1018 extra
377 989 471 1018 sunt
502 981 819 1019 trucidabantur.
858 982 1004 1031 Itaque
1037 981 1380 1020 inthronizationi
1412 991 1453 1021 et
1486 984 1743 1022 coronationi
1775 984 1965 1033 ejusdem

241 1039 398 1078 Urbani
419 1040 651 1079 interfuisse
674 1055 768 1078 eum
789 1041 1078 1079 satisfconstat
1099 1050 1140 1080 et
1164 1042 1288 1080 fidem
1310 1042 1410 1080 facit
1430 1043 1539 1082 idem
1562 1044 1742 1082 Jacobus
1759 1044 1807 1082 de
1827 1044 1931 1082 Seva
1946 1043 1961 1066 1

238 1114 278 1150 p.
301 1099 376 1137 497
400 1108 441 1138 et
464 1099 664 1149 sequenti.
692 1100 880 1150 Denique
902 1100 965 1139 die
989 1101 1195 1139 dominica
1217 1102 1406 1151 sequenti
1428 1102 1470 1139 in
1491 1102 1615 1141 ramis
1641 1103 1889 1154 palmarum,
1919 1102 1965 1140 id

238 1167 313 1206 est,
346 1159 409 1197 die
442 1174 483 1196 xi
516 1159 702 1209 ejusdem
733 1159 882 1198 mensis
915 1160 1067 1211 aprilis,
1101 1175 1194 1200 cum
1226 1161 1417 1200 Urbanus
1440 1170 1491 1206 ,et
1523 1162 1747 1201 cardinales
1787 1162 1962 1213 profecti

238 1227 373 1257 essent
399 1219 452 1256 ad
479 1219 691 1257 basilicam
718 1219 859 1258 Sancti
886 1220 1010 1267 Petri,
1039 1221 1236 1259 Geraldus
1264 1221 1433 1259 ultimus
1469 1222 1806 1272 presbyterorum
1833 1222 1962 1261 cardi-

239 1278 395 1318 nalium
424 1279 545 1328 juxta
577 1293 734 1319 morem
765 1279 979 1318 benedixit
1009 1281 1168 1330 palmas
1201 1290 1242 1319 et
1275 1295 1425 1328 ramos,
1459 1296 1559 1331 quos
1591 1290 1736 1332 postea
1769 1282 1964 1320 Urbanus

239 1338 530 1386 cardinalibus,
559 1338 769 1389 praelatis,
799 1347 841 1377 et
868 1339 956 1378 aliis
985 1340 1065 1378 illic
1094 1340 1359 1379 adstantibus
1389 1341 1522 1388 dedit3
1554 1342 1734 1380 Jacobus
1765 1342 1813 1380 de
1843 1341 1966 1389 Seva,

295 1457 409 1496 Idem
432 1457 627 1505 Jacobus‚
649 1473 689 1508 p.
713 1458 803 1506 507,
825 1467 867 1497 et
888 1459 956 1496 alii
976 1459 1152 1497 tradunt
1175 1460 1389 1498 Urbanum
1412 1460 1455 1497 in
1474 1459 1572 1511 ipsis
1594 1460 1721 1499 initiis
1744 1460 1806 1499 sui
1826 1460 1963 1511 ponti-

242 1516 388 1555 ficatus
410 1517 621 1567 repetiisse
644 1526 824 1556 castrum
850 1518 991 1557 Sancti
1012 1519 1157 1569 Angeli
1179 1534 1201 1557 a
1225 1520 1347 1558 Petro
1369 1519 1419 1558 de
1443 1520 1595 1558 Sancto
1617 1520 1817 1571 Crispino,
1841 1534 1964 1570 quem

240 1576 363 1615 castri
399 1576 505 1614 illius
544 1577 861 1627 gubernatorem
900 1578 1176 1617 constituerat
1212 1579 1430 1617 cardinalis
1469 1579 1880 1629 Majorismonasterii
1917 1594 1963 1617 eo

239 1644 424 1687 tempore
462 1651 543 1686 quo
581 1637 693 1675 Sedis
730 1638 982 1688 apostolicae
1018 1638 1195 1677 vicarius
1232 1647 1321 1676 erat
1356 1639 1398 1676 in
1434 1639 1682 1689 quibusdam
1721 1639 1967 1677 civitatibus

245 1696 403 1743 ltaliae,
438 1696 508 1734 sed
542 1696 657 1733 illum
692 1711 860 1747 negasse
894 1695 1179 1736 se‘facturum
1213 1707 1432 1749 propterea
1468 1699 1578 1748 quod
1613 1713 1635 1736 a
1671 1699 1865 1749 Gregorio
1902 1698 1963 1736 XI

238 1755 439 1793 moriente
454 1756 700 1795 mandatum
719 1765 948 1807 acceperat,
962 1771 1010 1795 ne
1023 1757 1088 1796 cui
1101 1757 1202 1796 illud
1218 1758 1402 1796 traderet
1418 1758 1494 1796 nisi
1511 1758 1559 1797 de
1577 1773 1777 1797 consensu
1795 1758 1969 1797 omniun

241 1815 512 1854 cardinalium
536 1816 958 1855 ultramontanorum.
980 1817 1113 1855 Iratus
1132 1817 1182 1855 ob
1206 1818 1414 1868 repulsam
1440 1818 1631 1856 Urbanus
1658 1827 1800 1856 causas
1826 1817 1969 1856 inobe-

241 1874 419 1913 dientiae
442 1874 584 1924 rejecit
614 1875 657 1913 in
679 1876 930 1914 cardinalem
952 1876 1364 1926 Majorismonasterii
1388 1893 1394 1915 :
1419 1892 1532 1927 quem
1553 1886 1586 1915 et
1611 1886 1817 1927 propterea
1838 1891 1967 1927 repre-

240 1933 386 1981 bendit,
416 1934 553 1984 inquit
584 1935 764 1973 Jacobus
796 1935 844 1974 de
876 1936 994 1983 Seva,
1026 1951 1071 1974 ac
1099 1936 1224 1974 eidem
1254 1937 1355 1974 dixit
1384 1938 1486 1987 quod
1513 1945 1720 1987 propterea
1748 1937 1968 1987 procederet

241 2002 374 2031 contra
398 1994 532 2043 ipsum
548 1995 791 2032 cardinalem
806 2003 840 2032 et
854 1995 1056 2044 justitiam
1079 1996 1123 2033 de
1138 2010 1179 2033 eo
1200 1996 1354 2045 faceret.
1380 1997 1576 2034 Testatur
1597 1996 1711 2036 istud
1726 1996 1862 2047 ipsum
1885 1996 1964 2034 fra-

240 2061 302 2091 ter
328 2053 552 2092 Menendus
578 2054 793 2104 episcopus
820 2055 1108 2093 Cordubensis.
1136 2056 1235 2093 Post
1258 2056 1502 2095 relationem
1527 2056 1636 2094 enim
1660 2056 1712 2093 ab
1737 2071 1784 2094 eo
1809 2056 1969 2094 factam

242 2112 289 2150 de
310 2112 605 2161 inobedientia,
629 2128 754 2163 quam
776 2114 863 2163 ejus
885 2115 1020 2153 verbis
1042 2115 1262 2153 referemus
1284 2116 1390 2153 infra
1413 2130 1486 2153 suo
1516 2116 1604 2154 loco
1634 2115 1705 2153 ubi
1726 2129 1892 2165 agemus
1916 2114 1964 2153 de

241 2172 384 2210 eodem
413 2173 535 2210 Petro
563 2173 611 2211 de
640 2173 792 2212 Sancto
820 2174 1019 2224 Crispino,
1036 2175 1136 2213 haec
1163 2175 1308 2212 statim
1335 2175 1614 2224 subjiciuntur
1639 2175 1681 2212 in
1709 2174 1964 2225 depositione

241 2231 358 2269 istius
391 2231 604 2282 episcopi2
639 2248 646 2270 :
684 2233 954 2282 Interrogatus
987 2235 1175 2284 quomodo
1205 2234 1279 2272 scit
1311 2235 1412 2284 quod
1443 2235 1591 2272 (lictum
1622 2242 1795 2272 castrum
1824 2233 1970 2283 suisset.

242 2299 348 2328 extra
371 2291 646 2338 obedientiam,
665 2292 766 2330 dixit
782 2294 883 2343 quod
903 2308 974 2343 pro
996 2308 1038 2331 eo
1061 2291 1163 2343 quod
1185 2293 1240 2331 ita
1262 2294 1417 2332 audivit
1439 2302 1472 2331 et
1496 2293 1692 2331 itacredit
1714 2302 1809 2331 certe
1830 2301 1864 2331 et
1885 2301 1970 2330 erat

242 2350 449 2399 publicum
472 2359 506 2388 et
528 2351 726 2389 notorium
747 2352 880 2390 Rome.
905 2353 1072 2402 Propter
1093 2367 1211 2403 quam
1234 2354 1537 2401 conclusionem,
1561 2362 1595 2390 et
1617 2353 1711 2403 quia
1733 2353 1860 2390 dictus
1882 2367 1968 2390 cas-

243 2410 411 2447 tellanus
434 2418 516 2447 erat
536 2411 693 2460 jactura
716 2412 935 2449 cardinalis
959 2412 1369 2462 llffajorismonasterii
1393 2421 1427 2450 et
1450 2420 1723 2462 consequenter
1746 2411 1965 2450 cardinalis

243 2469 533 2507 Lemovicensis
567 2478 601 2508 et
634 2471 857 2518 camerarii,
894 2472 1062 2509 multum
1096 2472 1223 2509 dictus
1256 2487 1367 2522 papa
1399 2472 1479 2521 fuit
1512 2472 1693 2510 turbatus
1727 2486 1816 2509 cum
1850 2470 1971 2509 dictisv

244 2528 518 2566 cardinalibus
541 2538 575 2567 et
597 2530 826 2578 camerario,
850 2531 1027 2569 habendo
1050 2532 1228 2581 aliquam
1249 2531 1520 2581 suspicionem
1543 2532 1644 2581 quod
1667 2531 1748 2581 ipsi
1771 2531 1840 2568 lioc
1862 2530 1964 2568 ordi-

246 2596 404 2625 nassent
426 2596 460 2625 et
483 2589 784 2627 consuluissent.

299 2647 513 2685 Praeterea
552 2648 757 2695 Urbanus,
794 2657 841 2686 ut
876 2657 1057 2687 testatur
1093 2650 1256 2688 Garsias
1305 2650 1473 2688 Martini
1509 2650 1662 2688 electus
1699 2648 1909 2687 Auriensis
1934 2646 1968 2696 ³r

246 2705 345 2742 (lixit
370 2708 477 2743 mala
502 2708 616 2744 verba
642 2708 839 2745 cardinali
865 2709 1275 2758 lllajorismonasterii
1300 2724 1371 2759 pro
1396 2724 1437 2746 eo
1463 2710 1564 2759 quod
1588 2710 1688 2746 male
1711 2723 1751 2746 se
1775 2708 1969 2746 habuerat

247 2764 287 2800 in
311 2765 503 2802 vicariatu
526 2775 559 2803 et
580 2767 772 2815 regimine
794 2768 968 2806 Perusii.

303 2824 468 2861 Interim
495 2826 856 2876 appropinquante
880 2835 1052 2875 aestate,
1079 2828 1173 2877 quia
1199 2828 1415 2877 Gregorius
1443 2828 1503 2865 XI
1530 2827 1769 2866 decreverat
1791 2841 1838 2864 eo
1860 2834 1967 2864 tem-

247 2896 341 2930 pore
375 2883 504 2922 Roma
536 2886 728 2923 excedere
759 2894 800 2923 et
829 2886 884 2924 ire
914 2887 1160 2936 Anagniam,
1190 2887 1358 2937 jamque
1391 2887 1528 2925 omnia
1558 2887 1639 2925 illic
1669 2894 1816 2937 parata
1847 2893 1971 2923 erant.

298 3015 328 3047 1.
354 3016 528 3057 Bulaeus,
555 3018 628 3051 loco
651 3008 770 3052 citato.

299 3068 328 3100 2.
360 3069 399 3101 13.
421 3070 477 3107 N,
496 3083 563 3103 nis.
582 3072 676 3104 latin
694 3073 993 3112 11745‚f01.136
1010 3079 1053 3107 r0.

297 3122 328 3152 3.
355 3121 420 3154 Ms.
448 3123 531 3161 cite,
558 3124 618 3157 sol.
645 3125 714 3158 126
739 3131 789 3159 v0.
