<?xml version="1.0" encoding="UTF-8"?>
<!DOCTYPE html PUBLIC "-//W3C//DTD XHTML 1.0 Transitional//EN"
    "http://www.w3.org/TR/xhtml1/DTD/xhtml1-transitional.dtd">
<html xmlns="http://www.w3.org/1999/xhtml" xml:lang="en" lang="en">
 <head>
  <title>
</title>
<meta http-equiv="Content-Type" content="text/html;charset=utf-8" />
  <meta name='ocr-system' content='tesseract 3.04.00' />
  <meta name='ocr-capabilities' content='ocr_page ocr_carea ocr_par ocr_line ocrx_word'/>
</head>
<body>
  <div class='ocr_page' id='page_1' title='image "./vitaepaparumaven02balu_0593.png"; bbox 0 0 2083 3458; ppageno 0'>
   <div class='ocr_carea' id='block_1_1' title="bbox 122 220 1809 276">
    <p class='ocr_par' dir='ltr' id='par_1_1' title="bbox 122 220 1809 276">
     <span class='ocr_line' id='line_1_1' title="bbox 122 220 1809 276; baseline 0.005 -14"><span class='ocrx_word' id='word_1_1' title='bbox 122 220 272 276; x_wconf 86' lang='grc'>[1064]</span> <span class='ocrx_word' id='word_1_2' title='bbox 638 238 854 265; x_wconf 80' lang='lat' dir='ltr'>PAPARUM</span> <span class='ocrx_word' id='word_1_3' title='bbox 889 240 1273 266; x_wconf 59' lang='lat' dir='ltr'><em>AVENlONr-,Nsmn</em></span> <span class='ocrx_word' id='word_1_4' title='bbox 1728 227 1809 270; x_wconf 75' lang='lat'>58¹3</span> 
     </span>
    </p>
   </div>
   <div class='ocr_carea' id='block_1_2' title="bbox 89 320 1815 3027">
    <p class='ocr_par' dir='ltr' id='par_1_2' title="bbox 89 320 1815 2556">
     <span class='ocr_line' id='line_1_2' title="bbox 109 320 1811 375; baseline 0.006 -20"><span class='ocrx_word' id='word_1_5' title='bbox 109 320 299 369; x_wconf 83' lang='lat' dir='ltr'><em>oportebit</em></span> <span class='ocrx_word' id='word_1_6' title='bbox 327 320 429 370; x_wconf 88' lang='lat' dir='ltr'><em>quod</em></span> <span class='ocrx_word' id='word_1_7' title='bbox 456 320 677 358; x_wconf 79' lang='lat' dir='ltr'><em>cardinales</em></span> <span class='ocrx_word' id='word_1_8' title='bbox 705 322 855 371; x_wconf 79' lang='lat' dir='ltr'><em>eligant</em></span> <span class='ocrx_word' id='word_1_9' title='bbox 884 323 927 360; x_wconf 88' lang='lat' dir='ltr'><em>in</em></span> <span class='ocrx_word' id='word_1_10' title='bbox 956 338 1106 374; x_wconf 87' lang='lat' dir='ltr'><em>papam</em></span> <span class='ocrx_word' id='word_1_11' title='bbox 1133 325 1306 375; x_wconf 81' lang='lat' dir='ltr'><em>aliquem</em></span> <span class='ocrx_word' id='word_1_12' title='bbox 1334 326 1561 364; x_wconf 85' lang='lat' dir='ltr'><em>Romanum</em></span> <span class='ocrx_word' id='word_1_13' title='bbox 1590 328 1649 364; x_wconf 67' lang='lat' dir='ltr'><em>vel</em></span> <span class='ocrx_word' id='word_1_14' title='bbox 1674 327 1811 365; x_wconf 84' lang='lat' dir='ltr'><em>saltem</em></span> 
     </span>
     <span class='ocr_line' id='line_1_3' title="bbox 116 379 1812 435; baseline 0.004 -19"><span class='ocrx_word' id='word_1_15' title='bbox 116 379 334 427; x_wconf 89' lang='lat' dir='ltr'><em>Ytalicum,·</em></span> <span class='ocrx_word' id='word_1_16' title='bbox 367 387 401 416; x_wconf 90' lang='lat' dir='ltr'><em>et</em></span> <span class='ocrx_word' id='word_1_17' title='bbox 431 379 549 416; x_wconf 84' lang='lat' dir='ltr'><em>etiam</em></span> <span class='ocrx_word' id='word_1_18' title='bbox 580 388 787 430; x_wconf 73' lang='lat' dir='ltr'><em>postquam</em></span> <span class='ocrx_word' id='word_1_19' title='bbox 816 382 967 430; x_wconf 75' lang='lat' dir='ltr'><em>fuerint</em></span> <span class='ocrx_word' id='word_1_20' title='bbox 998 382 1144 420; x_wconf 87' lang='lat' dir='ltr'><em>inclusi</em></span> <span class='ocrx_word' id='word_1_21' title='bbox 1177 383 1220 421; x_wconf 89' lang='lat' dir='ltr'><em>in</em></span> <span class='ocrx_word' id='word_1_22' title='bbox 1250 384 1438 433; x_wconf 76' lang='lat' dir='ltr'><em>conclavi,</em></span> <span class='ocrx_word' id='word_1_23' title='bbox 1472 385 1719 435; x_wconf 78' lang='lat' dir='ltr'><em>requirentur</em></span> <span class='ocrx_word' id='word_1_24' title='bbox 1747 385 1812 423; x_wconf 81' lang='lat' dir='ltr'><em>hic</em></span> 
     </span>
     <span class='ocr_line' id='line_1_4' title="bbox 109 437 1811 494; baseline 0.004 -19"><span class='ocrx_word' id='word_1_25' title='bbox 109 437 332 475; x_wconf 74' lang='lat' dir='ltr'><em>cardinales</em></span> <span class='ocrx_word' id='word_1_26' title='bbox 359 452 429 487; x_wconf 93' lang='lat' dir='ltr'><em>per</em></span> <span class='ocrx_word' id='word_1_27' title='bbox 456 437 640 487; x_wconf 79' lang='lat' dir='ltr'><em>officiales</em></span> <span class='ocrx_word' id='word_1_28' title='bbox 674 439 795 476; x_wconf 82' lang='lat' dir='ltr'><em>Urbis</em></span> <span class='ocrx_word' id='word_1_29' title='bbox 823 449 857 478; x_wconf 88' lang='lat' dir='ltr'><em>et</em></span> <span class='ocrx_word' id='word_1_30' title='bbox 884 455 953 490; x_wconf 91' lang='lat' dir='ltr'><em>per</em></span> <span class='ocrx_word' id='word_1_31' title='bbox 981 442 1115 492; x_wconf 89' lang='lat' dir='ltr'><em>capita</em></span> <span class='ocrx_word' id='word_1_32' title='bbox 1142 442 1350 492; x_wconf 85' lang='lat' dir='ltr'><em>regionum</em></span> <span class='ocrx_word' id='word_1_33' title='bbox 1377 444 1480 494; x_wconf 84' lang='lat' dir='ltr'><em>quod</em></span> <span class='ocrx_word' id='word_1_34' title='bbox 1507 459 1578 494; x_wconf 81' lang='lat' dir='ltr'><em>pro</em></span> <span class='ocrx_word' id='word_1_35' title='bbox 1605 445 1811 482; x_wconf 71' lang='lat' dir='ltr'><em>salvandis</em></span> 
     </span>
     <span class='ocr_line' id='line_1_5' title="bbox 109 496 1813 550; baseline 0.005 -17"><span class='ocrx_word' id='word_1_36' title='bbox 109 510 244 534; x_wconf 91' lang='lat' dir='ltr'><em>eorum</em></span> <span class='ocrx_word' id='word_1_37' title='bbox 267 496 449 546; x_wconf 86' lang='lat' dir='ltr'><em>personis</em></span> <span class='ocrx_word' id='word_1_38' title='bbox 473 496 659 546; x_wconf 84' lang='lat' dir='ltr'><em>eligerent</em></span> <span class='ocrx_word' id='word_1_39' title='bbox 683 512 834 548; x_wconf 90' lang='lat' dir='ltr'><em>papam</em></span> <span class='ocrx_word' id='word_1_40' title='bbox 858 499 1030 550; x_wconf 79' lang='lat' dir='ltr'><em>aliquem</em></span> <span class='ocrx_word' id='word_1_41' title='bbox 1055 501 1282 539; x_wconf 87' lang='lat' dir='ltr'><em>Romanum</em></span> <span class='ocrx_word' id='word_1_42' title='bbox 1307 503 1366 540; x_wconf 71' lang='lat' dir='ltr'><em>vel</em></span> <span class='ocrx_word' id='word_1_43' title='bbox 1387 503 1526 540; x_wconf 82' lang='lat' dir='ltr'><em>saltem</em></span> <span class='ocrx_word' id='word_1_44' title='bbox 1552 503 1752 541; x_wconf 85' lang='lat' dir='ltr'><em>Ytalicum</em></span> <span class='ocrx_word' id='word_1_45' title='bbox 1778 511 1813 540; x_wconf 81' lang='lat' dir='ltr'><em>el</em></span> 
     </span>
     <span class='ocr_line' id='line_1_6' title="bbox 111 555 1811 611; baseline 0.004 -19"><span class='ocrx_word' id='word_1_46' title='bbox 111 555 213 605; x_wconf 88' lang='lat' dir='ltr'><em>quod</em></span> <span class='ocrx_word' id='word_1_47' title='bbox 232 555 289 593; x_wconf 87' lang='lat' dir='ltr'><em>eis</em></span> <span class='ocrx_word' id='word_1_48' title='bbox 311 569 489 606; x_wconf 72' lang='lat' dir='ltr'><em>expresse</em></span> <span class='ocrx_word' id='word_1_49' title='bbox 511 556 681 594; x_wconf 82' lang='lat' dir='ltr'><em>dicerent</em></span> <span class='ocrx_word' id='word_1_50' title='bbox 702 558 804 607; x_wconf 87' lang='lat' dir='ltr'><em>quod</em></span> <span class='ocrx_word' id='word_1_51' title='bbox 826 557 907 595; x_wconf 86' lang='lat' dir='ltr'><em>nisi</em></span> <span class='ocrx_word' id='word_1_52' title='bbox 929 558 986 596; x_wconf 89' lang='lat' dir='ltr'><em>sic</em></span> <span class='ocrx_word' id='word_1_53' title='bbox 1008 559 1204 608; x_wconf 82' lang='lat' dir='ltr'><em>eligerent,</em></span> <span class='ocrx_word' id='word_1_54' title='bbox 1229 575 1309 598; x_wconf 91' lang='lat' dir='ltr'><em>non</em></span> <span class='ocrx_word' id='word_1_55' title='bbox 1330 570 1489 611; x_wconf 82' lang='lat' dir='ltr'><em>possent</em></span> <span class='ocrx_word' id='word_1_56' title='bbox 1510 562 1652 599; x_wconf 74' lang='lat' dir='ltr'><em>evitare</em></span> <span class='ocrx_word' id='word_1_57' title='bbox 1675 562 1811 600; x_wconf 77' lang='lat' dir='ltr'><em>mortis</em></span> 
     </span>
     <span class='ocr_line' id='line_1_7' title="bbox 109 614 1811 669; baseline 0.004 -17"><span class='ocrx_word' id='word_1_58' title='bbox 109 614 343 664; x_wconf 87' lang='lat' dir='ltr'><em>periculum.</em></span> <span class='ocrx_word' id='word_1_59' title='bbox 360 614 476 652; x_wconf 79' lang='lat' dir='ltr'><em>Discit</em></span> <span class='ocrx_word' id='word_1_60' title='bbox 491 614 610 653; x_wconf 90' lang='lat' dir='ltr'><em>etiam</em></span> <span class='ocrx_word' id='word_1_61' title='bbox 627 616 729 665; x_wconf 81' lang='lat' dir='ltr'><em>quod</em></span> <span class='ocrx_word' id='word_1_62' title='bbox 744 624 836 654; x_wconf 87' lang='lat' dir='ltr'><em>tunc</em></span> <span class='ocrx_word' id='word_1_63' title='bbox 854 616 896 654; x_wconf 90' lang='lat' dir='ltr'><em>in</em></span> <span class='ocrx_word' id='word_1_64' title='bbox 913 618 1129 656; x_wconf 87' lang='lat' dir='ltr'><em>continenti</em></span> <span class='ocrx_word' id='word_1_65' title='bbox 1144 618 1236 667; x_wconf 67' lang='lat' dir='ltr'><em>fecit</em></span> <span class='ocrx_word' id='word_1_66' title='bbox 1251 619 1308 656; x_wconf 85' lang='lat' dir='ltr'><em>eis</em></span> <span class='ocrx_word' id='word_1_67' title='bbox 1326 634 1448 658; x_wconf 87' lang='lat' dir='ltr'><em>unam</em></span> <span class='ocrx_word' id='word_1_68' title='bbox 1466 620 1811 669; x_wconf 80' lang='lat' dir='ltr'><em>interrogationem</em></span> 
     </span>
     <span class='ocr_line' id='line_1_8' title="bbox 109 673 1811 729; baseline 0.003 -17"><span class='ocrx_word' id='word_1_69' title='bbox 109 681 144 712; x_wconf 88' lang='lat' dir='ltr'><em>et</em></span> <span class='ocrx_word' id='word_1_70' title='bbox 169 674 285 712; x_wconf 89' lang='lat' dir='ltr'><em>talem</em></span> <span class='ocrx_word' id='word_1_71' title='bbox 314 673 358 711; x_wconf 89' lang='lat' dir='ltr'><em>in</em></span> <span class='ocrx_word' id='word_1_72' title='bbox 384 673 533 723; x_wconf 70' lang='lat' dir='ltr'><em>effectu,</em></span> <span class='ocrx_word' id='word_1_73' title='bbox 564 674 660 724; x_wconf 88' lang='lat' dir='ltr'><em>quid</em></span> <span class='ocrx_word' id='word_1_74' title='bbox 685 683 783 713; x_wconf 80' lang='lat' dir='ltr'><em>esset</em></span> <span class='ocrx_word' id='word_1_75' title='bbox 808 675 844 712; x_wconf 86' lang='lat' dir='ltr'><em>si</em></span> <span class='ocrx_word' id='word_1_76' title='bbox 872 676 1094 714; x_wconf 86' lang='lat' dir='ltr'><em>cardinales</em></span> <span class='ocrx_word' id='word_1_77' title='bbox 1122 678 1308 726; x_wconf 84' lang='lat' dir='ltr'><em>eligerent</em></span> <span class='ocrx_word' id='word_1_78' title='bbox 1334 679 1506 729; x_wconf 87' lang='lat' dir='ltr'><em>aliquem</em></span> <span class='ocrx_word' id='word_1_79' title='bbox 1541 679 1739 717; x_wconf 84' lang='lat' dir='ltr'><em>Gallicum</em></span> <span class='ocrx_word' id='word_1_80' title='bbox 1767 680 1811 717; x_wconf 84' lang='lat' dir='ltr'><em>in</em></span> 
     </span>
     <span class='ocr_line' id='line_1_9' title="bbox 108 733 1810 787; baseline 0.004 -18"><span class='ocrx_word' id='word_1_81' title='bbox 108 746 260 782; x_wconf 91' lang='lat' dir='ltr'><em>papam</em></span> <span class='ocrx_word' id='word_1_82' title='bbox 281 733 339 770; x_wconf 78' lang='lat' dir='ltr'><em>vel</em></span> <span class='ocrx_word' id='word_1_83' title='bbox 357 733 484 771; x_wconf 87' lang='lat' dir='ltr'><em>alium</em></span> <span class='ocrx_word' id='word_1_84' title='bbox 506 733 573 783; x_wconf 92' lang='lat' dir='ltr'><em>qui</em></span> <span class='ocrx_word' id='word_1_85' title='bbox 595 747 674 771; x_wconf 87' lang='lat' dir='ltr'><em>non</em></span> <span class='ocrx_word' id='word_1_86' title='bbox 694 742 791 772; x_wconf 87' lang='lat' dir='ltr'><em>esset</em></span> <span class='ocrx_word' id='word_1_87' title='bbox 812 734 1017 772; x_wconf 85' lang='lat' dir='ltr'><em>Romanus</em></span> <span class='ocrx_word' id='word_1_88' title='bbox 1039 737 1097 774; x_wconf 76' lang='lat' dir='ltr'><em>vel</em></span> <span class='ocrx_word' id='word_1_89' title='bbox 1123 736 1314 776; x_wconf 80' lang='lat' dir='ltr'><em>YtalicuS.</em></span> <span class='ocrx_word' id='word_1_90' title='bbox 1338 738 1640 787; x_wconf 82' lang='lat' dir='ltr'><em>Responderunt</em></span> <span class='ocrx_word' id='word_1_91' title='bbox 1661 752 1673 776; x_wconf 92' lang='grc'><em>.·</em></span> <span class='ocrx_word' id='word_1_92' title='bbox 1696 738 1810 776; x_wconf 80' lang='lat' dir='ltr'><em>Ordi-</em></span> 
     </span>
     <span class='ocr_line' id='line_1_10' title="bbox 110 792 1814 846; baseline 0.003 -17"><span class='ocrx_word' id='word_1_93' title='bbox 110 799 248 829; x_wconf 86' lang='lat' dir='ltr'><em>natum</em></span> <span class='ocrx_word' id='word_1_94' title='bbox 274 800 330 830; x_wconf 89' lang='lat' dir='ltr'><em>est</em></span> <span class='ocrx_word' id='word_1_95' title='bbox 357 792 401 829; x_wconf 92' lang='lat' dir='ltr'><em>in</em></span> <span class='ocrx_word' id='word_1_96' title='bbox 427 792 593 830; x_wconf 88' lang='lat' dir='ltr'><em>consilio</em></span> <span class='ocrx_word' id='word_1_97' title='bbox 622 792 893 831; x_wconf 87' lang='lat' dir='ltr'><em>Romanorum</em></span> <span class='ocrx_word' id='word_1_98' title='bbox 921 795 1022 843; x_wconf 88' lang='lat' dir='ltr'><em>quod</em></span> <span class='ocrx_word' id='word_1_99' title='bbox 1047 809 1180 832; x_wconf 89' lang='lat' dir='ltr'><em>omnes</em></span> <span class='ocrx_word' id='word_1_100' title='bbox 1208 795 1429 834; x_wconf 86' lang='lat' dir='ltr'><em>cardinales</em></span> <span class='ocrx_word' id='word_1_101' title='bbox 1459 796 1752 846; x_wconf 71' lang='lat' dir='ltr'><em>interficiantur</em></span> <span class='ocrx_word' id='word_1_102' title='bbox 1779 805 1814 834; x_wconf 78' lang='lat' dir='ltr'><em>et</em></span> 
     </span>
     <span class='ocr_line' id='line_1_11' title="bbox 109 850 1813 906; baseline 0.002 -18"><span class='ocrx_word' id='word_1_103' title='bbox 109 850 379 900; x_wconf 86' lang='lat' dir='ltr'><em>depredentur,</em></span> <span class='ocrx_word' id='word_1_104' title='bbox 400 851 468 888; x_wconf 90' lang='lat' dir='ltr'><em>sed</em></span> <span class='ocrx_word' id='word_1_105' title='bbox 487 851 589 901; x_wconf 87' lang='lat' dir='ltr'><em>quod</em></span> <span class='ocrx_word' id='word_1_106' title='bbox 606 851 747 889; x_wconf 88' lang='lat' dir='ltr'><em>electus</em></span> <span class='ocrx_word' id='word_1_107' title='bbox 768 866 847 889; x_wconf 92' lang='lat' dir='ltr'><em>non</em></span> <span class='ocrx_word' id='word_1_108' title='bbox 876 852 1086 900; x_wconf 83' lang='lat' dir='ltr'><em>occidatur,</em></span> <span class='ocrx_word' id='word_1_109' title='bbox 1117 862 1151 891; x_wconf 87' lang='lat' dir='ltr'><em>et</em></span> <span class='ocrx_word' id='word_1_110' title='bbox 1182 854 1266 903; x_wconf 86' lang='lat' dir='ltr'><em>ipse</em></span> <span class='ocrx_word' id='word_1_111' title='bbox 1292 854 1351 892; x_wconf 90' lang='lat' dir='ltr'><em>sic</em></span> <span class='ocrx_word' id='word_1_112' title='bbox 1375 855 1518 893; x_wconf 51' lang='lat' dir='ltr'><em>‘electus</em></span> <span class='ocrx_word' id='word_1_113' title='bbox 1545 864 1625 894; x_wconf 85' lang='lat' dir='ltr'><em>tam</em></span> <span class='ocrx_word' id='word_1_114' title='bbox 1654 864 1813 906; x_wconf 78' lang='lat' dir='ltr'><em>propter</em></span> 
     </span>
     <span class='ocr_line' id='line_1_12' title="bbox 108 909 1811 965; baseline 0.003 -18"><span class='ocrx_word' id='word_1_115' title='bbox 108 909 287 947; x_wconf 83' lang='lat' dir='ltr'><em>timorem</em></span> <span class='ocrx_word' id='word_1_116' title='bbox 313 910 583 948; x_wconf 88' lang='lat' dir='ltr'><em>cardinalium</em></span> <span class='ocrx_word' id='word_1_117' title='bbox 612 910 900 960; x_wconf 73' lang='lat' dir='ltr'><em>interfectorum</em></span> <span class='ocrx_word' id='word_1_118' title='bbox 929 925 1046 961; x_wconf 86' lang='lat' dir='ltr'><em>quam</em></span> <span class='ocrx_word' id='word_1_119' title='bbox 1068 912 1187 950; x_wconf 85' lang='lat' dir='ltr'><em>etiam</em></span> <span class='ocrx_word' id='word_1_120' title='bbox 1214 922 1371 963; x_wconf 91' lang='lat' dir='ltr'><em>propter</em></span> <span class='ocrx_word' id='word_1_121' title='bbox 1392 923 1536 952; x_wconf 87' lang='lat' dir='ltr'><em>metum</em></span> <span class='ocrx_word' id='word_1_122' title='bbox 1561 914 1628 965; x_wconf 88' lang='lat' dir='ltr'><em>qui</em></span> <span class='ocrx_word' id='word_1_123' title='bbox 1651 914 1811 964; x_wconf 69' lang='lat' dir='ltr'><em>inferre-</em></span> 
     </span>
     <span class='ocr_line' id='line_1_13' title="bbox 109 968 1812 1025; baseline 0.003 -19"><span class='ocrx_word' id='word_1_124' title='bbox 109 976 174 1006; x_wconf 86' lang='lat' dir='ltr'><em>tur</em></span> <span class='ocrx_word' id='word_1_125' title='bbox 194 968 230 1006; x_wconf 91' lang='lat' dir='ltr'><em>ei</em></span> <span class='ocrx_word' id='word_1_126' title='bbox 253 969 471 1007; x_wconf 87' lang='lat' dir='ltr'><em>necessario</em></span> <span class='ocrx_word' id='word_1_127' title='bbox 493 969 652 1007; x_wconf 82' lang='lat' dir='ltr'><em>habebit</em></span> <span class='ocrx_word' id='word_1_128' title='bbox 671 969 797 1025; x_wconf 76' lang='lat' dir='ltr'><em>facere</em></span> <span class='ocrx_word' id='word_1_129' title='bbox 820 970 1015 1007; x_wconf 86' lang='lat' dir='ltr'><em>Romanis</em></span> <span class='ocrx_word' id='word_1_130' title='bbox 1038 979 1088 1009; x_wconf 90' lang='lat' dir='ltr'><em>tot</em></span> <span class='ocrx_word' id='word_1_131' title='bbox 1109 972 1332 1010; x_wconf 86' lang='lat' dir='ltr'><em>cardinales</em></span> <span class='ocrx_word' id='word_1_132' title='bbox 1353 973 1554 1011; x_wconf 87' lang='lat' dir='ltr'><em>Romanos</em></span> <span class='ocrx_word' id='word_1_133' title='bbox 1576 982 1610 1011; x_wconf 91' lang='lat' dir='ltr'><em>et</em></span> <span class='ocrx_word' id='word_1_134' title='bbox 1638 973 1812 1011; x_wconf 78' lang='lat' dir='ltr'><em>Ytalicos</em></span> 
     </span>
     <span class='ocr_line' id='line_1_14' title="bbox 111 1028 1812 1080; baseline 0.003 -15"><span class='ocrx_word' id='word_1_135' title='bbox 111 1036 201 1078; x_wconf 90' lang='lat' dir='ltr'><em>quot</em></span> <span class='ocrx_word' id='word_1_136' title='bbox 227 1028 363 1067; x_wconf 75' lang='lat' dir='ltr'><em>volent.</em></span> <span class='ocrx_word' id='word_1_137' title='bbox 394 1028 446 1066; x_wconf 89' lang='lat' dir='ltr'><em>Et</em></span> <span class='ocrx_word' id='word_1_138' title='bbox 472 1028 592 1066; x_wconf 86' lang='lat' dir='ltr'><em>credit</em></span> <span class='ocrx_word' id='word_1_139' title='bbox 619 1029 721 1079; x_wconf 91' lang='lat' dir='ltr'><em>quod</em></span> <span class='ocrx_word' id='word_1_140' title='bbox 746 1028 1053 1078; x_wconf 77' lang='lat' dir='ltr'><em>subjunxerunt,</em></span> <span class='ocrx_word' id='word_1_141' title='bbox 1083 1031 1151 1068; x_wconf 88' lang='lat' dir='ltr'><em>sed</em></span> <span class='ocrx_word' id='word_1_142' title='bbox 1177 1031 1221 1068; x_wconf 85' lang='lat' dir='ltr'><em>de</em></span> <span class='ocrx_word' id='word_1_143' title='bbox 1249 1031 1317 1069; x_wconf 87' lang='lat' dir='ltr'><em>hoc</em></span> <span class='ocrx_word' id='word_1_144' title='bbox 1346 1046 1425 1080; x_wconf 87' lang='lat' dir='ltr'><em>non</em></span> <span class='ocrx_word' id='word_1_145' title='bbox 1456 1032 1547 1069; x_wconf 89' lang='lat' dir='ltr'><em>bene</em></span> <span class='ocrx_word' id='word_1_146' title='bbox 1575 1033 1812 1079; x_wconf 84' lang='lat' dir='ltr'><em>recordatur,</em></span> 
     </span>
     <span class='ocr_line' id='line_1_15' title="bbox 110 1087 1811 1141; baseline 0.002 -17"><span class='ocrx_word' id='word_1_147' title='bbox 110 1087 212 1137; x_wconf 86' lang='lat' dir='ltr'><em>quod</em></span> <span class='ocrx_word' id='word_1_148' title='bbox 232 1088 481 1137; x_wconf 84' lang='lat' dir='ltr'><em>postmodum</em></span> <span class='ocrx_word' id='word_1_149' title='bbox 503 1087 739 1137; x_wconf 89' lang='lat' dir='ltr'><em>reperiretur</em></span> <span class='ocrx_word' id='word_1_150' title='bbox 762 1089 900 1125; x_wconf 89' lang='lat' dir='ltr'><em>modus</em></span> <span class='ocrx_word' id='word_1_151' title='bbox 924 1102 997 1138; x_wconf 89' lang='lat' dir='ltr'><em>quo</em></span> <span class='ocrx_word' id='word_1_152' title='bbox 1022 1089 1092 1126; x_wconf 89' lang='lat' dir='ltr'><em>iste</em></span> <span class='ocrx_word' id='word_1_153' title='bbox 1113 1089 1171 1127; x_wconf 87' lang='lat' dir='ltr'><em>sic</em></span> <span class='ocrx_word' id='word_1_154' title='bbox 1193 1089 1397 1139; x_wconf 88' lang='lat' dir='ltr'><em>eligendus</em></span> <span class='ocrx_word' id='word_1_155' title='bbox 1422 1091 1465 1128; x_wconf 88' lang='lat' dir='ltr'><em>in</em></span> <span class='ocrx_word' id='word_1_156' title='bbox 1487 1106 1638 1141; x_wconf 86' lang='lat' dir='ltr'><em>papam</em></span> <span class='ocrx_word' id='word_1_157' title='bbox 1659 1092 1811 1129; x_wconf 79' lang='lat' dir='ltr'><em>decede-</em></span> 
     </span>
     <span class='ocr_line' id='line_1_16' title="bbox 110 1146 1811 1199; baseline 0.002 -16"><span class='ocrx_word' id='word_1_158' title='bbox 110 1154 176 1193; x_wconf 86' lang='lat' dir='ltr'><em>ret,</em></span> <span class='ocrx_word' id='word_1_159' title='bbox 199 1154 233 1184; x_wconf 89' lang='lat' dir='ltr'><em>et</em></span> <span class='ocrx_word' id='word_1_160' title='bbox 252 1154 345 1184; x_wconf 86' lang='lat' dir='ltr'><em>tunc</em></span> <span class='ocrx_word' id='word_1_161' title='bbox 365 1146 587 1184; x_wconf 89' lang='lat' dir='ltr'><em>cardinales</em></span> <span class='ocrx_word' id='word_1_162' title='bbox 614 1146 762 1185; x_wconf 86' lang='lat' dir='ltr'><em>Ytalici</em></span> <span class='ocrx_word' id='word_1_163' title='bbox 783 1161 852 1197; x_wconf 93' lang='lat' dir='ltr'><em>per</em></span> <span class='ocrx_word' id='word_1_164' title='bbox 874 1147 1008 1197; x_wconf 88' lang='lat' dir='ltr'><em>ipsum</em></span> <span class='ocrx_word' id='word_1_165' title='bbox 1027 1148 1123 1197; x_wconf 82' lang='lat' dir='ltr'><em>jacti</em></span> <span class='ocrx_word' id='word_1_166' title='bbox 1144 1149 1329 1198; x_wconf 85' lang='lat' dir='ltr'><em>eligerent</em></span> <span class='ocrx_word' id='word_1_167' title='bbox 1350 1163 1476 1187; x_wconf 90' lang='lat' dir='ltr'><em>unum</em></span> <span class='ocrx_word' id='word_1_168' title='bbox 1496 1164 1647 1199; x_wconf 88' lang='lat' dir='ltr'><em>papam</em></span> <span class='ocrx_word' id='word_1_169' title='bbox 1663 1150 1811 1187; x_wconf 83' lang='lat' dir='ltr'><em>Roma-</em></span> 
     </span>
     <span class='ocr_line' id='line_1_17' title="bbox 111 1205 1810 1258; baseline 0.002 -15"><span class='ocrx_word' id='word_1_170' title='bbox 111 1220 208 1243; x_wconf 90' lang='lat' dir='ltr'><em>num</em></span> <span class='ocrx_word' id='word_1_171' title='bbox 232 1206 291 1243; x_wconf 70' lang='lat' dir='ltr'><em>vel</em></span> <span class='ocrx_word' id='word_1_172' title='bbox 321 1205 533 1244; x_wconf 89' lang='lat' dir='ltr'><em>Ytalicum.</em></span> <span class='ocrx_word' id='word_1_173' title='bbox 564 1206 636 1244; x_wconf 91' lang='lat' dir='ltr'><em>His</em></span> <span class='ocrx_word' id='word_1_174' title='bbox 664 1206 780 1244; x_wconf 87' lang='lat' dir='ltr'><em>bonis</em></span> <span class='ocrx_word' id='word_1_175' title='bbox 807 1206 966 1245; x_wconf 87' lang='lat' dir='ltr'><em>artibus</em></span> <span class='ocrx_word' id='word_1_176' title='bbox 995 1207 1171 1245; x_wconf 84' lang='lat' dir='ltr'><em>Romani</em></span> <span class='ocrx_word' id='word_1_177' title='bbox 1198 1209 1403 1257; x_wconf 85' lang='lat' dir='ltr'><em>pervicere</em></span> <span class='ocrx_word' id='word_1_178' title='bbox 1431 1210 1540 1258; x_wconf 84' lang='lat' dir='ltr'><em>quod</em></span> <span class='ocrx_word' id='word_1_179' title='bbox 1566 1209 1607 1246; x_wconf 90' lang='lat' dir='ltr'><em>in</em></span> <span class='ocrx_word' id='word_1_180' title='bbox 1635 1209 1810 1247; x_wconf 82' lang='lat' dir='ltr'><em>consiliis</em></span> 
     </span>
     <span class='ocr_line' id='line_1_18' title="bbox 110 1265 1809 1317; baseline 0.002 -15"><span class='ocrx_word' id='word_1_181' title='bbox 110 1278 252 1302; x_wconf 87' lang='lat' dir='ltr'><em>eorum</em></span> <span class='ocrx_word' id='word_1_182' title='bbox 283 1265 494 1304; x_wconf 83' lang='lat' dir='ltr'><em>decretum</em></span> <span class='ocrx_word' id='word_1_183' title='bbox 527 1272 626 1303; x_wconf 82' lang='lat' dir='ltr'><em>erat.</em></span> <span class='ocrx_word' id='word_1_184' title='bbox 662 1266 768 1303; x_wconf 87' lang='lat' dir='ltr'><em>Nam</em></span> <span class='ocrx_word' id='word_1_185' title='bbox 792 1265 888 1303; x_wconf 88' lang='lat' dir='ltr'><em>licet</em></span> <span class='ocrx_word' id='word_1_186' title='bbox 913 1265 1139 1303; x_wconf 81' lang='lat' dir='ltr'><em>cardinales</em></span> <span class='ocrx_word' id='word_1_187' title='bbox 1176 1280 1256 1304; x_wconf 90' lang='lat' dir='ltr'><em>non</em></span> <span class='ocrx_word' id='word_1_188' title='bbox 1283 1267 1511 1316; x_wconf 75' lang='lat' dir='ltr'><em>cogitarent</em></span> <span class='ocrx_word' id='word_1_189' title='bbox 1538 1268 1584 1305; x_wconf 90' lang='lat' dir='ltr'><em>de</em></span> <span class='ocrx_word' id='word_1_190' title='bbox 1625 1268 1809 1317; x_wconf 78' lang='lat' dir='ltr'><em>eligendo</em></span> 
     </span>
     <span class='ocr_line' id='line_1_19' title="bbox 109 1323 1810 1375; baseline 0.002 -14"><span class='ocrx_word' id='word_1_191' title='bbox 109 1323 246 1373; x_wconf 87' lang='lat' dir='ltr'><em>aliquo</em></span> <span class='ocrx_word' id='word_1_192' title='bbox 271 1338 322 1362; x_wconf 86' lang='lat' dir='ltr'><em>ex</em></span> <span class='ocrx_word' id='word_1_193' title='bbox 347 1337 392 1362; x_wconf 89' lang='lat' dir='ltr'><em>ea</em></span> <span class='ocrx_word' id='word_1_194' title='bbox 417 1324 592 1374; x_wconf 79' lang='lat' dir='ltr'><em>regione,</em></span> <span class='ocrx_word' id='word_1_195' title='bbox 618 1324 744 1363; x_wconf 89' lang='lat' dir='ltr'><em>immo</em></span> <span class='ocrx_word' id='word_1_196' title='bbox 764 1324 999 1362; x_wconf 82' lang='lat' dir='ltr'><em>Lemovices</em></span> <span class='ocrx_word' id='word_1_197' title='bbox 1027 1333 1222 1374; x_wconf 78' lang='lat' dir='ltr'><em>cuperent</em></span> <span class='ocrx_word' id='word_1_198' title='bbox 1246 1326 1287 1363; x_wconf 88' lang='lat' dir='ltr'><em>in</em></span> <span class='ocrx_word' id='word_1_199' title='bbox 1314 1326 1389 1364; x_wconf 92' lang='lat' dir='ltr'><em>hoc</em></span> <span class='ocrx_word' id='word_1_200' title='bbox 1414 1340 1573 1364; x_wconf 89' lang='lat' dir='ltr'><em>summo</em></span> <span class='ocrx_word' id='word_1_201' title='bbox 1598 1327 1810 1375; x_wconf 81' lang='lat' dir='ltr'><em>dignitatis</em></span> 
     </span>
     <span class='ocr_line' id='line_1_20' title="bbox 110 1381 1812 1433; baseline 0.001 -13"><span class='ocrx_word' id='word_1_202' title='bbox 110 1382 238 1433; x_wconf 85' lang='lat' dir='ltr'><em>gradu</em></span> <span class='ocrx_word' id='word_1_203' title='bbox 273 1384 467 1421; x_wconf 90' lang='lat' dir='ltr'><em>collocare</em></span> <span class='ocrx_word' id='word_1_204' title='bbox 504 1381 732 1421; x_wconf 89' lang='lat' dir='ltr'><em>Guidonem</em></span> <span class='ocrx_word' id='word_1_205' title='bbox 768 1384 816 1421; x_wconf 91' lang='lat' dir='ltr'><em>de</em></span> <span class='ocrx_word' id='word_1_206' title='bbox 852 1383 1078 1431; x_wconf 88' lang='lat' dir='ltr'><em>Malesicco,</em></span> <span class='ocrx_word' id='word_1_207' title='bbox 1115 1385 1363 1423; x_wconf 79' lang='lat' dir='ltr'><em>cardinalem</em></span> <span class='ocrx_word' id='word_1_208' title='bbox 1399 1385 1711 1432; x_wconf 78' lang='lat' dir='ltr'><em>pictaviensem,</em></span> <span class='ocrx_word' id='word_1_209' title='bbox 1739 1393 1812 1422; x_wconf 89' lang='lat' dir='ltr'><em>aut</em></span> 
     </span>
     <span class='ocr_line' id='line_1_21' title="bbox 112 1442 1809 1494; baseline 0.001 -15"><span class='ocrx_word' id='word_1_210' title='bbox 112 1442 279 1481; x_wconf 84' lang='lat' dir='ltr'><em>Petrum</em></span> <span class='ocrx_word' id='word_1_211' title='bbox 305 1442 353 1480; x_wconf 91' lang='lat' dir='ltr'><em>de</em></span> <span class='ocrx_word' id='word_1_212' title='bbox 389 1442 610 1480; x_wconf 89' lang='lat' dir='ltr'><em>Sortenaco</em></span> <span class='ocrx_word' id='word_1_213' title='bbox 636 1442 930 1490; x_wconf 88' lang='lat' dir='ltr'><em>Vivariensem,</em></span> <span class='ocrx_word' id='word_1_214' title='bbox 957 1443 1018 1481; x_wconf 88' lang='lat' dir='ltr'><em>uti</em></span> <span class='ocrx_word' id='word_1_215' title='bbox 1041 1457 1161 1493; x_wconf 90' lang='lat' dir='ltr'><em>supra</em></span> <span class='ocrx_word' id='word_1_216' title='bbox 1196 1458 1235 1494; x_wconf 89' lang='lat' dir='ltr'><em>p.</em></span> <span class='ocrx_word' id='word_1_217' title='bbox 1265 1443 1366 1481; x_wconf 84' lang='grc'>1000</span> <span class='ocrx_word' id='word_1_218' title='bbox 1392 1443 1549 1482; x_wconf 86' lang='lat' dir='ltr'><em>dictum</em></span> <span class='ocrx_word' id='word_1_219' title='bbox 1575 1452 1649 1489; x_wconf 83' lang='lat' dir='ltr'><em>est,</em></span> <span class='ocrx_word' id='word_1_220' title='bbox 1675 1451 1809 1482; x_wconf 88' lang='lat' dir='ltr'><em>metus</em></span> 
     </span>
     <span class='ocr_line' id='line_1_22' title="bbox 111 1501 1810 1553; baseline 0.001 -15"><span class='ocrx_word' id='word_1_221' title='bbox 111 1509 251 1539; x_wconf 85' lang='lat' dir='ltr'><em>tamen</em></span> <span class='ocrx_word' id='word_1_222' title='bbox 276 1501 418 1539; x_wconf 88' lang='lat' dir='ltr'><em>mortis</em></span> <span class='ocrx_word' id='word_1_223' title='bbox 444 1516 510 1539; x_wconf 90' lang='lat' dir='ltr'><em>eos</em></span> <span class='ocrx_word' id='word_1_224' title='bbox 536 1501 701 1551; x_wconf 77' lang='lat' dir='ltr'><em>impulit</em></span> <span class='ocrx_word' id='word_1_225' title='bbox 726 1509 773 1539; x_wconf 89' lang='lat' dir='ltr'><em>ut</em></span> <span class='ocrx_word' id='word_1_226' title='bbox 798 1501 1058 1540; x_wconf 80' lang='lat' dir='ltr'><em>nominarent</em></span> <span class='ocrx_word' id='word_1_227' title='bbox 1074 1501 1439 1543; x_wconf 86' lang='lat' dir='ltr'><em>Bartholomaeum</em></span> <span class='ocrx_word' id='word_1_228' title='bbox 1460 1503 1810 1553; x_wconf 83' lang='lat' dir='ltr'><em>archiepiscopum</em></span> 
     </span>
     <span class='ocr_line' id='line_1_23' title="bbox 109 1561 1810 1610; baseline 0.001 -12"><span class='ocrx_word' id='word_1_229' title='bbox 109 1561 342 1607; x_wconf 88' lang='lat' dir='ltr'><em>Barensem,</em></span> <span class='ocrx_word' id='word_1_230' title='bbox 370 1574 492 1610; x_wconf 90' lang='lat' dir='ltr'><em>quem</em></span> <span class='ocrx_word' id='word_1_231' title='bbox 517 1561 615 1598; x_wconf 89' lang='lat' dir='ltr'><em>alias</em></span> <span class='ocrx_word' id='word_1_232' title='bbox 651 1561 903 1599; x_wconf 87' lang='lat' dir='ltr'><em>nominaturi</em></span> <span class='ocrx_word' id='word_1_233' title='bbox 937 1576 1019 1599; x_wconf 92' lang='lat' dir='ltr'><em>non</em></span> <span class='ocrx_word' id='word_1_234' title='bbox 1054 1569 1183 1600; x_wconf 86' lang='lat' dir='ltr'><em>erant.</em></span> <span class='ocrx_word' id='word_1_235' title='bbox 1221 1562 1378 1600; x_wconf 88' lang='lat' dir='ltr'><em>Tantus</em></span> <span class='ocrx_word' id='word_1_236' title='bbox 1413 1565 1553 1600; x_wconf 86' lang='lat' dir='ltr'><em>autem</em></span> <span class='ocrx_word' id='word_1_237' title='bbox 1584 1570 1672 1600; x_wconf 79' lang='lat' dir='ltr'><em>crat</em></span> <span class='ocrx_word' id='word_1_238' title='bbox 1702 1562 1810 1599; x_wconf 80' lang='lat' dir='ltr'><em>furor</em></span> 
     </span>
     <span class='ocr_line' id='line_1_24' title="bbox 110 1620 1812 1670; baseline 0 -13"><span class='ocrx_word' id='word_1_239' title='bbox 110 1620 293 1670; x_wconf 87' lang='lat' dir='ltr'><em>adeoque</em></span> <span class='ocrx_word' id='word_1_240' title='bbox 319 1621 553 1658; x_wconf 89' lang='lat' dir='ltr'><em>truculenta</em></span> <span class='ocrx_word' id='word_1_241' title='bbox 578 1620 710 1658; x_wconf 86' lang='lat' dir='ltr'><em>rabies</em></span> <span class='ocrx_word' id='word_1_242' title='bbox 735 1620 974 1658; x_wconf 90' lang='lat' dir='ltr'><em>eorumdem</em></span> <span class='ocrx_word' id='word_1_243' title='bbox 997 1621 1276 1659; x_wconf 82' lang='lat' dir='ltr'><em>Romanorum</em></span> <span class='ocrx_word' id='word_1_244' title='bbox 1303 1629 1349 1658; x_wconf 91' lang='lat' dir='ltr'><em>ut</em></span> <span class='ocrx_word' id='word_1_245' title='bbox 1375 1634 1467 1659; x_wconf 86' lang='lat' dir='ltr'><em>cum</em></span> <span class='ocrx_word' id='word_1_246' title='bbox 1493 1635 1680 1670; x_wconf 86' lang='lat' dir='ltr'><em>sparsum</em></span> <span class='ocrx_word' id='word_1_247' title='bbox 1705 1629 1812 1659; x_wconf 86' lang='lat' dir='ltr'><em>esset</em></span> 
     </span>
     <span class='ocr_line' id='line_1_25' title="bbox 109 1679 1810 1730; baseline 0.001 -14"><span class='ocrx_word' id='word_1_248' title='bbox 109 1679 151 1716; x_wconf 91' lang='lat' dir='ltr'><em>in</em></span> <span class='ocrx_word' id='word_1_249' title='bbox 184 1680 330 1728; x_wconf 86' lang='lat' dir='ltr'><em>vulgus</em></span> <span class='ocrx_word' id='word_1_250' title='bbox 366 1679 615 1717; x_wconf 85' lang='lat' dir='ltr'><em>cardinalem</em></span> <span class='ocrx_word' id='word_1_251' title='bbox 647 1679 788 1717; x_wconf 80' lang='lat' dir='ltr'><em>Sancti</em></span> <span class='ocrx_word' id='word_1_252' title='bbox 825 1679 935 1718; x_wconf 86' lang='lat' dir='ltr'><em>Petri</em></span> <span class='ocrx_word' id='word_1_253' title='bbox 969 1680 1091 1717; x_wconf 90' lang='lat' dir='ltr'><em>fuisse</em></span> <span class='ocrx_word' id='word_1_254' title='bbox 1126 1681 1302 1718; x_wconf 75' lang='lat' dir='ltr'><em>electum</em></span> <span class='ocrx_word' id='word_1_255' title='bbox 1336 1693 1501 1730; x_wconf 87' lang='lat' dir='ltr'><em>papam,</em></span> <span class='ocrx_word' id='word_1_256' title='bbox 1537 1688 1679 1730; x_wconf 80' lang='lat' dir='ltr'><em>postea</em></span> <span class='ocrx_word' id='word_1_257' title='bbox 1714 1694 1810 1718; x_wconf 88' lang='lat' dir='ltr'><em>vero</em></span> 
     </span>
     <span class='ocr_line' id='line_1_26' title="bbox 111 1738 1810 1789; baseline 0 -14"><span class='ocrx_word' id='word_1_258' title='bbox 111 1738 363 1776; x_wconf 80' lang='lat' dir='ltr'><em>constitisset</em></span> <span class='ocrx_word' id='word_1_259' title='bbox 396 1739 437 1775; x_wconf 90' lang='lat' dir='ltr'><em>in</em></span> <span class='ocrx_word' id='word_1_260' title='bbox 472 1738 573 1776; x_wconf 86' lang='lat' dir='ltr'><em>falso</em></span> <span class='ocrx_word' id='word_1_261' title='bbox 605 1738 812 1787; x_wconf 88' lang='lat' dir='ltr'><em>jactatum</em></span> <span class='ocrx_word' id='word_1_262' title='bbox 845 1753 944 1786; x_wconf 89' lang='lat' dir='ltr'><em>esse,</em></span> <span class='ocrx_word' id='word_1_263' title='bbox 980 1739 1223 1777; x_wconf 82' lang='lat' dir='ltr'><em>seditionem</em></span> <span class='ocrx_word' id='word_1_264' title='bbox 1259 1739 1306 1776; x_wconf 90' lang='lat' dir='ltr'><em>de</em></span> <span class='ocrx_word' id='word_1_265' title='bbox 1332 1740 1493 1789; x_wconf 76' lang='lat' dir='ltr'><em>integro</em></span> <span class='ocrx_word' id='word_1_266' title='bbox 1519 1739 1810 1777; x_wconf 83' lang='lat' dir='ltr'><em>ct·tumultum</em></span> 
     </span>
     <span class='ocr_line' id='line_1_27' title="bbox 109 1798 1810 1848; baseline 0 -14"><span class='ocrx_word' id='word_1_267' title='bbox 109 1798 349 1847; x_wconf 84' lang='lat' dir='ltr'><em>popularem</em></span> <span class='ocrx_word' id='word_1_268' title='bbox 388 1811 479 1835; x_wconf 90' lang='lat' dir='ltr'><em>cum</em></span> <span class='ocrx_word' id='word_1_269' title='bbox 517 1798 697 1835; x_wconf 86' lang='lat' dir='ltr'><em>maxima</em></span> <span class='ocrx_word' id='word_1_270' title='bbox 732 1798 992 1836; x_wconf 78' lang='lat' dir='ltr'><em>vehementia</em></span> <span class='ocrx_word' id='word_1_271' title='bbox 1028 1798 1345 1845; x_wconf 81' lang='lat' dir='ltr'><em>concitaverint3</em></span> <span class='ocrx_word' id='word_1_272' title='bbox 1372 1806 1544 1848; x_wconf 86' lang='lat' dir='ltr'><em>tumque</em></span> <span class='ocrx_word' id='word_1_273' title='bbox 1580 1799 1810 1848; x_wconf 88' lang='lat' dir='ltr'><em>aliquorum</em></span> 
     </span>
     <span class='ocr_line' id='line_1_28' title="bbox 111 1856 1810 1907; baseline 0 -13"><span class='ocrx_word' id='word_1_274' title='bbox 111 1856 393 1904; x_wconf 83' lang='lat' dir='ltr'><em>cardinalium,</em></span> <span class='ocrx_word' id='word_1_275' title='bbox 423 1857 530 1894; x_wconf 88' lang='lat' dir='ltr'><em>inter</em></span> <span class='ocrx_word' id='word_1_276' title='bbox 558 1870 657 1906; x_wconf 90' lang='lat' dir='ltr'><em>quos</em></span> <span class='ocrx_word' id='word_1_277' title='bbox 690 1857 767 1895; x_wconf 84' lang='lat' dir='ltr'><em>fuit</em></span> <span class='ocrx_word' id='word_1_278' title='bbox 798 1857 976 1895; x_wconf 87' lang='lat' dir='ltr'><em>Joannes</em></span> <span class='ocrx_word' id='word_1_279' title='bbox 1003 1856 1051 1895; x_wconf 87' lang='lat' dir='ltr'><em>de</em></span> <span class='ocrx_word' id='word_1_280' title='bbox 1078 1857 1232 1902; x_wconf 81' lang='lat' dir='ltr'><em>Crosso,</em></span> <span class='ocrx_word' id='word_1_281' title='bbox 1260 1857 1350 1895; x_wconf 84' lang='lat' dir='ltr'><em>vita</em></span> <span class='ocrx_word' id='word_1_282' title='bbox 1375 1858 1416 1895; x_wconf 91' lang='lat' dir='ltr'><em>in</em></span> <span class='ocrx_word' id='word_1_283' title='bbox 1442 1871 1638 1907; x_wconf 82' lang='lat' dir='ltr'><em>magnum</em></span> <span class='ocrx_word' id='word_1_284' title='bbox 1675 1856 1810 1895; x_wconf 85' lang='lat' dir='ltr'><em>discri-</em></span> 
     </span>
     <span class='ocr_line' id='line_1_29' title="bbox 111 1915 1811 1966; baseline -0.001 -13"><span class='ocrx_word' id='word_1_285' title='bbox 111 1930 205 1953; x_wconf 90' lang='lat' dir='ltr'><em>men</em></span> <span class='ocrx_word' id='word_1_286' title='bbox 239 1916 419 1954; x_wconf 77' lang='lat' dir='ltr'><em>adducta</em></span> <span class='ocrx_word' id='word_1_287' title='bbox 457 1924 531 1953; x_wconf 73' lang='lat' dir='ltr'><em>est.</em></span> <span class='ocrx_word' id='word_1_288' title='bbox 570 1915 748 1966; x_wconf 84' lang='lat' dir='ltr'><em>Hujusce</em></span> <span class='ocrx_word' id='word_1_289' title='bbox 790 1917 846 1954; x_wconf 90' lang='lat' dir='ltr'><em>rei</em></span> <span class='ocrx_word' id='word_1_290' title='bbox 884 1924 1034 1954; x_wconf 82' lang='lat' dir='ltr'><em>testem</em></span> <span class='ocrx_word' id='word_1_291' title='bbox 1074 1916 1234 1966; x_wconf 78' lang='lat' dir='ltr'><em>profero</em></span> <span class='ocrx_word' id='word_1_292' title='bbox 1269 1916 1537 1966; x_wconf 83' lang='lat' dir='ltr'><em>Stephanum,</em></span> <span class='ocrx_word' id='word_1_293' title='bbox 1575 1916 1811 1966; x_wconf 86' lang='lat' dir='ltr'><em>episcopum</em></span> 
     </span>
     <span class='ocr_line' id='line_1_30' title="bbox 112 1974 1810 2026; baseline 0 -14"><span class='ocrx_word' id='word_1_294' title='bbox 112 1974 396 2021; x_wconf 85' lang='lat' dir='ltr'><em>Tudertinum,</em></span> <span class='ocrx_word' id='word_1_295' title='bbox 424 1975 494 2024; x_wconf 90' lang='lat' dir='ltr'><em>qui</em></span> <span class='ocrx_word' id='word_1_296' title='bbox 515 1974 594 2012; x_wconf 81' lang='lat' dir='ltr'><em>fuit</em></span> <span class='ocrx_word' id='word_1_297' title='bbox 617 1989 720 2013; x_wconf 89' lang='lat' dir='ltr'><em>unus</em></span> <span class='ocrx_word' id='word_1_298' title='bbox 747 1990 795 2013; x_wconf 82' lang='lat' dir='ltr'><em>ex</em></span> <span class='ocrx_word' id='word_1_299' title='bbox 817 1975 1056 2014; x_wconf 82' lang='lat' dir='ltr'><em>custodibus</em></span> <span class='ocrx_word' id='word_1_300' title='bbox 1083 1976 1300 2014; x_wconf 88' lang='lat' dir='ltr'><em>conclavis.</em></span> <span class='ocrx_word' id='word_1_301' title='bbox 1321 1976 1377 2013; x_wconf 51' lang='lat' dir='ltr'><em>¹In</em></span> <span class='ocrx_word' id='word_1_302' title='bbox 1398 1976 1652 2026; x_wconf 79' lang='lat' dir='ltr'><em>depositione</em></span> <span class='ocrx_word' id='word_1_303' title='bbox 1670 1975 1810 2025; x_wconf 83' lang='lat' dir='ltr'><em>itaque</em></span> 
     </span>
     <span class='ocr_line' id='line_1_31' title="bbox 111 2033 1812 2084; baseline -0.001 -12"><span class='ocrx_word' id='word_1_304' title='bbox 111 2033 215 2072; x_wconf 89' lang='lat' dir='ltr'><em>illius</em></span> <span class='ocrx_word' id='word_1_305' title='bbox 241 2034 297 2072; x_wconf 88' lang='lat' dir='ltr'><em>sic</em></span> <span class='ocrx_word' id='word_1_306' title='bbox 325 2035 472 2083; x_wconf 82' lang='lat' dir='ltr'><em>legitur</em></span> <span class='ocrx_word' id='word_1_307' title='bbox 487 2034 501 2056; x_wconf 74' lang='lat'>1</span> <span class='ocrx_word' id='word_1_308' title='bbox 522 2050 528 2072; x_wconf 95' lang='lat'><strong>:</strong></span> <span class='ocrx_word' id='word_1_309' title='bbox 554 2033 763 2072; x_wconf 82' lang='lat' dir='ltr'><em>Stantibus</em></span> <span class='ocrx_word' id='word_1_310' title='bbox 782 2034 869 2071; x_wconf 85' lang='lat' dir='ltr'><em>istis</em></span> <span class='ocrx_word' id='word_1_311' title='bbox 901 2034 972 2082; x_wconf 87' lang='lat' dir='ltr'><em>sic,</em></span> <span class='ocrx_word' id='word_1_312' title='bbox 991 2043 1024 2072; x_wconf 83' lang='lat' dir='ltr'><em>et</em></span> <span class='ocrx_word' id='word_1_313' title='bbox 1045 2033 1269 2072; x_wconf 71' lang='lat' dir='ltr'><em>videntibus</em></span> <span class='ocrx_word' id='word_1_314' title='bbox 1286 2034 1480 2072; x_wconf 84' lang='lat' dir='ltr'><em>Romanis</em></span> <span class='ocrx_word' id='word_1_315' title='bbox 1501 2034 1603 2084; x_wconf 85' lang='lat' dir='ltr'><em>quod</em></span> <span class='ocrx_word' id='word_1_316' title='bbox 1626 2033 1812 2071; x_wconf 86' lang='lat' dir='ltr'><em>dominus</em></span> 
     </span>
     <span class='ocr_line' id='line_1_32' title="bbox 111 2092 1812 2143; baseline -0.001 -13"><span class='ocrx_word' id='word_1_317' title='bbox 111 2092 248 2130; x_wconf 86' lang='lat' dir='ltr'><em>Sancti</em></span> <span class='ocrx_word' id='word_1_318' title='bbox 273 2093 382 2130; x_wconf 86' lang='lat' dir='ltr'><em>Petri</em></span> <span class='ocrx_word' id='word_1_319' title='bbox 408 2107 487 2130; x_wconf 92' lang='lat' dir='ltr'><em>non</em></span> <span class='ocrx_word' id='word_1_320' title='bbox 511 2100 592 2131; x_wconf 84' lang='lat' dir='ltr'><em>erat</em></span> <span class='ocrx_word' id='word_1_321' title='bbox 617 2108 739 2143; x_wconf 86' lang='lat' dir='ltr'><em>papa,</em></span> <span class='ocrx_word' id='word_1_322' title='bbox 765 2100 799 2130; x_wconf 84' lang='lat' dir='ltr'><em>et</em></span> <span class='ocrx_word' id='word_1_323' title='bbox 820 2093 904 2143; x_wconf 83' lang='lat' dir='ltr'><em>jam</em></span> <span class='ocrx_word' id='word_1_324' title='bbox 930 2093 1131 2131; x_wconf 86' lang='lat' dir='ltr'><em>dicebatur</em></span> <span class='ocrx_word' id='word_1_325' title='bbox 1156 2093 1200 2130; x_wconf 90' lang='lat' dir='ltr'><em>de</em></span> <span class='ocrx_word' id='word_1_326' title='bbox 1225 2093 1384 2130; x_wconf 85' lang='lat' dir='ltr'><em>domino</em></span> <span class='ocrx_word' id='word_1_327' title='bbox 1407 2093 1577 2131; x_wconf 85' lang='lat' dir='ltr'><em>Barensi</em></span> <span class='ocrx_word' id='word_1_328' title='bbox 1605 2093 1646 2129; x_wconf 86' lang='lat' dir='ltr'><em>in</em></span> <span class='ocrx_word' id='word_1_329' title='bbox 1665 2092 1812 2142; x_wconf 83' lang='lat' dir='ltr'><em>populo</em></span> 
     </span>
     <span class='ocr_line' id='line_1_33' title="bbox 109 2151 1813 2202; baseline -0.001 -13"><span class='ocrx_word' id='word_1_330' title='bbox 109 2159 144 2189; x_wconf 89' lang='lat' dir='ltr'><em>et</em></span> <span class='ocrx_word' id='word_1_331' title='bbox 176 2152 446 2199; x_wconf 81' lang='lat' dir='ltr'><em>communiter,</em></span> <span class='ocrx_word' id='word_1_332' title='bbox 480 2161 513 2190; x_wconf 90' lang='lat' dir='ltr'><em>et</em></span> <span class='ocrx_word' id='word_1_333' title='bbox 546 2153 809 2190; x_wconf 86' lang='lat' dir='ltr'><em>clamabant:</em></span> <span class='ocrx_word' id='word_1_334' title='bbox 844 2152 937 2190; x_wconf 92' lang='lat' dir='ltr'><em>Non</em></span> <span class='ocrx_word' id='word_1_335' title='bbox 970 2153 1006 2190; x_wconf 91' lang='lat' dir='ltr'><em>lo</em></span> <span class='ocrx_word' id='word_1_336' title='bbox 1041 2153 1197 2200; x_wconf 55' lang='lat' dir='ltr'><em>polemo,</em></span> <span class='ocrx_word' id='word_1_337' title='bbox 1234 2152 1386 2189; x_wconf 75' lang='lat' dir='ltr'><em>iverunt</em></span> <span class='ocrx_word' id='word_1_338' title='bbox 1411 2152 1537 2202; x_wconf 83' lang='lat' dir='ltr'><em>aliqui</em></span> <span class='ocrx_word' id='word_1_339' title='bbox 1568 2151 1753 2198; x_wconf 78' lang='lat' dir='ltr'><em>Romani,</em></span> <span class='ocrx_word' id='word_1_340' title='bbox 1779 2157 1813 2187; x_wconf 87' lang='lat' dir='ltr'><em>et</em></span> 
     </span>
     <span class='ocr_line' id='line_1_34' title="bbox 94 2211 1811 2261; baseline -0.001 -13"><span class='ocrx_word' id='word_1_341' title='bbox 94 2211 308 2261; x_wconf 74' lang='lat' dir='ltr'><em>¹fregerunt</em></span> <span class='ocrx_word' id='word_1_342' title='bbox 331 2211 458 2249; x_wconf 87' lang='lat' dir='ltr'><em>hostia</em></span> <span class='ocrx_word' id='word_1_343' title='bbox 483 2211 725 2261; x_wconf 87' lang='lat' dir='ltr'><em>campanilis</em></span> <span class='ocrx_word' id='word_1_344' title='bbox 750 2211 888 2249; x_wconf 84' lang='lat' dir='ltr'><em>Sancti</em></span> <span class='ocrx_word' id='word_1_345' title='bbox 909 2211 1032 2258; x_wconf 87' lang='lat' dir='ltr'><em>Petri,</em></span> <span class='ocrx_word' id='word_1_346' title='bbox 1053 2218 1087 2248; x_wconf 78' lang='lat' dir='ltr'><em>et</em></span> <span class='ocrx_word' id='word_1_347' title='bbox 1107 2212 1365 2261; x_wconf 73' lang='lat' dir='ltr'><em>pulsaverunt</em></span> <span class='ocrx_word' id='word_1_348' title='bbox 1390 2224 1606 2260; x_wconf 80' lang='lat' dir='ltr'><em>campanas</em></span> <span class='ocrx_word' id='word_1_349' title='bbox 1630 2211 1684 2247; x_wconf 84' lang='lat' dir='ltr'><em>ad</em></span> <span class='ocrx_word' id='word_1_350' title='bbox 1706 2219 1811 2248; x_wconf 78' lang='lat' dir='ltr'><em>stur-</em></span> 
     </span>
     <span class='ocr_line' id='line_1_35' title="bbox 110 2269 1814 2321; baseline -0.001 -13"><span class='ocrx_word' id='word_1_351' title='bbox 110 2269 226 2308; x_wconf 88' lang='lat' dir='ltr'><em>nium</em></span> <span class='ocrx_word' id='word_1_352' title='bbox 259 2277 301 2308; x_wconf 86' lang='lat' dir='ltr'><em>ut</em></span> <span class='ocrx_word' id='word_1_353' title='bbox 336 2284 469 2308; x_wconf 90' lang='lat' dir='ltr'><em>omnes</em></span> <span class='ocrx_word' id='word_1_354' title='bbox 502 2271 696 2309; x_wconf 85' lang='lat' dir='ltr'><em>traherent</em></span> <span class='ocrx_word' id='word_1_355' title='bbox 730 2279 764 2308; x_wconf 90' lang='lat' dir='ltr'><em>et</em></span> <span class='ocrx_word' id='word_1_356' title='bbox 799 2271 972 2309; x_wconf 72' lang='lat' dir='ltr'><em>viderent</em></span> <span class='ocrx_word' id='word_1_357' title='bbox 1005 2271 1106 2321; x_wconf 90' lang='lat' dir='ltr'><em>quod</em></span> <span class='ocrx_word' id='word_1_358' title='bbox 1143 2285 1221 2308; x_wconf 90' lang='lat' dir='ltr'><em>non</em></span> <span class='ocrx_word' id='word_1_359' title='bbox 1257 2270 1453 2308; x_wconf 82' lang='lat' dir='ltr'><em>habebant</em></span> <span class='ocrx_word' id='word_1_360' title='bbox 1487 2271 1725 2307; x_wconf 83' lang='lat' dir='ltr'><em>Romanum.</em></span> <span class='ocrx_word' id='word_1_361' title='bbox 1762 2269 1814 2306; x_wconf 93' lang='lat' dir='ltr'><em>Et</em></span> 
     </span>
     <span class='ocr_line' id='line_1_36' title="bbox 110 2328 1815 2381; baseline -0.001 -14"><span class='ocrx_word' id='word_1_362' title='bbox 110 2337 203 2367; x_wconf 81' lang='lat' dir='ltr'><em>tunc</em></span> <span class='ocrx_word' id='word_1_363' title='bbox 227 2338 394 2381; x_wconf 89' lang='lat' dir='ltr'><em>quatuor</em></span> <span class='ocrx_word' id='word_1_364' title='bbox 421 2330 655 2378; x_wconf 88' lang='lat' dir='ltr'><em>cardinales,</em></span> <span class='ocrx_word' id='word_1_365' title='bbox 679 2330 854 2368; x_wconf 75' lang='lat' dir='ltr'><em>videlicet</em></span> <span class='ocrx_word' id='word_1_366' title='bbox 876 2329 1179 2377; x_wconf 75' lang='lat' dir='ltr'><em>Lemovicensis,</em></span> <span class='ocrx_word' id='word_1_367' title='bbox 1198 2329 1459 2376; x_wconf 70' lang='lat' dir='ltr'><em>Pictavensis,</em></span> <span class='ocrx_word' id='word_1_368' title='bbox 1493 2328 1751 2375; x_wconf 73' lang='lat' dir='ltr'><em>Vivariensis,</em></span> <span class='ocrx_word' id='word_1_369' title='bbox 1780 2335 1815 2365; x_wconf 90' lang='lat' dir='ltr'><em>et</em></span> 
     </span>
     <span class='ocr_line' id='line_1_37' title="bbox 89 2388 1813 2439; baseline -0.001 -13"><span class='ocrx_word' id='word_1_370' title='bbox 89 2398 94 2405; x_wconf 90' lang='lat'><em>&#39;</em></span> <span class='ocrx_word' id='word_1_371' title='bbox 111 2389 156 2426; x_wconf 80' lang='lat' dir='ltr'><em>cle</em></span> <span class='ocrx_word' id='word_1_372' title='bbox 185 2389 375 2427; x_wconf 67' lang='lat' dir='ltr'><em>Alvernio</em></span> <span class='ocrx_word' id='word_1_373' title='bbox 401 2388 649 2439; x_wconf 89' lang='lat' dir='ltr'><em>projecerunt</em></span> <span class='ocrx_word' id='word_1_374' title='bbox 669 2403 709 2426; x_wconf 88' lang='lat' dir='ltr'><em>se</em></span> <span class='ocrx_word' id='word_1_375' title='bbox 730 2403 799 2439; x_wconf 91' lang='lat' dir='ltr'><em>per</em></span> <span class='ocrx_word' id='word_1_376' title='bbox 823 2404 945 2426; x_wconf 89' lang='lat' dir='ltr'><em>unam</em></span> <span class='ocrx_word' id='word_1_377' title='bbox 965 2402 1160 2426; x_wconf 87' lang='lat' dir='ltr'><em>cameram</em></span> <span class='ocrx_word' id='word_1_378' title='bbox 1180 2389 1224 2426; x_wconf 88' lang='lat' dir='ltr'><em>de</em></span> <span class='ocrx_word' id='word_1_379' title='bbox 1241 2388 1391 2438; x_wconf 88' lang='lat' dir='ltr'><em>palatio</em></span> <span class='ocrx_word' id='word_1_380' title='bbox 1416 2388 1458 2425; x_wconf 90' lang='lat' dir='ltr'><em>in</em></span> <span class='ocrx_word' id='word_1_381' title='bbox 1477 2388 1604 2425; x_wconf 84' lang='lat' dir='ltr'><em>aliam</em></span> <span class='ocrx_word' id='word_1_382' title='bbox 1619 2401 1813 2425; x_wconf 83' lang='lat' dir='ltr'><em>cameram</em></span> 
     </span>
     <span class='ocr_line' id='line_1_38' title="bbox 112 2445 1814 2498; baseline -0.002 -13"><span class='ocrx_word' id='word_1_383' title='bbox 112 2447 339 2497; x_wconf 69' lang='lat' dir='ltr'><em>inferiorem</em></span> <span class='ocrx_word' id='word_1_384' title='bbox 370 2456 405 2486; x_wconf 90' lang='lat' dir='ltr'><em>et</em></span> <span class='ocrx_word' id='word_1_385' title='bbox 425 2448 588 2497; x_wconf 79' lang='lat' dir='ltr'><em>fuerunt</em></span> <span class='ocrx_word' id='word_1_386' title='bbox 621 2447 770 2486; x_wconf 71' lang='lat' dir='ltr'><em>inventi</em></span> <span class='ocrx_word' id='word_1_387' title='bbox 794 2462 863 2498; x_wconf 92' lang='lat' dir='ltr'><em>per</em></span> <span class='ocrx_word' id='word_1_388' title='bbox 886 2448 1041 2498; x_wconf 90' lang='lat' dir='ltr'><em>aliquos</em></span> <span class='ocrx_word' id='word_1_389' title='bbox 1065 2448 1277 2494; x_wconf 86' lang='lat' dir='ltr'><em>Romanos,</em></span> <span class='ocrx_word' id='word_1_390' title='bbox 1304 2455 1338 2484; x_wconf 91' lang='lat' dir='ltr'><em>et</em></span> <span class='ocrx_word' id='word_1_391' title='bbox 1361 2461 1429 2496; x_wconf 88' lang='lat' dir='ltr'><em>per</em></span> <span class='ocrx_word' id='word_1_392' title='bbox 1452 2447 1606 2496; x_wconf 86' lang='lat' dir='ltr'><em>aliquos</em></span> <span class='ocrx_word' id='word_1_393' title='bbox 1630 2445 1814 2495; x_wconf 77' lang='lat' dir='ltr'><em>officiales</em></span> 
     </span>
     <span class='ocr_line' id='line_1_39' title="bbox 110 2505 1422 2556; baseline 0.002 -12"><span class='ocrx_word' id='word_1_394' title='bbox 110 2521 199 2545; x_wconf 90' lang='lat' dir='ltr'><em>cum</em></span> <span class='ocrx_word' id='word_1_395' title='bbox 223 2507 351 2545; x_wconf 69' lang='lat' dir='ltr'><em>verbis</em></span> <span class='ocrx_word' id='word_1_396' title='bbox 375 2514 409 2545; x_wconf 92' lang='lat' dir='ltr'><em>et</em></span> <span class='ocrx_word' id='word_1_397' title='bbox 428 2506 525 2556; x_wconf 75' lang='lat' dir='ltr'><em>forte</em></span> <span class='ocrx_word' id='word_1_398' title='bbox 547 2507 771 2544; x_wconf 74' lang='lat' dir='ltr'><em>verberibus</em></span> <span class='ocrx_word' id='word_1_399' title='bbox 792 2506 954 2556; x_wconf 74' lang='lat' dir='ltr'><em>fuerunt</em></span> <span class='ocrx_word' id='word_1_400' title='bbox 977 2506 1019 2544; x_wconf 94' lang='lat' dir='ltr'><em>in</em></span> <span class='ocrx_word' id='word_1_401' title='bbox 1042 2506 1240 2556; x_wconf 89' lang='lat' dir='ltr'><em>palatium</em></span> <span class='ocrx_word' id='word_1_402' title='bbox 1262 2505 1422 2546; x_wconf 87' lang='lat' dir='ltr'><em>reducti.</em></span> 
     </span>
    </p>

    <p class='ocr_par' dir='ltr' id='par_1_3' title="bbox 110 2563 1813 3027">
     <span class='ocr_line' id='line_1_40' title="bbox 165 2563 1813 2613; baseline -0.001 -10"><span class='ocrx_word' id='word_1_403' title='bbox 165 2566 325 2605; x_wconf 89' lang='lat' dir='ltr'><em>Primus</em></span> <span class='ocrx_word' id='word_1_404' title='bbox 358 2565 541 2605; x_wconf 88' lang='lat' dir='ltr'><em>omnium</em></span> <span class='ocrx_word' id='word_1_405' title='bbox 573 2566 753 2604; x_wconf 84' lang='lat' dir='ltr'><em>Joannes</em></span> <span class='ocrx_word' id='word_1_406' title='bbox 785 2566 862 2604; x_wconf 88' lang='lat' dir='ltr'><em>iste</em></span> <span class='ocrx_word' id='word_1_407' title='bbox 892 2565 1126 2604; x_wconf 88' lang='lat' dir='ltr'><em>nominavit</em></span> <span class='ocrx_word' id='word_1_408' title='bbox 1149 2565 1513 2603; x_wconf 88' lang='lat' dir='ltr'><em>Bartholomaeum</em></span> <span class='ocrx_word' id='word_1_409' title='bbox 1545 2563 1813 2613; x_wconf 83' lang='lat' dir='ltr'><em>arehiepisco-</em></span> 
     </span>
     <span class='ocr_line' id='line_1_41' title="bbox 111 2624 1812 2675; baseline -0.003 -11"><span class='ocrx_word' id='word_1_410' title='bbox 111 2639 212 2675; x_wconf 89' lang='lat' dir='ltr'><em>pum</em></span> <span class='ocrx_word' id='word_1_411' title='bbox 231 2625 467 2672; x_wconf 86' lang='lat' dir='ltr'><em>Barensem,</em></span> <span class='ocrx_word' id='word_1_412' title='bbox 491 2633 532 2663; x_wconf 88' lang='lat' dir='ltr'><em>et</em></span> <span class='ocrx_word' id='word_1_413' title='bbox 552 2624 594 2663; x_wconf 87' lang='lat' dir='ltr'><em>id</em></span> <span class='ocrx_word' id='word_1_414' title='bbox 617 2625 784 2675; x_wconf 89' lang='lat' dir='ltr'><em>quidem</em></span> <span class='ocrx_word' id='word_1_415' title='bbox 806 2625 909 2663; x_wconf 89' lang='lat' dir='ltr'><em>serio</em></span> <span class='ocrx_word' id='word_1_416' title='bbox 931 2632 973 2663; x_wconf 88' lang='lat' dir='ltr'><em>et</em></span> <span class='ocrx_word' id='word_1_417' title='bbox 994 2639 1040 2663; x_wconf 88' lang='lat' dir='ltr'><em>eo</em></span> <span class='ocrx_word' id='word_1_418' title='bbox 1063 2624 1200 2662; x_wconf 82' lang='lat' dir='ltr'><em>animo</em></span> <span class='ocrx_word' id='word_1_419' title='bbox 1223 2631 1271 2662; x_wconf 84' lang='lat' dir='ltr'><em>ut</em></span> <span class='ocrx_word' id='word_1_420' title='bbox 1289 2631 1398 2662; x_wconf 85' lang='lat' dir='ltr'><em>esset</em></span> <span class='ocrx_word' id='word_1_421' title='bbox 1419 2638 1538 2661; x_wconf 79' lang='lat' dir='ltr'><em>verus</em></span> <span class='ocrx_word' id='word_1_422' title='bbox 1561 2632 1684 2672; x_wconf 85' lang='lat' dir='ltr'><em>papa,</em></span> <span class='ocrx_word' id='word_1_423' title='bbox 1717 2636 1812 2671; x_wconf 87' lang='lat' dir='ltr'><em>que-</em></span> 
     </span>
     <span class='ocr_line' id='line_1_42' title="bbox 112 2680 1812 2732; baseline -0.003 -9"><span class='ocrx_word' id='word_1_424' title='bbox 112 2683 383 2724; x_wconf 89' lang='lat' dir='ltr'><em>madmodum</em></span> <span class='ocrx_word' id='word_1_425' title='bbox 415 2684 600 2722; x_wconf 90' lang='lat' dir='ltr'><em>nonnulli</em></span> <span class='ocrx_word' id='word_1_426' title='bbox 632 2692 723 2722; x_wconf 86' lang='lat' dir='ltr'><em>tum</em></span> <span class='ocrx_word' id='word_1_427' title='bbox 756 2683 975 2722; x_wconf 86' lang='lat' dir='ltr'><em>tradidere.</em></span> <span class='ocrx_word' id='word_1_428' title='bbox 1011 2683 1088 2722; x_wconf 88' lang='lat' dir='ltr'><em>Sed</em></span> <span class='ocrx_word' id='word_1_429' title='bbox 1125 2683 1166 2720; x_wconf 91' lang='lat' dir='ltr'><em>id</em></span> <span class='ocrx_word' id='word_1_430' title='bbox 1207 2697 1280 2720; x_wconf 90' lang='lat' dir='ltr'><em>nos</em></span> <span class='ocrx_word' id='word_1_431' title='bbox 1322 2695 1445 2732; x_wconf 89' lang='lat' dir='ltr'><em>supra</em></span> <span class='ocrx_word' id='word_1_432' title='bbox 1483 2697 1521 2732; x_wconf 90' lang='lat' dir='ltr'><em>p.</em></span> <span class='ocrx_word' id='word_1_433' title='bbox 1558 2680 1660 2719; x_wconf 82' lang='lat'>1003</span> <span class='ocrx_word' id='word_1_434' title='bbox 1692 2681 1812 2719; x_wconf 71' lang='lat' dir='ltr'><em>certis</em></span> 
     </span>
     <span class='ocr_line' id='line_1_43' title="bbox 110 2740 1812 2792; baseline -0.002 -11"><span class='ocrx_word' id='word_1_435' title='bbox 110 2742 358 2782; x_wconf 81' lang='lat' dir='ltr'><em>testimoniis</em></span> <span class='ocrx_word' id='word_1_436' title='bbox 380 2742 634 2781; x_wconf 84' lang='lat' dir='ltr'><em>ostendimus</em></span> <span class='ocrx_word' id='word_1_437' title='bbox 655 2742 757 2781; x_wconf 89' lang='lat' dir='ltr'><em>falso</em></span> <span class='ocrx_word' id='word_1_438' title='bbox 776 2742 982 2792; x_wconf 87' lang='lat' dir='ltr'><em>jactatum</em></span> <span class='ocrx_word' id='word_1_439' title='bbox 1004 2742 1139 2780; x_wconf 82' lang='lat' dir='ltr'><em>fuisse.</em></span> <span class='ocrx_word' id='word_1_440' title='bbox 1164 2741 1611 2779; x_wconf 38' lang='lat' dir='ltr'><em>Dissimulavitrtamen</em></span> <span class='ocrx_word' id='word_1_441' title='bbox 1632 2740 1812 2778; x_wconf 88' lang='lat' dir='ltr'><em>dolorem</em></span> 
     </span>
     <span class='ocr_line' id='line_1_44' title="bbox 112 2798 1809 2851; baseline -0.002 -11"><span class='ocrx_word' id='word_1_442' title='bbox 112 2815 233 2840; x_wconf 90' lang='lat' dir='ltr'><em>suum</em></span> <span class='ocrx_word' id='word_1_443' title='bbox 248 2802 290 2840; x_wconf 93' lang='lat' dir='ltr'><em>in</em></span> <span class='ocrx_word' id='word_1_444' title='bbox 309 2815 353 2840; x_wconf 87' lang='lat' dir='ltr'><em>ea</em></span> <span class='ocrx_word' id='word_1_445' title='bbox 372 2815 508 2840; x_wconf 90' lang='lat' dir='ltr'><em>rerum</em></span> <span class='ocrx_word' id='word_1_446' title='bbox 519 2801 830 2851; x_wconf 85' lang='lat' dir='ltr'><em>perturbatione</em></span> <span class='ocrx_word' id='word_1_447' title='bbox 844 2802 973 2839; x_wconf 90' lang='lat' dir='ltr'><em>donec</em></span> <span class='ocrx_word' id='word_1_448' title='bbox 990 2801 1128 2850; x_wconf 85' lang='lat' dir='ltr'><em>aliqua</em></span> <span class='ocrx_word' id='word_1_449' title='bbox 1147 2815 1236 2849; x_wconf 88' lang='lat' dir='ltr'><em>spes</em></span> <span class='ocrx_word' id='word_1_450' title='bbox 1251 2800 1537 2839; x_wconf 81' lang='lat' dir='ltr'><em>ostenderetur</em></span> <span class='ocrx_word' id='word_1_451' title='bbox 1551 2799 1636 2837; x_wconf 85' lang='lat' dir='ltr'><em>fore</em></span> <span class='ocrx_word' id='word_1_452' title='bbox 1654 2798 1809 2836; x_wconf 88' lang='lat' dir='ltr'><em>melius.</em></span> 
     </span>
     <span class='ocr_line' id='line_1_45' title="bbox 116 2857 1812 2910; baseline -0.003 -11"><span class='ocrx_word' id='word_1_453' title='bbox 116 2860 262 2910; x_wconf 87' lang='lat' dir='ltr'><em>Itaque</em></span> <span class='ocrx_word' id='word_1_454' title='bbox 295 2874 423 2910; x_wconf 90' lang='lat' dir='ltr'><em>quum</em></span> <span class='ocrx_word' id='word_1_455' title='bbox 454 2874 494 2898; x_wconf 84' lang='lat' dir='ltr'><em>se</em></span> <span class='ocrx_word' id='word_1_456' title='bbox 527 2860 685 2898; x_wconf 86' lang='lat' dir='ltr'><em>occasio</em></span> <span class='ocrx_word' id='word_1_457' title='bbox 715 2860 880 2898; x_wconf 89' lang='lat' dir='ltr'><em>tulisset</em></span> <span class='ocrx_word' id='word_1_458' title='bbox 910 2867 958 2897; x_wconf 91' lang='lat' dir='ltr'><em>ut</em></span> <span class='ocrx_word' id='word_1_459' title='bbox 978 2867 1074 2910; x_wconf 85' lang='lat' dir='ltr'><em>post</em></span> <span class='ocrx_word' id='word_1_460' title='bbox 1100 2859 1341 2897; x_wconf 83' lang='lat' dir='ltr'><em>electionem</em></span> <span class='ocrx_word' id='word_1_461' title='bbox 1364 2857 1685 2905; x_wconf 88' lang='lat' dir='ltr'><em>Bartholomaei,</em></span> <span class='ocrx_word' id='word_1_462' title='bbox 1719 2870 1812 2895; x_wconf 91' lang='lat' dir='ltr'><em>cum</em></span> 
     </span>
     <span class='ocr_line' id='line_1_46' title="bbox 112 2916 1812 2969; baseline -0.002 -12"><span class='ocrx_word' id='word_1_463' title='bbox 112 2934 184 2958; x_wconf 83' lang='lat' dir='ltr'><em>sex</em></span> <span class='ocrx_word' id='word_1_464' title='bbox 208 2919 434 2958; x_wconf 85' lang='lat' dir='ltr'><em>cardinales</em></span> <span class='ocrx_word' id='word_1_465' title='bbox 462 2919 742 2969; x_wconf 84' lang='lat' dir='ltr'><em>confugissent</em></span> <span class='ocrx_word' id='word_1_466' title='bbox 766 2919 808 2956; x_wconf 89' lang='lat' dir='ltr'><em>in</em></span> <span class='ocrx_word' id='word_1_467' title='bbox 835 2927 1017 2957; x_wconf 86' lang='lat' dir='ltr'><em>castrum</em></span> <span class='ocrx_word' id='word_1_468' title='bbox 1044 2918 1182 2956; x_wconf 86' lang='lat' dir='ltr'><em>Sancti</em></span> <span class='ocrx_word' id='word_1_469' title='bbox 1209 2917 1366 2966; x_wconf 87' lang='lat' dir='ltr'><em>Angeli,</em></span> <span class='ocrx_word' id='word_1_470' title='bbox 1393 2924 1664 2967; x_wconf 82' lang='lat' dir='ltr'><em>agereturque</em></span> <span class='ocrx_word' id='word_1_471' title='bbox 1691 2916 1740 2955; x_wconf 92' lang='lat' dir='ltr'><em>de</em></span> <span class='ocrx_word' id='word_1_472' title='bbox 1766 2929 1812 2953; x_wconf 89' lang='lat' dir='ltr'><em>ea</em></span> 
     </span>
     <span class='ocr_line' id='line_1_47' title="bbox 111 2975 1813 3027; baseline -0.003 -11"><span class='ocrx_word' id='word_1_473' title='bbox 111 2993 153 3017; x_wconf 88' lang='lat' dir='ltr'><em>re</em></span> <span class='ocrx_word' id='word_1_474' title='bbox 173 2979 281 3016; x_wconf 86' lang='lat' dir='ltr'><em>inter</em></span> <span class='ocrx_word' id='word_1_475' title='bbox 301 2992 368 3016; x_wconf 89' lang='lat' dir='ltr'><em>eos</em></span> <span class='ocrx_word' id='word_1_476' title='bbox 391 2977 460 3027; x_wconf 90' lang='lat' dir='ltr'><em>qui</em></span> <span class='ocrx_word' id='word_1_477' title='bbox 481 2984 572 3015; x_wconf 90' lang='lat' dir='ltr'><em>tum</em></span> <span class='ocrx_word' id='word_1_478' title='bbox 593 2985 710 3016; x_wconf 90' lang='lat' dir='ltr'><em>erant</em></span> <span class='ocrx_word' id='word_1_479' title='bbox 730 2977 772 3015; x_wconf 91' lang='lat' dir='ltr'><em>in</em></span> <span class='ocrx_word' id='word_1_480' title='bbox 793 2978 936 3016; x_wconf 90' lang='lat' dir='ltr'><em>eodem</em></span> <span class='ocrx_word' id='word_1_481' title='bbox 958 2985 1107 3023; x_wconf 90' lang='lat' dir='ltr'><em>castro,</em></span> <span class='ocrx_word' id='word_1_482' title='bbox 1128 2976 1488 3026; x_wconf 85' lang='lat' dir='ltr'><em>interrogatusque</em></span> <span class='ocrx_word' id='word_1_483' title='bbox 1512 2975 1656 3014; x_wconf 80' lang='lat' dir='ltr'><em>Petrus</em></span> <span class='ocrx_word' id='word_1_484' title='bbox 1685 2975 1813 3012; x_wconf 84' lang='lat' dir='ltr'><em>cardi-</em></span> 
     </span>
    </p>
   </div>
   <div class='ocr_carea' id='block_1_3' title="bbox 159 3100 627 3140">
    <p class='ocr_par' dir='ltr' id='par_1_4' title="bbox 159 3100 627 3140">
     <span class='ocr_line' id='line_1_48' title="bbox 159 3100 627 3140; baseline 0 -8"><span class='ocrx_word' id='word_1_485' title='bbox 159 3101 191 3133; x_wconf 81' lang='lat'><em>1.</em></span> <span class='ocrx_word' id='word_1_486' title='bbox 220 3100 285 3134; x_wconf 90' lang='lat' dir='ltr'><em>Ms.</em></span> <span class='ocrx_word' id='word_1_487' title='bbox 313 3101 397 3140; x_wconf 74' lang='lat' dir='ltr'><em>cite,</em></span> <span class='ocrx_word' id='word_1_488' title='bbox 424 3100 486 3133; x_wconf 82' lang='lat' dir='ltr'><em>fol.</em></span> <span class='ocrx_word' id='word_1_489' title='bbox 515 3101 559 3133; x_wconf 87' lang='lat'><em>76</em></span> <span class='ocrx_word' id='word_1_490' title='bbox 584 3105 627 3133; x_wconf 87' lang='lat' dir='ltr'><em>r0.</em></span> 
     </span>
    </p>
   </div>
  </div>
 </body>
</html>
