2083 3458
273 222 352 263 148
922 231 1073 256 ΝΟΤΑΕ
1109 230 1169 254 AD
1204 228 1332 254 VITAS
1857 214 1983 271 [663]

271 319 534 365 cardinalem,
563 317 610 355 de
639 330 718 365 quo
745 314 862 353 nobis
888 314 930 351 in
955 311 1284 364 praesentiarum
1311 325 1442 350 sermo
1476 319 1551 360 est,
1579 312 1703 351 fuisse
1731 312 1862 350 filium
1889 313 1984 352 Rai-

272 378 415 416 mundi
435 378 483 415 de
505 376 657 425 Fargis,
679 375 848 412 fratrem
868 387 963 411 vero
986 371 1210 410 Raimundi
1230 371 1436 409 Guillelmi
1456 371 1505 409 de
1522 371 1662 410 Budos
1683 372 1708 410 1.

326 437 422 475 Fuit
451 436 584 487 primo
615 433 894 472 thesaurarius
929 431 1132 470 Ecclesiae
1162 430 1464 468 Bellovacensis
1482 431 1508 469 2.
1543 431 1700 470 Deinde
1732 431 1916 470 Clemens
1935 432 1984 480 V,

272 498 358 547 ejus
387 495 629 541 avunculus,
657 494 772 531 illum
799 492 896 530 fecit
923 491 1144 529 diaconum
1172 489 1423 528 cardinalem
1448 489 1627 528 titulis.
1657 490 1810 529 Mariae
1837 505 1983 531 novae.

272 557 391 594 Anno
416 553 654 599 MCCCXX,
679 553 720 590 in
746 551 945 589 familiam
970 564 1087 588 suam
1111 549 1289 587 adscivit
1313 549 1484 587 fratrem
1503 549 1684 588 Vitalem
1708 550 1757 588 de
1783 550 1985 589 Fontibus

272 615 393 657 orbis,
421 614 544 663 vulgo
573 612 831 658 Fons-orbes,
860 610 1035 660 priorem
1064 616 1292 647 conventus
1322 608 1510 647 Rivensis
1543 609 1695 647 ordinis
1724 609 1986 648 Praedicato—

271 689 374 721 rum,
402 681 449 711 ut
474 672 622 722 legitur
646 671 687 708 in
713 670 843 708 veteri
870 669 1006 707 codice
1032 683 1106 706 ms.
1134 667 1324 706 biblioth.
1354 667 1631 706 Praedicator.
1661 669 1843 707 Tolosae.
1872 668 1988 707 Obiit

271 749 335 772 an.
370 731 660 777 MCCCXLVI,
695 730 757 767 die
790 744 815 766 v
848 729 1018 776 octobr,
1052 741 1409 777 successoremque
1440 727 1589 765 habuit
1619 728 1661 765 in
1693 728 1881 767 diaconia
1913 742 1986 767 sua

274 794 440 831 Petrum
462 790 624 840 Rogerii
643 790 691 827 de
707 788 934 835 Belloforffi,
955 787 1024 837 qui
1042 795 1186 837 postea
1205 786 1284 824 fuit
1301 800 1411 837 papa
1430 787 1647 837 Gregorius
1668 787 1742 826 XI.

327 852 384 890 De
405 852 481 889 hoc
506 848 740 887 Raimundo
760 848 827 885 illa
856 848 1049 897 leguntur
1078 846 1120 884 in
1141 845 1309 884 consilio
1341 845 1417 884 239
1449 846 1490 897 [f.
1526 846 1599 884 231
1634 846 1702 897 νο]
1735 846 1906 885 Oldradi
1939 847 1987 886 de

274 912 402 949 Ponte
426 926 432 947 :
456 910 565 947 Bone
587 907 768 945 memorie
799 907 984 944 dominus
1005 906 1186 944 Clemens
1218 920 1328 956 papa
1354 905 1388 943 V
1408 905 1512 943 dedit
1541 906 1746 944 reverendo
1768 906 1812 944 in
1832 906 1989 944 Christo

272 970 376 1020 patri
398 968 556 1007 domino
577 968 623 1006 R.
650 969 789 1006 Sancte
810 965 945 1003 Marte
967 980 1061 1003 nove
1082 965 1247 1003 diacono
1274 965 1473 1002 cardinali
1494 973 1800 1003 conservatorem
1820 974 1854 1003 et
1880 965 1988 1015 judi—

272 1044 350 1067 cem
379 1028 608 1079 episcopum
631 1027 884 1073 Tolosanum,
908 1025 962 1063 ita
981 1025 1083 1075 quod
1100 1039 1145 1062 esc
1173 1033 1266 1062 tunc
1284 1032 1380 1062 esset
1407 1032 1598 1075 perpetua
1614 1024 1842 1074 jurisdictio
1862 1025 1991 1075 quoad

272 1088 404 1125 omnia
441 1087 572 1137 ipsius
606 1085 762 1135 negotia
793 1085 911 1122 etiam
945 1099 1023 1121 non
1056 1092 1177 1134 cepta.
1212 1084 1469 1121 Postmodum
1501 1084 1687 1122 dominus
1719 1099 1830 1135 papa
1864 1085 1988 1122 Joan-
2017 1129 2019 1131 Ι

273 1162 339 1185 nes
366 1146 505 1184 XXII
534 1145 751 1185 Ecclesiam
782 1145 1022 1181 Tolosanam
1052 1143 1095 1181 in
1138 1143 1481 1194 metropolitanam
1509 1143 1640 1182 erexit.
1664 1144 1787 1181 Modo
1816 1143 1991 1194 queritur

273 1215 403 1244 utrum.
429 1206 472 1243 in
497 1204 664 1254 negotiis
688 1203 840 1242 domini
866 1203 1085 1241 cardinalis
1110 1211 1151 1240 ut
1174 1211 1418 1240 conservator
1440 1210 1475 1240 et
1495 1202 1617 1252 judex
1639 1203 1843 1253 procedere
1866 1203 1993 1254 possit

269 1265 593 1315 archiepiscopus
617 1264 851 1311 Tolosmms,
874 1263 931 1300 vel
950 1277 1019 1313 per
1032 1262 1267 1300 'erectionem
1286 1261 1516 1312 hujusmodi
1537 1262 1747 1300 commissa
1764 1262 1994 1312 jurisdictio

268 1324 518 1375 expiraverit.
546 1324 597 1361 Et
619 1331 673 1361 est
697 1322 906 1360 dicendum
930 1322 1031 1372 quod
1054 1330 1176 1372 potest
1199 1322 1413 1372 procedere,
1440 1336 1508 1359 nec
1531 1321 1759 1371 jurisdictio
1783 1321 1993 1372 exspiravit.

325 1383 518 1433 Aegidius
541 1383 769 1421 Bellamera
794 1396 914 1432 saepe
938 1381 1192 1420 mentionem
1216 1381 1489 1419 honorificam
1513 1381 1613 1421 facit
1637 1381 1855 1430 cujusdam
1881 1382 1992 1431 Ray-

272 1443 415 1481 mundi
447 1443 496 1481 de
527 1442 680 1492 Fargis,
714 1455 837 1491 quem
865 1441 909 1479 in
938 1455 1026 1491 cap.
1060 1440 1256 1488 Consulti,
1289 1441 1337 1478 de
1368 1448 1592 1491 procurat.‚
1623 1448 1749 1478 vocat
1779 1441 1992 1479 doctorem

271 1503 476 1540 famosum
499 1502 770 1549 decretorum,
792 1509 833 1539 et
854 1500 948 1539 dist.
975 1501 1004 1548 I,
1037 1514 1124 1550 cap.
1147 1500 1399 1546 Humanum,
1423 1500 1634 1538 doctorem
1655 1499 1991 1539 Aurelianensem

273 1563 451 1599 multum
472 1561 689 1609 famosum,
711 1560 984 1610 eumdemque
1004 1559 1167 1610 publice
1186 1559 1229 1597 in
1248 1559 1461 1598 academia
1481 1558 1764 1599 Aurelianensi
1784 1559 1843 1598 ait
1863 1559 1990 1610 expli-

274 1636 382 1659 casse
403 1636 472 1659 seu
492 1620 715 1671 repetiisse,
736 1627 784 1657 ut
803 1627 893 1657 tum
914 1619 1109 1658 dicebant
1127 1619 1304 1669 plur-ima
1325 1618 1462 1669 capita
1486 1618 1588 1668 juris
1608 1618 1806 1667 canonici,
1835 1619 1990 1670 praeci—

322 1779 352 1811 1.
380 1778 570 1811 Raimond
595 1777 770 1811 Guilhem
793 1777 837 1809 de
862 1776 1025 1819 Fargues
1049 1775 1144 1809 etait
1170 1775 1224 1808 fils
1250 1775 1293 1808 de
1318 1775 1507 1819 Marquise
1531 1775 1575 1808 de
1600 1774 1686 1815 Got,
1711 1787 1813 1808 soeur
1842 1775 1886 1809 de
1911 1775 1990 1809 Cle-

272 1838 379 1865 ment
398 1832 441 1872 V,
463 1831 528 1875 qui
547 1833 689 1875 epousa
706 1830 892 1873 Berenger
911 1829 1089 1863 Guilhem
1108 1829 1152 1862 de
1174 1829 1348 1872 Fargues.
1368 1829 1400 1861 Il
1419 1834 1485 1862 eut
1504 1834 1638 1872 quatre
1658 1829 1772 1862 freres
1793 1841 1800 1862 :
1821 1829 1991 1862 Bernard

273 1887 417 1929 aveque
437 1885 599 1928 d'Agen3
619 1884 769 1917 Beraud
787 1885 929 1926 eveque
950 1882 1077 1916 d'Albi
1099 1882 1153 1926 (31
1175 1882 1299 1926 juillet
1327 1882 1456 1926 1311);
1475 1882 1664 1915 Amanieu
1682 1884 1824 1926 eveque
1845 1882 1992 1926 d’Agen

280 1939 334 1981 (11
361 1938 509 1982 janvier
533 1938 660 1981 1314);
689 1937 891 1977 Raimond,
919 1936 1149 1976 damoiseau,
1176 1936 1245 1969 sire
1272 1936 1316 1969 de
1342 1935 1575 1976 Meauvezin‚
1603 1936 1667 1980 qui
1691 1948 1728 1969 se
1754 1936 1874 1969 maria
1899 1947 1991 1969 avec

272 1992 462 2025 Mantette
482 1992 526 2024 de
545 1991 699 2024 Landils
722 1990 882 2034 (Archiv,
902 1996 929 2023 t.
951 2002 986 2030 v,
1006 2002 1042 2034 p.
1073 1990 1155 2030 149,
1175 1990 1257 2029 153,
1286 1995 1324 2022 et
1343 1989 1504 2022 Clement
1533 1989 1575 2029 V,
1596 2001 1631 2022 n.
1652 1989 1734 2030 901,
1754 1990 1860 2030 101-4,
1881 1990 1988 2030 1030,

274 2047 381 2085 6775,
411 2046 516 2085 9643,
544 2044 690 2089 10241).

323 2098 398 2132 Son
417 2098 511 2132 frere
535 2097 726 2132 Raimond
747 2098 874 2130 donna
893 2097 926 2130 16
946 2097 1032 2141 jour
1052 2096 1073 2129 a
1092 2096 1292 2137 Amanieu,
1315 2096 1440 2139 doyen
1460 2096 1504 2129 de
1524 2096 1727 2129 Bordeaux
1746 2102 1785 2129 et
1805 2095 1990 2130 chanoine

275 2153 464 2195 prebende
481 2152 524 2185 de
541 2152 659 2184 Bazas
681 2151 838 2195 (Mollat,
856 2163 891 2184 n.
911 2151 1025 2184 53801
1045 2156 1084 2183 et
1099 2150 1230 2193 54509)
1245 2163 1251 2190 ;
1270 2150 1292 2182 a
1308 2149 1510 2190 Raimond,
1529 2149 1712 2182 chanoine
1729 2149 1876 2193 d'Agen
1891 2155 1929 2183 et
1946 2150 1990 2183 de
2009 2140 2016 2146 ’

276 2206 475 2238 Bordeaux
505 2205 661 2248 (Mollat,
689 2217 725 2238 n.
754 2204 906 2248 54201);
934 2204 955 2236 a
982 2203 1161 2244 Galhard,
1189 2203 1373 2236 chanoine
1399 2203 1589 2246 prebende
1616 2203 1660 2236 de
1686 2203 1842 2246 Burgos,
1870 2202 1991 2236 archi-

276 2259 399 2292 diacre
419 2259 462 2292 (16
481 2258 690 2302 Valpuesta
708 2270 755 2291 en
772 2263 871 2291 cette
890 2259 1011 2291 meme
1030 2257 1152 2301 eglise,
1173 2256 1256 2300 puis
1275 2258 1418 2300 evaque
1438 2256 1482 2289 de
1500 2256 1619 2289 Bazas
1643 2256 1800 2300 (Mollat,
1820 2268 1856 2290 n.
1877 2256 1990 2297 2401;

278 2312 366 2355 Reg.
388 2312 513 2352 Avin.‚
536 2318 562 2345 t.
584 2312 641 2349 40,
662 2311 687 2345 f.
710 2311 780 2345 284
797 2315 849 2351 10;
872 2311 1003 2351 Eubel,
1018 2310 1250 2349 Hierarchia,
1267 2315 1293 2343 t.
1309 2322 1333 2350 1,
1349 2321 1384 2353 p.
1399 2309 1480 2354 516)
1495 2322 1502 2350 ;
1517 2309 1537 2340 a
1549 2309 1729 2350 Bernard,
1744 2309 1928 2343 chanoine
1946 2310 1990 2343 de

276 2366 405 2405 Bazas,
438 2365 481 2398 (16
511 2365 712 2398 Bordeaux
740 2371 779 2398 et
808 2364 946 2404 d'Albi,
977 2363 1060 2408 puis
1090 2363 1216 2407 prieur
1245 2363 1296 2396 du
1334 2363 1414 2396 Mas
1445 2362 1659 2407 d’Agenais,
1690 2374 1739 2396 au
1769 2355 1914 2396 diocese
1945 2363 1990 2396 (16

276 2418 446 2451 Condom
468 2418 623 2461 (Mollat,
644 2430 680 2452 n.
701 2419 768 2452 267
788 2424 827 2451 et
844 2418 966 2458 Vidal,
987 2429 1022 2451 n.
1043 2416 1165 2461 4214).
1186 2417 1332 2450 Jeanne
1350 2416 1488 2450 mariee
1507 2416 1739 2449 aRaimond
1757 2416 1926 2450 Bernard
1945 2417 1990 2450 de

277 2472 449 2512 Balenxs,
467 2472 536 2504 sire
554 2472 598 2504 de
616 2471 833 2505 Gavaudun
853 2471 1041 2515 (Furgeot,
1059 2482 1095 2504 n.
1110 2470 1204 2503 4409
1221 2476 1259 2503 et
1274 2469 1396 2514 4411),
1415 2469 1596 2503 etait-elle
1613 2481 1715 2503 soeur
1730 2470 1781 2503 du
1797 2469 1988 2503 cardinal?

280 2526 330 2557 les
350 2526 572 2558 documents
591 2536 635 2558 ne
655 2524 886 2558 fournissent
904 2536 1029 2557 aucun
1045 2523 1348 2567 renseignement
1364 2535 1428 2556 sur
1445 2535 1485 2556 ce
1504 2522 1631 2557 detail.

326 2579 356 2610 2.
377 2578 406 2610 Il
428 2578 487 2610 fut
509 2580 658 2611 nomme
680 2578 711 2610 le
728 2578 773 2610 12
795 2578 886 2611 aofit
902 2578 996 2611 1308
1016 2577 1190 2621 (Clement
1210 2577 1251 2617 V,
1269 2588 1303 2610 n.
1334 2576 1454 2620 2969).
1484 2576 1535 2610 Le
1563 2577 1583 2610 5
1603 2576 1686 2620 juin
1712 2576 1803 2610 1331
1832 2576 1989 2619 (Mollat,

275 2643 310 2664 n.
332 2632 461 2675 53775)
483 2631 580 2664 Jean
598 2631 717 2664 XXII
735 2631 787 2664 lui
804 2631 943 2675 permit
960 2631 1004 2664 de
1023 2642 1221 2664 conserver
1237 2630 1377 2673 l’usage
1396 2630 1489 2662 d'un
1505 2630 1608 2663 hotel
1626 2629 1718 2673 qu'il
1735 2629 1841 2662 avait
1859 2630 1991 2663 achete

280 2685 300 2715 a
325 2684 510 2717 Beauvais
537 2684 615 2716 afin
642 2684 704 2728 d'y
729 2685 934 2718 renfermer
958 2684 990 2718 16
1016 2684 1076 2718 hle
1101 2689 1139 2717 et
1172 2684 1223 2717 les
1249 2683 1354 2717 biens
1388 2683 1556 2716 meubles
1591 2683 1656 2726 qui
1689 2682 1740 2716 lui
1770 2682 1990 2716 revenaient

280 2749 325 2769 cn
347 2738 487 2780 qualite
511 2738 553 2770 de
576 2737 760 2771 tresorier.
785 2737 855 2771 Sur
875 2749 931 2771 ses
953 2743 1080 2771 autres
1102 2737 1288 2771 benefices
1311 2736 1393 2770 voir
1414 2736 1575 2770 Clement
1598 2736 1640 2776 V,
1664 2747 1699 2770 n.
1723 2736 1931 2770 7484-7486
1952 2741 1991 2769 et

281 2791 431 2832 Rymer,
457 2796 483 2823 t.
507 2789 544 2830 14,
570 2802 604 2834 p.
633 2791 711 2824 206.
735 2810 784 2813 -
808 2791 999 2824 Raimond
1024 2790 1068 2824 fit
1099 2790 1282 2835 plusieurs
1307 2789 1538 2834 depositions
1571 2801 1621 2822 au
1654 2800 1761 2822 cours
1786 2789 1837 2822 du
1860 2791 1989 2833 proces

277 2843 421 2876 intente
444 2855 491 2875 au
513 2843 676 2876 vicomte
699 2844 742 2877 de
765 2844 955 2887 Lomagne
977 2843 1136 2888 (Archiv,
1159 2849 1186 2877 t.
1210 2855 1245 2884 v,
1268 2855 1303 2887 p.
1327 2843 1449 2883 11-13,
1464 2843 1520 2883 15,
1543 2843 1673 2883 31‚32‚
1696 2843 1825 2883 34‚35,
1848 2841 1988 2886 39-43).

278 2915 325 2918 —
340 2896 386 2928 M.
406 2895 547 2929 Coulon
566 2896 612 2938 (n.
630 2897 736 2941 1705)
757 2909 778 2930 a
792 2897 919 2941 publie
934 2909 1003 2930 son
1017 2897 1194 2931 memoire
1210 2896 1336 2930 relatis
1351 2896 1372 2928 a
1395 2897 1432 2930 la
1446 2896 1625 2936 croisade,
1641 2907 1688 2929 en
1703 2896 1808 2930 1323.
1824 2914 1874 2919 -
1887 2893 1990 2929 Guil—

281 2949 403 2980 launie
426 2949 550 2981 Adam
571 2949 621 2981 lui
645 2950 754 2983 dedia
776 2962 844 2983 son
865 2950 977 2984 traite
1000 2951 1044 2984 de
1067 2950 1180 2984 Modo
1202 2949 1421 2983 Sarracenos
1442 2950 1651 2993 extirpandi
1676 2948 1745 2992 (ed.
1770 2948 1807 2982 C.
1834 2948 1987 2989 Kohler‚

282 3002 372 3033 «lans
392 3002 539 3034 Recueil
551 3003 609 3035 des
623 3002 817 3036 historiens
830 3004 888 3036 des
902 3003 1105 3044 Croisades,
1124 3003 1240 3043 Paris,
1254 3003 1360 3043 1906,
1377 3008 1404 3036 t.
1423 3015 1461 3043 11,
1478 3014 1513 3047 p.
1530 3014 1700 3042 crxxvn,
1714 3002 1822 3044 p.521
1836 3007 1875 3035 et
1888 3001 1985 3045 555).

279 3073 327 3076 -κ
343 3054 497 3086 Bastida
516 3055 559 3087 de
579 3054 705 3097 Fargis
727 3055 976 3098 (monasticon
990 3056 1255 3100 Anglicanam‚
1274 3062 1301 3089 t.
1318 3068 1342 3096 1,
1361 3068 1396 3099 p.
1418 3056 1498 3096 296,
1517 3056 1585 3089 col.
1604 3055 1653 3099 1).
1674 3055 1927 3098 Raymundus
1945 3055 1989 3088 de

284 3106 407 3149 Fargis
428 3113 584 3140 vocatur
601 3108 642 3140 dc
663 3108 826 3142 Fabricis
842 3109 881 3141 in
897 3109 1022 3143 codice
1039 3109 1255 3154 provinciae
1271 3109 1479 3149 Tolosanae,
1496 3120 1531 3153 p.
1550 3109 1620 3142 674
1637 3106 1763 3152 [Bal.].
