2083 3458
258 227 360 269 ,466
929 240 1080 266 NOTAE
1115 240 1176 265 AD
1210 240 1337 266 vrrAs
1860 225 1956 281 [951
1972 227 1992 283 JJ

275 328 343 365 illo
365 328 405 365 in
428 327 666 375 Catalogum
686 333 925 372 sanctorum,
949 324 1000 362 ob
1021 324 1145 374 idque
1168 324 1324 362 bullam
1345 325 1537 363 emiserat
1559 339 1639 375 qua
1661 326 1858 365 miracula
1881 327 1991 376 quae-

277 387 329 424 ad
353 387 438 436 ejus
462 386 671 424 tumulum
693 392 862 434 patrata
886 384 1171 422 referebantur
1194 384 1422 422 examinari
1443 384 1578 434 jussit,
1602 393 1649 423 ut
1671 394 1765 435 post
1788 385 1984 423 Waddin-

277 460 372 496 gum
395 446 578 483 referunt
601 443 779 494 plurimi.
805 443 997 481 Ceterum
1018 458 1079 481 res
1103 451 1191 481 tota
1216 443 1292 481 sub
1316 442 1361 481 ea
1385 444 1670 483 commissione
1694 445 1811 494 quasi
1833 445 1990 483 sensim,

275 506 436 543 silentio
459 503 679 554 expiravit,
702 511 749 540 ut
771 502 830 540 ait
853 502 1061 540 Waraeus.

329 565 370 603 P.
389 564 478 611 324,
498 563 563 612 lig.
584 562 643 600 14.
666 562 869 600 INDECISA
882 560 897 583 1
914 575 1143 600 REMANSIT.
1166 561 1293 600 Recte
1313 561 1552 600 observavit
1569 562 1706 601 Cicero
1724 577 1871 602 nervos
1888 563 1982 602 belli

274 639 357 662 esse
396 623 628 673 pecuniam.
666 621 802 660 Primo
842 620 1128 659 Armachanus
1175 621 1324 658 habuit
1362 621 1593 659 subsidium
1634 636 1657 660 a
1698 623 1803 660 clero
1843 622 1980 672 Angli-

273 697 387 730 cano,
410 690 457 719 ut
478 682 598 719 docet
621 680 821 718 Henricus
845 680 892 718 de
917 680 1145 729 Knyghton
1180 680 1234 730 [p.
1257 680 1346 731 93].
1372 680 1449 719 Sed
1469 689 1614 731 postea
1636 681 1733 718 clero
1753 681 1988 730 Anglicano·

271 742 350 779 sibi
372 741 622 779 subtrahente
643 740 855 790 promissa,
878 748 925 777 ut
947 739 1006 777 ait
1026 739 1361 789 Walsinghamus
1378 740 1423 790 [t.
1444 755 1471 788 1,
1494 755 1532 790 p.
1556 740 1670 791 285],
1693 749 1727 778 et
1746 741 1989 779 exuberante·

274 801 316 839 in
343 801 456 838 curia
479 800 650 849 fratrum
698 799 797 837 satis
824 813 972 848 magna
997 799 1183 849 pecunia,
1212 799 1353 837 cedere
1381 808 1548 838 coactus
1584 808 1658 838 est.
1688 800 1987 838 Narrationem

269 874 390 911 porro
420 860 545 898 istam
575 858 874 908 Walsinghami
905 858 1062 896 refutat
1094 858 1293 896 Odoricus
1327 858 1584 908 Raynaldus,
1616 873 1680 897 an.
1716 859 1830 907 1321,
1869 859 1886 908 ἓ
1915 859 1979 899 37.

270 920 371 958 Vide
406 919 740 957 continuatorem
776 918 938 967 Nangii,
969 917 1013 967 [t.
1048 932 1089 966 11,
1124 932 1163 968 p.
1200 917 1316 968 253],
1351 918 1532 955 Annales
1564 918 1733 956 Henrici
1767 917 1985 968 Rebdorffii

270 978 327 1029 [p.
360 978 475 1029 566],
502 978 786 1028 Spondanum,
807 991 872 1015 an.
896 977 1010 1025 1357,
1038 977 1054 1025 ἓ
1075 976 1123 1014 15
1147 991 1222 1026 sq.,
1250 985 1291 1015 et
1311 977 1533 1015 Waraeum
1551 977 1593 1015 in
1612 977 1802 1027 Catalogo
1830 978 1981 1015 archie-

268 1039 524 1088 piscoporum
561 1037 919 1075 Armaclianorum.
956 1036 1002 1073 In
1040 1036 1229 1085 Catalogo
1267 1036 1543 1075 bibliothecae
1563 1036 1578 1059 2
1613 1037 1829 1076 Benedicti
1869 1037 1983 1075 XIII

269 1098 336 1136 fol.
359 1097 433 1136 153
451 1099 496 1134 v⁰
511 1097 591 1135 ista
616 1097 811 1146 leguntur
830 1112 837 1133 ι
868 1095 967 1141 Item
994 1096 1132 1146 aliqua
1147 1096 1355 1146 proposita
1371 1104 1506 1134 contra
1522 1096 1790 1134 mendicantes
1807 1096 1984 1144 ordines,

266 1165 299 1195 et
317 1157 394 1194 alie
420 1156 676 1194 controversie
695 1169 829 1193 eorum
849 1164 983 1193 contra
1007 1155 1231 1204 primatem.
1254 1155 1353 1193 Item
1376 1155 1534 1193 libellus
1558 1155 1712 1193 domini
1730 1155 1986 1193 Armachani‘

265 1231 385 1266 super
410 1216 593 1264 predicto

320 1276 362 1314 P.
397 1275 487 1323 324,
520 1276 586 1325 lig.
623 1274 683 1313 15.
720 1274 783 1311 ΒΕ
819 1274 1111 1312 GAUDEAMUS.
1148 1274 1278 1312 Locus
1312 1282 1373 1312 est
1405 1274 1634 1324 elegantiae
1667 1289 1750 1312 non
1781 1274 1981 1324 vulgaris.

266 1335 425 1373 Alludit
458 1343 603 1372 auctor
636 1334 688 1371 ad
723 1334 824 1372 duas
859 1333 1002 1372 missas
1039 1347 1215 1383 quarum
1249 1333 1441 1383 frequens
1476 1342 1538 1372 est
1571 1348 1667 1372 usus
1702 1334 1744 1371 in
1780 1334 1978 1373 Ecclesia.

266 1395 402 1433 Prima
426 1408 569 1433 earum
592 1393 743 1431 dicitur
764 1392 806 1430 in
829 1393 942 1431 festis
967 1400 1208 1431 sanctorum
1231 1393 1497 1441 solemnibus,
1522 1401 1563 1431 et
1584 1393 1641 1431 sic
1663 1393 1809 1443 incipit
1833 1409 1840 1430 :
1872 1393 1984 1431 Gau—

264 1454 428 1492 deamus
461 1466 595 1491 omnes
632 1453 675 1490 in
707 1452 881 1490 Domino
917 1451 1020 1489 diem
1053 1452 1198 1501 festum
1233 1452 1479 1490 celebrantes.
1517 1452 1658 1491 Altera
1694 1467 1767 1502 pro
1803 1453 1980 1491 mortuis

265 1514 510 1561 celebratur,
531 1521 572 1551 et
590 1512 737 1562 incipit
758 1527 764 1549 :
786 1511 976 1561 Requiem
994 1520 1193 1549 aeternam
1212 1512 1316 1549 dona
1334 1511 1391 1549 eis
1405 1511 1589 1550 Domine.
1611 1511 1682 1549 Ait
1700 1526 1794 1561 ergo
1814 1511 1981 1562 fratres,

261 1573 303 1625 id
327 1581 401 1620 est,
424 1572 632 1622 religiosos
656 1571 954 1618 mendicantes,
979 1585 1074 1609 cum
1094 1585 1168 1621 pro
1192 1571 1401 1609 Richardo
1424 1579 1589 1610 mortuo
1612 1579 1780 1609 cantare
1812 1571 1973 1609 debuis-

243 1638 355 1675 sent
394 1633 562 1670 missam
602 1631 650 1669 de
691 1631 893 1680 Requiem,
925 1644 1006 1679 quo
1045 1630 1101 1668 illi
1134 1630 1319 1680 requiem
1357 1630 1655 1680 sempiternam
1693 1639 1978 1681 precarentur,

263 1700 453 1730 cantasse
478 1692 527 1729 de
560 1691 827 1737 Gaudeamus,
856 1689 951 1739 quia
979 1689 1219 1739 gaudebant
1245 1690 1293 1728 de
1319 1698 1451 1728 morte
1478 1689 1579 1739 ejus.

317 1752 359 1790 P.
398 1750 488 1798 324,
524 1751 591 1799 lig.
631 1750 692 1788 21.
736 1749 945 1786 KAROLUS
984 1749 1118 1786 MEns
1163 1763 1385 1788 FXISTENS.
1425 1749 1527 1787 Vide
1546 1747 1562 1771 3
1594 1749 1776 1786 Annales
1806 1748 1980 1786 Henrici

262 1810 474 1860 Rebdorffii
503 1809 559 1859 [p.
588 1808 697 1859 543],
725 1808 944 1846 Albertum
970 1808 1313 1857 Argentinensem
1349 1808 1403 1858 [p.
1431 1807 1541 1858 293],
1569 1809 1800 1846 Levoldum
1824 1822 1846 1846 a
1874 1808 1981 1846 Nor·

262 1871 366 1917 thof,
388 1869 605 1917 Bzovium,
628 1883 693 1907 an.
720 1867 834 1915 1357,
864 1868 880 1916 ἓ
903 1867 924 1905 5
947 1876 986 1905 et
1010 1867 1236 1905 Odoricum
1265 1868 1546 1917 Raynaldum,
1569 1882 1634 1906 an.
1660 1867 1775 1916 1356,
1805 1867 1821 1916 ξ
1844 1867 1892 1905 12
1913 1882 1978 1917 sq.

318 1930 358 1967 P.
389 1929 479 1976 324,
506 1929 572 1977 lig.
604 1927 665 1966 29.
695 1928 958 1964 ANDROINUS
989 1942 1043 1964 DE
1075 1927 1241 1965 Romu.
1273 1927 1374 1965 Vide
1394 1926 1410 1949 4
1439 1927 1662 1965 Odoricum
1692 1927 1980 1981 Raynaldumt,

263 2004 371 2027 anno
391 1988 507 2035 1356,
532 1988 549 2036 ἓ
568 1987 616 2025 10
633 2001 693 2037 sq.

318 2049 359 2087 P.
375 2048 466 2095 325,
479 2048 546 2096 lig.
562 2047 596 2085 2.
616 2047 920 2084 CONCORDIAM.
940 2046 1049 2083 C’est
1063 2046 1102 2083 la
1118 2045 1216 2095 paix
1234 2046 1282 2083 de
1298 2045 1498 2095 Bretigny
1515 2045 1794 2095 (Delachenal,
1814 2059 1875 2094 op.
1894 2045 1979 2092 cit,

263 2117 291 2146 t.
310 2123 350 2156 11,
370 2123 408 2157 p.
430 2106 631 2154 193-211).

264 2267 326 2300 ubi
347 2273 420 2300 erat
441 2272 559 2308 natus,
582 2271 667 2299 sunt
694 2265 848 2307 sepulta.
872 2264 949 2307 Quo
972 2265 1010 2298 in
1031 2264 1103 2298 Ioco
1128 2265 1322 2298 innumera
1343 2266 1390 2298 ad
1410 2265 1554 2299 laudem
1572 2264 1643 2297 Dei
1671 2270 1757 2298 sunt
1780 2264 1973 2298 miracula-

262 2321 310 2354 In
330 2320 443 2363 liujus
468 2320 537 2352 viri
563 2318 721 2353 transitu
741 2319 854 2361 fertur
869 2319 1060 2361 quemdam
1075 2319 1299 2352 cardinalem
1322 2319 1458 2352 dimisse
1472 2331 1482 2351 .·
1502 2317 1651 2351 «Hodie
1667 2317 1706 2350 in
1721 2316 1885 2351 Ecclesia
1901 2317 1978 2351 Dei

265 2374 390 2408 cecidit
410 2384 546 2416 magna
561 2374 794 2414 columpna.»
813 2372 1028 2413 Composuit
1050 2384 1204 2415 namque
1226 2372 1337 2406 libros
1369 2372 1433 2405 ist-0
1453 2371 1622 2412 diversos,
1644 2371 1780 2405 scilicet
1808 2371 1850 2404 de
1870 2382 1977 2414 ques-

261 2427 428 2462 tionibus
459 2426 716 2464 Armenorum,
750 2426 792 2458 de
819 2425 998 2467 pauperie
1029 2425 1178 2464 Christi,
1210 2436 1459 2468 sermonesque
1490 2425 1665 2468 insignes.
1696 2423 1757 2457 Ea:
1785 2423 1918 2467 quibus
1941 2430 1975 2457 et

261 2482 348 2515 aliis
369 2481 449 2515 suis
470 2479 684 2513 tractatibus
714 2479 883 2512 veraciter
913 2485 1006 2512 ecctat
1037 2480 1206 2522 agnitum
1228 2479 1321 2522 quod
1338 2478 1457 2520 suerat
1478 2477 1761 2522 probatissimus
1790 2476 1910 2510 scriba
1932 2477 1973 2510 in

261 2546 369 2578 regno
398 2535 564 2567 celorum.
597 2553 645 2556 —
674 2533 723 2566 Le
755 2533 867 2566 traite
899 2545 962 2566 sur
991 2533 1026 2565 la
1056 2535 1240 2577 pauvrete
1272 2534 1321 2565 du
1353 2533 1476 2566 Christ
1498 2532 1616 2565 existe
1648 2532 1669 2564 a
1689 2532 1723 2564 la
1752 2531 1793 2564 B.
1820 2531 1877 2570 N„
1899 2542 1970 2564 ms.

261 2589 356 2621 latin
378 2587 506 2627 15373,
534 2594 571 2620 et
593 2599 648 2620 ses
670 2599 837 2619 sermons
861 2587 880 2618 ἐι
903 2586 1059 2627 Oxford,
1084 2587 1105 2618 a
1134 2587 1168 2619 la
1181 2587 1361 2619 Bodleian
1383 2598 1450 2618 ms.
1480 2584 1550 2617 114
1571 2592 1607 2618 et
1629 2597 1677 2617 au
1700 2585 1790 2617 New
1811 2578 1971 2627 Collcge‚

260 2654 326 2674 ms.
364 2640 446 2674 XC.
481 2640 512 2673 2.
552 2641 604 2672 La
637 2641 676 2673 B.
715 2640 757 2673 N.
794 2640 950 2683 possedc
985 2652 1117 2673 encore
1151 2652 1202 2672 un
1238 2640 1350 2673 traile
1388 2639 1507 2681 Super
1540 2638 1691 2671 materia
1724 2637 1977 2670 mendicitatis

266 2695 343 2735 (ms.
370 2695 464 2727 latin
486 2693 617 2733 11693,
636 2694 697 2726 sol.
726 2694 791 2726 184
808 2699 832 2725 r'
847 2693 854 2736 J
872 2700 991 2725 etune
1006 2691 1215 2735 Propositio
1231 2698 1353 2725 contra
1368 2693 1506 2725 validos
1517 2692 1763 2725 mendicantes
1778 2689 1855 2733 (ms.
1872 2690 1975 2723 latin

261 2748 390 2783 15690,
416 2748 476 2780 sol.
502 2748 570 2780 ¹107
588 2750 649 2789 10).

316 2801 548 2833 flammei-lin
572 2807 703 2833 contra
719 2800 978 2833 mendicantes
1002 2798 1074 2841 (fol.
1095 2801 1113 2833 7
1134 2799 1186 2841 νο)
1206 2799 1403 2842 allegando
1420 2800 1706 2831 Armachanum
1721 2796 1969 2836 haereticum,

260 2867 372 2897 quem
396 2854 502 2886 hodic
527 2854 704 2886 llussitae
727 2865 793 2896 pro
814 2853 888 2885 suis
913 2853 1152 2896 opinionibus
1173 2853 1420 2886 induxerunt.

307 2909 337 2940 1.
372 2908 456 2940 Voir
484 2919 546 2940 sur
573 2908 622 2940 les
652 2913 907 2940 controverses
938 2907 1000 2950 qui
1029 2912 1162 2940 eurent
1196 2906 1268 2939 lieu
1298 2906 1389 2939 dans
1419 2907 1453 2939 la
1482 2906 1577 2939 suite
1619 2904 1679 2948 (H.
1709 2903 1764 2944 L„
1785 2910 1811 2937 t.
1829 2914 1972 2943 xxx1v,

261 2974 292 3003 μ.
332 2961 513 3003 msam).
617 2990 621 2994 .

310 3015 337 3046 2.
373 3014 406 3045 13.
443 3013 497 3052 N„
530 3025 594 3045 ms.
620 3013 712 3045 latin
744 3012 889 3045 5156A.

308 3070 338 3098 3.
374 3066 607 3105 Dclachcnal,
640 3066 800 3099 Histoire
829 3067 868 3098 de
897 3066 1044 3099 Cliarles
1076 3066 1117 3105 V,
1149 3071 1175 3100 t.
1204 3077 1228 3106 1,
1259 3078 1294 3109 p.
1327 3066 1492 3099 275-281.

308 3120 338 3151 si.
372 3119 479 3157 Jbtd„
527 3126 547 3151 t.
590 3131 625 3159 ΙΙ,
670 3132 703 3162 p.
748 3120 915 3152 '186-187.
