2083 3458
99 244 224 299 [706]
629 261 846 286 PAPARUM
883 259 1268 286 AVENIONENSIUM
1700 244 1779 285 201

85 352 232 381 verunt.
269 343 332 380 Ex
365 343 512 393 quibus
545 344 709 382 interim
742 345 875 382 verbis
910 345 1124 382 observare
1156 345 1252 382 licet
1284 344 1408 382 etiam
1442 359 1508 383 eos
1543 330 1781 394 qui'partes

85 402 235 440 Bavari
251 410 292 440 et
308 402 529 452 antipapae
547 403 757 449 fovebant,
776 418 795 441 e
812 418 986 453 quorum
1002 417 1170 441 numero
1187 403 1265 440 fuit
1281 403 1344 441 hic
1362 403 1565 450 Nicolaus,
1583 417 1664 440 non
1682 403 1782 440 bene

85 461 255 499 sensisse
275 461 323 499 de
342 461 538 499 electione
559 461 667 499 Petri
687 462 735 499 de
755 462 960 510 Corbario,
981 476 1074 500 curn
1092 462 1167 500 iste
1187 476 1279 499 eum
1299 470 1419 500 vocet
1437 476 1644 500 summum
1664 475 1782 499 cucu-

84 520 170 557 lum
192 520 406 568 Ecclesiae,
428 520 469 557 id
490 528 564 565 est,
586 520 831 559 adulterum.
855 521 965 559 Citat
986 535 1104 570 porro
1124 521 1232 558 hunc
1255 520 1410 558 Nicolai
1430 521 1564 559 locum
1584 520 1782 559 Odoricus

89 579 419 628 Raynaldus,an.
448 578 561 626 1328,
595 579 684 626 ς43,
704 580 772 617 sed
786 580 871 629 ejus
885 580 1009 618 verba
1026 594 1105 617 non
1132 579 1336 627 describit,
1357 594 1460 629 quae
1477 594 1547 617 nos
1569 579 1782 617 retulimus

86 652 136 676 ex
165 638 301 676 codice
332 638 577 677 Colbertino.
611 638 735 676 Recte
765 647 904 676 autem
934 639 1128 676 adversus
1158 639 1399 688 antipapam
1429 639 1602 676 Alvarus
1634 637 1784 686 Pelagii

86 696 217 734 utitur
235 705 479 745 argumento
498 711 579 746 quo
598 697 717 746 prisci
737 698 951 747 scriptores
971 698 1230 735 ecclesiastici
1249 697 1474 735 utebantur
1493 705 1539 734 ut
1560 696 1782 735 Ecclesiam

86 755 331 793 catholicam
354 763 580 802 tuerentur,
606 764 791 805 petentes
816 757 867 794 ab
892 756 1103 794 haereticis
1127 764 1174 793 ut
1197 756 1364 794 ederent
1387 756 1657 794 successiones
1681 755 1782 805 epis-

87 828 281 864 coporum
297 829 476 862 suorum,
493 822 540 852 ut
554 815 759 852 faciebant
772 815 972 853 catholici.
989 815 1058 852 Ait
1071 815 1177 853 enim
1192 815 1261 853 lib.
1283 815 1366 852 IDe
1392 816 1553 864 planctu
1574 814 1782 861 Ecclesiae,

86 887 173 923 cap.
196 887 291 921 LXV,
312 874 378 912 fol.
399 873 449 911 84
473 890 480 911 :
502 873 547 911 Si
564 873 670 910 enim
691 873 901 924 [Ecclesia]
923 875 1033 924 apud
1050 874 1210 911 Petrum
1228 874 1272 911 de
1290 873 1480 911 Cor-varia
1497 888 1565 923 per
1583 874 1784 911 Bavarum

87 932 285 970 intrusum
305 941 370 980 est,
393 933 503 982 apud
522 933 728 970 dominum
756 947 906 982 papam
930 933 1002 971 ιῘΟ.
1034 932 1173 969 XXII
1195 947 1272 969 non
1291 933 1380 981 fuit.
1406 932 1450 970 Si
1472 947 1555 970 vero
1576 933 1686 982 apud
1706 931 1783 968 dic-

83 999 167 1028 tum
186 992 382 1029 Joannem
398 991 476 1040 fuit
493 991 559 1041 qui
576 991 766 1029 Clementi
783 1005 910 1041 papae
935 992 967 1028 V
983 992 1158 1041 legitima
1169 991 1416 1029 ordinatione
1431 991 1626 1038 successit,
1645 991 1785 1028 Petrus

85 1050 128 1087 de
153 1049 344 1088 Cervaria
367 1050 694 1101 pseudopontijeat
716 1059 781 1097 est,
808 1059 840 1088 et
866 1051 908 1088 in
932 1051 1107 1088 Ecclesia
1131 1050 1319 1087 catholica
1342 1065 1430 1087 cum
1453 1050 1539 1087 suis
1562 1049 1785 1099 fautoribus

86 1123 165 1146 non
181 1117 246 1157 est,
267 1123 333 1147 nec
350 1110 558 1159 episcopus
584 1109 803 1159 computari
821 1118 941 1159 potest
967 1109 1273 1159 quievangelica
1289 1118 1322 1147 et
1347 1109 1561 1158 apostolica
1578 1108 1786 1146 traditione

85 1176 315 1218 contempta,
347 1168 498 1206 nemini
526 1169 744 1213 succedens,
784 1184 808 1205 a
836 1183 876 1205 se
915 1169 1000 1218 ipso
1030 1176 1135 1205 ortus
1164 1176 1218 1205 est
1254 1176 1287 1205 et
1316 1183 1337 1205 a
1369 1168 1522 1205 Bavaro
1554 1167 1782 1204 intrudente.

86 1228 353 1265 consecratus
377 1235 438 1265 est
462 1235 601 1265 autem
626 1227 666 1264 in
692 1228 753 1265 die
782 1228 1055 1275 pentecostes,
1080 1227 1121 1265 id
1145 1235 1219 1273 est,
1245 1227 1308 1264 die
1334 1241 1421 1264 xxn
1447 1227 1556 1273 maii,
1583 1240 1604 1264 a
1630 1225 1785 1263 Jacobo

86 1286 242 1324 Alberti
273 1286 321 1325 de
354 1287 491 1333 prato,
523 1287 713 1336 episcopo
745 1287 975 1324 Castellano
1006 1286 1089 1324 sive
1121 1286 1398 1323 Venetiarum.
1432 1285 1627 1322 Chronica
1657 1285 1786 1322 Aulae

85 1345 214 1394 regiae
251 1345 304 1395 [p.
333 1346 431 1396 454]
463 1361 470 1382 :
500 1345 724 1395 Episcopus
757 1346 1000 1392 Venetorum,
1028 1345 1254 1382 Hostiensis
1281 1352 1372 1382 tunc
1404 1344 1544 1393 factus,
1573 1344 1639 1393 qui
1668 1344 1786 1381 istum

84 1404 322 1454 antipapam
365 1405 407 1442 in
449 1405 510 1442 die
550 1405 790 1442 Pentecostes
830 1418 1068 1454 supervacue
1110 1403 1356 1441 consecravit.
1400 1403 1579 1440 Annales
1619 1402 1786 1439 Henrici

86 1463 296 1512 Rebdorffii
324 1464 376 1514 [p.
396 1463 494 1513 517]
516 1479 523 1500 :
542 1472 785 1501 consecratus
801 1472 854 1500 est
870 1464 920 1500 ab
936 1463 1117 1513 episcopo
1135 1462 1356 1500 Castellano
1373 1470 1406 1499 et
1421 1462 1515 1499 aliis
1532 1461 1786 1498 heresiarchis

87 1523 129 1559 in
158 1522 272 1561 Urbe.
302 1523 393 1560 Duo
416 1537 511 1560 vero
537 1523 740 1572 quaedam
764 1522 1088 1560 extraordinaria
1113 1530 1211 1559 tunc
1235 1529 1401 1571 patrata
1426 1529 1533 1559 sunt.
1562 1520 1667 1558 Nam
1693 1534 1784 1557 cum

86 1581 181 1619 olim
201 1590 391 1619 mantum
411 1582 495 1620 sive
515 1582 698 1632 pallium,
721 1581 830 1631 quod
851 1589 912 1619 est
931 1581 1085 1630 insigne
1105 1578 1507 1631 pontificalis'officii‚
1529 1593 1635 1617 novo
1656 1593 1786 1629 papae

84 1640 240 1690 imponi
265 1641 523 1679 consueverit
547 1641 598 1678 ab
624 1641 923 1687 archidiacono,
951 1641 1129 1677 Joannes
1157 1639 1368 1685 Villanius,
1394 1639 1462 1677 lib.
1492 1638 1543 1685 X,
1570 1652 1657 1688 cap.
1686 1652 1784 1674 Lxx]

97 1699 324 1749 [Muratori‚
349 1707 378 1738 t.
405 1714 490 1747 xm,
516 1700 588 1738 col.
614 1699 712 1749 645]
740 1707 780 1737 et
802 1699 1111 1747 Boninsegnius,
1135 1698 1204 1736 lib.
1234 1698 1262 1744 Ι,
1287 1712 1325 1747 p.
1351 1697 1438 1745 219,
1464 1705 1671 1735 testantur
1693 1696 1785 1734 huic

84 1759 308 1809 antipapae
324 1759 565 1809 impositum
584 1759 706 1796 fuisse
723 1772 745 1796 a
760 1759 933 1796 Bavaro.
954 1757 1109 1795 Deinde
1125 1771 1218 1795 cum
1231 1770 1278 1794 ex
1295 1756 1422 1794 veteri
1440 1756 1539 1794 item
1553 1770 1661 1793 more
1678 1769 1784 1805 papa

86 1818 268 1855 coronari
297 1817 446 1856 debeat
473 1818 524 1855 ab
553 1817 852 1865 archidiacono,
882 1817 1111 1854 videbimus
1148 1824 1289 1853 tamen
1324 1823 1467 1865 postea
1497 1816 1540 1865 [t.
1570 1830 1595 1862 Ι,
1625 1829 1662 1864 p.
1695 1813 1782 1863 148]

84 1891 178 1914 eum
203 1877 325 1915 fuisse
351 1885 593 1915 coronatum
618 1891 639 1914 a
665 1877 837 1914 Bavaro.
866 1876 1055 1913 Ceterum
1080 1875 1237 1912 facinus
1260 1874 1360 1911 illud
1387 1874 1583 1912 Ludovici
1608 1873 1785 1910 multum

85 1935 336 1986 displicuisse
358 1950 439 1973 non
461 1936 592 1973 solum
618 1935 826 1981 Romanis,
850 1935 917 1973 sed
940 1935 1065 1972 etiam
1083 1933 1308 1981 Germanis,
1326 1933 1498 1970 tradunt
1524 1933 1648 1970 iidem
1664 1932 1785 1969 Villa-

87 1995 175 2032 nius
197 2003 238 2032 et
250 1995 557 2043 Boninsegnius.
580 1994 778 2032 Eamdem
802 1994 922 2031 fuisse
945 1993 1192 2031 sententiam
1216 1992 1415 2030 Frederici
1437 1992 1538 2041 regis
1555 1991 1784 2029 Trinacriae

86 2053 227 2103 liquet.
255 2053 361 2091 Nam
387 2068 478 2091 cum
504 2053 538 2091 ei
565 2053 796 2091 Ludovicus
819 2053 1005 2102 jussisset
1041 2060 1080 2089 ut
1112 2052 1236 2088 eidem
1261 2051 1426 2088 Nicolao
1453 2051 1494 2087 in
1518 2051 1603 2087 suis
1630 2050 1785 2087 institu-

85 2165 379 2205 constitutiones,
399 2172 424 2198 t.
443 2163 507 2205 V1l‚
526 2177 559 2198 n.
578 2165 680 2207 453);
699 2165 779 2198 voir
793 2176 864 2197 une
880 2175 1008 2197 source
1025 2162 1305 2206 avignonnaise‚
1324 2162 1426 2201 ibid..
1444 2173 1478 2194 n.
1493 2162 1573 2194 465.
1589 2161 1784 2193 —L'elec-

86 2219 166 2252 tion
193 2219 236 2251 de
263 2218 470 2262 l'antipape
498 2218 556 2251 fut
583 2219 664 2262 plus
692 2218 925 2261 compliquee
953 2228 1023 2260 que
1050 2216 1125 2249 l⁷0n
1152 2228 1172 2248 a
1199 2227 1262 2248 cru
1288 2214 1474 2258 jusqu’ici.
1505 2214 1585 2247 Une
1614 2214 1710 2246 bulle
1739 2214 1782 2246 de

85 2272 182 2304 Jean
200 2271 319 2304 XXII
336 2283 429 2304 nous
446 2272 615 2315 apprend
631 2271 764 2315 qu'elle
781 2277 846 2303 eut
861 2270 932 2303 lieu
950 2282 1017 2313 par
1031 2268 1334 2301 l'intermediaire
1352 2267 1443 2300 d'un
1458 2267 1593 2310 college
1611 2267 1654 2299 de
1671 2266 1782 2299 trcize

85 2325 277 2364 electeurs,
307 2324 474 2368 designes
502 2326 733 2357 eux-memes
762 2336 829 2368 par
856 2323 937 2356 voie
967 2322 1174 2356 d⁷election.
1205 2321 1253 2354 Le
1282 2322 1404 2364 pretre
1432 2320 1577 2368 romain
1606 2320 1697 2352 Paul
1725 2320 1784 2352 l'ut

87 2378 190 2421 prive
207 2378 250 2411 de
267 2389 322 2411 ses
339 2378 523 2412 benefices
540 2389 648 2421 parce
666 2377 756 2421 qu'il
773 2377 832 2409 fut
848 2389 855 2409 ε
875 2388 970 2409 untes
986 2376 1026 2409 de
1041 2375 1156 2408 tribus
1172 2375 1287 2408 decem
1302 2375 1364 2417 qui
1379 2374 1427 2406 ad
1440 2373 1645 2416 eligendwn
1662 2373 1784 2416 ipsum

86 2431 236 2464 Petrum
253 2431 292 2464 in
308 2432 527 2475 antipapam
544 2431 704 2474 nequiter
718 2431 866 2473 suerunt
882 2430 979 2462 electi
1000 2428 1155 2471 (Mollat‚
1175 2440 1209 2461 n.
1229 2427 1373 2469 48365).
1391 2446 1439 2448 —
1458 2426 1574 2459 Eubel
1596 2426 1783 2468 (Archim-

86 2484 195 2517 Iische
218 2484 435 2527 Zeitschrist‚
462 2484 567 2524 1893,
591 2496 625 2527 p.
652 2484 718 2517 128
743 2490 781 2516 61;
806 2482 1049 2516 Historisclies
1074 2480 1273 2520 Jahn-buck,
1300 2486 1326 2513 t.
1354 2492 1406 2512 x11
1429 2479 1562 2522 (1891),
1590 2490 1624 2522 p.
1653 2478 1734 2521 279)
1763 2489 1783 2510 a

86 2537 177 2570 emis
202 2537 264 2570 des
289 2537 421 2570 doutes
445 2549 508 2570 sur
529 2537 565 2570 la
588 2537 675 2570 date
699 2537 748 2569 du
773 2541 1069 2569 couronnement
1093 2534 1368 2578 generalement
1399 2532 1551 2564 admise.
1578 2531 1621 2564 Se
1646 2532 1782 2564 basant

86 2602 150 2623 sur
164 2590 195 2623 le
212 2589 282 2623 fait
297 2602 368 2633 que
384 2596 467 2634 sept
484 2590 600 2623 bulles
617 2590 743 2623 furent
758 2589 954 2632 expediees
971 2588 1020 2620 du
1036 2588 1081 2621 18
1097 2599 1144 2620 au
1163 2587 1201 2619 21
1222 2586 1296 2618 mai
1315 2586 1404 2619 1328
1424 2585 1578 2627 (Mollat,
1597 2596 1631 2617 11.
1650 2584 1785 2616 42499-

88 2644 233 2685 42505),
254 2643 278 2675 il
298 2643 359 2676 n'a
379 2655 444 2686 pas
465 2655 529 2676 cru
550 2642 679 2676 devoir
698 2643 857 2686 adopter
875 2642 962 2674 celle
984 2642 1033 2673 du
1055 2641 1098 2672 22
1119 2640 1193 2672 mai
1212 2638 1356 2672 fournie
1377 2650 1444 2682 par
1464 2638 1526 2670 des
1547 2637 1781 2680 chronique-s.

89 2696 155 2729 Cet
172 2702 371 2740 argument
387 2696 484 2729 n’est
501 2708 566 2739 pas
584 2695 846 2739 peremptoire‚
865 2707 927 2727 car
946 2694 1092 2726 Nicolas
1109 2692 1141 2725 V
1159 2704 1178 2725 a
1197 2704 1246 2735 pu
1263 2692 1438 2725 s⁷ecarter
1455 2691 1517 2723 des
1535 2702 1665 2733 usages
1684 2690 1727 2722 de
1749 2690 1784 2722 la

90 2749 329 2782 chance-llerie
352 2749 530 2782 romaine.
557 2749 610 2782 De
635 2749 728 2792 plus,
753 2760 846 2781 nous
870 2747 1072 2791 possedons
1096 2758 1147 2778 un
1170 2745 1405 2788 temoignage
1428 2743 1612 2777 contraire
1636 2743 1656 2775 a
1678 2742 1785 2785 l’opi-

90 2802 178 2835 nion
206 2802 376 2835 d’Eubel.
407 2801 475 2835 Les
505 2802 714 2835 Florentius
743 2801 947 2835 ecrivaient
974 2800 995 2832 a
1022 2799 1119 2832 Jean
1147 2798 1277 2837 XXII,
1307 2798 1338 2830 le
1367 2798 1410 2829 22
1438 2796 1513 2829 mai
1540 2797 1632 2829 ‘1328
1662 2808 1668 2828 ε
1700 2795 1786 2839 Ipse

89 2855 257 2888 Bavarus
274 2867 356 2888 cum
372 2855 475 2898 ydolo
492 2866 568 2895 suo,
588 2856 682 2898 quod
698 2855 916 2898 antipapam
935 2853 1108 2891 nominat,
1129 2856 1159 2884 et
1176 2851 1333 2893 quinque
1350 2849 1436 2883 aliis
1452 2849 1569 2893 ydolis
1587 2860 1652 2892 que
1669 2849 1785 2882 cardi-

91 2908 388 2952 nates.appeltat‚
418 2909 466 2941 ad
493 2913 611 2951 partes
642 2908 858 2940 Tiburtinas
886 2906 1056 2949 equitavit
1085 2905 1141 2937 die
1169 2903 1293 2937 XVII
1334 2903 1468 2935 mensis
1495 2901 1607 2944 hujus
1635 2906 1665 2934 et
1693 2902 1787 2944 quod

91 2960 246 2994 Romam
273 2961 397 2994 reverti
426 2960 523 2994 debet
551 2972 632 2994 cum
661 2960 842 3004 predictis,
875 2964 911 2992 ut
941 2958 1080 2992 intersit
1107 2957 1330 2989 coronationi
1358 2956 1456 2998 ydoli
1485 2955 1578 2998 quod
1605 2955 1786 2997 antipapa

93 3014 225 3047 dicitur
238 3014 407 3047 antedicti
425 3013 634 3055 (Schwalm,
653 3013 945 3050 Constitutione-3,
963 3017 989 3043 t.
1008 3009 1071 3049 Vil,
1090 3022 1123 3053 p.
1141 3010 1222 3048 373,
1240 3021 1273 3041 n.
1292 3009 1388 3051 454).
1408 3009 1437 3040 Il
1452 3008 1536 3040 faut
1551 3008 1646 3040 donc
1663 3007 1786 3050 provi-

92 3065 294 3099 soirement
314 3066 452 3099 retenir
472 3067 507 3099 la
529 3067 616 3099 date
639 3066 682 3099 de
707 3067 750 3098 22
772 3065 847 3098 mai
868 3075 1012 3097 comme
1035 3063 1121 3096 celle
1144 3063 1194 3094 du
1215 3067 1521 3094 couronnement.
1549 3061 1620 3104 (En
1641 3072 1680 3092 ce
1702 3071 1785 3092 scus

96 3119 478 3162 Pssugck-IffIarttung,
498 3119 704 3161 Zeitschrist
720 3119 780 3161 [ἂν
798 3115 1165 3159 Kircliengesclztelae,
1187 3121 1213 3148 t.
1234 3126 1316 3147 xxn
1340 3114 1473 3157 (1901),
1495 3125 1528 3157 p.
1551 3113 1733 3155 566-585.)
