2083 3458
82 255 203 312 [874]
616 271 833 297 PAPARUM
868 269 1253 296 AVENIONENSIUM
1515 310 1517 315 γ
1694 249 1777 293 383

75 356 230 395 familia
247 354 466 394 Bertrandi
484 355 532 393 de
553 354 696 405 Pojeto
716 354 931 394 cardinalis
949 356 1132 394 habebat
1149 355 1344 393 adversus
1363 354 1470 393 cives
1487 354 1776 392 BononienseS.

70 415 154 454 'Sed
172 415 261 453 istis
281 414 530 453 habentibus
551 428 644 452 eum
664 422 915 464 suspectum,
936 429 982 452 ea
1001 414 1231 464 jurisdictio
1251 414 1453 451 translata
1474 421 1535 451 est
1554 413 1595 451 in
1616 412 1779 451 Guillel-

74 488 189 512 mum
222 474 270 512 de
303 473 479 511 Judicia.
515 472 657 511 Refert
687 472 766 510 ista
800 473 1127 520 Ghirardaccius,
1158 473 1248 511 libr.
1285 472 1413 510 XXII
1445 472 1575 510 Histo.
1609 472 1778 518 Borion„

74 547 113 584 p.
137 532 225 580 175,
245 533 354 570 hunc
376 531 590 570 Nicolaum
612 531 714 568 falso
735 546 886 569 vocans
908 532 1129 582 Capocium
1150 540 1191 570 et
1211 531 1448 581 episcopum
1468 531 1763 569 Vercellensem

128 591 247 630 Anno
276 590 518 629 MCCCLIII
547 590 796 628 comitatusl
830 599 890 628 est
919 591 1040 629 funus
1070 590 1288 629 Clementis
1317 590 1373 627 Vl
1403 590 1455 627 ad
1483 589 1779 628 monasterium

70 650 219 689 Casae·
225 650 318 695 Dei;
342 650 483 696 Bzov„
508 663 572 687 an.
601 648 715 693 1352,
746 648 762 696 ξ
787 649 847 687 25

127 709 247 747 Anno
273 708 536 747 MCCCLXII
563 721 644 745 una
671 722 764 745 cum
791 707 978 746 Guidone
1006 709 1053 746 de
1079 708 1249 746 Bolonia
1276 716 1317 746 et
1344 708 1465 745 Petro
1493 707 1541 745 de
1565 706 1779 745 Belloforti

67 767 349 806 cardinalibus
379 766 587 805 laboravit
617 766 669 804 ad
699 766 955 804 sarciendam
986 767 1247 805 concordiam
1276 766 1383 804 inter
1413 766 1606 804 comitem
1637 766 1780 803 Arma-

73 826 306 865 niacensem
336 834 377 865 et
406 825 692 864 vicecomitem
722 825 1045 871 Turennensem;
1079 826 1225 864 Caesar
1255 825 1570 872 Nostradamus‚
1600 824 1641 862 in
1672 824 1778 863 Hist.

74 885 323 933 Provinciae,
346 900 386 935 p.
412 885 500 923 412.

127 944 246 982 Anno
280 944 572 990 MCCCLXVI3
605 943 739 981 factus
773 951 835 981 est
867 951 1076 993 protector
1110 943 1260 981 ordinis
1294 942 1517 987 Minorum3
1546 941 1779 991 Wadding.,

67 1017 139 1042 an.
164 1003 278 1050 1366,
305 1003 322 1052 ἓ
344 1003 392 1041 10
413 1001 459 1052 [t.
480 1017 562 1050 vm,
582 1017 620 1052 p.
645 1001 758 1051 194}
779 1002 898 1039 Anno
920 1017 1014 1040 vero
1036 1002 1223 1051 sequenti
1243 1002 1423 1052 praefuit
1444 1001 1619 1039 comitiis
1638 1014 1778 1039 eorum

73 1062 349 1112 generalibus3
370 1062 484 1109 idem,
503 1076 568 1100 an.
591 1061 704 1108 1367,
730 1060 746 1109 ξ
765 1060 787 1098 6
806 1059 851 1110 [t.
873 1075 956 1108 vm,
974 1076 1012 1111 p.
1033 1061 1147 1110 201}

127 1121 298 1160 Secutus
320 1129 384 1160 est
405 1121 622 1159 Urbanum
644 1120 677 1157 V
700 1119 1030 1170 proficiscentem
1055 1120 1250 1166 Romam,
1273 1119 1342 1156 ubi
1365 1134 1472 1156 anno
1497 1117 1778 1156 MCCCLXIX

70 1179 262 1218 interfuit
284 1179 526 1230 professioni
553 1179 648 1217 fidei
673 1193 798 1228 quam
820 1178 901 1216 illic
919 1178 1054 1217 emisit
1070 1179 1249 1216 ,Ioannes
1267 1179 1531 1227 Palaeologus
1556 1177 1780 1227 imperator

66 1239 578 1289 Constantinopolitanus3
600 1238 742 1285 Bzov.,
765 1252 830 1276 an.
858 1237 971 1285 1369,
1002 1238 1018 1286 §
1042 1238 1077 1284 2,
1102 1238 1144 1284 33
1169 1237 1366 1275 Odoricus
1392 1236 1647 1286 Raynaldus,
1671 1250 1779 1273 anno

71 1298 230 1346 eodem,
261 1298 278 1347 ἓ
303 1298 339 1336 3.

126 1356 240 1395 Obiit
269 1357 426 1395 Romae
453 1356 597 1395 eodem
626 1370 734 1393 anno
763 1355 826 1393 die
856 1355 1001 1405 quinta
1031 1354 1278 1401 novembris,
1308 1354 1369 1392 uti
1397 1362 1491 1404 post
1519 1353 1779 1404 Onuphrium

70 1415 236 1466 plurimi
256 1415 476 1455 tradidere.
504 1416 548 1453 ln
568 1415 672 1453 libro
694 1414 994 1463 obligationum
1016 1414 1166 1452 dicitur
1187 1413 1332 1452 obiisse
1355 1413 1417 1451 die
1440 1413 1596 1451 decima
1619 1412 1778 1462 quinta.

72 1474 127 1512 At
154 1474 196 1512 in
225 1474 458 1524 Necrologio
487 1474 685 1512 Ecclesiae
713 1473 989 1511 Narbonensis
1016 1473 1075 1511 ita
1104 1472 1303 1523 scriptum
1346 1480 1406 1510 est
1435 1472 1487 1509 ad
1517 1471 1624 1510 diem
1654 1486 1678 1508 v
1713 1469 1776 1520 [9]

67 1533 161 1572 >idus
187 1533 431 1584 septembris
458 1550 465 1571 ε
492 1533 602 1571 Obiit
626 1533 856 1570 reverendus
881 1540 991 1582 pater
1014 1532 1199 1570 (lominus
1221 1530 1415 1569 Nicolaus
1440 1532 1483 1568 cle
1503 1531 1627 1568 Bessa
1649 1537 1779 1569 sancte

70 1592 248 1630 Romane
274 1592 446 1631 Ecclesie
472 1593 664 1630 diaconas
690 1592 920 1630 cardinalis.
955 1591 999 1629 In
1019 1591 1252 1640 Necrologio
1277 1605 1371 1628 vero
1389 1590 1586 1627 Ecclesiae
1604 1587 1779 1626 Lemovi-

65 1651 198 1689 censis
220 1652 272 1689 ad
295 1646 403 1690 diem
426 1667 451 1689 v
474 1666 568 1690 non.
594 1650 656 1701 [3]
683 1651 779 1688 maii
804 1667 811 1688 ε
835 1651 915 1688 Hic
938 1650 1008 1700 fiat
1029 1650 1350 1688 anniversarium
1381 1649 1575 1686 recolende
1598 1648 1780 1685 memorie

66 1711 268 1760 quondam
289 1711 441 1749 domini
462 1710 623 1748 Nicolai
643 1710 862 1747 cardinalis
882 1709 1171 1747 Lemovicensis
1191 1709 1297 1746 tituli
1320 1708 1459 1746 Sancte
1481 1707 1614 1745 Μανίε
1635 1707 1678 1744 in
1703 1707 1780 1744 Via

72 1769 152 1807 lata
175 1784 295 1820 saper
319 1770 404 1819 ejus
429 1770 627 1807 tumulum
651 1769 840 1806 elevatum
866 1768 909 1806 in
934 1769 1085 1818 capella
1109 1768 1156 1806 B.
1185 1768 1319 1805 Nlarie
1346 1767 1597 1816 llIagdalene.

123 1828 255 1878 Vulgo
277 1829 403 1867 etiam
425 1828 605 1866 traditur
625 1828 741 1865 illum
762 1843 847 1866 esse
869 1828 1078 1878 sepultum
1102 1828 1270 1865 Romae.
1295 1827 1447 1864 Verum
1469 1840 1519 1864 ex
1540 1824 1652 1862 Actis
1675 1838 1778 1874 quae

69 1887 180 1925 edita
206 1896 303 1937 sunt
326 1887 434 1926 inter
457 1887 717 1925 Probationes
741 1887 929 1924 historiae
952 1886 1221 1924 cardinalium
1252 1886 1467 1932 Gallorum,
1493 1900 1531 1934 p.
1558 1884 1647 1931 340,
1668 1891 1778 1921 certo

71 1954 235 1985 constat
265 1946 352 1996 ejus
385 1961 530 1997 corpus
562 1947 812 1984 translatum
844 1961 928 1984 esse
960 1946 1012 1983 ad
1052 1945 1264 1984 ecclesiam
1305 1943 1651 1982 Lemovicensem.
1685 1942 1778 1979 Vidi

67 2004 149 2043 illic
182 2006 414 2056 sepulcrum
447 2006 534 2055 ejus
569 2021 588 2044 e
621 2019 824 2043 marmore
858 2005 1047 2051 candido,
1082 2004 1146 2042 cui
1191 2003 1507 2054 superimposita
1559 2010 1620 2040 est
1652 2001 1778 2051 ipsius

69 2072 210 2102 statua
232 2064 402 2102 mitrata
422 2079 473 2103 ex
492 2079 694 2103 marmore
714 2064 815 2102 item
835 2063 1025 2111 candido,
1047 2072 1087 2102 et
1108 2064 1189 2100 duo
1209 2064 1344 2101 leones
1366 2077 1415 2100 ex
1435 2061 1555 2100 simili
1577 2074 1778 2099 marmore

66 2130 214 2161 tenent
239 2123 392 2174 pileum
418 2123 737 2162 cardinalitium.

123 2182 341 2220 Falluntur
371 2182 558 2233 profecto
592 2182 661 2232 qui
693 2190 848 2232 putant
880 2196 974 2220 eum
1007 2181 1130 2219 fuisse
1163 2180 1517 2230 archiepiscopum
1554 2178 1779 2216 Rothoma-

64 2255 248 2291 gemem,
278 2248 494 2292 perperam
524 2255 617 2280 eum
648 2241 948 2280 confundentes
980 2255 1074 2278 cum
1105 2239 1274 2277 Nicolao
1308 2238 1483 2288 Rogerii,
1513 2245 1663 2287 patruo
1694 2236 1778 2274 Cle-

69 2300 220 2339 mentis
251 2300 322 2339 VI.

124 2359 310 2397 Fratrem
340 2358 489 2397 habuit
520 2359 713 2397 Nicolaus
746 2359 915 2397 Petrum
947 2358 1160 2396 dominum
1192 2357 1240 2395 de
1266 2355 1504 2404 Bellafagia,
1530 2368 1698 2403 sorores,
1730 2361 1777 2390 ut

66 2417 227 2467 opinor,
267 2417 382 2464 duas,
425 2417 569 2456 Finam
607 2417 812 2465 videlicet,
862 2431 988 2467 quam
1035 2416 1294 2455 domicellam
1332 2428 1449 2453 suam
1496 2421 1619 2451 vocat
1669 2426 1776 2449 anno

69 2476 400 2514 MCCCXXXVI
420 2476 548 2514 Maria
568 2477 616 2514 de
635 2476 881 2515 Combornio
901 2475 1067 2513 domina
1087 2474 1312 2523 Treignaci,
1332 2481 1372 2511 et
1394 2472 1581 2510 Helidem
1601 2478 1777 2520 nuptam

69 2534 157 2573 viro
182 2535 435 2574 nobilissimo
461 2535 716 2574 Guischardo
742 2535 790 2573 de
816 2534 1062 2573 Combornio
1087 2533 1228 2583 nepoti
1253 2532 1437 2581 ejusdem
1464 2530 1628 2576 Mariae,
1655 2543 1776 2578 quem

65 2602 286 2644 propterea
313 2594 496 2633 Clemens
523 2595 581 2632 VI
608 2595 719 2645 apud
746 2594 968 2632 Odoricum
998 2592 1276 2642 Raynalduin,
1304 2605 1368 2628 an.
1399 2589 1512 2636 1345,
1547 2589 1563 2637 ξ
1590 2588 1625 2634 6,
1653 2595 1777 2625 vocat

68 2661 263 2703 nepotem
286 2668 418 2692 suum.
445 2653 582 2691 Genus
605 2653 671 2691 ille
695 2667 816 2692 suum
838 2652 1042 2691 referebat
1075 2652 1127 2688 ad
1152 2649 1503 2687 Archambaldum
1527 2647 1585 2684 VI
1620 2646 1775 2684 viceco-

68 2711 212 2751 mitem
245 2712 605 2759 Combornensem,
640 2712 709 2761 qui
742 2727 792 2750 ex
825 2711 1079 2749 Guischarda
1113 2710 1161 2747 de
1193 2708 1400 2757 Bellojoco
1434 2706 1574 2756 genuit
1605 2706 1775 2743 Bernar-

66 2770 169 2810 dum
195 2770 234 2808 II
258 2770 544 2815 vicecomitem
564 2771 923 2817 Combornensem,
944 2768 1246 2807 Guischardum
1265 2767 1382 2804 istius
1404 2765 1578 2803 nominis
1597 2764 1775 2814 primum

67 2829 283 2868 dominum
300 2829 577 2876 Chambareti,
595 2837 636 2868 et
652 2829 821 2867 Luciam
837 2842 1007 2866 uxorem
1022 2826 1205 2876 Hugonis
1223 2826 1270 2862 de
1288 2824 1469 2862 Noalliis.
1483 2823 1714 2861 Bernardus
1736 2822 1774 2859 II

67 2902 239 2927 uxorem
260 2888 381 2925 duxit
402 2888 669 2937 Margaritam
693 2887 820 2926 filiam
840 2887 1010 2925 Bosonis
1038 2886 1114 2932 III,
1137 2883 1388 2922 vicecomitis
1411 2881 1702 2928 Turennensis3
1726 2895 1775 2919 ex

67 2946 197 2996 iisque
216 2954 353 2985 ortum
371 2955 535 2984 constat
552 2946 905 2985 Archambaldum
922 2945 1002 2982 VII
1021 2944 1089 2994 qui
1108 2944 1188 2981 duo
1206 2941 1469 2981 matrimonia
1488 2947 1680 2990 expertus
1698 2946 1772 2977 est.

117 3077 149 3109 1.
178 3076 226 3110 M.
256 3076 419 3116 Faucon
446 3075 515 3109 Les
539 3075 763 3130 sune'raillee*
778 3076 819 3109 de
845 3075 1004 3108 clement
1033 3074 1098 3114 VI,
1129 3074 1221 3107 dans
1243 3073 1434 3115 Me'langes
1463 3071 1495 3104 d'
1501 3069 1721 3112 archeologie
1747 3074 1777 3102 et

66 3129 261 3169 d’histoire,
288 3135 314 3162 t.
342 3141 397 3162 xx
426 3128 560 3173 (1900),
587 3140 621 3173 p.
649 3129 729 3163 239.
