2083 3458
255 202 335 244 584
902 214 1052 239 NOTAE
1086 213 1147 238 AD
1182 213 1310 238 VITAs
1804 197 1956 252 [1065]

252 302 355 340 nalis
381 302 429 339 de
459 300 607 338 ‘cornio
635 313 715 348 qua
739 298 900 337 ratione
935 298 1095 336 factum
1126 304 1234 335 esset
1254 305 1302 335 ut
1328 297 1445 335 illum
1476 298 1693 347 elegissent
1721 298 1764 336 in
1790 308 1960 348 papam,

248 362 328 399 iste
363 374 459 399 vero
493 358 773 409 respondisset
805 357 922 395 illum
955 371 1038 395 non
1072 370 1157 395 esse
1191 369 1359 406 papam,
1393 356 1670 407 increpaverit
1704 371 1798 395 eum
1831 357 1962 395 cardi-

251 420 353 457 nalis
383 417 699 465 Lemovicensis,
727 416 1017 466 monueritque
1044 430 1094 455 ne
1119 415 1179 454 ita
1205 414 1331 454 libere
1357 415 1607 465 loqueretur.
1640 416 1757 454 Istud
1784 430 1858 466 ego
1884 415 1962 466 legi

252 479 291 516 in
317 477 573 528 depositione
597 476 770 514 Joannis
790 476 838 514 de
855 476 976 523 Baro,
996 474 1239 513 subdiaconi
1257 488 1405 524 papae,
1429 475 1489 512 his
1513 475 1647 514 verbis
1667 475 1681 498 1
1707 492 1714 513 :
1741 476 1839 513 Item
1861 476 1963 525 quod

252 546 338 587 post
367 538 410 574 cle
438 551 521 574 sero
553 536 706 573 iverunt
735 535 958 572 cardinales
986 548 1054 572 sex
1081 534 1134 571 ad
1161 542 1334 571 castrum
1362 533 1437 571 sub
1466 534 1632 572 diversis
1661 534 1879 573 habitibus,
1911 535 1963 572 Et

251 605 356 644 tunc,
379 610 468 633 cum
488 603 709 645 quereretur
728 609 752 632 a
772 593 932 631 domino
952 594 998 631 de
1017 593 1163 630 Vernio
1183 593 1351 643 qualiter
1370 593 1577 642 elegissent
1597 594 1711 631 illum
1733 593 1776 632 in
1795 608 1960 644 papam,

252 665 286 694 et
303 656 403 693 ‹liscit
419 655 605 692 (lominus
622 654 665 691 de
686 652 832 691 Vernio
848 653 951 704 quod
967 652 1092 690 nichil
1101 653 1274 702 fecerant
1289 666 1357 690 nec
1371 661 1454 690 erat
1470 652 1534 691 ille
1548 668 1670 703 papa.
1687 654 1740 691 Et
1752 660 1846 691 tunc
1861 653 1963 691 discit

253 714 472 753 cardimilis
494 712 786 751 Lemovicensis
808 712 910 762 quod
933 727 1043 762 papa
1064 720 1146 750 erat
1161 726 1286 750 verus,
1310 712 1364 749 Et
1380 720 1473 749 tunc
1493 711 1634 750 iterum
1654 712 1758 750 dixit
1775 713 1962 750 dominus

254 775 297 812 de
332 774 476 811 vernia
507 773 608 823 quod
637 787 720 809 vere
751 786 830 809 non
858 780 941 810 erat
967 786 1090 822 papa.
1122 771 1174 809 Et
1202 779 1295 809 tunc
1325 770 1427 809 discit
1455 771 1641 809 dominus
1670 771 1963 809 Lemovicensis

255 834 395 871 iterum
422 833 524 883 quod
549 846 629 869 non
655 831 808 869 dicebat
836 831 940 879 bene,
969 830 1065 881 quia
1090 830 1261 880 ponebat
1285 845 1348 868 eos
1376 830 1419 867 in
1445 830 1619 880 periculo
1647 831 1796 878 mortis,
1823 831 1859 868 si
1888 831 1964 869 ista

254 893 404 931 diceret.
437 892 594 930 Eodem
620 891 663 929 in
689 892 779 929 loco
808 890 1049 941 objurgavit
1075 890 1204 929 etiam
1231 890 1403 928 fratrem
1431 904 1552 928 suum
1580 890 1750 929 Petrum
1783 904 1962 929 camera-

254 953 360 990 rium
388 960 542 990 temere
571 959 612 989 et
639 950 872 989 inconsulte
900 950 1153 1000 loquentem.
1187 949 1354 987 Etenim
1382 949 1558 987 Alvarus
1586 949 1753 987 Martini
1781 956 1961 988 testatus

252 1020 313 1050 est
332 1011 346 1033 2
375 1011 416 1048 in
448 1010 705 1061 depositione
736 1024 808 1047 sua
840 1009 1068 1059 Agapitum
1107 1009 1155 1047 de
1188 1009 1401 1056 Columna,
1440 1023 1562 1058 quem
1592 1017 1737 1059 postea
1769 1009 1962 1047 Urbanus

252 1071 350 1109 fecit
370 1070 635 1117 cardinalem,
657 1070 701 1107 de
721 1069 907 1106 mandato
931 1068 1087 1107 Urbani
1105 1068 1228 1106 ivisse
1248 1068 1300 1105 ad
1318 1067 1541 1105 cardinales
1558 1068 1625 1118 qui
1644 1076 1756 1106 erant
1776 1068 1819 1105 in
1838 1077 1962 1106 castro

253 1129 390 1168 Sancti
415 1129 563 1178 Angeli
589 1129 640 1166 ad
662 1128 743 1166 sibi
769 1128 980 1166 dicendum
1004 1128 1107 1178 quod
1130 1127 1307 1165 venirent
1330 1127 1382 1165 ad
1413 1142 1514 1166 eum.
1542 1128 1593 1165 Et
1625 1142 1714 1165 cum
1738 1127 1962 1165 accessisset

251 1190 303 1227 ad
321 1197 494 1226 castrum
515 1188 652 1226 Sancti
673 1187 834 1237 Angeli,
858 1188 960 1237 quod
978 1186 1083 1225 venit
1101 1187 1154 1224 ad
1172 1201 1261 1224 eum
1281 1187 1525 1224 camerarius
1544 1201 1648 1237 pape
1667 1187 1788 1236 frater
1808 1187 1962 1224 domini

250 1247 541 1286 Lemovicensis
568 1248 781 1298 quamdam
804 1247 982 1296 faculam
1007 1254 1142 1284 tenens
1169 1246 1213 1283 in
1239 1260 1374 1294 manu,
1403 1254 1437 1284 et
1462 1246 1563 1284 dimit
1587 1246 1668 1284 sibi
1694 1260 1707 1283 .·
1735 1246 1843 1296 Quid
1865 1246 1963 1295 facit

253 1308 316 1345 ille
338 1307 501 1357 fatuus?
524 1306 658 1345 Credit
681 1307 783 1357 quod
804 1306 857 1344 sit
878 1305 1013 1356 papa?
1038 1305 1102 1343 Ita
1125 1305 1324 1343 modicum
1346 1314 1402 1343 est
1423 1320 1534 1355 papa
1555 1305 1659 1343 sieut
1681 1320 1761 1355 ege.
1788 1306 1840 1343 Et
1870 1314 1963 1344 tunc

251 1366 352 1405 (livit
375 1367 561 1404 dominus
585 1365 877 1404 Lemovioensis
903 1382 909 1402 :
940 1365 1052 1413 Tace,
1079 1364 1175 1415 quia
1198 1379 1311 1403 verus
1334 1373 1389 1402 est
1412 1380 1534 1415 papa.

309 1427 421 1464 Idem
457 1426 633 1464 Alvarus
669 1426 949 1475 interrogatus
987 1439 1009 1463 a
1045 1424 1191 1474 legatis
1228 1425 1331 1474 regis
1370 1425 1569 1463 Castellae
1606 1439 1729 1475 super
1763 1425 1963 1474 vigesimo

252 1487 433 1536 capitulo
468 1486 592 1524 Casus
626 1485 748 1535 primi
781 1484 898 1523 electi
918 1483 934 1506 3
966 1483 1069 1522 dixit
1099 1498 1138 1521 se
1170 1483 1374 1521 audivisse
1405 1498 1429 1521 a
1461 1483 1620 1521 domino
1652 1483 1831 1533 Agapito
1863 1484 1966 1534 quod

252 1546 407 1595 quando
431 1545 515 1594 ipse
538 1544 660 1582 iverat
680 1545 732 1582 ad
752 1544 963 1582 dicendum
984 1542 1261 1581 cardinalibus
1283 1543 1385 1593 quod
1405 1542 1581 1580 venirent
1600 1543 1653 1580 ad
1672 1543 1851 1593 primum
1871 1543 1963 1581 elec-

252 1613 346 1652 tum,
373 1604 493 1642 eassr'vit
516 1604 568 1641 ad
590 1612 745 1654 portam
769 1603 887 1641 castri
913 1602 1051 1641 Sancti
1075 1602 1223 1651 Angeli
1248 1602 1504 1650 camerarius,
1531 1617 1619 1640 cum
1644 1602 1815 1652 quadam
1838 1617 1964 1652 parva
1995 1612 1997 1614 ’

252 1664 380 1701 securi
403 1664 446 1701 in
467 1678 603 1711 manu,
625 1671 662 1701 et'
679 1663 781 1713 quod
799 1662 953 1701 dixerat
970 1662 1051 1699 sibi
1073 1676 1085 1699 .·
1107 1661 1215 1712 Quid
1231 1661 1330 1711 facit
1351 1661 1415 1699 ille
1433 1661 1603 1699 stultus?
1623 1661 1758 1700 Credit
1788 1662 1891 1711 quod
1909 1669 1963 1699 est

255 1723 389 1773 papa?
418 1723 481 1761 Ita
508 1722 706 1760 modicum
733 1731 788 1760 est
814 1737 925 1772 papa
950 1721 1054 1759 sicut
1080 1735 1159 1770 ego.
1191 1721 1242 1758 Et
1269 1721 1422 1759 dixerat
1447 1721 1582 1759 statim
1608 1721 1689 1758 sibi
1715 1721 1837 1770 frater
1862 1735 1962 1759 suus

252 1782 470 1820 cardinalis
490 1781 783 1820 Lemovicensis
804 1797 811 1819 :
838 1782 951 1828 Tace,
973 1780 1069 1831 quia
1089 1780 1174 1830 ipse
1194 1789 1250 1818 est
1269 1794 1381 1817 verus
1400 1795 1523 1830 papa.
1549 1780 1639 1830 Ipse
1661 1781 1807 1818 Petrus
1830 1794 1961 1819 came-

252 1843 380 1880 rarius
402 1842 512 1881 idem
533 1850 715 1880 testatur
743 1841 786 1879 in
816 1840 1073 1891 depositione
1091 1839 1109 1863 4
1129 1854 1202 1878 sua
1227 1856 1233 1877 :
1257 1840 1309 1877 Et
1329 1848 1416 1889 post
1436 1848 1625 1877 venerunt
1644 1839 1772 1890 aliqui
1793 1839 1964 1877 dicentes

253 1902 354 1951 quod
383 1910 494 1939 erant
525 1901 582 1938 ibi
613 1901 666 1938 ad
694 1908 849 1950 portam
879 1899 1007 1950 aliqui
1038 1900 1317 1937 Bandarenses
1347 1907 1381 1936 et
1411 1899 1485 1936 alii
1515 1898 1690 1936 Romani
1720 1907 1755 1937 et
1784 1899 1964 1937 volebant,

255 1960 413 1999 intrare.
440 1961 553 1998 Tunc
574 1960 644 1998 iste
665 1960 788 1998 voluit
807 1959 910 2009 quod
929 1959 1102 1997 viderent
1120 1967 1267 1997 statum
1286 1973 1406 1996 suum
1426 1967 1460 1996 et
1480 1958 1646 2008 qualiter
1666 1966 1748 1996 erat
1767 1958 1961 2005 munitus,

255 2028 288 2057 et
312 2020 446 2069 posuit
470 2019 649 2057 homines
674 2033 876 2057 armorum
901 2019 953 2056 ad
978 2033 1102 2056 unam
1126 2025 1278 2068 partem
1307 2018 1399 2055 bene
1424 2017 1611 2065 munitos,
1639 2017 1707 2068 qui
1732 2026 1844 2055 erant
1871 2018 1964 2055 bene

257 2088 422 2128 quatuor
448 2078 613 2128 viginti;
641 2087 675 2116 et
702 2078 787 2128 ipse
813 2077 1057 2116 camerarius
1092 2077 1260 2115 habebat
1296 2091 1418 2114 unam
1445 2077 1611 2114 lzacham
1636 2076 1732 2125 ferri
1769 2076 1812 2114 in
1839 2091 1964 2114 manu

255 2147 288 2175 et
309 2138 410 2176 dixit
431 2138 638 2186 Romanis,
663 2138 819 2188 quando
842 2137 1101 2184 intraverunt,
1126 2136 1202 2174 ista
1223 2136 1339 2174 verba
1360 2150 1373 2174 .·
1391 2136 1526 2174 Credit
1548 2136 1612 2174 ille
1632 2136 1770 2185 fatuus
1792 2136 1894 2186 quod
1912 2136 1964 2173 sit

257 2197 389 2247 papa?
414 2197 524 2235 Certe
547 2212 615 2246 ego
641 2211 721 2234 ηοη
745 2205 881 2247 reputo
906 2211 995 2234 eum
1019 2210 1183 2246 papam.
1212 2198 1355 2234 Frater
1375 2195 1553 2245 Angelus
1579 2195 1794 2245 episcopus
1822 2195 1962 2233 Pisau-

256 2257 381 2294 rensis
394 2257 672 2306 interrogatus
686 2271 808 2306 super
822 2270 903 2293 LXV
919 2255 1101 2306 capitulo
1114 2255 1239 2293 Casus
1252 2254 1375 2305 primi
1388 2255 1505 2293 electi
1519 2255 1626 2292 dixit
1645 2255 1754 2293 inter
1777 2262 1911 2293 cetera
1924 2254 1962 2293 5:

257 2315 351 2365 quia
374 2316 617 2353 camerarius
641 2315 794 2353 domini
819 2329 923 2365 pape
948 2314 1058 2352 misit
1080 2315 1133 2352 ad
1155 2314 1366 2352 dicendum
1386 2314 1546 2351 domino
1569 2313 1741 2351 Bar-ensi
1766 2314 1860 2364 quia
1885 2328 1965 2351 non

258 2375 482 2413 intendebat
504 2375 548 2412 in
569 2375 703 2425 aliquo
725 2374 880 2412 obedire
900 2374 981 2411 sibi
1003 2382 1038 2412 et
1059 2373 1115 2412 ita
1137 2374 1335 2411 modicum
1358 2372 1443 2423 ipse
1465 2381 1546 2410 erat
1566 2387 1677 2423 papa
1697 2372 1800 2411 sicut
1821 2374 1964 2411 asinus

256 2449 365 2472 Ji'llslLS.

315 2494 502 2531 Urbanus
539 2508 635 2532 vero
673 2494 742 2543 qui
778 2493 1021 2531 electionem
1056 2506 1174 2530 suam
1208 2492 1252 2529 in
1285 2499 1380 2529 tuto
1415 2492 1596 2541 positam
1632 2506 1716 2530 esse
1753 2491 1961 2540 credebat,

256 2567 402 2602 parum
428 2553 621 2602 prudens,
649 2553 711 2590 vir
736 2552 890 2602 alioqui
915 2551 1153 2602 praecipitis
1179 2550 1306 2590 animi
1332 2559 1373 2589 et
1398 2558 1536 2589 motae
1561 2550 1772 2590 interdum
1798 2551 1963 2598 mentis,

258 2611 508 2650 cardinalem
540 2612 874 2650 Lemovicensem
906 2625 927 2648 a
967 2626 1008 2650 se
1046 2610 1302 2649 abalienavit
1344 2610 1395 2647 ob
1426 2609 1551 2648 cruda
1592 2610 1797 2659 quaedam
1835 2610 1962 2649 verba

260 2671 365 2708 dicta
406 2671 602 2708 adversus
644 2670 915 2709 camerarium
956 2670 1126 2708 fratrem
1165 2668 1265 2718 ejus.
1309 2669 1454 2707 Petrus
1497 2669 1700 2715 Roderici‚
1742 2670 1962 2708 canonicus

257 2729 542 2777 Cordubensis,
572 2731 850 2780 interrogatus
880 2729 921 2767 in
952 2743 1074 2767 causa
1104 2728 1337 2767 schismatis
1367 2728 1492 2766 refert
1521 2728 1627 2766 hanc
1656 2728 1872 2766 historiam
1902 2729 1963 2766 his

311 2877 338 2908 1.
370 2877 435 2910 Ms.
474 2877 557 2916 cite,
595 2877 655 2910 fol.
695 2878 739 2911 52
773 2883 816 2911 r0.

369 2929 434 2962 Ms.
461 2929 543 2969 cite,
569 2930 629 2963 fol.
656 2931 724 2964 108
749 2936 799 2964 νο.

370 2982 435 3015 Ms.
459 2982 541 3022 cite,
565 2984 626 3017 sol.
650 2985 719 3016 134
739 2989 782 3016 ΓΟ.

333 3061 338 3066 .
370 3035 434 3067 Ms.
465 3035 547 3075 cite,
576 3036 637 3069 fol.
667 3038 709 3069 63
738 3042 787 3069 v0.

333 3112 338 3117 .
370 3087 434 3120 ΜΒ.
463 3089 545 3126 cite,
573 3088 631 3121 sol.
660 3090 703 3122 63
730 3095 779 3122 v0.

308 2931 337 3013 ,ιν-ει

310 3035 323 3065 ,κ

308 3088 325 3118 <si
