2083 3458
107 233 258 290 [1090]
624 249 840 275 PAPARUM
876 249 1257 275 AVENIONENSIUM
1704 232 1785 274 613

95 330 143 369 de
173 345 219 368 ea
250 345 290 368 re
321 344 549 369 sermonem
580 330 770 369 habuisse
801 345 894 370 cum
924 331 1073 370 comite
1106 331 1299 378 Rodensi,
1331 330 1400 380 qui
1430 338 1521 368 tum
1559 338 1647 368 erat
1676 328 1787 380 apud

95 389 363 435 Avenionem‚
395 397 437 427 et
465 388 555 427 ibat
581 389 633 427 ad
664 390 854 429 eumdem
886 404 1032 440 regem.
1067 391 1233 428 Postera
1268 389 1331 427 die
1354 404 1461 440 papa
1493 389 1545 427 ad
1579 404 1619 427 se
1650 389 1788 426 venire

93 448 215 498 jussit
257 448 506 487 cardinalem
550 447 849 496 Mimatensem‚
887 449 1123 499 episcopum
1158 450 1464 496 Carnotensem‚
1504 447 1788 493 camerarium,

94 507 421 554 mareschallum,
451 507 619 546 Petrum
649 507 819 545 Gerardi
847 516 887 546 et
914 508 1209 557 Raymundum
1238 507 1455 554 Bernardi3
1479 521 1617 546 coram
1641 506 1788 556 quibus

94 566 199 604 dixit
245 580 286 604 se
332 579 426 605 cum
465 565 614 605 comite
660 566 838 604 Rodensi
874 567 1121 606 collocutum
1156 581 1240 604 esse
1275 566 1323 604 de
1368 566 1641 606 matrimonio
1681 564 1784 614 regis

94 625 344 664 Francorum
395 624 537 662 Karoli
584 639 676 663 cum
724 625 804 663 filia
852 626 1122 675 primogenita
1169 625 1281 663 ducis
1330 624 1616 671 Gerundensis‚
1660 632 1701 663 et
1741 623 1789 662 de

93 683 358 722 matrimonio
395 683 466 721 filii
499 684 678 721 secundo
713 684 839 734 geniti
873 685 986 723 ducis
1022 683 1328 734 Andegavensis
1364 698 1457 724 cum
1494 684 1575 721 filia
1610 682 1789 722 secundo

94 743 231 793 genita
273 743 457 792 ejusdem
500 742 613 781 ducis
658 743 948 791 Gerundensis,
989 743 1083 793 quia
1122 743 1163 780 id
1206 743 1385 793 putabat
1429 743 1580 780 multas
1619 755 1787 791 magnas

94 802 409 841 commoditates
446 801 590 839 afferre
626 816 743 851 posse
781 801 944 852 negotio
981 802 1093 851 regni
1131 802 1301 840 Siciliae.
1340 802 1571 840 Censebam:
1607 800 1789 851 plerique

95 861 286 899 comitem
319 861 464 899 statim
495 861 640 898 debere
671 861 828 910 ingredi
858 861 948 908 iter,
981 861 1050 898 alii
1080 861 1385 911 expectandum
1416 875 1500 899 esse
1533 859 1788 898 Ludovicum

96 921 449 970 Andegavensem,
484 919 553 969 qui
595 919 833 970 propediem
866 920 1120 958 adventurus
1156 928 1256 958 erat.
1291 920 1394 957 Tum
1430 919 1492 957 die
1535 918 1699 957 sabbati
1733 933 1791 955 xv

95 987 289 1029 acceptae
313 987 410 1017 sunt
433 978 574 1017 literae
599 978 784 1028 ejusdem
816 979 944 1025 ducis,
970 979 1146 1028 scriptae
1170 993 1189 1016 e
1211 978 1421 1016 Bonniaco
1454 992 1575 1028 supra
1602 977 1790 1027 Ligerim.

99 1039 244 1088 Itaque
272 1038 484 1077 decretum
510 1046 572 1076 est
598 1037 669 1075 ubi
696 1037 909 1088 episcopus
938 1037 1198 1076 Carnotensis
1225 1046 1266 1076 et
1295 1037 1566 1086 Raymundus
1594 1035 1791 1074 Bernardi

96 1098 130 1135 ei
151 1097 316 1136 obviam
338 1097 445 1135 irent
464 1111 594 1146 usque
608 1097 661 1134 ad
678 1097 853 1135 Pontem
868 1097 1008 1135 Sancti
1025 1096 1213 1146 Spiritus,
1230 1097 1415 1136 Tandem
1428 1096 1599 1134 advenit
1616 1094 1790 1132 Avenio-

96 1171 189 1196 nem
213 1156 276 1195 die
301 1155 466 1194 sabbati
491 1171 580 1193 xxn
605 1156 813 1203 februarii,
839 1156 903 1194 cui
928 1156 1094 1194 obviam
1117 1155 1318 1206 progressi
1342 1163 1439 1193 sunt
1466 1154 1681 1193 duodecim
1708 1167 1791 1191 car-

96 1216 265 1254 dinales.
280 1215 399 1253 Anno
411 1215 626 1254 millesimo
641 1215 985 1262 CCCLXXXIII,
999 1214 1062 1252 die
1075 1229 1179 1252 xxv1
1196 1214 1390 1252 februarii
1402 1214 1431 1260 1,
1443 1214 1549 1251 idem
1563 1213 1792 1263 episcopus.

96 1275 268 1313 nuncius
288 1273 538 1325 apostolicus
558 1289 631 1324 pro
651 1288 773 1312 causa
793 1273 1024 1313 schismatis
1044 1287 1126 1311 una
1146 1287 1238 1311 cum
1258 1273 1447 1323 episcopo
1468 1270 1734 1312 Ambianensi
1752 1271 1793 1308 in

98 1334 332 1372 Flandriam
357 1333 588 1372 destinatus
613 1347 635 1371 a
659 1333 867 1373 Clemente
890 1346 998 1383 papa
1022 1332 1188 1382 reliquit
1210 1331 1386 1382 sigillum
1409 1332 1583 1369 ducatus
1607 1330 1792 1379 Andega-

96 1393 231 1432 vensis
247 1392 341 1431 huic
358 1392 556 1430 cardinali
573 1392 822 1439 Mimatensi‚
839 1392 901 1429 uti
918 1392 1106 1430 voluerat
1123 1391 1355 1429 Ludovicus
1373 1391 1458 1428 dux
1473 1388 1792 1439 Andegavensis,

96 1461 186 1492 tum
209 1460 382 1490 vocatus
408 1452 493 1490 dux
517 1451 742 1498 Calabriae,
767 1466 813 1489 eo
837 1459 1022 1501 tempore
1047 1465 1127 1500 quo
1151 1450 1409 1501 profecturus
1434 1458 1522 1488 erat
1546 1449 1587 1486 in
1614 1447 1790 1486 Italiam.

99 1512 210 1550 Haec
251 1519 418 1561 sumpta
459 1519 557 1549 sunt
596 1525 646 1549 ex
684 1510 862 1548 Diari02
905 1510 1089 1559 ejusdem
1133 1509 1312 1560 episcopi
1346 1508 1606 1547 Carnotensis
1648 1521 1722 1546 ms.
1752 1506 1794 1544 in

96 1571 346 1609 bibliotheca
364 1564 613 1608 Colbertina.

150 1629 294 1668 Obiit3
323 1629 535 1667 Avenione
564 1643 673 1666 anno
704 1628 1092 1674 MCCCLXXXIII,
1124 1628 1186 1665 die
1217 1641 1309 1665 xxx
1339 1626 1578 1672 decembris,
1608 1624 1792 1673 sepultus

96 1689 206 1740 apud
234 1688 554 1727 Praedicatores.
586 1688 685 1726 Inde
711 1702 808 1726 vero
835 1688 1011 1726 cadaver
1037 1687 1123 1736 ejus
1151 1687 1398 1724 translatum
1427 1693 1488 1723 est
1513 1685 1555 1722 in
1581 1683 1791 1722 ecclesiam

97 1748 237 1787 Sancti
280 1747 479 1786 Martialis
523 1747 838 1794 Lcmovicensis,
882 1746 952 1784 ubi
993 1746 1103 1795 jacet
1144 1746 1197 1783 ad
1239 1746 1346 1783 latus
1392 1745 1584 1783 dextrum
1627 1742 1792 1791 majoris

94 1807 235 1845 altaris
277 1807 318 1844 in
357 1807 542 1857 sepulcro
582 1820 824 1853 marmoreo,
866 1805 929 1844 cui
969 1804 1285 1855 superimposita
1326 1811 1387 1842 est
1426 1803 1532 1840 illius
1565 1801 1712 1852 effigies
1744 1815 1794 1839 ex

94 1881 311 1907 marmore.

148 1925 397 1964 Condiderat
432 1933 572 1963 autem
609 1932 909 1963 testamentum
944 1923 1084 1974 paucis
1121 1931 1217 1960 ante
1253 1922 1409 1960 diebus.
1449 1922 1579 1958 Extat
1616 1920 1715 1957 illud
1751 1919 1792 1956 in

94 1984 345 2024 monasterio
372 1984 513 2023 Sancti
540 1983 738 2022 Florentii
756 1984 784 2031 4,
825 1983 895 2021 sed
922 1983 1041 2020 valde
1069 1982 1275 2028 mutilum,
1298 1995 1437 2019 carens
1465 1988 1563 2017 nota
1590 1977 1787 2028 temporis

96 2058 177 2094 quo
209 2044 367 2082 factum
400 2051 475 2082 est.
510 2044 711 2081 Attamen
743 2056 835 2081 cum
869 2042 909 2079 in
942 2056 989 2080 eo
1022 2048 1282 2080 executorem
1315 2039 1500 2078 nominet
1534 2039 1703 2076 Petrum
1737 2037 1785 2074 de

96 2103 252 2151 Crosso,
268 2103 517 2141 cardinalem
532 2102 828 2148 Arelatensem‚
845 2101 915 2150 qui
929 2115 1037 2138 anno
1051 2108 1219 2138 tantum
1234 2099 1447 2136 millesimo
1463 2095 1791 2136 CCCLXXXIII

95 2162 228 2200 factus
260 2170 322 2200 est
352 2161 568 2200 cardinalis
601 2161 664 2199 die
697 2175 801 2198 xxm
833 2159 1072 2206 decembris,
1104 2158 1371 2198 manifestum
1401 2165 1462 2195 est
1492 2162 1790 2194 testamentum

94 2220 206 2259 istud
223 2221 345 2259 fuisse
362 2221 576 2259 conditum
592 2228 688 2271 post
703 2219 811 2259 diem
828 2233 932 2256 xxm
950 2218 1174 2256 decembris
1192 2225 1232 2255 et
1249 2224 1344 2254 ante
1362 2216 1470 2254 diem
1486 2215 1690 2260 ultimam,
1709 2226 1788 2263 qua

96 2280 335 2319 Guillelmus
355 2280 530 2319 excessit
549 2295 568 2318 e
587 2279 707 2317 vivis.

152 2339 198 2377 In
217 2353 264 2377 eo
282 2347 536 2379 testamento
555 2338 710 2389 legavit
728 2345 891 2388 praeter
911 2345 1044 2374 cetera
1066 2336 1216 2374 multos
1236 2334 1359 2371 libros
1380 2332 1628 2371 monasterio
1650 2330 1790 2369 Sancti

97 2398 310 2446 Martialis,
331 2399 374 2436 in
393 2398 535 2449 primis
556 2411 653 2436 vero
675 2397 890 2447 Speculum
909 2395 1124 2433 sanctorale
1144 2393 1341 2431 Bernardi
1363 2391 1574 2438 Guidonis,
1596 2390 1637 2427 in
1658 2389 1788 2427 tribus

96 2457 387 2497 voluminibus.
415 2458 568 2496 Eorum
594 2456 773 2507 primum
804 2462 922 2493 extat
947 2454 1066 2491 hodie
1092 2453 1133 2490 in
1160 2452 1406 2490 bibliotheca
1436 2449 1638 2488 Ecclesiae
1663 2448 1788 2485 Turo-

95 2516 230 2555 nensis
249 2517 279 2564 5,
304 2515 345 2554 in
373 2516 488 2566 cujus
506 2515 630 2554 titulo
647 2515 702 2553 sic
718 2514 895 2552 habetur
914 2529 921 2552 :
943 2512 1094 2562 Incipit
1110 2512 1324 2561 Speculum
1338 2508 1567 2555 sanctorale,
1586 2508 1686 2558 quod
1699 2506 1791 2556 jecit

142 2635 175 2668 1.
204 2634 341 2667 Baluze
363 2633 434 2666 fait
454 2645 596 2672 erreur;
619 2632 717 2665 Jean
737 2632 768 2664 le
793 2631 908 2664 Fevre
931 2630 1049 2673 partit
1072 2627 1286 2670 d‘Avignon
1306 2627 1337 2659 le
1362 2626 1405 2658 26
1428 2625 1550 2668 juillet
1572 2624 1664 2657 1382
1684 2629 1723 2656 et
1744 2634 1789 2655 ne

94 2686 219 2720 revint
238 2687 351 2730 qu'en
370 2697 469 2719 mars
489 2686 581 2719 1383
605 2685 663 2728 (N.
686 2684 823 2723 Valois‚
846 2691 872 2717 t.
892 2696 930 2722 11,
951 2694 985 2726 p.
1009 2682 1104 2723 232).

149 2740 180 2774 2.
198 2740 265 2773 Ms.
280 2740 430 2773 Colbert
442 2738 523 2779 587,
541 2739 808 2772 actuellement
828 2748 895 2769 ms.
913 2734 1074 2777 francais
1096 2732 1208 2775 5015;
1229 2733 1285 2766 ed.
1303 2732 1349 2764 H.
1364 2731 1597 2770 Moranville‚
1613 2742 1647 2773 p.
1662 2729 1783 2762 15-21.

141 2794 174 2827 3.
206 2793 244 2827 P.
276 2793 324 2826 M.
355 2793 612 2835 Baumgarten
644 2790 905 2834 (Miscellanea
932 2787 1136 2825 cameralia,
1163 2786 1254 2818 dans
1284 2784 1473 2817 Ramische
1501 2781 1788 2826 Quartalschrist,

96 2851 122 2879 t.
144 2858 214 2879 X1x
232 2845 366 2889 (1905),
390 2857 424 2889 p.
442 2845 523 2887 166)
544 2844 636 2877 :Die
656 2843 863 2877 mercurii...
885 2841 1088 2885 penultima
1102 2838 1187 2872 dicti
1203 2838 1336 2871 mensis
1357 2836 1549 2870 decembris
1575 2834 1789 2868 Guillelmus

94 2899 182 2932 olim
200 2899 297 2932 tituli
318 2898 354 2931 S.
379 2897 524 2937 Vitalis‘,
547 2908 644 2930 nunc
663 2908 741 2929 vero
760 2896 896 2929 noviter
913 2894 1101 2927 ordinatus
1120 2892 1311 2935 episcopus
1332 2889 1574 2928 Tusculanus,
1596 2887 1790 2930 vulgariter

95 2952 211 2985 dictas
235 2951 483 2990 Mimatensis‚
510 2951 605 2983 diem
626 2961 736 2982 suum
759 2948 861 2992 apud
882 2947 1104 2979 Avinionem
1126 2944 1257 2977 clausit
1279 2948 1483 2975 est-tremum.

141 3005 175 3038 4.
204 3005 353 3044 Baluze,
375 3010 401 3037 t.
420 3015 472 3044 1v,
493 3015 527 3046 p.
550 3003 629 3036 275.

142 3058 174 3091 5.
202 3057 466 3100 Bibliotheque
492 3056 535 3088 de
560 3055 677 3088 Tours
700 3053 811 3093 10143
828 3053 863 3086 la
879 3051 1043 3085 derniere
1060 3049 1179 3094 partie
1196 3049 1246 3082 du
1262 3048 1468 3081 Sanctorale
1481 3053 1539 3081 est
1554 3047 1785 3090 representee

93 3122 161 3154 par
177 3110 209 3143 le
227 3122 294 3143 ms.
314 3110 409 3142 latin
427 3108 522 3142 5407
539 3108 582 3141 de
600 3108 636 3140 la
653 3108 694 3140 B.
716 3106 760 3140 N.
778 3124 827 3129 —
843 3105 913 3139 Sur
931 3104 1141 3137 Guiliaume
1161 3102 1204 3135 de
1223 3101 1385 3141 Chanac,
1405 3100 1486 3133 voir
1503 3099 1613 3132 Vidal
1634 3097 1787 3141 (Lettres
