2083 3458
259 256 341 297 492
911 272 1063 297 NOTAE
1096 271 1157 297 AD
1192 271 1320 297 vlTAs
1842 259 1966 314 [975]

314 358 447 405 Quam
473 357 787 406 inscriptionem
812 370 897 394 esse
918 364 1144 403 vetustam,
1166 356 1261 394 licet
1283 356 1400 394 novis
1425 356 1729 395 characteribus
1752 367 1966 397 exaratam

260 431 329 454 scu
347 417 485 466 potius
507 424 754 454 renovatam
779 423 875 453 ante
893 415 966 453 hos
986 423 1153 453 centum
1171 415 1296 453 ferme
1314 429 1458 463 annos,
1477 417 1660 455 ostendit
1676 417 1763 467 ipsa
1782 418 1964 468 pictura:

258 477 375 526 eique
402 484 618 526 practerea
649 475 772 512 fidem
798 474 1022 512 adstruunt
1048 483 1141 512 acta
1167 489 1379 524 processus
1412 474 1524 513 Vitae
1550 476 1636 525 ejus
1665 476 1802 515 oblata
1833 491 1966 528 papae

258 536 457 574 Clementi
488 535 571 572 VH
605 550 626 572 a
661 534 781 572 Petro
799 534 982 580 Olivarii,
1005 535 1201 581 canonico
1234 534 1417 583 Aquensi
1448 549 1494 573 ac
1525 544 1790 585 procuratore
1824 536 1965 575 Karoli

259 596 509 633 Francorum
532 603 572 633 et
596 594 795 631 Lu-dovici
820 593 979 631 Siciliae
1010 607 1167 643 regum,
1192 608 1297 643 quae
1330 602 1478 632 extant
1503 595 1614 644 apud
1635 595 1850 634 Bzovium.
1879 596 1964 634 Illic

257 655 365 693 enim
393 655 563 704 legimus
596 653 812 692 Urbanum
840 653 927 702 jam
952 653 1029 690 illis
1056 653 1326 703 temporibus,
1354 653 1503 702 quibus
1524 655 1804 692 recentissima
1829 655 1965 693 adhuc

258 722 343 752 erat
363 714 468 751 illius
489 713 700 760 memoria,
721 721 768 749 ut
788 720 979 750 sanctum
1000 712 1123 750 fuisse
1144 714 1301 751 cultum
1322 721 1363 751 et
1381 721 1428 750 ut
1447 714 1574 751 talem
1592 713 1633 751 in
1654 715 1830 752 ecclesiis
1851 715 1965 765 pingi

257 774 424 811 solitum
444 789 450 810 :
477 773 526 810 In
548 772 714 810 diversis
735 781 769 809 et
789 772 979 821 plurimis
1000 772 1185 820 ecclesiis,
1211 773 1330 810 etiam
1350 769 1686 822 patriarchalibus
1711 773 1821 811 urbis
1841 774 1964 811 Rome

257 842 290 870 et
305 833 441 871 aliis...
459 832 544 881 ejus
559 846 701 882 ymago
717 839 750 868 et
763 832 973 881 ymagines
984 846 1053 868 seu
1068 831 1214 881 effigies
1236 832 1400 881 fuerunt
1412 841 1446 870 et
1459 832 1721 882 suntpicte...‚
1736 842 1769 870 ez
1791 834 1848 871 sic
1861 833 1963 883 picte

257 892 469 941 honorifice
490 900 523 929 et
542 900 718 941 patenter
738 891 982 929 honorantur
1003 906 1090 942 cum
1112 892 1311 929 devotione
1331 900 1365 929 et
1384 892 1611 939 reverentia,
1632 892 1735 930 sicut
1755 893 1832 930 alie
1851 907 1961 942 yma-

258 952 368 1001 gines
385 960 609 988 sanctorum
622 950 648 989 1.
668 950 769 989 Vide
787 951 913 988 etiam
931 950 1154 989 Secundam
1170 951 1291 989 witam
1310 952 1396 1001 ejus
1415 951 1534 999 infra,
1552 950 1598 1000 [t.
1617 950 1690 1001 1]p.
1711 951 1800 999 393,
1817 951 1887 990 ubi
1902 953 1960 990 ita

256 1011 455 1060 scriptum
478 1019 539 1048 est
563 1027 569 1048 :
599 1010 677 1047 Vix
697 1019 752 1048 est
771 1010 932 1048 ecclesia
955 1011 997 1047 in
1019 1011 1166 1048 mundo
1190 1011 1233 1048 in
1254 1011 1349 1048 locis
1369 1011 1613 1049 solemnibus
1635 1011 1731 1060 quin
1752 1011 1804 1049 sit
1830 1011 1961 1061 imago

256 1070 341 1119 ejus
366 1070 519 1119 depicta
542 1078 576 1107 et
599 1084 686 1107 cum
711 1068 865 1118 vigiliis
883 1078 917 1107 et
933 1068 1204 1108 oblationibus
1227 1070 1430 1110 honorata.
1454 1071 1527 1109 His
1551 1078 1761 1120 postremo
1784 1071 1961 1109 addetur

255 1129 540 1168 testimonium
566 1129 775 1179 Radulphi
804 1130 852 1168 de
879 1130 984 1168 Rivo
1020 1130 1072 1180 [p.
1100 1130 1173 1180 17]
1199 1131 1268 1180 qui
1291 1131 1349 1168 ita
1376 1130 1424 1169 de
1450 1130 1618 1168 Urbano
1642 1130 1783 1168 scribit
1808 1146 1815 1168 :
1839 1130 1961 1167 Anno

252 1187 368 1236 1369,
391 1186 442 1225 19
462 1188 687 1237 decembris,
709 1189 812 1238 feria
827 1204 859 1237 ς),
883 1190 1048 1227 moritur
1072 1190 1261 1228 Urbanus
1282 1190 1444 1240 quintus
1458 1189 1735 1227 sanctissimae
1752 1190 1962 1227 memoriae

252 1249 442 1298 pontifex,
484 1248 527 1285 in
563 1248 724 1285 ecclesia
761 1249 1032 1299 Awinionensi
1068 1250 1199 1299 primo
1236 1250 1463 1299 sepulturae
1500 1249 1681 1297 traditus,
1723 1248 1791 1286 ubi
1828 1250 1962 1287 statim

254 1308 389 1345 multis
407 1308 532 1357 coepit
549 1308 756 1345 miraculis
774 1323 986 1348 coruscare.
1011 1309 1109 1346 Inde
1127 1309 1344 1347 translatus
1362 1309 1598 1346 Marsiliam
1617 1309 1661 1346 in
1679 1309 1962 1346 monasterium

253 1367 390 1405 Sancti
430 1368 612 1415 Victoris,
651 1368 719 1405 ubi
752 1369 869 1417 prius
903 1368 1028 1406 abbas
1060 1369 1201 1418 fuerat.
1240 1368 1321 1406 Suo
1356 1369 1435 1406 loco
1470 1378 1618 1418 quanta
1642 1376 1961 1418 recuperatarum

251 1428 471 1465 sanitatum
492 1427 687 1464 miracula
706 1436 863 1477 patrata
882 1428 1045 1478 fuerint,
1068 1437 1150 1466 tum
1170 1429 1331 1478 copiosa
1351 1443 1573 1466 caereorum
1592 1429 1644 1466 ad
1663 1436 1961 1465 monumentum

252 1487 338 1536 ejus
360 1488 585 1524 ardentium
608 1487 831 1535 multitudo,
857 1496 939 1525 tum
961 1488 1131 1526 donaria
1153 1497 1188 1526 et
1208 1489 1291 1526 alia
1315 1502 1412 1538 quae
1435 1488 1550 1525 isthic
1571 1488 1622 1525 ab
1656 1487 1962 1525 adventantibus

253 1541 485 1596 offeruntur,
522 1546 758 1596 sufficienter
793 1548 1013 1586 ostendunt.
1053 1548 1231 1586 Thomas
1270 1562 1433 1597 quoque
1470 1548 1802 1597 VValsinghamus
1850 1546 1895 1596 [t.
1932 1561 1958 1594 1,

253 1622 290 1657 p.
314 1606 405 1657 311]
429 1607 476 1644 de
497 1615 628 1645 morte
649 1607 736 1657 ejus
757 1621 879 1657 agens
901 1615 1082 1645 testatur
1101 1608 1278 1657 plurima
1299 1607 1351 1645 ad
1372 1608 1459 1658 ejus
1480 1608 1690 1645 tumulum
1710 1608 1818 1645 clara
1839 1606 1959 1644 mira-

255 1667 343 1704 cula
368 1666 467 1714 fieri,
489 1681 534 1704 ecc
554 1666 710 1716 quibus,
735 1667 877 1717 inquit,
899 1667 1015 1716 cujus
1035 1667 1166 1705 meriti
1184 1667 1306 1717 fuerit
1325 1668 1436 1718 apud
1451 1667 1581 1705 Deum
1602 1667 1753 1705 cunctis
1774 1665 1960 1715 fidelibus

252 1727 501 1775 apertissime
524 1726 754 1765 declaratur.

307 1786 349 1824 P.
380 1784 470 1833 349,
499 1785 565 1836 lig.
606 1785 640 1824 3.
670 1786 897 1825 OCTOBms.
928 1787 982 1825 Le
1009 1787 1285 1836 chroniqueur
1322 1800 1343 1824 a
1374 1786 1429 1823 du
1460 1786 1684 1825 confondre
1711 1787 1748 1824 la
1780 1785 1876 1823 date
1909 1784 1959 1823 de

251 1845 470 1893 l'election,
502 1846 571 1895 qui
601 1853 671 1883 eut
700 1845 780 1883 lieu
810 1860 859 1884 en
900 1846 1147 1896 septembre,
1186 1860 1285 1884 avec
1332 1846 1428 1884 celle
1470 1846 1518 1885 de
1560 1845 1853 1896 l'acceptation
1909 1844 1958 1882 de

250 1905 288 1942 la
326 1905 429 1943 tiare
485 1904 667 1954 signifiee
726 1905 1035 1944 effectivement
1081 1920 1155 1955 par
1203 1905 1437 1944 Guillaume
1489 1905 1705 1944 Grimoard
1753 1919 1805 1942 au
1854 1903 1957 1941 mois

252 1964 462 2002 d'octobre
492 1964 560 2014 (M.
587 1964 707 2012 Pron,
732 1955 859 2002 Etude
879 1979 949 2002 sur
970 1965 1023 2002 les
1045 1965 1232 2002 relations
1252 1965 1464 2015 politiques
1498 1966 1549 2002 du
1585 1979 1690 2015 pape
1732 1963 1888 2002 Urbain
1926 1962 1960 2000 V

250 2038 339 2060 avec
361 2024 413 2061 les
435 2024 515 2061 rois
542 2024 585 2061 de
608 2023 773 2072 France,
800 2024 904 2061 Jean
947 2024 996 2061 II
1027 2033 1062 2062 et
1094 2024 1257 2062 Charles
1293 2024 1327 2062 V
1358 2024 1634 2075 (1362-1370),
1671 2024 1798 2071 Paris,
1842 2021 1956 2070 18883

249 2097 287 2132 p.
313 2082 409 2132 5-6>.
867 2092 872 2099 ‘

304 2142 345 2181 P.
384 2141 473 2189 349,
509 2143 575 2192 lig.
614 2142 648 2182 5.
687 2143 999 2181 CONSECRATUS
1037 2158 1088 2180 ET
1134 2157 1388 2181 CORONAT-US
1408 2143 1433 2182 2.
1473 2143 1710 2182 Matthaeus
1756 2142 1956 2180 Villanius

247 2201 316 2240 lib.
346 2201 420 2249 XI,
447 2216 534 2252 cap.
563 2216 667 2239 XXVI
704 2202 933 2251 [Muratori,
959 2211 988 2242 t.
1017 2217 1102 2250 XIV,
1125 2203 1198 2242 col.
1222 2202 1321 2253 710]
1339 2218 1345 2240 :
1363 2217 1474 2252 prese
1499 2203 1529 2240 il
1552 2211 1684 2254 monto
1707 2217 1725 2240 e
1751 2203 1790 2240 la
1813 2215 1956 2239 corona

248 2275 270 2297 a
299 2261 339 2297 di
365 2261 421 2297 sei
449 2261 489 2298 di
517 2261 730 2300 novembre.

304 2320 344 2358 P.
372 2320 460 2368 349,
485 2321 551 2370 lig.
579 2320 613 2359 5.
641 2321 914 2360 CORONATUS.
943 2321 1156 2359 Ciaconius
1182 2329 1222 2359 et
1245 2322 1313 2359 alii
1337 2321 1523 2360 scribunt
1547 2335 1640 2359 eum
1664 2335 1760 2359 suae
1786 2334 1955 2359 corona-

250 2379 372 2417 tionis
403 2380 576 2429 insignia
607 2380 831 2430 suscepisse
860 2395 932 2430 per
961 2394 1107 2418 manus
1137 2380 1309 2419 Arnaldi
1347 2381 1395 2419 de
1425 2380 1500 2418 Via
1531 2380 1694 2418 diaconi
1736 2379 1956 2429 cardinalis

253 2439 364 2476 tituli
388 2439 527 2477 Sancti
551 2440 777 2479 Eustachii.
804 2430 880 2478 Sed
900 2440 989 2477 illos
1012 2454 1144 2478 errare
1166 2454 1238 2478 nos
1262 2440 1359 2478 olim
1387 2440 1655 2488 ostendimus,
1678 2453 1772 2478 cum
1794 2446 1955 2477 constet

248 2498 356 2535 hunc
386 2498 618 2537 Arnaldum
647 2499 716 2536 diu
746 2507 843 2537 ante
872 2507 1084 2537 mortuum
1113 2514 1197 2537 esse
1228 2513 1353 2549 quam
1382 2499 1574 2537 Urbanus
1607 2499 1722 2537 fieret
1751 2498 1951 2549 pontifex

251 2557 293 2594 In
327 2557 508 2595 Secunda
538 2558 617 2596 vita
645 2558 744 2608 ejuS,
774 2573 813 2608 p.
845 2558 935 2605 384,
969 2567 1009 2597 et
1033 2559 1144 2608 apud
1176 2558 1398 2597 Odoricum
1430 2558 1707 2607 Raynaldum,
1739 2572 1803 2597 an.
1837 2556 1951 2604 1362,

254 2616 269 2663 ξ
288 2616 323 2663 5,
346 2617 380 2664 7,
400 2617 600 2666 scriptum
620 2626 681 2655 est
698 2618 814 2655 illum
833 2618 957 2656 fuisse
976 2626 1220 2656 coronatum
1239 2632 1260 2656 a
1280 2618 1487 2656 cardinale
1507 2617 1799 2667 Magalonensi,
1817 2616 1859 2654 id
1877 2624 1951 2663 est,

247 2676 297 2712 ab
331 2676 535 2724 Audoyno
569 2677 741 2721 Alberti,
765 2678 956 2727 episcopo
990 2677 1181 2725 Ostiensi,
1217 2677 1285 2726 qui
1318 2674 1441 2726 <fulgo
1474 2677 1704 2715 vocabatur
1737 2675 1953 2714 cardinalis

248 2734 556 2779 M‘agalonensis.

294 2890 324 2921 Ί,
356 2889 739 2929 Albanes-Chevalier,
774 2890 880 2923 Actes
914 2891 1062 2923 anciens
1095 2895 1126 2923 et
1160 2890 1363 2923 documents
1397 2895 1611 2925 concernant
1650 2889 1679 2922 le
1715 2889 1955 2923 bienheureux

252 2941 391 2973 ῙῘνΙηιίιι
421 2943 460 2981 V,
490 2943 602 2982 Paris,
629 2944 733 2981 1897,
760 2950 785 2976 t.
810 2955 833 2983 Ι,
861 2955 894 2987 p.
921 2944 1000 2977 377.

294 2995 323 3028 2.
357 2995 530 3028 Hesterna
551 2997 607 3029 die
629 2996 732 3028 VIII
760 2997 842 3030 idus
869 2996 1069 3029 novembris
1106 2997 1382 3029 consecrationis
1408 3001 1438 3029 et
1467 2996 1721 3029 benedictionis
1748 3006 1881 3028 munus
1908 3006 1949 3038 ac

245 3050 484 3081 coronationis
507 3050 671 3092 insignia
690 3050 899 3093 recepimus,
925 3055 962 3083 ut
981 3055 1030 3082 est
1051 3050 1170 3089 moris,
1194 3049 1285 3083 ecrit
1307 3049 1450 3082 Urbain
1471 3049 1514 3089 V,
1532 3050 1563 3082 le
1586 3050 1605 3082 7
1628 3049 1830 3082 novembre
1857 3049 1949 3082 1362

250 3100 490 3137 (chaclmux,
515 3114 547 3135 n.
572 3102 619 3145 3).
645 3103 733 3135 Fuit
753 3108 941 3136 coronatus
963 3103 1020 3136 die
1041 3103 1224 3136 dominica
1243 3103 1402 3145 sequenti
1427 3102 1483 3135 VI
1509 3102 1720 3141 novembris,
1754 3113 1824 3145 qua
1847 3102 1903 3135 die
1921 3102 1952 3135 V

247 3155 421 3195 incipitur
444 3154 521 3196 ejus
543 3155 777 3198 pontificatus
804 3156 993 3199 (Introitus
1017 3161 1047 3189 et
1069 3156 1211 3195 Exitus,
1238 3162 1263 3189 t.
1292 3156 1371 3195 298,
1396 3156 1457 3189 sol.
1484 3156 1500 3188 ’1
1527 3155 1586 3199 ι’θ).

1522 3279 1540 3294 0
