2083 3458
309 203 390 244 828
958 218 1109 243 NOTAE
1144 218 1204 242 AD
1238 217 1366 242 VITAs
1862 198 2016 253 [1312]

306 318 389 341 esse
427 311 521 353 post
565 302 724 340 obitum
762 300 982 340 Clementis
1019 309 1060 339 et
1095 300 1138 338 in
1172 300 1278 339 illius
1316 298 1551 338 obedientia
1588 314 1607 338 e
1643 299 1731 337 vita
1766 299 1960 348 migrasse
1988 298 2019 336 1.

360 363 403 400 P.
423 362 513 409 490,
531 362 597 411 lig.
618 362 678 399 12.
700 362 958 398 AYMEmcus
980 375 1033 397 DE
1054 361 1288 398 MANHAco.
1313 360 1358 397 In
1384 360 1461 397 hoc
1486 359 1576 397 loco
1602 374 1674 410 per
1700 358 2020 408 incogitantiam

307 422 666 472 typographorum
709 420 910 458 admissus
954 428 1016 458 est
1057 435 1167 458 error
1209 419 1473 470 gravissimus
1515 419 1558 456 in
1598 418 1778 457 editione
1819 418 2019 468 Bosqueti

309 489 451 519 contra
489 481 612 519 iidem
647 480 831 518 omnium
865 488 1055 518 veterum
1087 479 1400 530 exemplarium.
1437 477 1606 519 Omissis
1640 478 1750 517 enim
1782 478 2019 517 nominibus

307 540 512 590 Aymerici
545 541 592 578 de
627 541 829 578 Manhaco
861 548 901 578 et
935 539 1106 578 Joannis
1141 539 1189 578 de
1242 539 1500 580 Novocastro
1533 537 1589 576 sic
1621 537 1781 577 editum
1812 537 1892 576 illic
1925 547 2021 576 est:

308 600 545 650 Aymericus
567 601 611 637 de
636 600 812 637 Masuus
838 608 930 637 tunc
954 599 1165 649 episcopus
1193 599 1444 637 Tatellensis.
1463 598 1527 636 Ex
1552 612 1632 648 quo
1659 612 1747 645 nos,
1773 597 1844 648 qui
1867 598 2018 636 nescie-

306 660 451 700 bamus
486 660 623 697 locum
656 659 770 697 illum
805 674 889 697 esse
933 659 1179 697 mendosum
1212 673 1257 696 ac
1293 658 1502 706 mutilum,
1536 657 1772 707 collegimus
1806 657 1849 695 in
1890 657 2017 696 initiis

306 719 538 757 studiorum
562 727 798 757 nostrorum
816 718 1081 768 Aymericum
1106 718 1153 756 de
1172 719 1337 756 Masuus
1357 717 1614 756 >cardinalem
1629 717 1911 768 reponendum
1932 732 2019 756 esse

306 779 412 817 inter
437 778 648 829 episcopos
675 779 844 817 Tutelae
879 778 1038 828 patriae
1065 786 1244 816 nostrae.
1275 778 1420 827 Itaque
1447 791 1541 816 cum
1565 791 1674 815 anno
1700 777 1912 815 MDCLIV
1937 777 2019 816 illic

306 839 516 877 ederemus
541 839 710 878 brevem
734 838 970 888 catalogum
993 838 1232 877 eorumdem
1258 837 1559 888 episcoporum,
1583 837 1690 875 inter
1714 851 1779 875 eos
1804 836 2016 887 posuimus

308 898 573 948 Aymericum
591 898 639 936 de
659 899 824 936 Masuus
844 898 1108 936 cardinalem.
1129 898 1277 935 Postea
1296 896 1607 937 Sammarthani
1632 897 1880 935 transtulere
1907 897 2020 935 hunc

307 958 543 1007 catalogum
566 958 607 995 in
630 966 793 995 tomum
816 957 989 996 tertium
1020 957 1174 995 Galliae
1212 957 1466 995 christianae.
1494 957 1548 995 Et
1572 955 1673 994 mihi
1698 955 1865 1006 quidem
1889 956 2018 995 credi—

306 1017 455 1055 derunt
484 1018 532 1055 de
560 1017 725 1056 nomine
753 1017 947 1068 episcopi.
972 1018 1162 1055 Ceterum
1192 1017 1239 1055 de
1265 1016 1474 1069 dignitate·
1491 1016 1578 1067 ejus
1608 1015 1869 1055 cardinalitia
1897 1015 2013 1055 silue-

305 1085 415 1124 runt,
440 1077 726 1115 existimantes
751 1076 908 1126 aliquid
931 1076 988 1114 ibi
1010 1076 1111 1117 mihi
1133 1076 1331 1122 excidisse
1355 1076 1480 1114 falsae
1505 1075 1722 1127 opinionis,
1746 1075 1842 1126 quia
1865 1090 2020 1115 nomen

305 1136 422 1175 istius
445 1136 663 1175 cardinalis
686 1151 768 1174 non
789 1136 1059 1175 inveniebant
1080 1136 1192 1186 apud
1213 1144 1401 1174 auctores
1425 1135 1495 1186 qui
1515 1143 1752 1174 tractarunt
1773 1135 1822 1174 de
1843 1135 2017 1174 historia

306 1196 592 1235 cardinalium.
610 1197 761 1234 Verum
783 1196 815 1234 si
835 1196 893 1233 illi
913 1196 1191 1234 attendissent
1211 1196 1264 1233 ad
1284 1196 1422 1234 locum
1442 1195 1551 1233 unde
1572 1210 1645 1246 ego
1661 1195 1739 1233 ista
1761 1209 2019 1245 acceperam,

307 1256 491 1294 fortassis
509 1270 671 1295 mecum
688 1271 734 1294 eo
751 1264 936 1306 tempore
953 1255 1189 1294 sensissent.
1209 1256 1328 1293 Nunc
1345 1255 1486 1305 itaque
1512 1255 1716 1293 admoneo
1738 1255 1849 1293 hunc
1866 1254 2015 1304 Ayme-

305 1315 449 1363 ricum,
468 1315 538 1365 qui
555 1316 688 1353 nullus
710 1315 800 1363 fuit,
819 1330 902 1354 esse
921 1316 1143 1354 delendum
1160 1329 1211 1353 ex
1228 1315 1414 1364 Catologo
1431 1315 1709 1365 episcoporum
1729 1314 2019 1353 Tutelensium.

359 1375 618 1413 AYMEfflcus
650 1390 704 1412 DE
740 1375 958 1413 MANHAco
989 1390 1039 1413 ex
1080 1375 1257 1425 antiqua·
1296 1374 1514 1413 nobilitate
1549 1373 1833 1414 Lemovicensi
1875 1374 2016 1425 oppidi

306 1435 417 1484 quod
442 1434 757 1484 cognominatur
784 1435 831 1473 de
858 1435 1009 1473 Sancto
1035 1435 1231 1481 Juniano,
1257 1449 1307 1472 ex
1332 1448 1412 1484 qua
1441 1434 1617 1472 vetustis
1641 1434 1898 1485 temporibus
1923 1448 2016 1485 pro-

306 1494 382 1532 diit
408 1494 523 1531 Alaiz
550 1494 598 1532 de
626 1494 799 1544 Magnae
827 1509 929 1532 uxor
958 1495 1170 1534 Ramnulfi
1196 1493 1450 1532 vicecomitis
1479 1494 1749 1542 Albuciensis,
1778 1508 1882 1544 quae
1909 1493 2015 1532 circa

305 1567 461 1591 annum
488 1553 751 1592 millesimum
778 1554 1047 1592 centesimum
1077 1554 1208 1592 vitam
1247 1568 1340 1593 cum
1367 1562 1499 1593 morte
1535 1553 1826 1592 commutavit.
1857 1553 2018 1592 Eadem

304 1621 555 1663 tempestate
572 1613 743 1651 vivebat
768 1613 992 1663 pernobilis
1016 1628 1199 1663 persona,
1216 1622 1263 1651 ut
1287 1612 1436 1663 legitur
1460 1613 1502 1650 in
1526 1612 1657 1651 veteri
1681 1612 1832 1651 notitia
1852 1627 2017 1652 monas-

305 1672 397 1710 terii
423 1672 565 1711 Sancti
592 1672 791 1711 Martialis
819 1672 1137 1720 Lemovicensis,
1164 1672 1328 1710 nomine
1355 1673 1491 1720 Agnes
1515 1672 1558 1709 de
1575 1673 1791 1721 Magnaco,
1818 1687 1916 1711 uxor
1933 1672 2013 1711 Ste—

306 1732 432 1781 phani
464 1732 507 1768 (le
536 1732 640 1771 Bles.
676 1732 787 1770 Inter
815 1741 942 1770 testes
972 1732 1091 1770 istius
1122 1732 1296 1770 notitiae
1327 1732 1597 1770 nominantur
1623 1732 1733 1772 idem
1763 1732 2012 1783 Stephanus,

306 1791 409 1829 alter
429 1791 664 1842 Stephanus
685 1792 732 1830 de
752 1792 843 1830 Bles
868 1792 973 1829 filius
993 1792 1080 1841 ejus
1100 1800 1141 1830 et
1162 1791 1330 1841 Agnetis
1351 1792 1399 1829 de
1421 1792 1634 1841 Magnaco,
1654 1800 1694 1830 et
1715 1792 1942 1832 Joscelmus
1964 1791 2017 1830 der

308 1851 519 1900 Magnaco.
547 1851 669 1889 Istius
695 1851 889 1890 Joscelmi
913 1851 984 1888 filii
1005 1851 1127 1889 fuisse
1149 1851 1345 1889 videntur
1369 1851 1515 1889 Iterius
1537 1859 1579 1889 et
1601 1851 1834 1902 Stephanus
1857 1852 1905 1890 de
1928 1851 2012 1889 Ma—

307 1924 435 1959 gnaco
460 1910 606 1948 fratres
632 1910 947 1951 commemorati
969 1911 1011 1948 in
1035 1911 1114 1948 alia
1139 1910 1289 1949 notitia
1314 1911 1499 1961 ejusdem
1524 1911 1764 1949 monasterii
1787 1911 1885 1949 data
1909 1919 2012 1962 tem-

304 1969 471 2019 poribus
504 1970 705 2008 Ludovici
735 1970 831 2017 VII,
861 1970 963 2020 regis
997 1971 1262 2017 Francorum,
1289 1970 1454 2008 Geraldi
1483 1970 1664 2023 episcopi
1694 1970 2017 2019 Lemovicensis,

305 2037 346 2067 et
372 2029 587 2068 Amblardi
611 2030 776 2068 abbatis
805 2029 945 2068 Sancti
972 2029 1186 2077 Martialis,
1212 2030 1252 2067 id
1279 2038 1355 2077 est,
1382 2030 1486 2068 circa
1513 2044 1670 2068 annum
1696 2030 1862 2069 MCXL.

363 2089 444 2126 Iste
458 2088 623 2127 videtur
635 2089 757 2127 fuisse
775 2089 901 2127 frater
917 2089 1029 2127 Iterii
1043 2090 1091 2128 de
1107 2089 1304 2139 Magnaco
1317 2089 1474 2126 baillivi
1488 2089 1811 2139 Andegavensis,
1824 2090 1876 2127 ad
1891 2104 2019 2140 quem

306 2147 447 2185 scribit
462 2148 645 2186 Clemens
663 2149 718 2185 VI
734 2163 842 2186 anno
859 2158 1008 2198 quarto
1025 2148 1040 2171 2
1058 2148 1120 2187 sui
1135 2149 1405 2199 pontificatus
1422 2148 1462 2186 in
1478 2149 1655 2199 gratiam
1671 2149 1782 2188 Petri
1797 2149 1845 2187 de
1861 2149 2013 2187 Sancto

308 2207 495 2245 Martiale
522 2208 739 2255 domicelli,
766 2208 836 2258 qui
861 2208 1087 2257 quamdam
1111 2216 1265 2248 terram
1290 2223 1383 2248 cum
1407 2208 1692 2258 jurisdictione
1717 2209 1802 2246 alta
1826 2217 1867 2247 et
1892 2209 2012 2247 bassa

307 2266 489 2304 habebat
518 2267 559 2304 in
588 2267 776 2317 partibus
808 2268 1169 2307 Lemovicensibus
1201 2282 1305 2317 quae
1335 2268 1387 2305 ab
1417 2268 1563 2306 eodem
1595 2268 1717 2306 Iterio
1746 2268 1878 2306 teneri
1907 2268 2012 2307 dice-

307 2325 430 2363 batur
452 2326 493 2363 in
516 2326 699 2364 feudum.
726 2327 931 2365 Eumdem
958 2327 1128 2365 Iterium
1150 2327 1259 2366 idem
1283 2328 1467 2367 Clemens
1491 2327 1579 2367 aliis
1602 2327 1729 2366 literis
1753 2327 1861 2365 datis
1883 2327 2013 2378 pridie

305 2384 394 2422 idus
424 2384 502 2436 [12]
528 2386 707 2435 januarii
730 2400 838 2424 anno
865 2387 1011 2436 quinto
1038 2386 1172 2436 [1347]
1200 2387 1466 2426 commendat
1492 2386 1682 2437 Philippo
1699 2387 1756 2424 VI
1780 2386 1863 2437 regi
1888 2387 2013 2425 Fran-

306 2444 405 2491 ciae,
443 2445 631 2494 inquiens
679 2454 841 2495 patrem
890 2446 992 2495 ejus,
1031 2446 1130 2485 dum
1168 2446 1340 2493 viveret,
1381 2446 1585 2496 obsequiis
1634 2446 1751 2496 regiis
1800 2445 2012 2485 institisse.

306 2504 512 2552 Aymerici
538 2504 665 2542 frater
702 2513 812 2543 certo
848 2505 927 2542 fuit
963 2506 1107 2543 Petrus
1135 2506 1183 2543 de
1221 2506 1434 2555 Magnaco,
1463 2520 1585 2555 quem
1619 2505 1859 2556 pincernam
1893 2520 2021 2544 suum.

306 2571 428 2600 vocat
456 2564 630 2601 Karolus
656 2564 689 2601 V
712 2579 783 2602 rex
810 2565 1061 2605 Francorum
1084 2565 1125 2602 in
1149 2565 1275 2603 literis
1301 2565 1408 2603 datis
1432 2565 1545 2616 apud
1569 2565 1870 2615 Compendium
1904 2579 2012 2603 anno

308 2621 642 2670 MCCCLXXIV,
664 2623 726 2661 die
748 2624 924 2673 septima
944 2624 1063 2673 junii,
1086 2624 1233 2674 quibus
1256 2624 1291 2662 ei
1310 2624 1694 2674 successoribusque
1715 2624 1802 2674 ejus
1824 2624 2021 2663 concedit.

306 2689 471 2718 centuni
510 2682 679 2719 libratas
709 2691 950 2721 turonenses
981 2691 1113 2721 terrae
1143 2698 1213 2721 seu
1242 2683 1370 2721 annui
1398 2692 1439 2721 et
1469 2683 1658 2733 perpetui
1687 2683 1871 2721 redditus
1901 2683 1941 2721 in
1972 2691 2013 2722 et

306 2753 425 2788 super
454 2741 642 2779 munibus
672 2742 787 2779 bonis
819 2756 921 2791 quae
952 2742 1124 2780 fuerant>
1140 2743 1251 2780 Petri
1280 2742 1442 2792 Rogerii
1467 2742 1663 2781 advocati
1690 2742 1788 2792 regii
1809 2742 1851 2780 in
1869 2744 2012 2783 Lemo-

308 2798 453 2845 vivian,
482 2800 550 2848 qui
576 2800 829 2849 proditiones
856 2801 1106 2841 commisisse
1135 2802 1350 2840 dicebatur
1375 2810 1518 2840 contra
1544 2802 1809 2851 majestatem
1837 2802 2010 2852 regiam;

357 2940 387 2971 1.
417 2940 504 2972 Voir
527 2941 568 2973 N.
592 2942 718 2974 Valois
743 2943 782 2984 (t.
804 2955 827 2979 1.
849 2955 884 2986 p.
907 2944 974 2976 197
996 2950 1033 2976 et
1054 2950 1080 2976 t.
1100 2956 1138 2983 11,
1160 2956 1194 2988 p.
1217 2945 1315 2988 316).
1335 2964 1384 2967 »-
1403 2944 1474 2977 Sur
1492 2945 1524 2977 le
1544 2944 1725 2984 cardinal,
1748 2943 1829 2977 voir
1846 2943 2022 2977 Histoire⁴

308 2993 347 3022 {le
369 2992 517 3025 Chat-lae
542 2995 596 3026 sl
622 2995 669 3038 (p.
694 2996 776 3038 770)
802 3003 839 3028 et
862 2996 921 3028 Du
944 2997 1103 3040 Boulay,
1128 3003 1153 3030 t.
1176 3009 1227 3037 1v,
1250 3010 1285 3042 p.
1309 2998 1390 3037 903,
1414 2999 1495 3037 958,
1519 2998 1590 3031 974
1623 2997 1809 3041 [Baluze].

358 3049 385 3077 3.
419 3046 522 3079 Lis-07.
551 3048 661 3085 lertio,
692 3049 923 3081 c'cst-a-dirc
953 3049 983 3082 le
1012 3050 1056 3082 19
1083 3050 1159 3082 mai
1187 3051 1280 3084 1344
1313 3052 1475 3093 (Baluze,
1502 3057 1529 3084 t.
1555 3063 1607 3090 1v‚
1630 3063 1665 3095 p.
1695 3050 1774 3094 51);
1803 3050 1884 3083 voir
1911 3049 2018 3096 aussi*

310 3096 452 3139 Deprez
489 3102 535 3141 (ιι.
574 3101 691 3144 1496).
