<?xml version="1.0" encoding="UTF-8"?>
<!DOCTYPE html PUBLIC "-//W3C//DTD XHTML 1.0 Transitional//EN"
    "http://www.w3.org/TR/xhtml1/DTD/xhtml1-transitional.dtd">
<html xmlns="http://www.w3.org/1999/xhtml" xml:lang="en" lang="en">
 <head>
  <title>
</title>
<meta http-equiv="Content-Type" content="text/html;charset=utf-8" />
  <meta name='ocr-system' content='tesseract 3.04.00' />
  <meta name='ocr-capabilities' content='ocr_page ocr_carea ocr_par ocr_line ocrx_word'/>
</head>
<body>
  <div class='ocr_page' id='page_1' title='image "./vitaepaparumaven02balu_0596.png"; bbox 0 0 2083 3458; ppageno 0'>
   <div class='ocr_carea' id='block_1_1' title="bbox 253 250 1963 307">
    <p class='ocr_par' dir='ltr' id='par_1_1' title="bbox 253 250 1963 307">
     <span class='ocr_line' id='line_1_1' title="bbox 253 250 1963 307; baseline -0.002 -12"><span class='ocrx_word' id='word_1_1' title='bbox 253 254 334 296; x_wconf 77' lang='lat'>586</span> <span class='ocrx_word' id='word_1_2' title='bbox 901 266 1054 291; x_wconf 75' lang='lat' dir='ltr'><strong>NOTAE</strong></span> <span class='ocrx_word' id='word_1_3' title='bbox 1089 266 1149 291; x_wconf 85' lang='lat' dir='ltr'>AD</span> <span class='ocrx_word' id='word_1_4' title='bbox 1186 265 1314 291; x_wconf 83' lang='lat' dir='ltr'>VITAs</span> <span class='ocrx_word' id='word_1_5' title='bbox 1807 250 1963 307; x_wconf 81' lang='grc'>[1067]</span> 
     </span>
    </p>
   </div>
   <div class='ocr_carea' id='block_1_2' title="bbox 248 351 2020 2716">
    <p class='ocr_par' dir='ltr' id='par_1_2' title="bbox 248 351 2020 1055">
     <span class='ocr_line' id='line_1_2' title="bbox 252 351 1964 402; baseline -0.002 -11"><span class='ocrx_word' id='word_1_6' title='bbox 252 362 297 391; x_wconf 88' lang='lat' dir='ltr'>ut</span> <span class='ocrx_word' id='word_1_7' title='bbox 324 354 477 392; x_wconf 84' lang='lat' dir='ltr'>diceret</span> <span class='ocrx_word' id='word_1_8' title='bbox 504 353 682 390; x_wconf 87' lang='lat' dir='ltr'>noluisse</span> <span class='ocrx_word' id='word_1_9' title='bbox 709 366 749 391; x_wconf 88' lang='lat' dir='ltr'>se</span> <span class='ocrx_word' id='word_1_10' title='bbox 778 352 1002 401; x_wconf 84' lang='lat' dir='ltr'>quicquam</span> <span class='ocrx_word' id='word_1_11' title='bbox 1028 359 1192 389; x_wconf 88' lang='lat' dir='ltr'>mutare</span> <span class='ocrx_word' id='word_1_12' title='bbox 1216 351 1259 389; x_wconf 90' lang='lat' dir='ltr'>in</span> <span class='ocrx_word' id='word_1_13' title='bbox 1286 351 1417 390; x_wconf 88' lang='lat' dir='ltr'>forma</span> <span class='ocrx_word' id='word_1_14' title='bbox 1445 351 1718 402; x_wconf 80' lang='lat' dir='ltr'>expeditionis</span> <span class='ocrx_word' id='word_1_15' title='bbox 1748 352 1964 391; x_wconf 87' lang='lat' dir='ltr'>literarum</span> 
     </span>
     <span class='ocr_line' id='line_1_3' title="bbox 251 411 1964 462; baseline -0.002 -11"><span class='ocrx_word' id='word_1_16' title='bbox 251 412 609 462; x_wconf 84' lang='lat' dir='ltr'>paenitentiariae,</span> <span class='ocrx_word' id='word_1_17' title='bbox 641 411 770 450; x_wconf 89' lang='lat' dir='ltr'>donec</span> <span class='ocrx_word' id='word_1_18' title='bbox 800 424 963 449; x_wconf 90' lang='lat' dir='ltr'>sacrum</span> <span class='ocrx_word' id='word_1_19' title='bbox 994 411 1210 461; x_wconf 82' lang='lat' dir='ltr'>collegium</span> <span class='ocrx_word' id='word_1_20' title='bbox 1240 411 1489 449; x_wconf 80' lang='lat' dir='ltr'>declarasset</span> <span class='ocrx_word' id='word_1_21' title='bbox 1520 411 1737 449; x_wconf 90' lang='lat' dir='ltr'>Urbanum</span> <span class='ocrx_word' id='word_1_22' title='bbox 1766 425 1849 449; x_wconf 92' lang='lat' dir='ltr'>non</span> <span class='ocrx_word' id='word_1_23' title='bbox 1879 425 1964 450; x_wconf 92' lang='lat' dir='ltr'>esse</span> 
     </span>
     <span class='ocr_line' id='line_1_4' title="bbox 250 469 1966 522; baseline -0.002 -12"><span class='ocrx_word' id='word_1_24' title='bbox 250 485 416 522; x_wconf 87' lang='lat' dir='ltr'>papam.</span> <span class='ocrx_word' id='word_1_25' title='bbox 446 471 564 509; x_wconf 86' lang='lat' dir='ltr'>Hanc</span> <span class='ocrx_word' id='word_1_26' title='bbox 590 485 686 509; x_wconf 76' lang='lat' dir='ltr'>vero</span> <span class='ocrx_word' id='word_1_27' title='bbox 711 470 1020 520; x_wconf 84' lang='lat' dir='ltr'>responsionem</span> <span class='ocrx_word' id='word_1_28' title='bbox 1046 469 1124 508; x_wconf 91' lang='lat' dir='ltr'>sibi</span> <span class='ocrx_word' id='word_1_29' title='bbox 1149 470 1304 508; x_wconf 90' lang='lat' dir='ltr'>dictam</span> <span class='ocrx_word' id='word_1_30' title='bbox 1330 470 1454 508; x_wconf 88' lang='lat' dir='ltr'>fuisse</span> <span class='ocrx_word' id='word_1_31' title='bbox 1479 484 1501 508; x_wconf 91' lang='lat' dir='ltr'>a</span> <span class='ocrx_word' id='word_1_32' title='bbox 1528 470 1650 509; x_wconf 90' lang='lat' dir='ltr'>Petro</span> <span class='ocrx_word' id='word_1_33' title='bbox 1676 470 1725 508; x_wconf 91' lang='lat' dir='ltr'>de</span> <span class='ocrx_word' id='word_1_34' title='bbox 1745 471 1860 509; x_wconf 89' lang='lat' dir='ltr'>Luna</span> <span class='ocrx_word' id='word_1_35' title='bbox 1885 478 1966 508; x_wconf 91' lang='lat' dir='ltr'>tes-</span> 
     </span>
     <span class='ocr_line' id='line_1_5' title="bbox 252 528 1966 577; baseline -0.002 -8"><span class='ocrx_word' id='word_1_36' title='bbox 252 539 367 569; x_wconf 87' lang='lat' dir='ltr'>tatur</span> <span class='ocrx_word' id='word_1_37' title='bbox 392 530 633 569; x_wconf 90' lang='lat' dir='ltr'>Fernandus</span> <span class='ocrx_word' id='word_1_38' title='bbox 662 529 786 577; x_wconf 88' lang='lat' dir='ltr'>Petri,</span> <span class='ocrx_word' id='word_1_39' title='bbox 814 530 993 569; x_wconf 88' lang='lat' dir='ltr'>decanus</span> <span class='ocrx_word' id='word_1_40' title='bbox 1020 529 1302 568; x_wconf 89' lang='lat' dir='ltr'>Tirasonensis</span> <span class='ocrx_word' id='word_1_41' title='bbox 1322 528 1338 551; x_wconf 78' lang='lat'>1</span> <span class='ocrx_word' id='word_1_42' title='bbox 1365 545 1372 567; x_wconf 93' lang='lat'>:</span> <span class='ocrx_word' id='word_1_43' title='bbox 1399 528 1451 568; x_wconf 82' lang='lat' dir='ltr'>Et</span> <span class='ocrx_word' id='word_1_44' title='bbox 1483 530 1611 568; x_wconf 83' lang='lat' dir='ltr'>dictas</span> <span class='ocrx_word' id='word_1_45' title='bbox 1644 529 1865 568; x_wconf 87' lang='lat' dir='ltr'>cardinalis</span> <span class='ocrx_word' id='word_1_46' title='bbox 1889 543 1966 566; x_wconf 83' lang='lat' dir='ltr'>res-</span> 
     </span>
     <span class='ocr_line' id='line_1_6' title="bbox 252 588 1966 640; baseline -0.002 -12"><span class='ocrx_word' id='word_1_47' title='bbox 252 590 393 640; x_wconf 80' lang='lat' dir='ltr'>pondit</span> <span class='ocrx_word' id='word_1_48' title='bbox 413 589 504 627; x_wconf 74' lang='lat' dir='ltr'>sibiv</span> <span class='ocrx_word' id='word_1_49' title='bbox 519 589 622 639; x_wconf 76' lang='lat' dir='ltr'>quod</span> <span class='ocrx_word' id='word_1_50' title='bbox 645 589 722 627; x_wconf 82' lang='lat' dir='ltr'>ista</span> <span class='ocrx_word' id='word_1_51' title='bbox 745 589 894 639; x_wconf 77' lang='lat' dir='ltr'>questio</span> <span class='ocrx_word' id='word_1_52' title='bbox 915 589 1001 638; x_wconf 88' lang='lat' dir='ltr'>jam</span> <span class='ocrx_word' id='word_1_53' title='bbox 1022 588 1153 638; x_wconf 70' lang='lat' dir='ltr'>fuerat</span> <span class='ocrx_word' id='word_1_54' title='bbox 1176 597 1280 630; x_wconf 82' lang='lat' dir='ltr'>mota</span> <span class='ocrx_word' id='word_1_55' title='bbox 1304 588 1405 626; x_wconf 88' lang='lat' dir='ltr'>inter</span> <span class='ocrx_word' id='word_1_56' title='bbox 1426 589 1650 627; x_wconf 81' lang='lat' dir='ltr'>cardinales</span> <span class='ocrx_word' id='word_1_57' title='bbox 1681 598 1716 627; x_wconf 85' lang='lat' dir='ltr'>et</span> <span class='ocrx_word' id='word_1_58' title='bbox 1747 589 1850 639; x_wconf 79' lang='lat' dir='ltr'>qaod</span> <span class='ocrx_word' id='word_1_59' title='bbox 1884 602 1966 626; x_wconf 90' lang='lat' dir='ltr'>car-</span> 
     </span>
     <span class='ocr_line' id='line_1_7' title="bbox 252 647 1967 698; baseline -0.002 -11"><span class='ocrx_word' id='word_1_60' title='bbox 252 649 404 687; x_wconf 82' lang='lat' dir='ltr'>dinalis</span> <span class='ocrx_word' id='word_1_61' title='bbox 433 648 727 687; x_wconf 61' lang='lat' dir='ltr'>Lemoutcensis</span> <span class='ocrx_word' id='word_1_62' title='bbox 757 648 1014 698; x_wconf 74' lang='lat' dir='ltr'>responderat</span> <span class='ocrx_word' id='word_1_63' title='bbox 1043 648 1156 698; x_wconf 78' lang='lat' dir='ltr'>quod,</span> <span class='ocrx_word' id='word_1_64' title='bbox 1188 647 1225 685; x_wconf 85' lang='lat' dir='ltr'>si</span> <span class='ocrx_word' id='word_1_65' title='bbox 1257 648 1343 698; x_wconf 82' lang='lat' dir='ltr'>ipse</span> <span class='ocrx_word' id='word_1_66' title='bbox 1374 649 1579 687; x_wconf 81' lang='lat' dir='ltr'>mandaret</span> <span class='ocrx_word' id='word_1_67' title='bbox 1609 649 1711 698; x_wconf 81' lang='lat' dir='ltr'>qaod</span> <span class='ocrx_word' id='word_1_68' title='bbox 1740 648 1845 687; x_wconf 83' lang='lat' dir='ltr'>dicta</span> <span class='ocrx_word' id='word_1_69' title='bbox 1875 647 1967 685; x_wconf 90' lang='lat' dir='ltr'>data</span> 
     </span>
     <span class='ocr_line' id='line_1_8' title="bbox 253 706 2020 758; baseline -0.001 -12"><span class='ocrx_word' id='word_1_70' title='bbox 253 723 333 746; x_wconf 87' lang='lat' dir='ltr'>non</span> <span class='ocrx_word' id='word_1_71' title='bbox 371 716 638 758; x_wconf 76' lang='lat' dir='ltr'>apponeretur</span> <span class='ocrx_word' id='word_1_72' title='bbox 678 707 722 745; x_wconf 82' lang='lat' dir='ltr'>in</span> <span class='ocrx_word' id='word_1_73' title='bbox 760 707 877 745; x_wconf 85' lang='lat' dir='ltr'>dictis</span> <span class='ocrx_word' id='word_1_74' title='bbox 919 707 1045 745; x_wconf 90' lang='lat' dir='ltr'>literis</span> <span class='ocrx_word' id='word_1_75' title='bbox 1073 707 1369 758; x_wconf 82' lang='lat' dir='ltr'>penitentiarie,</span> <span class='ocrx_word' id='word_1_76' title='bbox 1408 707 1494 757; x_wconf 89' lang='lat' dir='ltr'>jam</span> <span class='ocrx_word' id='word_1_77' title='bbox 1524 708 1718 746; x_wconf 65' lang='lat' dir='ltr'>videretur</span> <span class='ocrx_word' id='word_1_78' title='bbox 1750 707 1853 758; x_wconf 82' lang='lat' dir='ltr'>qaod</span> <span class='ocrx_word' id='word_1_79' title='bbox 1883 706 1970 757; x_wconf 85' lang='lat' dir='ltr'>ipse</span> <span class='ocrx_word' id='word_1_80' title='bbox 2016 733 2020 735; x_wconf 79' lang='grc'><strong>-</strong></span> 
     </span>
     <span class='ocr_line' id='line_1_9' title="bbox 251 766 1970 817; baseline -0.001 -11"><span class='ocrx_word' id='word_1_81' title='bbox 251 768 361 806; x_wconf 73' lang='lat' dir='ltr'>solus</span> <span class='ocrx_word' id='word_1_82' title='bbox 388 767 613 806; x_wconf 78' lang='lat' dir='ltr'>declarabat</span> <span class='ocrx_word' id='word_1_83' title='bbox 640 767 756 805; x_wconf 78' lang='lat' dir='ltr'>illam</span> <span class='ocrx_word' id='word_1_84' title='bbox 783 781 863 805; x_wconf 88' lang='lat' dir='ltr'>non</span> <span class='ocrx_word' id='word_1_85' title='bbox 889 781 971 804; x_wconf 81' lang='lat' dir='ltr'>esse</span> <span class='ocrx_word' id='word_1_86' title='bbox 996 780 1161 817; x_wconf 82' lang='lat' dir='ltr'>papam.</span> <span class='ocrx_word' id='word_1_87' title='bbox 1192 766 1275 816; x_wconf 80' lang='lat' dir='ltr'>Que</span> <span class='ocrx_word' id='word_1_88' title='bbox 1310 767 1521 805; x_wconf 76' lang='lat' dir='ltr'>declaratio</span> <span class='ocrx_word' id='word_1_89' title='bbox 1557 782 1637 805; x_wconf 89' lang='lat' dir='ltr'>non</span> <span class='ocrx_word' id='word_1_90' title='bbox 1670 766 1894 817; x_wconf 72' lang='lat' dir='ltr'>pertinebat</span> <span class='ocrx_word' id='word_1_91' title='bbox 1918 766 1970 804; x_wconf 87' lang='lat' dir='ltr'>ad</span> 
     </span>
     <span class='ocr_line' id='line_1_10' title="bbox 253 826 1971 876; baseline -0.002 -11"><span class='ocrx_word' id='word_1_92' title='bbox 253 841 356 875; x_wconf 74' lang='lat' dir='ltr'>eum,</span> <span class='ocrx_word' id='word_1_93' title='bbox 385 827 454 864; x_wconf 87' lang='lat' dir='ltr'>sed</span> <span class='ocrx_word' id='word_1_94' title='bbox 480 827 532 864; x_wconf 82' lang='lat' dir='ltr'>ad</span> <span class='ocrx_word' id='word_1_95' title='bbox 560 826 782 876; x_wconf 75' lang='lat' dir='ltr'>collegium.</span> <span class='ocrx_word' id='word_1_96' title='bbox 816 826 868 864; x_wconf 93' lang='lat' dir='ltr'>Et</span> <span class='ocrx_word' id='word_1_97' title='bbox 894 835 1054 876; x_wconf 80' lang='lat' dir='ltr'>propter</span> <span class='ocrx_word' id='word_1_98' title='bbox 1082 826 1151 864; x_wconf 76' lang='lat' dir='ltr'>hoc</span> <span class='ocrx_word' id='word_1_99' title='bbox 1180 840 1259 864; x_wconf 89' lang='lat' dir='ltr'>non</span> <span class='ocrx_word' id='word_1_100' title='bbox 1288 826 1465 864; x_wconf 78' lang='lat' dir='ltr'>cessabat</span> <span class='ocrx_word' id='word_1_101' title='bbox 1492 827 1637 865; x_wconf 82' lang='lat' dir='ltr'>dictam</span> <span class='ocrx_word' id='word_1_102' title='bbox 1666 828 1800 864; x_wconf 90' lang='lat' dir='ltr'>datam</span> <span class='ocrx_word' id='word_1_103' title='bbox 1827 839 1971 876; x_wconf 80' lang='lat' dir='ltr'>ponere</span> 
     </span>
     <span class='ocr_line' id='line_1_11' title="bbox 254 884 1971 936; baseline -0.001 -12"><span class='ocrx_word' id='word_1_104' title='bbox 254 887 372 924; x_wconf 83' lang='lat' dir='ltr'>donec</span> <span class='ocrx_word' id='word_1_105' title='bbox 398 886 505 935; x_wconf 77' lang='lat' dir='ltr'>fieret</span> <span class='ocrx_word' id='word_1_106' title='bbox 530 886 636 924; x_wconf 84' lang='lat' dir='ltr'>dicta</span> <span class='ocrx_word' id='word_1_107' title='bbox 659 885 885 924; x_wconf 82' lang='lat' dir='ltr'>declaratio.</span> <span class='ocrx_word' id='word_1_108' title='bbox 916 886 1075 924; x_wconf 89' lang='lat' dir='ltr'>Eadem</span> <span class='ocrx_word' id='word_1_109' title='bbox 1099 886 1312 936; x_wconf 86' lang='lat' dir='ltr'>responsio</span> <span class='ocrx_word' id='word_1_110' title='bbox 1331 886 1536 936; x_wconf 87' lang='lat' dir='ltr'>reperitur</span> <span class='ocrx_word' id='word_1_111' title='bbox 1559 886 1602 924; x_wconf 91' lang='lat' dir='ltr'>in</span> <span class='ocrx_word' id='word_1_112' title='bbox 1622 884 1971 936; x_wconf 81' lang='lat' dir='ltr'>Responsionibas</span> 
     </span>
     <span class='ocr_line' id='line_1_12' title="bbox 252 944 1971 995; baseline -0.002 -11"><span class='ocrx_word' id='word_1_113' title='bbox 252 946 305 984; x_wconf 88' lang='lat' dir='ltr'>ad</span> <span class='ocrx_word' id='word_1_114' title='bbox 327 946 501 984; x_wconf 82' lang='lat' dir='ltr'>rationes</span> <span class='ocrx_word' id='word_1_115' title='bbox 527 945 808 994; x_wconf 80' lang='lat' dir='ltr'>Anglicoram,</span> <span class='ocrx_word' id='word_1_116' title='bbox 833 945 877 983; x_wconf 92' lang='lat' dir='ltr'>in</span> <span class='ocrx_word' id='word_1_117' title='bbox 903 945 1051 995; x_wconf 90' lang='lat' dir='ltr'>quibus</span> <span class='ocrx_word' id='word_1_118' title='bbox 1078 945 1134 983; x_wconf 90' lang='lat' dir='ltr'>sic</span> <span class='ocrx_word' id='word_1_119' title='bbox 1159 946 1362 995; x_wconf 87' lang='lat' dir='ltr'>scriptum</span> <span class='ocrx_word' id='word_1_120' title='bbox 1387 953 1449 984; x_wconf 87' lang='lat' dir='ltr'>est</span> <span class='ocrx_word' id='word_1_121' title='bbox 1475 961 1483 983; x_wconf 75' lang='grc' dir='ltr'><strong><em>ε</em></strong></span> <span class='ocrx_word' id='word_1_122' title='bbox 1509 946 1591 983; x_wconf 83' lang='lat' dir='ltr'>Hic</span> <span class='ocrx_word' id='word_1_123' title='bbox 1614 946 1750 994; x_wconf 76' lang='lat' dir='ltr'>agitur</span> <span class='ocrx_word' id='word_1_124' title='bbox 1773 945 1902 983; x_wconf 79' lang='lat' dir='ltr'>solam</span> <span class='ocrx_word' id='word_1_125' title='bbox 1927 944 1971 981; x_wconf 88' lang='lat' dir='ltr'>de</span> 
     </span>
     <span class='ocr_line' id='line_1_13' title="bbox 248 1003 842 1055; baseline -0.002 -12"><span class='ocrx_word' id='word_1_126' title='bbox 248 1004 502 1043; x_wconf 70' lang='lat' dir='ltr'>excusatione</span> <span class='ocrx_word' id='word_1_127' title='bbox 525 1019 691 1055; x_wconf 80' lang='lat' dir='ltr'>persone</span> <span class='ocrx_word' id='word_1_128' title='bbox 708 1003 736 1052; x_wconf 80' lang='lat'>2,</span> <span class='ocrx_word' id='word_1_129' title='bbox 764 1012 842 1046; x_wconf 82' lang='lat' dir='ltr'>etc.</span> 
     </span>
    </p>

    <p class='ocr_par' dir='ltr' id='par_1_3' title="bbox 250 1064 1975 1994">
     <span class='ocr_line' id='line_1_14' title="bbox 307 1064 1970 1115; baseline -0.001 -13"><span class='ocrx_word' id='word_1_130' title='bbox 307 1064 494 1102; x_wconf 79' lang='lat' dir='ltr'>Tandem</span> <span class='ocrx_word' id='word_1_131' title='bbox 516 1078 562 1102; x_wconf 87' lang='lat' dir='ltr'>ea</span> <span class='ocrx_word' id='word_1_132' title='bbox 586 1064 812 1103; x_wconf 79' lang='lat' dir='ltr'>declaratio</span> <span class='ocrx_word' id='word_1_133' title='bbox 836 1064 1109 1103; x_wconf 87' lang='lat' dir='ltr'>cardinalium</span> <span class='ocrx_word' id='word_1_134' title='bbox 1132 1065 1279 1103; x_wconf 89' lang='lat' dir='ltr'>emissa</span> <span class='ocrx_word' id='word_1_135' title='bbox 1303 1072 1365 1103; x_wconf 86' lang='lat' dir='ltr'>est</span> <span class='ocrx_word' id='word_1_136' title='bbox 1388 1064 1451 1102; x_wconf 91' lang='lat' dir='ltr'>die</span> <span class='ocrx_word' id='word_1_137' title='bbox 1475 1079 1582 1103; x_wconf 90' lang='lat' dir='ltr'>nona</span> <span class='ocrx_word' id='word_1_138' title='bbox 1605 1065 1785 1115; x_wconf 82' lang='lat' dir='ltr'>augusti,</span> <span class='ocrx_word' id='word_1_139' title='bbox 1809 1072 1851 1102; x_wconf 89' lang='lat' dir='ltr'>et</span> <span class='ocrx_word' id='word_1_140' title='bbox 1872 1077 1970 1103; x_wconf 87' lang='lat' dir='ltr'>mox</span> 
     </span>
     <span class='ocr_line' id='line_1_15' title="bbox 252 1123 1970 1174; baseline -0.002 -11"><span class='ocrx_word' id='word_1_141' title='bbox 252 1124 398 1163; x_wconf 80' lang='lat' dir='ltr'>electio</span> <span class='ocrx_word' id='word_1_142' title='bbox 429 1124 650 1162; x_wconf 89' lang='lat' dir='ltr'>Clementis</span> <span class='ocrx_word' id='word_1_143' title='bbox 683 1123 763 1161; x_wconf 92' lang='lat' dir='ltr'>VII</span> <span class='ocrx_word' id='word_1_144' title='bbox 793 1123 1016 1162; x_wconf 88' lang='lat' dir='ltr'>subsecuta</span> <span class='ocrx_word' id='word_1_145' title='bbox 1046 1124 1110 1162; x_wconf 88' lang='lat' dir='ltr'>die</span> <span class='ocrx_word' id='word_1_146' title='bbox 1140 1127 1206 1161; x_wconf 65' lang='lat' dir='ltr'>xx&#39;</span> <span class='ocrx_word' id='word_1_147' title='bbox 1230 1124 1380 1162; x_wconf 88' lang='lat' dir='ltr'>mensis</span> <span class='ocrx_word' id='word_1_148' title='bbox 1411 1124 1669 1174; x_wconf 75' lang='lat' dir='ltr'>septembris.</span> <span class='ocrx_word' id='word_1_149' title='bbox 1704 1124 1811 1162; x_wconf 90' lang='lat' dir='ltr'>Hinc</span> <span class='ocrx_word' id='word_1_150' title='bbox 1839 1123 1970 1161; x_wconf 91' lang='lat' dir='ltr'>mani·</span> 
     </span>
     <span class='ocr_line' id='line_1_16' title="bbox 254 1182 1967 1233; baseline -0.001 -12"><span class='ocrx_word' id='word_1_151' title='bbox 254 1183 406 1223; x_wconf 84' lang='lat' dir='ltr'>festum</span> <span class='ocrx_word' id='word_1_152' title='bbox 447 1183 638 1228; x_wconf 83' lang='lat' dir='ltr'>schisma,</span> <span class='ocrx_word' id='word_1_153' title='bbox 682 1182 851 1221; x_wconf 91' lang='lat' dir='ltr'>Urbano</span> <span class='ocrx_word' id='word_1_154' title='bbox 888 1184 1053 1221; x_wconf 91' lang='lat' dir='ltr'>volente</span> <span class='ocrx_word' id='word_1_155' title='bbox 1091 1183 1296 1221; x_wconf 91' lang='lat' dir='ltr'>mordicus</span> <span class='ocrx_word' id='word_1_156' title='bbox 1335 1183 1508 1222; x_wconf 88' lang='lat' dir='ltr'>retinere</span> <span class='ocrx_word' id='word_1_157' title='bbox 1553 1184 1797 1233; x_wconf 84' lang='lat' dir='ltr'>dignitatem</span> <span class='ocrx_word' id='word_1_158' title='bbox 1838 1195 1967 1229; x_wconf 86' lang='lat' dir='ltr'>suam,</span> 
     </span>
     <span class='ocr_line' id='line_1_17' title="bbox 252 1242 1969 1293; baseline -0.001 -13"><span class='ocrx_word' id='word_1_159' title='bbox 252 1243 461 1282; x_wconf 82' lang='lat' dir='ltr'>Clemente</span> <span class='ocrx_word' id='word_1_160' title='bbox 492 1256 624 1290; x_wconf 88' lang='lat' dir='ltr'>suam,</span> <span class='ocrx_word' id='word_1_161' title='bbox 656 1256 761 1293; x_wconf 87' lang='lat' dir='ltr'>quae</span> <span class='ocrx_word' id='word_1_162' title='bbox 792 1242 990 1281; x_wconf 87' lang='lat' dir='ltr'>canonico</span> <span class='ocrx_word' id='word_1_163' title='bbox 1008 1243 1133 1281; x_wconf 90' lang='lat' dir='ltr'>titulo</span> <span class='ocrx_word' id='word_1_164' title='bbox 1161 1242 1205 1280; x_wconf 89' lang='lat' dir='ltr'>in</span> <span class='ocrx_word' id='word_1_165' title='bbox 1222 1256 1314 1281; x_wconf 90' lang='lat' dir='ltr'>eum</span> <span class='ocrx_word' id='word_1_166' title='bbox 1346 1243 1496 1281; x_wconf 89' lang='lat' dir='ltr'>collata</span> <span class='ocrx_word' id='word_1_167' title='bbox 1526 1243 1760 1281; x_wconf 86' lang='lat' dir='ltr'>videbatur.</span> <span class='ocrx_word' id='word_1_168' title='bbox 1785 1242 1969 1281; x_wconf 90' lang='lat' dir='ltr'>Clemens</span> 
     </span>
     <span class='ocr_line' id='line_1_18' title="bbox 251 1301 1971 1352; baseline -0.001 -12"><span class='ocrx_word' id='word_1_169' title='bbox 251 1316 359 1352; x_wconf 90' lang='lat' dir='ltr'>ergo,</span> <span class='ocrx_word' id='word_1_170' title='bbox 381 1310 430 1340; x_wconf 90' lang='lat' dir='ltr'>ut</span> <span class='ocrx_word' id='word_1_171' title='bbox 448 1315 586 1352; x_wconf 88' lang='lat' dir='ltr'>regem</span> <span class='ocrx_word' id='word_1_172' title='bbox 608 1302 862 1340; x_wconf 83' lang='lat' dir='ltr'>Francorum</span> <span class='ocrx_word' id='word_1_173' title='bbox 886 1301 1087 1341; x_wconf 84' lang='lat' dir='ltr'>Karolum</span> <span class='ocrx_word' id='word_1_174' title='bbox 1108 1302 1144 1339; x_wconf 92' lang='lat' dir='ltr'>V</span> <span class='ocrx_word' id='word_1_175' title='bbox 1165 1302 1378 1340; x_wconf 84' lang='lat' dir='ltr'>certiorem</span> <span class='ocrx_word' id='word_1_176' title='bbox 1402 1302 1556 1341; x_wconf 81' lang='lat' dir='ltr'>faceret</span> <span class='ocrx_word' id='word_1_177' title='bbox 1585 1302 1634 1341; x_wconf 86' lang='lat' dir='ltr'>de</span> <span class='ocrx_word' id='word_1_178' title='bbox 1663 1302 1709 1341; x_wconf 93' lang='lat' dir='ltr'>iis</span> <span class='ocrx_word' id='word_1_179' title='bbox 1734 1316 1840 1352; x_wconf 90' lang='lat' dir='ltr'>quae</span> <span class='ocrx_word' id='word_1_180' title='bbox 1864 1302 1971 1339; x_wconf 91' lang='lat' dir='ltr'>male</span> 
     </span>
     <span class='ocr_line' id='line_1_19' title="bbox 250 1360 1973 1412; baseline 0 -13"><span class='ocrx_word' id='word_1_181' title='bbox 250 1375 530 1412; x_wconf 83' lang='lat' dir='ltr'>acperperam</span> <span class='ocrx_word' id='word_1_182' title='bbox 556 1369 671 1411; x_wconf 86' lang='lat' dir='ltr'>gesta</span> <span class='ocrx_word' id='word_1_183' title='bbox 688 1369 807 1400; x_wconf 87' lang='lat' dir='ltr'>erant</span> <span class='ocrx_word' id='word_1_184' title='bbox 826 1361 997 1410; x_wconf 85' lang='lat' dir='ltr'>Romae,</span> <span class='ocrx_word' id='word_1_185' title='bbox 1023 1361 1145 1401; x_wconf 90' lang='lat' dir='ltr'>simul</span> <span class='ocrx_word' id='word_1_186' title='bbox 1162 1370 1210 1399; x_wconf 93' lang='lat' dir='ltr'>ut</span> <span class='ocrx_word' id='word_1_187' title='bbox 1226 1375 1342 1400; x_wconf 88' lang='lat' dir='ltr'>suam</span> <span class='ocrx_word' id='word_1_188' title='bbox 1373 1362 1406 1400; x_wconf 88' lang='lat' dir='ltr'>ei</span> <span class='ocrx_word' id='word_1_189' title='bbox 1442 1362 1743 1400; x_wconf 81' lang='lat' dir='ltr'>ordinationem</span> <span class='ocrx_word' id='word_1_190' title='bbox 1777 1360 1973 1411; x_wconf 88' lang='lat' dir='ltr'>probaret</span> 
     </span>
     <span class='ocr_line' id='line_1_20' title="bbox 252 1420 1972 1468; baseline -0.002 -9"><span class='ocrx_word' id='word_1_191' title='bbox 252 1420 412 1460; x_wconf 78' lang='lat' dir='ltr'>adeum</span> <span class='ocrx_word' id='word_1_192' title='bbox 428 1421 541 1459; x_wconf 91' lang='lat' dir='ltr'>misit</span> <span class='ocrx_word' id='word_1_193' title='bbox 564 1421 674 1459; x_wconf 88' lang='lat' dir='ltr'>hunc</span> <span class='ocrx_word' id='word_1_194' title='bbox 699 1421 904 1459; x_wconf 83' lang='lat' dir='ltr'>Joannem</span> <span class='ocrx_word' id='word_1_195' title='bbox 921 1421 969 1459; x_wconf 90' lang='lat' dir='ltr'>de</span> <span class='ocrx_word' id='word_1_196' title='bbox 985 1421 1144 1468; x_wconf 88' lang='lat' dir='ltr'>Crosso,</span> <span class='ocrx_word' id='word_1_197' title='bbox 1169 1420 1421 1459; x_wconf 86' lang='lat' dir='ltr'>cardinalem</span> <span class='ocrx_word' id='word_1_198' title='bbox 1438 1421 1788 1460; x_wconf 86' lang='lat' dir='ltr'>Lemovicensem.</span> <span class='ocrx_word' id='word_1_199' title='bbox 1810 1421 1972 1458; x_wconf 84' lang='lat' dir='ltr'>Extant</span> 
     </span>
     <span class='ocr_line' id='line_1_21' title="bbox 251 1479 1970 1530; baseline -0.001 -12"><span class='ocrx_word' id='word_1_200' title='bbox 251 1480 450 1519; x_wconf 51' lang='lat' dir='ltr'>in&#39;codice</span> <span class='ocrx_word' id='word_1_201' title='bbox 469 1480 704 1518; x_wconf 89' lang='lat' dir='ltr'>Harlaeano</span> <span class='ocrx_word' id='word_1_202' title='bbox 719 1480 864 1519; x_wconf 90' lang='lat' dir='ltr'>literae</span> <span class='ocrx_word' id='word_1_203' title='bbox 881 1480 1151 1518; x_wconf 81' lang='lat' dir='ltr'>cardinalium</span> <span class='ocrx_word' id='word_1_204' title='bbox 1171 1480 1241 1530; x_wconf 90' lang='lat' dir='ltr'>qui</span> <span class='ocrx_word' id='word_1_205' title='bbox 1256 1480 1469 1519; x_wconf 86' lang='lat' dir='ltr'>Avenione</span> <span class='ocrx_word' id='word_1_206' title='bbox 1485 1489 1771 1520; x_wconf 84' lang='lat' dir='ltr'>remanserant</span> <span class='ocrx_word' id='word_1_207' title='bbox 1788 1480 1837 1519; x_wconf 92' lang='lat' dir='ltr'>de</span> <span class='ocrx_word' id='word_1_208' title='bbox 1852 1479 1970 1518; x_wconf 87' lang='lat' dir='ltr'>istius</span> 
     </span>
     <span class='ocr_line' id='line_1_22' title="bbox 253 1539 1972 1590; baseline -0.001 -12"><span class='ocrx_word' id='word_1_209' title='bbox 253 1548 300 1578; x_wconf 85' lang='lat' dir='ltr'>et-</span> <span class='ocrx_word' id='word_1_210' title='bbox 324 1539 497 1578; x_wconf 90' lang='lat' dir='ltr'>aliorum</span> <span class='ocrx_word' id='word_1_211' title='bbox 531 1539 807 1590; x_wconf 89' lang='lat' dir='ltr'>quorumdam</span> <span class='ocrx_word' id='word_1_212' title='bbox 840 1539 1111 1578; x_wconf 83' lang='lat' dir='ltr'>cardinalium</span> <span class='ocrx_word' id='word_1_213' title='bbox 1143 1540 1363 1590; x_wconf 81' lang='lat' dir='ltr'>legatione,</span> <span class='ocrx_word' id='word_1_214' title='bbox 1395 1540 1518 1578; x_wconf 91' lang='lat' dir='ltr'>datae</span> <span class='ocrx_word' id='word_1_215' title='bbox 1548 1540 1612 1579; x_wconf 86' lang='lat' dir='ltr'>die</span> <span class='ocrx_word' id='word_1_216' title='bbox 1643 1548 1792 1578; x_wconf 86' lang='lat' dir='ltr'>octava</span> <span class='ocrx_word' id='word_1_217' title='bbox 1821 1539 1972 1578; x_wconf 89' lang='lat' dir='ltr'>mensis</span> 
     </span>
     <span class='ocr_line' id='line_1_23' title="bbox 253 1598 1971 1649; baseline 0 -13"><span class='ocrx_word' id='word_1_218' title='bbox 253 1599 393 1637; x_wconf 87' lang='lat' dir='ltr'>martii</span> <span class='ocrx_word' id='word_1_219' title='bbox 417 1599 628 1649; x_wconf 87' lang='lat' dir='ltr'>sequentis</span> <span class='ocrx_word' id='word_1_220' title='bbox 648 1598 676 1638; x_wconf 82' lang='lat'>³.</span> <span class='ocrx_word' id='word_1_221' title='bbox 716 1598 763 1637; x_wconf 93' lang='lat' dir='ltr'>In</span> <span class='ocrx_word' id='word_1_222' title='bbox 797 1613 879 1649; x_wconf 88' lang='lat' dir='ltr'>quo</span> <span class='ocrx_word' id='word_1_223' title='bbox 904 1599 1071 1637; x_wconf 87' lang='lat' dir='ltr'>videtur</span> <span class='ocrx_word' id='word_1_224' title='bbox 1095 1599 1294 1639; x_wconf 90' lang='lat' dir='ltr'>mendum</span> <span class='ocrx_word' id='word_1_225' title='bbox 1312 1599 1534 1649; x_wconf 88' lang='lat' dir='ltr'>irrepsisse.</span> <span class='ocrx_word' id='word_1_226' title='bbox 1553 1600 1728 1638; x_wconf 87' lang='lat' dir='ltr'>Constat</span> <span class='ocrx_word' id='word_1_227' title='bbox 1753 1599 1862 1638; x_wconf 91' lang='lat' dir='ltr'>enim</span> <span class='ocrx_word' id='word_1_228' title='bbox 1887 1612 1971 1637; x_wconf 90' lang='lat' dir='ltr'>car-</span> 
     </span>
     <span class='ocr_line' id='line_1_24' title="bbox 254 1658 1971 1709; baseline -0.001 -12"><span class='ocrx_word' id='word_1_229' title='bbox 254 1658 410 1697; x_wconf 83' lang='lat' dir='ltr'>dinales</span> <span class='ocrx_word' id='word_1_230' title='bbox 443 1659 602 1708; x_wconf 89' lang='lat' dir='ltr'>legatos</span> <span class='ocrx_word' id='word_1_231' title='bbox 636 1658 707 1696; x_wconf 91' lang='lat' dir='ltr'>diu</span> <span class='ocrx_word' id='word_1_232' title='bbox 740 1667 837 1697; x_wconf 90' lang='lat' dir='ltr'>ante</span> <span class='ocrx_word' id='word_1_233' title='bbox 871 1659 980 1698; x_wconf 89' lang='lat' dir='ltr'>diem</span> <span class='ocrx_word' id='word_1_234' title='bbox 1012 1659 1126 1698; x_wconf 90' lang='lat' dir='ltr'>illam</span> <span class='ocrx_word' id='word_1_235' title='bbox 1158 1659 1366 1709; x_wconf 86' lang='lat' dir='ltr'>profectos</span> <span class='ocrx_word' id='word_1_236' title='bbox 1400 1674 1485 1698; x_wconf 90' lang='lat' dir='ltr'>esse</span> <span class='ocrx_word' id='word_1_237' title='bbox 1519 1659 1571 1697; x_wconf 93' lang='lat' dir='ltr'>ad</span> <span class='ocrx_word' id='word_1_238' title='bbox 1603 1659 1829 1709; x_wconf 82' lang='lat' dir='ltr'>legationes</span> <span class='ocrx_word' id='word_1_239' title='bbox 1863 1671 1971 1706; x_wconf 89' lang='lat' dir='ltr'>suas,</span> 
     </span>
     <span class='ocr_line' id='line_1_25' title="bbox 255 1717 1973 1768; baseline -0.001 -11"><span class='ocrx_word' id='word_1_240' title='bbox 255 1726 297 1757; x_wconf 90' lang='lat' dir='ltr'>et</span> <span class='ocrx_word' id='word_1_241' title='bbox 324 1718 669 1757; x_wconf 89' lang='lat' dir='ltr'>Lemovicensem</span> <span class='ocrx_word' id='word_1_242' title='bbox 696 1732 719 1756; x_wconf 91' lang='lat' dir='ltr'>a</span> <span class='ocrx_word' id='word_1_243' title='bbox 747 1717 958 1757; x_wconf 88' lang='lat' dir='ltr'>Clemente</span> <span class='ocrx_word' id='word_1_244' title='bbox 986 1718 1212 1768; x_wconf 89' lang='lat' dir='ltr'>digressum</span> <span class='ocrx_word' id='word_1_245' title='bbox 1242 1718 1306 1757; x_wconf 92' lang='lat' dir='ltr'>die</span> <span class='ocrx_word' id='word_1_246' title='bbox 1342 1718 1489 1756; x_wconf 88' lang='lat' dir='ltr'>ultima</span> <span class='ocrx_word' id='word_1_247' title='bbox 1526 1718 1752 1757; x_wconf 88' lang='lat' dir='ltr'>decembris</span> <span class='ocrx_word' id='word_1_248' title='bbox 1771 1717 1797 1758; x_wconf 79' lang='lat'>4.</span> <span class='ocrx_word' id='word_1_249' title='bbox 1827 1717 1915 1756; x_wconf 87' lang='lat' dir='ltr'>Nisi</span> <span class='ocrx_word' id='word_1_250' title='bbox 1942 1718 1973 1756; x_wconf 91' lang='lat' dir='ltr'>si</span> 
     </span>
     <span class='ocr_line' id='line_1_26' title="bbox 255 1777 1973 1828; baseline 0 -13"><span class='ocrx_word' id='word_1_251' title='bbox 255 1777 314 1815; x_wconf 89' lang='lat' dir='ltr'>illi</span> <span class='ocrx_word' id='word_1_252' title='bbox 338 1778 470 1828; x_wconf 87' lang='lat' dir='ltr'>primo</span> <span class='ocrx_word' id='word_1_253' title='bbox 495 1778 664 1816; x_wconf 84' lang='lat' dir='ltr'>iverunt</span> <span class='ocrx_word' id='word_1_254' title='bbox 689 1777 961 1825; x_wconf 81' lang='lat' dir='ltr'>Avenionem,</span> <span class='ocrx_word' id='word_1_255' title='bbox 987 1777 1097 1816; x_wconf 90' lang='lat' dir='ltr'>unde</span> <span class='ocrx_word' id='word_1_256' title='bbox 1123 1777 1384 1816; x_wconf 87' lang='lat' dir='ltr'>discesserint</span> <span class='ocrx_word' id='word_1_257' title='bbox 1410 1778 1474 1816; x_wconf 93' lang='lat' dir='ltr'>die</span> <span class='ocrx_word' id='word_1_258' title='bbox 1500 1786 1649 1816; x_wconf 87' lang='lat' dir='ltr'>octava</span> <span class='ocrx_word' id='word_1_259' title='bbox 1674 1778 1826 1816; x_wconf 83' lang='lat' dir='ltr'>martii.</span> <span class='ocrx_word' id='word_1_260' title='bbox 1855 1777 1973 1826; x_wconf 85' lang='lat' dir='ltr'>Quod</span> 
     </span>
     <span class='ocr_line' id='line_1_27' title="bbox 256 1836 1974 1887; baseline 0 -13"><span class='ocrx_word' id='word_1_261' title='bbox 256 1837 436 1875; x_wconf 90' lang='lat' dir='ltr'>multum</span> <span class='ocrx_word' id='word_1_262' title='bbox 472 1836 687 1887; x_wconf 83' lang='lat' dir='ltr'>probabile</span> <span class='ocrx_word' id='word_1_263' title='bbox 723 1836 903 1875; x_wconf 89' lang='lat' dir='ltr'>videtur.</span> <span class='ocrx_word' id='word_1_264' title='bbox 943 1837 1110 1875; x_wconf 87' lang='lat' dir='ltr'>Etenim</span> <span class='ocrx_word' id='word_1_265' title='bbox 1147 1845 1313 1875; x_wconf 90' lang='lat' dir='ltr'>constat</span> <span class='ocrx_word' id='word_1_266' title='bbox 1349 1837 1601 1875; x_wconf 84' lang='lat' dir='ltr'>cardinalem</span> <span class='ocrx_word' id='word_1_267' title='bbox 1638 1837 1974 1875; x_wconf 87' lang='lat' dir='ltr'>Lemovicensem</span> 
     </span>
     <span class='ocr_line' id='line_1_28' title="bbox 256 1895 1975 1946; baseline 0 -12"><span class='ocrx_word' id='word_1_268' title='bbox 256 1895 474 1935; x_wconf 88' lang='lat' dir='ltr'>advenisse</span> <span class='ocrx_word' id='word_1_269' title='bbox 502 1896 716 1935; x_wconf 89' lang='lat' dir='ltr'>Lutetiam</span> <span class='ocrx_word' id='word_1_270' title='bbox 742 1896 785 1934; x_wconf 90' lang='lat' dir='ltr'>in</span> <span class='ocrx_word' id='word_1_271' title='bbox 803 1896 1121 1946; x_wconf 88' lang='lat' dir='ltr'>quadragesima</span> <span class='ocrx_word' id='word_1_272' title='bbox 1138 1896 1235 1934; x_wconf 90' lang='lat' dir='ltr'>anni</span> <span class='ocrx_word' id='word_1_273' title='bbox 1262 1896 1467 1935; x_wconf 90' lang='lat' dir='ltr'>millesimi</span> <span class='ocrx_word' id='word_1_274' title='bbox 1490 1896 1775 1935; x_wconf 89' lang='lat' dir='ltr'>CCCLXXIX</span> <span class='ocrx_word' id='word_1_275' title='bbox 1795 1896 1858 1934; x_wconf 90' lang='lat' dir='ltr'>uti</span> <span class='ocrx_word' id='word_1_276' title='bbox 1878 1909 1975 1934; x_wconf 86' lang='lat' dir='ltr'>mox</span> 
     </span>
     <span class='ocr_line' id='line_1_29' title="bbox 256 1955 589 1994; baseline 0.006 -2"><span class='ocrx_word' id='word_1_277' title='bbox 256 1955 407 1994; x_wconf 87' lang='lat' dir='ltr'>dicturi</span> <span class='ocrx_word' id='word_1_278' title='bbox 435 1969 589 1994; x_wconf 88' lang='lat' dir='ltr'>sumus.</span> 
     </span>
    </p>

    <p class='ocr_par' dir='ltr' id='par_1_4' title="bbox 259 2014 1978 2716">
     <span class='ocr_line' id='line_1_30' title="bbox 312 2014 1973 2064; baseline 0 -12"><span class='ocrx_word' id='word_1_279' title='bbox 312 2014 466 2053; x_wconf 88' lang='lat' dir='ltr'>Narrat</span> <span class='ocrx_word' id='word_1_280' title='bbox 493 2015 602 2053; x_wconf 86' lang='lat' dir='ltr'>enim</span> <span class='ocrx_word' id='word_1_281' title='bbox 625 2015 894 2053; x_wconf 89' lang='lat' dir='ltr'>continuator</span> <span class='ocrx_word' id='word_1_282' title='bbox 916 2015 1095 2053; x_wconf 89' lang='lat' dir='ltr'>Gallicus</span> <span class='ocrx_word' id='word_1_283' title='bbox 1128 2015 1279 2064; x_wconf 86' lang='lat' dir='ltr'>Nangii</span> <span class='ocrx_word' id='word_1_284' title='bbox 1298 2014 1313 2038; x_wconf 84' lang='lat'>5</span> <span class='ocrx_word' id='word_1_285' title='bbox 1347 2015 1598 2053; x_wconf 89' lang='lat' dir='ltr'>cardinalem</span> <span class='ocrx_word' id='word_1_286' title='bbox 1624 2016 1973 2062; x_wconf 84' lang='lat' dir='ltr'>Lemovicensem‚</span> 
     </span>
     <span class='ocr_line' id='line_1_31' title="bbox 259 2075 1974 2125; baseline 0.001 -14"><span class='ocrx_word' id='word_1_287' title='bbox 259 2075 444 2124; x_wconf 89' lang='lat' dir='ltr'>legatum</span> <span class='ocrx_word' id='word_1_288' title='bbox 458 2088 480 2112; x_wconf 91' lang='lat' dir='ltr'>a</span> <span class='ocrx_word' id='word_1_289' title='bbox 496 2075 639 2122; x_wconf 88' lang='lat' dir='ltr'>latere,</span> <span class='ocrx_word' id='word_1_290' title='bbox 655 2075 813 2113; x_wconf 87' lang='lat' dir='ltr'>venisse</span> <span class='ocrx_word' id='word_1_291' title='bbox 826 2089 873 2113; x_wconf 93' lang='lat' dir='ltr'>eo</span> <span class='ocrx_word' id='word_1_292' title='bbox 886 2089 995 2112; x_wconf 92' lang='lat' dir='ltr'>anno</span> <span class='ocrx_word' id='word_1_293' title='bbox 1009 2075 1220 2113; x_wconf 82' lang='lat' dir='ltr'>Lutetiam</span> <span class='ocrx_word' id='word_1_294' title='bbox 1237 2083 1424 2125; x_wconf 90' lang='lat' dir='ltr'>tempore</span> <span class='ocrx_word' id='word_1_295' title='bbox 1437 2075 1790 2125; x_wconf 80' lang='lat' dir='ltr'>quadragesimae,</span> <span class='ocrx_word' id='word_1_296' title='bbox 1804 2075 1974 2113; x_wconf 88' lang='lat' dir='ltr'>missum</span> 
     </span>
     <span class='ocr_line' id='line_1_32' title="bbox 261 2133 1975 2184; baseline 0.001 -14"><span class='ocrx_word' id='word_1_297' title='bbox 261 2147 284 2170; x_wconf 92' lang='lat' dir='ltr'>a</span> <span class='ocrx_word' id='word_1_298' title='bbox 307 2147 416 2184; x_wconf 90' lang='lat' dir='ltr'>papa</span> <span class='ocrx_word' id='word_1_299' title='bbox 441 2133 666 2181; x_wconf 82' lang='lat' dir='ltr'>Clemente,</span> <span class='ocrx_word' id='word_1_300' title='bbox 690 2142 738 2172; x_wconf 92' lang='lat' dir='ltr'>ut</span> <span class='ocrx_word' id='word_1_301' title='bbox 761 2134 874 2183; x_wconf 89' lang='lat' dir='ltr'>apud</span> <span class='ocrx_word' id='word_1_302' title='bbox 897 2148 1034 2183; x_wconf 88' lang='lat' dir='ltr'>regem</span> <span class='ocrx_word' id='word_1_303' title='bbox 1058 2134 1299 2173; x_wconf 86' lang='lat' dir='ltr'>edissereret</span> <span class='ocrx_word' id='word_1_304' title='bbox 1323 2148 1427 2184; x_wconf 90' lang='lat' dir='ltr'>quae</span> <span class='ocrx_word' id='word_1_305' title='bbox 1451 2134 1689 2173; x_wconf 86' lang='lat' dir='ltr'>acciderant</span> <span class='ocrx_word' id='word_1_306' title='bbox 1710 2134 1751 2172; x_wconf 89' lang='lat' dir='ltr'>in</span> <span class='ocrx_word' id='word_1_307' title='bbox 1776 2134 1975 2173; x_wconf 89' lang='lat' dir='ltr'>electione</span> 
     </span>
     <span class='ocr_line' id='line_1_33' title="bbox 260 2192 1974 2244; baseline 0.001 -14"><span class='ocrx_word' id='word_1_308' title='bbox 260 2192 584 2241; x_wconf 81' lang='lat' dir='ltr'>Bartholomaei‚</span> <span class='ocrx_word' id='word_1_309' title='bbox 623 2192 771 2232; x_wconf 88' lang='lat' dir='ltr'>deinde</span> <span class='ocrx_word' id='word_1_310' title='bbox 808 2208 906 2231; x_wconf 89' lang='lat' dir='ltr'>vero</span> <span class='ocrx_word' id='word_1_311' title='bbox 942 2193 984 2231; x_wconf 93' lang='lat' dir='ltr'>in</span> <span class='ocrx_word' id='word_1_312' title='bbox 1021 2193 1220 2232; x_wconf 89' lang='lat' dir='ltr'>electione</span> <span class='ocrx_word' id='word_1_313' title='bbox 1247 2207 1381 2244; x_wconf 89' lang='lat' dir='ltr'>papae</span> <span class='ocrx_word' id='word_1_314' title='bbox 1421 2193 1654 2232; x_wconf 89' lang='lat' dir='ltr'>Clementis.</span> <span class='ocrx_word' id='word_1_315' title='bbox 1685 2193 1814 2231; x_wconf 87' lang='lat' dir='ltr'>Addit</span> <span class='ocrx_word' id='word_1_316' title='bbox 1858 2194 1974 2231; x_wconf 91' lang='lat' dir='ltr'>illum</span> 
     </span>
     <span class='ocr_line' id='line_1_34' title="bbox 262 2251 1974 2303; baseline 0.001 -14"><span class='ocrx_word' id='word_1_317' title='bbox 262 2251 487 2291; x_wconf 85' lang='lat' dir='ltr'>honorifice</span> <span class='ocrx_word' id='word_1_318' title='bbox 520 2260 743 2302; x_wconf 78' lang='lat' dir='ltr'>exceptum</span> <span class='ocrx_word' id='word_1_319' title='bbox 774 2267 860 2291; x_wconf 85' lang='lat' dir='ltr'>esse</span> <span class='ocrx_word' id='word_1_320' title='bbox 893 2266 914 2289; x_wconf 92' lang='lat' dir='ltr'>a</span> <span class='ocrx_word' id='word_1_321' title='bbox 947 2266 1052 2302; x_wconf 83' lang='lat' dir='ltr'>rege,</span> <span class='ocrx_word' id='word_1_322' title='bbox 1085 2261 1177 2290; x_wconf 88' lang='lat' dir='ltr'>tum</span> <span class='ocrx_word' id='word_1_323' title='bbox 1209 2261 1378 2303; x_wconf 89' lang='lat' dir='ltr'>propter</span> <span class='ocrx_word' id='word_1_324' title='bbox 1409 2253 1685 2291; x_wconf 87' lang='lat' dir='ltr'>reverentiam</span> <span class='ocrx_word' id='word_1_325' title='bbox 1717 2253 1804 2303; x_wconf 86' lang='lat' dir='ltr'>ejus</span> <span class='ocrx_word' id='word_1_326' title='bbox 1836 2267 1859 2291; x_wconf 91' lang='lat' dir='ltr'>a</span> <span class='ocrx_word' id='word_1_327' title='bbox 1894 2267 1974 2302; x_wconf 92' lang='lat' dir='ltr'>quo</span> 
     </span>
     <span class='ocr_line' id='line_1_35' title="bbox 263 2305 1976 2362; baseline 0.001 -13"><span class='ocrx_word' id='word_1_328' title='bbox 263 2311 526 2358; x_wconf 85' lang='lat' dir='ltr'>mittebatur,</span> <span class='ocrx_word' id='word_1_329' title='bbox 556 2320 648 2349; x_wconf 92' lang='lat' dir='ltr'>tum</span> <span class='ocrx_word' id='word_1_330' title='bbox 677 2312 804 2350; x_wconf 88' lang='lat' dir='ltr'>etiam</span> <span class='ocrx_word' id='word_1_331' title='bbox 834 2312 929 2361; x_wconf 87' lang='lat' dir='ltr'>quia</span> <span class='ocrx_word' id='word_1_332' title='bbox 958 2326 1030 2350; x_wconf 87' lang='lat' dir='ltr'>rex</span> <span class='ocrx_word' id='word_1_333' title='bbox 1058 2325 1151 2349; x_wconf 86' lang='lat' dir='ltr'>eum</span> <span class='ocrx_word' id='word_1_334' title='bbox 1180 2305 1392 2361; x_wconf 89' lang='lat' dir='ltr'>diligebat.</span> <span class='ocrx_word' id='word_1_335' title='bbox 1422 2312 1606 2362; x_wconf 89' lang='lat' dir='ltr'>Cumque</span> <span class='ocrx_word' id='word_1_336' title='bbox 1634 2312 1851 2362; x_wconf 90' lang='lat' dir='ltr'>legationis</span> <span class='ocrx_word' id='word_1_337' title='bbox 1880 2326 1976 2350; x_wconf 89' lang='lat' dir='ltr'>suae</span> 
     </span>
     <span class='ocr_line' id='line_1_36' title="bbox 264 2371 1977 2421; baseline 0.001 -14"><span class='ocrx_word' id='word_1_338' title='bbox 264 2384 408 2408; x_wconf 89' lang='lat' dir='ltr'>causas</span> <span class='ocrx_word' id='word_1_339' title='bbox 441 2371 524 2420; x_wconf 89' lang='lat' dir='ltr'>regi</span> <span class='ocrx_word' id='word_1_340' title='bbox 558 2371 831 2421; x_wconf 86' lang='lat' dir='ltr'>exposuisset,</span> <span class='ocrx_word' id='word_1_341' title='bbox 861 2385 934 2409; x_wconf 80' lang='lat' dir='ltr'>rex</span> <span class='ocrx_word' id='word_1_342' title='bbox 957 2371 991 2409; x_wconf 89' lang='lat' dir='ltr'>ei</span> <span class='ocrx_word' id='word_1_343' title='bbox 1017 2371 1124 2409; x_wconf 89' lang='lat' dir='ltr'>diem</span> <span class='ocrx_word' id='word_1_344' title='bbox 1150 2371 1336 2409; x_wconf 77' lang='lat' dir='ltr'>condixit</span> <span class='ocrx_word' id='word_1_345' title='bbox 1360 2371 1471 2421; x_wconf 91' lang='lat' dir='ltr'>apud</span> <span class='ocrx_word' id='word_1_346' title='bbox 1496 2379 1678 2409; x_wconf 83' lang='lat' dir='ltr'>castrum</span> <span class='ocrx_word' id='word_1_347' title='bbox 1703 2372 1905 2421; x_wconf 89' lang='lat' dir='ltr'>Luparae,</span> <span class='ocrx_word' id='word_1_348' title='bbox 1930 2379 1977 2408; x_wconf 91' lang='lat' dir='ltr'>ut</span> 
     </span>
     <span class='ocr_line' id='line_1_37' title="bbox 265 2429 1977 2480; baseline 0.001 -13"><span class='ocrx_word' id='word_1_349' title='bbox 265 2429 321 2466; x_wconf 89' lang='lat' dir='ltr'>ibi</span> <span class='ocrx_word' id='word_1_350' title='bbox 342 2430 481 2479; x_wconf 90' lang='lat' dir='ltr'>palam</span> <span class='ocrx_word' id='word_1_351' title='bbox 502 2438 543 2468; x_wconf 90' lang='lat' dir='ltr'>et</span> <span class='ocrx_word' id='word_1_352' title='bbox 565 2430 728 2479; x_wconf 89' lang='lat' dir='ltr'>publice</span> <span class='ocrx_word' id='word_1_353' title='bbox 750 2431 1012 2480; x_wconf 84' lang='lat' dir='ltr'>eloqueretur</span> <span class='ocrx_word' id='word_1_354' title='bbox 1034 2444 1138 2480; x_wconf 88' lang='lat' dir='ltr'>quae</span> <span class='ocrx_word' id='word_1_355' title='bbox 1160 2430 1344 2469; x_wconf 88' lang='lat' dir='ltr'>habebat</span> <span class='ocrx_word' id='word_1_356' title='bbox 1366 2430 1551 2469; x_wconf 90' lang='lat' dir='ltr'>dicenda.</span> <span class='ocrx_word' id='word_1_357' title='bbox 1577 2430 1815 2468; x_wconf 83' lang='lat' dir='ltr'>Convocato</span> <span class='ocrx_word' id='word_1_358' title='bbox 1835 2430 1977 2480; x_wconf 85' lang='lat' dir='ltr'>itaque</span> 
     </span>
     <span class='ocr_line' id='line_1_38' title="bbox 266 2489 1977 2539; baseline 0 -13"><span class='ocrx_word' id='word_1_359' title='bbox 266 2497 475 2526; x_wconf 72' lang='lat' dir='ltr'>conventu</span> <span class='ocrx_word' id='word_1_360' title='bbox 499 2489 772 2538; x_wconf 88' lang='lat' dir='ltr'>plurimorum</span> <span class='ocrx_word' id='word_1_361' title='bbox 797 2489 1044 2539; x_wconf 81' lang='lat' dir='ltr'>principum,</span> <span class='ocrx_word' id='word_1_362' title='bbox 1070 2490 1366 2539; x_wconf 87' lang='lat' dir='ltr'>praelatorum,</span> <span class='ocrx_word' id='word_1_363' title='bbox 1392 2489 1596 2528; x_wconf 86' lang='lat' dir='ltr'>baronum</span> <span class='ocrx_word' id='word_1_364' title='bbox 1621 2498 1662 2528; x_wconf 91' lang='lat' dir='ltr'>et</span> <span class='ocrx_word' id='word_1_365' title='bbox 1685 2490 1977 2539; x_wconf 86' lang='lat' dir='ltr'>magistrorum</span> 
     </span>
     <span class='ocr_line' id='line_1_39' title="bbox 266 2547 1978 2597; baseline 0.002 -14"><span class='ocrx_word' id='word_1_366' title='bbox 266 2547 308 2583; x_wconf 93' lang='lat' dir='ltr'>in</span> <span class='ocrx_word' id='word_1_367' title='bbox 332 2547 539 2597; x_wconf 86' lang='lat' dir='ltr'>theologia</span> <span class='ocrx_word' id='word_1_368' title='bbox 566 2556 608 2586; x_wconf 89' lang='lat' dir='ltr'>et</span> <span class='ocrx_word' id='word_1_369' title='bbox 633 2548 807 2587; x_wconf 89' lang='lat' dir='ltr'>decretis</span> <span class='ocrx_word' id='word_1_370' title='bbox 834 2562 881 2586; x_wconf 91' lang='lat' dir='ltr'>ac</span> <span class='ocrx_word' id='word_1_371' title='bbox 906 2549 994 2586; x_wconf 87' lang='lat' dir='ltr'>aliis</span> <span class='ocrx_word' id='word_1_372' title='bbox 1021 2549 1201 2586; x_wconf 76' lang='lat' dir='ltr'>scientiis</span> <span class='ocrx_word' id='word_1_373' title='bbox 1230 2548 1523 2587; x_wconf 82' lang='lat' dir='ltr'>Universitatis</span> <span class='ocrx_word' id='word_1_374' title='bbox 1552 2549 1788 2587; x_wconf 84' lang='lat' dir='ltr'>Parisiensis</span> <span class='ocrx_word' id='word_1_375' title='bbox 1816 2550 1856 2587; x_wconf 85' lang='lat' dir='ltr'>et</span> <span class='ocrx_word' id='word_1_376' title='bbox 1881 2549 1978 2587; x_wconf 89' lang='lat' dir='ltr'>alia-</span> 
     </span>
     <span class='ocr_line' id='line_1_40' title="bbox 268 2607 1977 2658; baseline 0.002 -15"><span class='ocrx_word' id='word_1_377' title='bbox 268 2619 372 2653; x_wconf 91' lang='lat' dir='ltr'>rum,</span> <span class='ocrx_word' id='word_1_378' title='bbox 402 2621 493 2656; x_wconf 89' lang='lat' dir='ltr'>rege</span> <span class='ocrx_word' id='word_1_379' title='bbox 523 2608 691 2645; x_wconf 89' lang='lat' dir='ltr'>sedente</span> <span class='ocrx_word' id='word_1_380' title='bbox 719 2607 762 2645; x_wconf 88' lang='lat' dir='ltr'>in</span> <span class='ocrx_word' id='word_1_381' title='bbox 790 2621 940 2657; x_wconf 88' lang='lat' dir='ltr'>magna</span> <span class='ocrx_word' id='word_1_382' title='bbox 970 2609 1063 2645; x_wconf 87' lang='lat' dir='ltr'>aula</span> <span class='ocrx_word' id='word_1_383' title='bbox 1094 2608 1294 2657; x_wconf 87' lang='lat' dir='ltr'>Luparae,</span> <span class='ocrx_word' id='word_1_384' title='bbox 1326 2607 1552 2646; x_wconf 84' lang='lat' dir='ltr'>cardinales</span> <span class='ocrx_word' id='word_1_385' title='bbox 1591 2622 1687 2646; x_wconf 89' lang='lat' dir='ltr'>vero</span> <span class='ocrx_word' id='word_1_386' title='bbox 1718 2608 1841 2658; x_wconf 84' lang='lat' dir='ltr'>juxta</span> <span class='ocrx_word' id='word_1_387' title='bbox 1870 2621 1977 2656; x_wconf 78' lang='lat' dir='ltr'>eum,</span> 
     </span>
     <span class='ocr_line' id='line_1_41' title="bbox 269 2666 1978 2716; baseline 0.002 -14"><span class='ocrx_word' id='word_1_388' title='bbox 269 2678 362 2704; x_wconf 75' lang='lat' dir='ltr'>cum</span> <span class='ocrx_word' id='word_1_389' title='bbox 387 2666 463 2704; x_wconf 88' lang='lat' dir='ltr'>iste</span> <span class='ocrx_word' id='word_1_390' title='bbox 490 2675 640 2704; x_wconf 89' lang='lat' dir='ltr'>cuncta</span> <span class='ocrx_word' id='word_1_391' title='bbox 665 2681 737 2716; x_wconf 87' lang='lat' dir='ltr'>per</span> <span class='ocrx_word' id='word_1_392' title='bbox 763 2667 948 2705; x_wconf 89' lang='lat' dir='ltr'>ordinem</span> <span class='ocrx_word' id='word_1_393' title='bbox 973 2667 1034 2704; x_wconf 91' lang='lat' dir='ltr'>uti</span> <span class='ocrx_word' id='word_1_394' title='bbox 1062 2675 1174 2716; x_wconf 89' lang='lat' dir='ltr'>gesta</span> <span class='ocrx_word' id='word_1_395' title='bbox 1201 2675 1320 2705; x_wconf 87' lang='lat' dir='ltr'>erant</span> <span class='ocrx_word' id='word_1_396' title='bbox 1344 2676 1589 2715; x_wconf 90' lang='lat' dir='ltr'>enarrasset,</span> <span class='ocrx_word' id='word_1_397' title='bbox 1616 2667 1978 2716; x_wconf 73' lang='lat' dir='ltr'>narrationemque</span> 
     </span>
    </p>
   </div>
   <div class='ocr_carea' id='block_1_3' title="bbox 319 2823 839 2973">
    <p class='ocr_par' dir='ltr' id='par_1_5' title="bbox 319 2823 839 2973">
     <span class='ocr_line' id='line_1_42' title="bbox 319 2823 830 2863; baseline 0.008 -9"><span class='ocrx_word' id='word_1_398' title='bbox 319 2823 350 2855; x_wconf 74' lang='grc' dir='ltr'>Ἰ.</span> <span class='ocrx_word' id='word_1_399' title='bbox 381 2823 447 2856; x_wconf 85' lang='lat' dir='ltr'>Ms.</span> <span class='ocrx_word' id='word_1_400' title='bbox 477 2824 560 2863; x_wconf 74' lang='lat' dir='ltr'>cite,</span> <span class='ocrx_word' id='word_1_401' title='bbox 590 2824 651 2858; x_wconf 82' lang='lat' dir='ltr'>sol.</span> <span class='ocrx_word' id='word_1_402' title='bbox 682 2826 751 2859; x_wconf 78' lang='lat'>178</span> <span class='ocrx_word' id='word_1_403' title='bbox 780 2830 830 2858; x_wconf 88' lang='lat' dir='ltr'>v0.</span> 
     </span>
     <span class='ocr_line' id='line_1_43' title="bbox 321 2875 839 2921; baseline 0.01 -14"><span class='ocrx_word' id='word_1_404' title='bbox 321 2877 350 2908; x_wconf 74' lang='lat'>2.</span> <span class='ocrx_word' id='word_1_405' title='bbox 381 2875 529 2915; x_wconf 84' lang='lat' dir='ltr'>Baluze,</span> <span class='ocrx_word' id='word_1_406' title='bbox 561 2884 585 2910; x_wconf 85' lang='lat' dir='ltr'>t.</span> <span class='ocrx_word' id='word_1_407' title='bbox 614 2890 664 2916; x_wconf 80' lang='lat' dir='ltr'>1v,</span> <span class='ocrx_word' id='word_1_408' title='bbox 695 2890 729 2921; x_wconf 89' lang='lat' dir='ltr'>p.</span> <span class='ocrx_word' id='word_1_409' title='bbox 760 2879 839 2912; x_wconf 79' lang='lat'><strong>241.</strong></span> 
     </span>
     <span class='ocr_line' id='line_1_44' title="bbox 320 2928 711 2973; baseline 0.01 -13"><span class='ocrx_word' id='word_1_410' title='bbox 320 2929 352 2961; x_wconf 85' lang='lat'>3.</span> <span class='ocrx_word' id='word_1_411' title='bbox 384 2928 535 2965; x_wconf 80' lang='lat' dir='ltr'>Ibidem,</span> <span class='ocrx_word' id='word_1_412' title='bbox 567 2942 599 2973; x_wconf 88' lang='lat' dir='ltr'>p.</span> <span class='ocrx_word' id='word_1_413' title='bbox 631 2932 711 2964; x_wconf 74' lang='lat'><strong>192.</strong></span> 
     </span>
    </p>
   </div>
   <div class='ocr_carea' id='block_1_4' title="bbox 326 2981 335 2996">
    <p class='ocr_par' dir='ltr' id='par_1_6' title="bbox 326 2981 335 2996">
     <span class='ocr_line' id='line_1_45' title="bbox 326 2981 335 2996; baseline 0 0"><span class='ocrx_word' id='word_1_414' title='bbox 326 2981 335 2996; x_wconf 73' lang='lat' dir='ltr'><em>l</em></span> 
     </span>
    </p>
   </div>
   <div class='ocr_carea' id='block_1_5' title="bbox 277 2981 1981 3189">
    <p class='ocr_par' dir='ltr' id='par_1_7' title="bbox 277 2981 1981 3136">
     <span class='ocr_line' id='line_1_46' title="bbox 323 2981 1980 3029; baseline 0.004 -17"><span class='ocrx_word' id='word_1_415' title='bbox 323 2995 354 3013; x_wconf 34' lang='grc' dir='ltr'>Δι.</span> <span class='ocrx_word' id='word_1_416' title='bbox 388 2981 475 3024; x_wconf 80' lang='lat' dir='ltr'>Reg.</span> <span class='ocrx_word' id='word_1_417' title='bbox 504 2983 614 3016; x_wconf 72' lang='lat' dir='ltr'>Avin.</span> <span class='ocrx_word' id='word_1_418' title='bbox 645 2984 725 3024; x_wconf 73' lang='lat'>279,</span> <span class='ocrx_word' id='word_1_419' title='bbox 754 2985 816 3018; x_wconf 85' lang='lat' dir='ltr'>fol.</span> <span class='ocrx_word' id='word_1_420' title='bbox 845 2985 889 3019; x_wconf 85' lang='lat'>89</span> <span class='ocrx_word' id='word_1_421' title='bbox 916 2990 958 3018; x_wconf 87' lang='lat' dir='ltr'>r0.</span> <span class='ocrx_word' id='word_1_422' title='bbox 986 3005 1035 3008; x_wconf 97' lang='lat'><strong>—</strong></span> <span class='ocrx_word' id='word_1_423' title='bbox 1059 2985 1128 3019; x_wconf 83' lang='lat' dir='ltr'>Les</span> <span class='ocrx_word' id='word_1_424' title='bbox 1154 2986 1331 3029; x_wconf 89' lang='lat' dir='ltr'>pouvoirs</span> <span class='ocrx_word' id='word_1_425' title='bbox 1360 2987 1403 3019; x_wconf 90' lang='lat' dir='ltr'>de</span> <span class='ocrx_word' id='word_1_426' title='bbox 1429 2987 1526 3020; x_wconf 84' lang='lat' dir='ltr'>Jean</span> <span class='ocrx_word' id='word_1_427' title='bbox 1553 2987 1596 3021; x_wconf 91' lang='lat' dir='ltr'>de</span> <span class='ocrx_word' id='word_1_428' title='bbox 1633 2986 1719 3020; x_wconf 85' lang='lat' dir='ltr'>Cros</span> <span class='ocrx_word' id='word_1_429' title='bbox 1754 2992 1841 3019; x_wconf 89' lang='lat' dir='ltr'>sont</span> <span class='ocrx_word' id='word_1_430' title='bbox 1876 2986 1980 3019; x_wconf 69' lang='lat' dir='ltr'>dates</span> 
     </span>
     <span class='ocr_line' id='line_1_47' title="bbox 277 3034 1981 3083; baseline 0.006 -21"><span class='ocrx_word' id='word_1_431' title='bbox 277 3034 323 3064; x_wconf 67' lang='lat'>⁴111</span> <span class='ocrx_word' id='word_1_432' title='bbox 348 3034 390 3066; x_wconf 62' lang='lat'>‘18</span> <span class='ocrx_word' id='word_1_433' title='bbox 413 3035 606 3069; x_wconf 66' lang='lat' dir='ltr'>decembre</span> <span class='ocrx_word' id='word_1_434' title='bbox 631 3038 724 3070; x_wconf 76' lang='lat'>1378</span> <span class='ocrx_word' id='word_1_435' title='bbox 749 3037 900 3080; x_wconf 86' lang='lat' dir='ltr'>(Valois,</span> <span class='ocrx_word' id='word_1_436' title='bbox 924 3046 949 3072; x_wconf 91' lang='lat' dir='ltr'>t.</span> <span class='ocrx_word' id='word_1_437' title='bbox 970 3051 994 3079; x_wconf 82' lang='lat'>1,</span> <span class='ocrx_word' id='word_1_438' title='bbox 1018 3051 1052 3083; x_wconf 90' lang='lat' dir='ltr'>p.</span> <span class='ocrx_word' id='word_1_439' title='bbox 1080 3039 1172 3082; x_wconf 76' lang='lat'>129).</span> <span class='ocrx_word' id='word_1_440' title='bbox 1198 3039 1228 3072; x_wconf 94' lang='lat' dir='ltr'>Il</span> <span class='ocrx_word' id='word_1_441' title='bbox 1249 3040 1343 3072; x_wconf 76' lang='lat' dir='ltr'>etait</span> <span class='ocrx_word' id='word_1_442' title='bbox 1364 3040 1385 3072; x_wconf 80' lang='lat' dir='ltr'>a</span> <span class='ocrx_word' id='word_1_443' title='bbox 1407 3039 1509 3073; x_wconf 90' lang='lat' dir='ltr'>Paris</span> <span class='ocrx_word' id='word_1_444' title='bbox 1530 3041 1561 3073; x_wconf 91' lang='lat' dir='ltr'>le</span> <span class='ocrx_word' id='word_1_445' title='bbox 1584 3041 1603 3074; x_wconf 92' lang='lat'>5</span> <span class='ocrx_word' id='word_1_446' title='bbox 1625 3040 1718 3073; x_wconf 88' lang='lat' dir='ltr'>avril</span> <span class='ocrx_word' id='word_1_447' title='bbox 1739 3039 1832 3073; x_wconf 82' lang='lat'><strong>1379</strong></span> <span class='ocrx_word' id='word_1_448' title='bbox 1857 3038 1981 3082; x_wconf 83' lang='lat' dir='ltr'>(Ibi(I.,</span> 
     </span>
     <span class='ocr_line' id='line_1_48' title="bbox 278 3087 1866 3136; baseline 0.006 -21"><span class='ocrx_word' id='word_1_449' title='bbox 278 3098 309 3127; x_wconf 72' lang='lat' dir='ltr'>p.</span> <span class='ocrx_word' id='word_1_450' title='bbox 338 3087 413 3129; x_wconf 75' lang='lat'>130)</span> <span class='ocrx_word' id='word_1_451' title='bbox 439 3094 475 3119; x_wconf 80' lang='lat' dir='ltr'>ct</span> <span class='ocrx_word' id='word_1_452' title='bbox 497 3089 516 3120; x_wconf 70' lang='grc' dir='ltr'>ἐι</span> <span class='ocrx_word' id='word_1_453' title='bbox 538 3089 571 3121; x_wconf 85' lang='lat' dir='ltr'>la</span> <span class='ocrx_word' id='word_1_454' title='bbox 593 3101 684 3121; x_wconf 88' lang='lat' dir='ltr'>cour</span> <span class='ocrx_word' id='word_1_455' title='bbox 705 3091 923 3133; x_wconf 86' lang='lat' dir='ltr'>pontificale</span> <span class='ocrx_word' id='word_1_456' title='bbox 944 3092 976 3124; x_wconf 87' lang='lat' dir='ltr'>le</span> <span class='ocrx_word' id='word_1_457' title='bbox 997 3092 1042 3125; x_wconf 84' lang='grc'>’16</span> <span class='ocrx_word' id='word_1_458' title='bbox 1063 3094 1154 3125; x_wconf 76' lang='lat' dir='ltr'>aout</span> <span class='ocrx_word' id='word_1_459' title='bbox 1175 3092 1269 3126; x_wconf 81' lang='lat'>1379</span> <span class='ocrx_word' id='word_1_460' title='bbox 1294 3092 1397 3136; x_wconf 84' lang='lat' dir='ltr'>(Reg.</span> <span class='ocrx_word' id='word_1_461' title='bbox 1419 3093 1530 3127; x_wconf 91' lang='lat' dir='ltr'>Avin.</span> <span class='ocrx_word' id='word_1_462' title='bbox 1553 3093 1634 3131; x_wconf 77' lang='lat'>279,</span> <span class='ocrx_word' id='word_1_463' title='bbox 1657 3093 1718 3126; x_wconf 83' lang='lat' dir='ltr'>fol.</span> <span class='ocrx_word' id='word_1_464' title='bbox 1742 3093 1786 3126; x_wconf 80' lang='lat'>89</span> <span class='ocrx_word' id='word_1_465' title='bbox 1806 3091 1866 3135; x_wconf 70' lang='grc' dir='ltr'>ΓΟ).</span> 
     </span>
    </p>

    <p class='ocr_par' dir='ltr' id='par_1_8' title="bbox 326 3140 1712 3189">
     <span class='ocr_line' id='line_1_49' title="bbox 326 3140 1712 3189; baseline 0.007 -19"><span class='ocrx_word' id='word_1_466' title='bbox 326 3150 354 3171; x_wconf 66' lang='grc' dir='ltr'>υ.</span> <span class='ocrx_word' id='word_1_467' title='bbox 385 3140 545 3172; x_wconf 64' lang='lat' dir='ltr'>Grandes</span> <span class='ocrx_word' id='word_1_468' title='bbox 566 3142 777 3185; x_wconf 75' lang='lat' dir='ltr'>chroniques</span> <span class='ocrx_word' id='word_1_469' title='bbox 799 3145 839 3176; x_wconf 75' lang='lat' dir='ltr'>(Ie</span> <span class='ocrx_word' id='word_1_470' title='bbox 860 3144 1010 3184; x_wconf 82' lang='lat' dir='ltr'>France,</span> <span class='ocrx_word' id='word_1_471' title='bbox 1034 3146 1089 3178; x_wconf 76' lang='lat' dir='ltr'>ed.</span> <span class='ocrx_word' id='word_1_472' title='bbox 1115 3145 1353 3185; x_wconf 71' lang='lat' dir='ltr'>DelachcnaL</span> <span class='ocrx_word' id='word_1_473' title='bbox 1377 3152 1402 3178; x_wconf 90' lang='lat' dir='ltr'>t.</span> <span class='ocrx_word' id='word_1_474' title='bbox 1424 3159 1461 3185; x_wconf 78' lang='lat'>11,</span> <span class='ocrx_word' id='word_1_475' title='bbox 1485 3158 1519 3189; x_wconf 90' lang='lat' dir='ltr'>p.</span> <span class='ocrx_word' id='word_1_476' title='bbox 1542 3147 1712 3180; x_wconf 82' lang='lat'>354-355.</span> 
     </span>
    </p>
   </div>
  </div>
 </body>
</html>
