2083 3458
100 191 225 246 [648]
624 204 840 229 PAPARUM
876 204 1261 230 AVENIONENSIUM
1718 189 1795 230 131

89 292 285 330 adversus
304 304 397 328 eum
415 289 639 340 proposito,
656 288 719 327 ille
735 288 867 328 noluit
881 289 1138 338 respondere,
1158 288 1294 326 dicens
1308 288 1321 310 ¹
1344 288 1437 338 quia
1459 288 1552 326 dicti
1570 289 1796 327 commissa-

90 350 142 388 rii
168 358 261 387 sunt
285 349 461 386 homines
486 347 687 398 simplices
713 355 746 385 et
773 347 974 396 inferioris
999 355 1136 394 status,
1164 355 1197 385 et
1224 348 1307 384 ideo
1333 348 1428 397 petit
1461 348 1541 384 sibi
1568 348 1655 385 dari
1680 348 1796 397 sortes

90 408 380 447 commissarios
407 415 441 445 et
467 415 638 457 potentes
665 407 885 443 cardinales
912 407 956 443 de
985 406 1065 443 illis
1093 406 1159 456 qui
1188 406 1364 443 noverint
1389 406 1494 455 facta
1522 406 1796 456 inquisitionis

90 477 258 518 tempore
282 466 434 505 domini
459 465 670 504 Clementis
695 479 811 514 pape,
838 465 1011 502 videlicet
1036 466 1241 502 dominnm
1266 465 1564 515 Neapolionern,
1592 466 1796 504 (lominum

94 527 441 572 Tusculanensem,
468 525 670 562 dominum
700 525 860 561 Petrum
885 525 929 561 de
954 523 1180 574 Columpna
1214 532 1247 561 et
1272 524 1476 561 dominum
1501 524 1727 562 Arnaldum
1753 526 1796 563 de

92 587 304 634 Pelagrua.

145 645 264 682 Anno
287 643 543 689 MCCCXVI,
567 638 805 680 Guillelmus
828 642 964 687 Testa,
987 642 1217 688 cardinalis,
1240 642 1348 683 hunc
1364 642 1590 682 Arnaldum
1612 643 1795 681 nomina-

91 704 154 741 vit
175 704 283 744 inter
306 710 543 741 executores
568 701 629 739 sui
653 700 894 738 testamenti
915 702 939 738 ².

149 763 268 800 Illum
298 761 553 800 Contelorius
595 760 648 810 [p.
684 759 754 809 18]
789 759 848 796 ait
878 759 1095 797 decessisse
1126 773 1190 797 an.
1225 759 1528 806 MCCCXXXI,
1561 774 1696 798 mense
1728 774 1796 798 au-

93 830 212 871 gusto
230 822 258 867 3,
285 820 408 870 idque
435 834 474 858 se
509 818 713 860 invenisse
740 818 881 856 scribit
915 819 957 856 in
983 819 1092 856 bulla
1119 832 1250 868 papae
1272 818 1454 856 Joannis.
1486 819 1547 855 Ex
1574 833 1654 868 quo
1681 819 1797 857 facile

92 880 295 930 colligitur
315 879 400 917 falli
420 893 486 917 eos
508 878 577 928 qui
606 886 790 927 tempore
809 877 1022 915 Benedicti
1045 878 1128 914 XII
1150 892 1242 915 eum
1262 885 1415 927 putant
1441 877 1657 916 excessisse
1678 878 1797 916 rebus

91 939 294 977 humanis.
317 939 379 975 Ex
398 952 478 987 quo
497 951 658 975 rursum
689 936 953 985 consequitur
979 937 1243 974 vehementer
1268 950 1398 974 errare
1420 936 1633 983 Pellinum,
1657 951 1742 986 par.
1768 937 1797 984 I,

91 999 197 1036 Hist.
218 998 372 1044 Perus,
391 997 460 1035 lib.
481 995 634 1046 VII,'p.
656 995 745 1037 575,
765 995 834 1032 ubi
855 995 1082 1033 Arnaldum
1102 995 1150 1033 de
1171 996 1368 1044 Pelagrua
1389 995 1636 1033 cardinalem
1656 996 1693 1034 S.
1715 996 1797 1034 Ma-

90 1057 173 1095 riae
195 1057 236 1096 in
259 1056 438 1102 Porticu,
461 1056 713 1095 avunculum
744 1054 882 1091 Karoli
906 1054 1019 1091 ducis
1053 1054 1230 1100 Duraeii,
1253 1054 1312 1091 ait
1334 1054 1444 1103 apud
1468 1055 1718 1092 Clementem
1741 1055 1798 1092 VI

89 1116 339 1154 auctoritate
370 1130 442 1153 sua
473 1114 651 1153 effecisse
682 1113 743 1150 uti
774 1113 984 1151 coronatio
1016 1113 1201 1151 Andreae
1232 1112 1334 1162 regis
1366 1113 1522 1151 Siciliae
1553 1113 1796 1152 differretur.

95 1175 211 1213 Istud
240 1175 348 1213 enim
375 1173 634 1212 referendum
663 1173 800 1223 potius
830 1177 935 1210 esset
964 1172 1015 1209 ad
1045 1172 1352 1220 Talayrandum
1382 1172 1629 1209 cardinalem
1660 1173 1798 1210 Petra-

92 1234 355 1284 goricensem,
390 1233 512 1283 vulgo
546 1233 590 1270 cle
624 1232 845 1280 Pelagorga
878 1239 1073 1268 vocatum
1107 1231 1159 1268 ab
1198 1231 1316 1268 Italia
1350 1231 1511 1268 illorum
1546 1239 1798 1281 temporum3

91 1308 142 1332 ex
161 1307 242 1343 quo
261 1293 378 1331 facile
399 1292 553 1330 Pellino
574 1291 653 1329 fuit
671 1291 826 1329 efficere
846 1291 1057 1338 Pelagriio.

146 1352 284 1390 Fuisse
312 1352 539 1390 Arnaldum
566 1350 899 1388 archidiaconum
928 1349 1130 1387 Ecclesiae
1158 1348 1417 1389 Carnotensis
1438 1348 1451 1370 ⁴
1478 1349 1626 1389 docent
1661 1357 1800 1388 vetera

141 1474 172 1508 1.
203 1475 243 1508 B.
267 1475 324 1512 N..
345 1486 412 1507 ms.
432 1474 528 1506 latin
546 1473 652 1513 4270,
673 1473 696 1506 f.
717 1474 761 1506 33
781 1476 824 1506 1¹⁰.

143 1529 173 1562 2.
201 1529 239 1561 F.
267 1528 476 1567 Duchesne,
502 1533 528 1560 t.
553 1540 590 1567 11,
615 1539 650 1571 p.
677 1528 756 1560 283.
781 1546 829 1548 —
854 1527 882 1558 Il
906 1526 963 1558 fut
988 1526 1198 1568 egalement
1221 1527 1424 1558 executeur
1446 1525 1730 1557 testamentaire
1755 1526 1798 1558 de

95 1582 262 1615 Bet-nard
281 1582 324 1614 de
343 1581 484 1614 Garvcs
506 1581 561 1623 (E.
582 1580 716 1615 Goller.
736 1580 887 1612 ιΙοΙιαηη
904 1578 1042 1617 XXII,
1062 1591 1096 1622 p.
1115 1579 1196 1615 348.
1215 1579 1312 1621 349).

141 1636 173 1668 3.
195 1635 244 1667 Le
277 1635 320 1667 24
351 1635 442 1667 aoot
472 1634 578 1673 1332,
598 1634 695 1666 Jean
714 1633 833 1666 XXII
852 1632 1036 1666 conferait
1055 1644 1102 1664 au
1121 1632 1287 1664 cardinal
1306 1632 1402 1664 Jean
1421 1631 1586 1663 Colonna
1613 1632 1662 1663 lcs
1690 1632 1800 1664 bene-

98 1688 181 1721 fices
200 1688 263 1732 qui
282 1688 436 1720 avaient
453 1693 666 1731 appartenu
684 1687 704 1718 a
721 1687 880 1719 Arnaud
898 1687 941 1719 dc
961 1686 1149 1728 Pellegrue
1168 1691 1267 1717 mort
1283 1697 1329 1717 en
1346 1684 1443 1717 curie
1466 1684 1620 1726 (Mollat,
1636 1696 1668 1717 n.
1685 1685 1800 1718 5812ss

95 1748 133 1774 et
153 1741 298 1784 58128).

141 1795 173 1828 4.
203 1795 232 1827 ΙΙ
259 1795 364 1827 avait
391 1794 489 1827 aussi
515 1795 565 1826 les
593 1793 872 1826 archidiacones
901 1793 943 1825 de
972 1791 1362 1825 Chalons-sur-Marne
1389 1797 1426 1823 et
1453 1791 1501 1823 du
1530 1791 1800 1823 Fenouilhedcs

92 1860 139 1881 cn
164 1848 300 1891 l'eglise
328 1848 371 1880 de
400 1848 602 1880 Narbonne
632 1847 788 1889 (Mollat,
816 1858 850 1879 n.
879 1846 1008 1885 52959,
1037 1846 1153 1878 52968
1179 1851 1216 1877 et
1243 1845 1387 1887 52969).
1416 1844 1464 1877 Le
1491 1845 1510 1876 7
1536 1844 1683 1887 janvier
1710 1844 1799 1876 1312

95 1901 264 1935 Clement
287 1901 318 1933 V
341 1901 392 1933 lui
416 1901 542 1933 donna
564 1901 600 1933 13
623 1900 843 1933 commende
868 1900 911 1931 de
935 1899 1072 1941 l’eglise
1102 1899 1164 1930 des
1188 1897 1612 1936 Saints-Jean-et-Paul,
1638 1897 1658 1928 a
1684 1897 1800 1929 Rome

98 1954 271 1997 (Clement
296 1955 337 1994 V,
360 1966 395 1987 n.
419 1954 542 1997 8770),
566 1953 657 1997 qu’il
679 1965 859 1986 conserva
880 1953 1058 1995 jusqu’au
1081 1952 1124 1985 18
1148 1952 1342 1984 decembre
1366 1951 1468 1986 1316,
1493 1951 1579 1983 date
1602 1950 1622 1982 a
1643 1950 1800 1993 laquelle

95 2008 259 2051 Jacques
279 2008 323 2040 de
342 2007 412 2040 Via
430 2019 476 2040 en
494 2007 554 2039 fut
573 2018 721 2050 pourvu
740 2007 760 2038 a
780 2006 867 2038 titre
888 2005 1063 2039 definitis.
1083 2024 1132 2027 —-
1150 2005 1198 2037 Le
1219 2004 1386 2037 cardinal
1414 2004 1457 2036 de
1482 2003 1669 2046 Pellegrue
1697 2003 1801 2035 avait

96 2062 195 2094 deux
211 2073 371 2099 neveux,
390 2061 525 2103 Anger,
546 2060 610 2104 qui
627 2060 721 2093 etait
738 2060 834 2092 abbe
853 2060 896 2092 de
916 2058 1159 2101 Castrogeriz,
1178 2070 1225 2090 au
1243 2057 1386 2090 diocese
1405 2057 1448 2089 de
1467 2057 1619 2099 Burgos,
1638 2068 1683 2088 en
1709 2056 1797 2089 1331

102 2114 256 2156 (Mollem,
288 2126 321 2147 n.
354 2114 499 2157 52961),
530 2119 567 2146 et
597 2113 821 2152 Guillaumc,
852 2114 988 2155 ecuyer
1015 2124 1061 2144 en
1101 2112 1193 2144 1317
1236 2111 1279 2143 de
1320 2111 1417 2142 Jean
1460 2110 1577 2142 XXII
1623 2109 1799 2150 (Schiifer,

96 2167 248 2200 Johann
274 2165 412 2206 XXII,
442 2179 477 2210 p.
507 2167 604 2210 199).
635 2166 694 2199 On
720 2166 771 2198 lui
799 2167 953 2198 connait
981 2165 1071 2198 trois
1099 2176 1217 2197 soeurs
1246 2164 1267 2195 a
1294 2164 1459 2196 chacune
1489 2163 1694 2205 (lesquelles
1724 2162 1800 2195 Cle-

96 2226 201 2253 ment
221 2221 253 2252 V
274 2221 381 2263 legua
402 2226 488 2253 cent
520 2219 646 2252 ssorins
672 2219 831 2262 (Archiv,
855 2225 881 2251 t.
906 2231 939 2258 v,
964 2230 997 2262 p.
1018 2218 1088 2260 23).
1111 2217 1328 2250 —Arnaud
1350 2217 1393 2249 de
1417 2216 1604 2258 Pellegrue
1629 2214 1801 2258 jeouissait

97 2274 208 2307 d’une
228 2274 365 2317 grande
384 2273 569 2306 inssuence
589 2273 609 2305 a
626 2273 662 2305 la
679 2284 769 2305 cour
787 2272 831 2305 de
850 2272 1020 2305 Clement
1037 2271 1080 2304 V.
1101 2271 1168 2304 Les
1188 2270 1474 2303 ambassadeurs
1494 2268 1689 2311 aragonais
1708 2268 1802 2311 l’ap-

94 2327 258 2370 pelaient
287 2326 318 2359 Io
347 2325 464 2369 major
479 2328 519 2360 de
535 2326 571 2359 la
585 2331 657 2359 cort
671 2332 709 2359 et
725 2325 989 2369 pretendaient
1006 2324 1097 2368 qu'il
1114 2323 1218 2356 avait
1236 2323 1352 2366 major
1366 2322 1468 2365 favor
1483 2333 1525 2354 en
1541 2327 1611 2354 cort
1626 2332 1691 2364 qne
1707 2332 1801 2363 negti

92 2380 165 2413 clels
186 2380 303 2419 altres,
327 2385 358 2412 et
379 2380 499 2423 loqual
518 2379 583 2412 sab
606 2391 679 2412 mes
701 2379 737 2411 la.
758 2379 909 2411 volentat
931 2378 985 2411 del
1016 2388 1116 2421 papa
1141 2376 1282 2420 (Finke,
1307 2376 1514 2418 Papsstum,
1539 2380 1564 2407 t.
1597 2387 1633 2413 11⁷
1658 2386 1692 2417 p.
1718 2375 1797 2412 254,

94 2433 188 2476 255).
218 2433 332 2466 Leurs
360 2433 541 2476 depeches
579 2431 611 2465 le
650 2438 845 2465 montrent
871 2443 916 2464 en
943 2436 1097 2464 contact
1123 2435 1300 2462 constant
1327 2440 1417 2460 avec
1445 2428 1614 2460 Clement
1654 2426 1797 2469 (Finke,

93 2498 150 2530 op.
177 2487 247 2526 cit„
276 2493 301 2519 t.
327 2498 364 2526 11,
392 2498 426 2529 p.
455 2486 510 2525 21,
539 2486 618 2525 209,
647 2486 726 2525 22¹1,
755 2485 851 2528 225).
879 2484 989 2517 Aussi
1023 2484 1072 2516 les
1098 2483 1170 2516 rois
1197 2482 1454 2524 d'Angleterre
1480 2487 1517 2513 et
1552 2480 1743 2523 d’Aragon
1766 2480 1798 2513 le

95 2539 446 2584 pensionnerent-ils
469 2539 635 2582 (Rymer,
655 2545 680 2571 t.
699 2542 739 2578 1⁴,
763 2550 797 2582 p.
817 2539 885 2571 137
904 2544 941 2570 et
969 2543 994 2570 t.
1013 2549 1037 2569 11
1050 2536 1073 2576 ¹,
1093 2548 1127 2579 p.
1149 2537 1191 2568 55
1210 2541 1248 2568 et
1267 2535 1393 2572 Finke.
1416 2534 1508 2566 Acla
1531 2533 1798 2576 Aragonensia,

98 2598 124 2626 t.
144 2604 181 2632 11,
204 2604 238 2636 p.
263 2593 342 2629 538,
360 2592 456 2636 539).
480 2591 555 2625 Son
575 2592 694 2625 credit
715 2591 884 2624 diminua
904 2602 989 2623 sous
1011 2590 1108 2622 Jean
1130 2588 1260 2621 XXII.
1283 2587 1439 2620 Arnaud
1459 2598 1505 2619 en
1525 2592 1662 2627 concut
1682 2597 1733 2618 un
1749 2586 1799 2619 tel

97 2645 201 2689 depit
227 2646 318 2689 qu’il
344 2646 433 2689 joua
458 2657 511 2677 un
536 2645 609 2678 role
636 2651 788 2688 suspect
815 2645 906 2677 dans
934 2644 983 2676 les
1010 2642 1216 2675 tentatives
1244 2640 1489 2673 d'assassinat
1515 2640 1726 2682 perpetrees
1753 2651 1799 2672 en

97 2699 188 2732 1317
212 2710 275 2731 sur
297 2699 332 2731 la
355 2710 537 2742 personne
562 2699 612 2730 du
635 2710 730 2742 pape
754 2709 822 2741 par
848 2697 999 2740 Hugues
1024 2695 1185 2732 Geraud,
1211 2696 1351 2737 eveque
1377 2694 1419 2725 de
1445 2692 1582 2725 Cahors
1611 2692 1666 2734 (E.
1691 2692 1798 2731 Albe,

95 2751 240 2784 Autour
259 2752 299 2784 de
317 2751 415 2784 Jean
433 2750 571 2784 XXII.
593 2751 748 2794 Hzigiies
774 2751 927 2789 Gemini,
950 2749 1030 2781 voir
1050 2749 1084 2781 la
1105 2748 1205 2780 table
1228 2748 1290 2779 des
1311 2746 1512 2788 matieres).
1536 2745 1595 2778 On
1614 2745 1644 2777 le
1666 2750 1799 2778 trouve

97 2804 195 2837 aussi
216 2804 440 2848 compromis
462 2805 554 2837 dans
574 2804 605 2837 le
626 2807 753 2848 proces
774 2804 918 2836 intente
941 2814 987 2835 au
1010 2802 1170 2834 vicomte
1195 2801 1238 2832 de
1260 2800 1461 2841 Lomagne.
1486 2799 1515 2830 Il
1536 2798 1605 2830 dut
1624 2797 1801 2831 restituer

96 2852 168 2891 une
197 2858 316 2901 partie
348 2858 409 2890 des
438 2858 541 2890 biens
573 2858 636 2901 qui
664 2857 911 2901 provenaient
931 2856 973 2887 de
1001 2855 1036 2887 la
1062 2853 1272 2887 succession
1300 2853 1344 2884 de
1377 2851 1544 2884 Clement
1576 2850 1607 2883 V
1640 2850 1798 2893 (Archiv,

99 2916 125 2944 t.
141 2911 237 2950 9-11,
253 2911 309 2949 13,
327 2911 384 2950 14,
403 2912 458 2951 22,
475 2911 595 2950 26-31,
612 2912 669 2944 33.
685 2911 741 2949 34,
757 2911 812 2947 52,
831 2910 887 2948 63,
904 2915 941 2941 et
959 2908 996 2941 F.
1014 2907 1135 2946 Ehrle,
1152 2906 1320 2939 Historia
1336 2904 1574 2943 bibliothecae,
1590 2915 1623 2947 p.
1642 2903 1737 2946 576).
1754 2922 1802 2927 —-

98 2963 157 2996 On
172 2964 327 3007 possede
345 2964 541 2996 d'Arnaud
558 2964 601 2997 de
621 2964 809 3006 Pellegrue
825 2973 897 2994 une
915 2959 1171 2993 consultation
1186 2970 1248 2991 sur
1263 2958 1298 2990 la
1315 2957 1489 3001 question
1506 2957 1549 2989 de
1566 2957 1601 2989 la
1617 2958 1800 3000 pauvrete

98 3017 342 3060 evangelique
378 3017 429 3059 (F.
462 3017 594 3057 Tocco,
625 3017 680 3049 La
708 3016 887 3059 quistione
917 3014 1008 3047 della
1037 3013 1199 3051 Pomm,
1231 3023 1265 3054 p.
1298 3011 1378 3050 170,
1410 3010 1491 3053 171)
1525 3014 1562 3042 et
1590 3021 1662 3042 une
1693 3015 1799 3042 autre

96 3078 162 3102 Sur
187 3070 222 3102 la
248 3070 414 3103 croisade
446 3069 612 3114 (Coulon,
641 3081 676 3102 n.
706 3068 826 3111 1704).
854 3067 911 3100 On
939 3078 959 3099 a
988 3066 1030 3098 de
1058 3065 1109 3098 lui
1136 3065 1318 3108 plusieurs
1345 3063 1473 3096 lettres
1504 3062 1597 3105 (voir
1623 3062 1799 3102 Soranzo,
