2083 3458
255 195 334 236 552
880 210 1031 234 NOTAE
1067 209 1127 234 AD
1164 209 1290 233 VITAs
1804 190 1957 246 [1036]

253 296 512 344 plenissimus
560 295 763 332 immemor
794 294 915 342 fuerit
954 293 1095 331 salutis
1127 301 1261 332 eterne.
1298 293 1376 331 Sed
1419 301 1582 342 praeter
1615 307 1660 331 ea
1699 307 1804 343 quae
1838 304 1962 341 supra

255 355 457 404 descripta
483 363 579 392 sunt
604 368 653 392 ex
677 353 932 403 depositione
958 352 1102 391 Jacobi
1127 351 1352 400 camerarii,
1374 352 1571 390 adversus
1594 352 1705 391 haecv
1722 351 1815 389 Pilei
1837 349 1963 389 verba

255 422 295 452 et
329 413 526 452 adversus
564 413 793 451 orationem
836 412 1012 462 episcopi
1049 411 1267 450 Faventini
1299 411 1472 461 proferri
1503 420 1644 462 potest
1681 410 1965 450 testimonium

257 473 461 511 Francisci
490 473 538 510 de
563 473 601 510 la
624 472 741 520 Fara,
762 471 942 509 doctoris
969 471 1009 508 in
1038 470 1242 509 medicina
1263 486 1271 508 :
1292 470 1403 520 quod
1429 471 1476 508 iis
1504 479 1743 520 suspectum
1770 484 1856 508 esse
1882 482 1965 507 non

254 532 377 570 debet
401 532 469 582 qui
498 531 654 569 Urbani
677 544 845 569 causam
869 530 1113 578 defendunt,
1139 544 1232 568 cum
1254 531 1341 580 ipse
1366 529 1583 567 Urbanum
1606 538 1728 569 vocet
1751 529 1966 567 dominum

254 605 419 641 papam.
450 591 562 630 Haec
586 599 684 629 sunt
708 590 834 628 verba
860 604 911 628 ex
935 589 1193 639 depositione
1218 590 1305 639 ejus
1330 589 1344 611 1
1379 605 1386 627 :
1415 589 1514 626 Item
1538 589 1639 627 dixit
1652 589 1755 639 quod
1778 588 1849 626 iste
1873 587 1966 625 visi-

256 651 363 688 tabat
390 651 598 687 dominum
624 649 870 688 cardinalem
886 649 1026 687 Sancti
1045 649 1155 686 Petri
1183 649 1339 699 quando
1362 648 1646 698 infirmabatur
1669 648 1904 697 infirmitate
1923 647 1968 684 de

257 725 333 760 qua
361 710 472 756 obiit,
503 718 537 747 et
563 709 643 758 fuit
670 723 817 758 passus
855 708 1036 745 morbum
1067 709 1261 745 caducum
1296 722 1366 745 seu
1394 708 1663 758 epilenticum,
1692 716 1727 745 et
1752 705 1970 757 spumabat

255 778 289 807 et
311 769 479 807 vertebat
501 769 632 806 oculos
649 768 888 807 terribiliter.
909 768 959 805 Et
983 768 1045 805 die
1068 782 1145 817 qua
1167 767 1267 805 obiit
1289 767 1466 817 arripuit
1487 782 1576 804 eum
1602 768 1694 805 bene
1714 775 1768 804 ter
1786 765 1968 816 paroxis-

257 842 363 876 mus,
385 837 419 866 et
440 837 617 866 mortuus
636 828 717 877 suit
744 828 854 865 valde
874 827 1086 875 cruciatus,
1111 827 1206 877 quia
1234 827 1420 876 linguam
1442 826 1650 865 collidebat
1669 840 1759 864 cum
1785 824 1970 863 dentibus

254 896 412 938 propter
441 887 640 925 malitiam
669 886 934 936 infirmitatiS,
964 894 999 924 et
1027 886 1112 936 ipse
1138 886 1311 935 faciebat
1339 887 1441 936 quod
1466 886 1547 923 sibi
1575 894 1786 936 poneretur
1812 885 1971 933 lignum

258 948 358 985 inter
383 947 525 985 dentes.
554 947 606 984 Et
628 946 802 995 faciebat
826 946 978 984 vultum
1003 945 1244 984 horribilem.
1273 946 1325 984 Et
1347 946 1406 983 sic
1431 954 1609 984 mortuus
1633 953 1700 993 est,
1729 945 1842 982 nulla
1865 943 1971 993 facta

259 1008 454 1045 mentione
486 1006 530 1044 de
560 1021 683 1056 papa.
725 1006 871 1043 Verum
902 1014 958 1043 est
988 1013 1119 1043 tamen
1152 1006 1254 1055 quod
1283 1013 1374 1043 ante
1404 1005 1608 1054 consessus
1638 1004 1730 1054 fuit,
1763 1012 1798 1042 et
1828 1003 1974 1052 recepit

257 1067 459 1114 viaticum,
497 1066 601 1103 sicut
635 1065 776 1115 potuit.
819 1065 932 1102 Tunc
968 1065 1174 1102 videbatur
1209 1079 1381 1102 asserere
1417 1065 1519 1114 quod
1553 1064 1740 1102 dominus
1783 1062 1973 1100 Urbanus

258 1134 355 1164 esset
381 1140 493 1163 verus
519 1139 642 1174 papa.
674 1124 737 1162 Ex
763 1124 825 1162 his
853 1124 1118 1173 testimoniis,
1148 1138 1253 1175 quae
1280 1132 1473 1174 suspecta
1501 1138 1586 1162 esse
1612 1138 1694 1162 non
1721 1130 1898 1173 possunt
1923 1122 1971 1159 iis

260 1185 329 1235 qui
351 1193 489 1235 partes
515 1184 673 1222 Urbani
695 1184 803 1223 tueri
826 1184 994 1231 vellent,
1018 1191 1160 1234 aperte
1184 1183 1405 1222 conficitur
1425 1183 1526 1221 nihil
1547 1183 1590 1221 in
1613 1182 1791 1233 gratiam
1815 1181 1973 1220 Urbani

259 1244 460 1294 scriptum
482 1252 556 1282 aut
578 1243 861 1294 subscriptum
883 1243 1008 1281 fuisse
1030 1257 1052 1281 a
1076 1243 1275 1281 cardinali
1298 1243 1439 1281 Sancti
1462 1243 1587 1290 Petri,
1610 1242 1797 1292 adeoque
1819 1241 1851 1278 si
1874 1240 1972 1291 quid

258 1303 493 1341 istiusmodi
517 1304 728 1353 prolatum
751 1311 826 1350 est,
850 1303 892 1340 id
916 1310 1055 1340 totum
1079 1302 1226 1341 debere
1251 1302 1405 1341 censeri
1428 1303 1591 1340 falsum.
1619 1301 1696 1340 Sed
1721 1315 1791 1339 cur
1814 1300 1972 1350 agimus
2026 1310 2029 1312 '

260 1363 507 1412 conjecturis
543 1362 614 1400 ubi
649 1363 935 1401 testimonium
972 1361 1244 1400 manifestum
1278 1362 1478 1400 habemus
1514 1361 1592 1399 viri
1625 1360 1802 1410 religiosi
1835 1359 1974 1398 fratris

260 1423 417 1472 Angeli,
446 1422 624 1460 ministri
652 1422 849 1471 generalis
879 1421 1031 1460 ordinis
1060 1421 1280 1469 Minorum,
1306 1421 1350 1460 in
1376 1421 1550 1472 epistola
1577 1420 1729 1470 scripta
1760 1420 1812 1458 ad
1838 1432 1975 1468 regem

262 1482 462 1520 Castellae
489 1496 598 1519 anno
626 1481 946 1528 MOECLXXX,
968 1481 1032 1519 die
1061 1480 1212 1519 XXIX
1238 1481 1350 1528 maii,
1369 1481 1412 1519 in
1439 1494 1520 1531 qua
1547 1481 1603 1519 sic
1629 1480 1779 1530 legitur
1798 1479 1813 1502 2
1839 1495 1846 1517 :
1878 1478 1976 1516 Item

260 1541 399 1579 audivi
429 1556 453 1578 a
484 1541 644 1587 domino
675 1540 889 1590 Stephano,
923 1541 1084 1588 doctore,
1118 1541 1317 1590 quondam
1345 1540 1552 1578 secretario
1583 1539 1678 1577 dicti
1708 1538 1978 1577 Bartholomei

262 1601 461 1650 quondam
488 1600 693 1648 Barensis,
725 1600 793 1650 qui
821 1615 929 1638 nunc
955 1609 1011 1638 est
1039 1599 1226 1649 Neapoli,
1256 1608 1291 1638 et
1316 1614 1362 1637 em
1389 1599 1632 1637 conscientia
1659 1598 1709 1636 ab
1736 1613 1778 1635 eo
1806 1597 1976 1646 recessit,

264 1661 365 1709 quod
386 1660 513 1698 dictus
540 1659 841 1697 Bartholomeus
864 1659 1032 1697 habebat
1061 1659 1201 1708 sigilla
1224 1659 1450 1697 materialia
1480 1672 1618 1708 regum
1640 1657 1813 1706 Boemie,
1842 1657 1976 1706 Unga-

262 1720 318 1756 rie
349 1728 383 1757 et
414 1720 586 1757 aliorum
617 1719 854 1769 principum
886 1719 1100 1757 multorum
1140 1727 1173 1756 et
1205 1719 1458 1756 dominorum
1488 1727 1523 1756 et
1562 1717 1716 1756 domini
1756 1716 1978 1756 cardinalis

263 1778 488 1826 Cusentini,
530 1793 619 1816 cum
667 1778 812 1828 quibus
851 1778 952 1816 dicto
1001 1779 1161 1816 domino
1201 1778 1402 1828 Stephano
1440 1786 1618 1827 presente
1655 1777 1781 1826 salsas
1829 1776 1979 1814 litteras

264 1838 531 1887 componebat,
555 1847 589 1876 et
610 1838 835 1876 ostendebat
854 1838 1026 1888 recipere
1047 1852 1166 1875 novos
1187 1852 1376 1885 cursores,
1400 1846 1434 1875 et
1453 1837 1512 1875 sic
1533 1837 1762 1874 Romanum
1782 1836 1979 1886 populum

263 1897 484 1946 festivabat.
510 1897 562 1935 Et
584 1897 695 1935 addit
719 1898 821 1947 quod
842 1912 912 1947 per
935 1912 1080 1935 manus
1103 1897 1190 1947 ejus
1211 1897 1292 1946 fuit
1312 1896 1576 1946 falsificatum
1599 1904 1874 1934 testamentum
1896 1909 1978 1933 car-

266 1956 416 1993 dinalis
435 1957 478 1993 cle
498 1956 641 1994 Sancto
660 1957 787 1995 Petro.
811 1956 998 2007 Denique
1018 1956 1237 1995 Urbanum
1255 1956 1313 1993 VI
1332 1956 1456 1995 fuisse
1475 1956 1677 1994 audacem
1694 1955 1982 2005 insignemque

266 2016 506 2054 mendacem
523 2024 705 2054 testatur
720 2016 783 2054 vir
797 2016 988 2066 partibus
1004 2016 1092 2066 ejus
1109 2015 1417 2054 addictissimus
1435 2015 1614 2054 Thomas
1631 2014 1979 2064 Walsinghamus.

268 2076 370 2114 Cum
395 2075 503 2113 enim
524 2084 663 2125 ageret
689 2075 738 2113 de
764 2075 1042 2114 cardinalibus
1065 2075 1263 2114 adversus
1290 2090 1390 2126 quos
1417 2075 1708 2113 credulitatem
1728 2087 1846 2112 suam
1870 2073 1981 2112 idem

274 2134 462 2172 Urbanus
497 2136 693 2182 exercuit,
727 2135 982 2185 referretque
1015 2148 1247 2173 sermonem
1280 2134 1332 2172 ab
1367 2149 1413 2172 eo
1446 2134 1610 2185 publice
1642 2133 1834 2172 habitum
1868 2132 1981 2183 apud

271 2194 497 2241 Luceriam,
520 2194 563 2231 in
586 2208 666 2244 quo
690 2194 796 2232 dixit
817 2195 926 2233 inter
948 2195 1027 2233 alia
1051 2194 1323 2233 cardinalium
1345 2194 1510 2232 illorum
1532 2192 1882 2243 conspirationem
1904 2192 1981 2230 sibi

271 2252 394 2291 fuisse
419 2254 750 2291 demonstratam
773 2255 1027 2292 revelatione
1052 2253 1207 2301 divina,
1233 2253 1352 2292 addit
1376 2270 1384 2292 :
1409 2253 1594 2302 Longum
1616 2261 1673 2290 est
1694 2260 1825 2290 autem
1848 2260 1884 2290 et
1905 2260 1982 2290 tae·

272 2312 428 2349 diosum
450 2312 613 2361 fabulas
638 2313 807 2350 inserere
831 2328 929 2363 quas
955 2313 1144 2352 narravit.

327 2371 369 2410 P.
403 2370 491 2419 369,
523 2372 588 2421 lig,
623 2371 657 2410 5.
685 2372 959 2411 LEONELLUS.
994 2372 1271 2411 Continuator
1301 2372 1480 2411 Gallicus
1513 2369 1687 2422 Nangii3
1716 2370 1859 2410 scribit
1889 2383 1982 2408 eum

274 2430 488 2469 advenisse
514 2430 739 2478 Lutetiam,
765 2432 829 2469 die
854 2446 926 2469 xv1
951 2432 1100 2471 mensis
1125 2432 1278 2481 aprilis,
1299 2431 1417 2482 eique
1439 2431 1606 2469 obviam
1630 2444 1760 2480 usque
1783 2430 1836 2468 ad
1861 2429 1983 2467 Sanc-

276 2498 363 2526 tum
383 2489 627 2539 Dionysium
642 2490 763 2529 ivisse
781 2491 1000 2538 Joannem,
1018 2491 1163 2529 ducem
1180 2491 1493 2538 Biturieensem‚
1510 2498 1551 2528 et
1568 2490 1819 2540 Philippum,
1837 2489 1984 2527 ducem

276 2548 551 2597 Burgundiae,
584 2549 730 2587 fratres
765 2550 906 2588 Karoli
938 2550 985 2598 V,
1016 2551 1119 2600 regis
1154 2550 1419 2597 Francorum,
1450 2564 1472 2588 a
1505 2549 1654 2599 qu'i'bus
1685 2549 1891 2587 adductus
1922 2556 1985 2586 est

277 2607 317 2643 in
347 2608 566 2657 Luparam‚
595 2608 664 2646 ubi
691 2623 713 2647 a
739 2624 831 2659 rege
858 2618 1124 2659 peramanter
1150 2617 1191 2647 et
1217 2609 1435 2660 magnifice
1463 2617 1659 2659 exceptus
1687 2608 1780 2655 fuit,
1809 2620 1984 2656 cumque

278 2666 357 2703 illic
382 2680 530 2715 magno
553 2667 594 2705 in
617 2668 771 2706 honore
794 2668 962 2706 habitus
987 2669 1208 2707 mansisset
1229 2682 1301 2718 per
1323 2668 1484 2718 aliquot
1508 2668 1605 2715 dies,
1631 2668 1798 2706 demum
1822 2667 1885 2705 die
1909 2679 1984 2703 X1x
2031 2709 2035 2713 Δ

282 2725 466 2772 ejusdem
495 2727 643 2764 mensis
673 2729 891 2766 excessisse
921 2728 1033 2767 urbe.
1065 2728 1195 2766 Addit
1223 2741 1317 2766 eum
1343 2728 1460 2777 jussu
1491 2727 1594 2776 regis
1624 2727 1871 2765 comitatum
1900 2739 1985 2764 esse

283 2797 409 2831 usquc
447 2784 625 2823 Senonas
663 2788 856 2825 comitem
891 2787 1188 2834 Tancarvillae,
1215 2795 1256 2825 et
1289 2787 1388 2825 alios
1425 2785 1627 2836 quosdam
1657 2793 1871 2835 magnates
1898 2783 1985 2834 ejus

282 2842 436 2879 itineris
459 2844 642 2881 assiduos
671 2846 839 2884 comites
860 2846 983 2885 fuisse
1012 2861 1225 2896 quousque
1249 2846 1328 2884 fuit
1351 2854 1468 2884 extra
1493 2846 1644 2884 limites
1671 2844 1784 2894 regni
1812 2844 1987 2882 Franco·

337 2977 365 3008 ’1,
398 2976 462 3008 le.
486 2978 568 3017 cilo,
601 2980 659 3018 sol,
686 2981 790 3012 (391‘0.

338 3029 367 3060 2.
400 3028 463 3062 MS.
496 3031 577 3070 rite,
607 3032 667 3065 sol.
699 3034 742 3065 62
771 3038 820 3066 ΥΟ.

336 3082 365 3113 3.
404 3084 562 3115 (immites
585 3086 795 3128 chronique-s
818 3088 858 3119 de
880 3088 1031 3128 France,
1056 3089 1112 3121 ed.
1140 3088 1378 3127 Delachenal‚
1404 3093 1429 3121 t.
1452 3100 1490 3128 11,
1515 3099 1549 3131 p.
1574 3087 1630 3120 40.
