2083 3458
288 193 342 235 94
940 209 1092 234 NOTAE
1127 208 1187 233 AD
1223 208 1351 234 VITAS
1876 194 2001 250 [615]

287 292 337 330 ab
357 299 478 332 aetate
504 300 634 330 tenera
657 294 726 344 pia
751 291 948 329 devotione
978 290 1161 342 efferbuit
1184 291 1236 328 ad
1269 290 1500 341 hujusmodi
1525 292 1764 343 professores
1787 292 1945 342 regulae
1970 300 2006 330 et

286 352 339 390 ad
368 351 545 389 ordinem
577 351 711 401 ipsam
732 359 865 398 totum,
900 358 1006 389 etc...

341 411 384 449 P.
408 410 471 458 59,
491 410 557 461 lig.
581 411 614 449 1.
637 411 950 449 VJNHANDRAU.
974 409 1026 447 M.
1051 409 1211 448 Dufour
1231 423 1254 447 a
1273 412 1431 460 prouve
1452 424 1530 460 que
1551 410 1737 450 Clement
1757 411 1792 449 V
1811 409 1961 461 naquit
1980 412 2004 449 a

288 470 550 508 Villandraut
573 470 717 520 (Revae
737 470 782 507 de
808 469 1021 518 Gascogne,
1043 468 1158 516 1905,
1179 483 1218 519 p.
1240 467 1347 518 371).

341 530 384 568 P.
404 529 466 577 59,
483 528 549 579 lig.
569 529 603 567 2.
624 529 769 566 PATRE
786 528 1016 576 BERAUDO,
1034 527 1103 579 qui
1124 528 1358 566 Bernardus
1371 537 1546 567 vocatur
1561 529 1603 567 in
1621 529 1872 580 quibusdam
1894 529 2004 568 codi-

288 588 415 635 cibus,
440 588 480 626 in
510 588 598 626 aliis
627 603 723 627 vero
752 588 1019 626 Bertrandus.
1052 587 1224 626 Difficile
1247 595 1310 626 est
1335 595 1476 627 autem
1507 596 1619 627 certo
1652 588 1923 639 pronuntiare
1955 589 2004 628 de

287 647 453 688 nomine
478 647 565 697 ejus
580 648 605 686 1.
637 648 898 697 Quanquam,
925 646 956 685 si
984 661 1034 685 ex
1059 646 1162 685 actis
1180 647 1328 685 horum
1355 655 1591 698 temporum
1619 662 1762 699 capere
1788 648 1884 687 licet
1910 662 2004 687 con·
2065 671 2069 676 -

285 706 503 757 jacturam,
534 706 700 745 videtur
724 714 898 744 vocatus
925 706 1048 744 fuisse
1074 706 1343 745 Bertrandus.
1373 706 1538 745 Etenim
1563 707 1605 745 in
1629 715 1789 758 regesto
1821 721 2008 749 camerae

287 774 578 817 computorum
605 766 731 805 Paris.
758 767 919 816 signato
945 768 988 804 F.
1005 765 1068 812 F„
1093 765 1161 804 fol.
1188 765 1225 813 9,
1251 780 1344 804 cum
1370 766 1660 805 describuntur
1680 775 1773 805 acta
1799 767 2005 817 quaedam

287 825 536 875 Aquitanica
567 825 663 866 anni
695 825 937 873 MCCLXX⁷
964 825 1020 864 sic
1048 824 1198 875 legitur
1229 841 1236 863 :
1271 825 1370 863 Item
1401 825 1477 863 III
1505 825 1568 864 die
1588 826 1717 864 exitas
1738 826 1873 864 martii
1899 841 2007 866 anno

285 885 515 935 supradicto
535 885 779 922 Bertrandas
800 885 873 922 deii
900 884 1012 932 Giiot‚
1035 884 1161 932 miles,
1180 884 1340 934 juratas
1359 885 1580 935 recognovit
1597 901 1637 924 se
1657 894 1782 924 tenere
1801 901 1827 924 a
1845 886 2006 925 domino

288 959 373 994 rege
397 944 545 993 Anglie
570 952 687 982 totam
712 952 856 982 terram
884 944 928 981 de
959 943 1133 994 Gmyan,
1161 959 1279 994 quam
1303 944 1489 983 dominas
1514 945 1725 996 episcopiis
1749 945 2006 995 Agennensis

288 1003 392 1041 dedit
410 1003 503 1041 sibi.
529 1003 626 1041 Item
647 1003 749 1041 dixit
768 1004 870 1054 qaod
889 1003 1075 1041 dominiis
1095 1018 1162 1041 resc
1181 1004 1330 1053 Anglie
1350 1019 1439 1042 cum
1459 1004 1587 1043 littera
1606 1020 1682 1043 sua
1703 1004 1838 1056 ipsum
1858 1006 1903 1044 de
1928 1013 2006 1044 tota

287 1063 393 1101 dicta
419 1071 520 1100 terra
549 1062 757 1101 investivit.
1554 1105 1557 1110 ¹

339 1122 593 1160 Bertrandus
612 1122 677 1160 ille
696 1122 866 1160 fratrem
885 1122 1033 1160 habuit
1052 1122 1338 1173 cognominem
1357 1123 1595 1174 episcopum
1614 1124 1914 1174 Agennensem,
1935 1124 2005 1175 qui

288 1181 517 1219 avunculus
553 1181 637 1220 sive
682 1189 857 1232 patruus
892 1181 1113 1220 Clementis
1148 1182 1183 1219 V
1217 1190 1392 1220 vocatur
1425 1196 1448 1220 a
1481 1183 1693 1222 Bernardo
1728 1183 1928 1222 Guidonis
1962 1183 2005 1222 in

287 1240 471 1278 Historia
495 1240 725 1279 monasterii
749 1240 942 1279 Pruliani
962 1242 989 1289 2,
1015 1249 1056 1280 et
1089 1255 1198 1280 anno
1223 1242 1399 1280 MCCCV
1425 1242 1675 1293 Lugdunum
1708 1244 1917 1293 profectus
1943 1250 2006 1282 est

288 1314 380 1338 cum
409 1308 571 1351 nepote.
604 1300 799 1339 Testatur
827 1309 969 1339 autem
988 1300 1065 1339 iste
1094 1300 1136 1339 in
1160 1301 1297 1340 codice
1327 1302 1378 1340 47
1396 1301 1672 1343 bibliothecae
1701 1302 2003 1351 Colbertinae3‚

287 1359 313 1397 f.
339 1359 389 1397 29
411 1367 453 1398 et
479 1374 553 1410 sq„
578 1374 618 1398 se
651 1359 774 1398 fuisse
806 1360 936 1398 filium
969 1360 1226 1411 Marquesiae
1258 1361 1307 1399 de
1350 1361 1500 1409 Ilhaco‚
1532 1369 1573 1400 et
1594 1361 1973 1428 Blanquafortem
1962 1335 2005 1401 lri

279 1418 505 1469 parrochia
530 1419 671 1458 Sancti
698 1419 881 1458 Severini
906 1420 954 1458 de
979 1420 1213 1468 Ramafort,
1237 1420 1277 1458 in
1303 1420 1477 1460 dioecesi
1499 1421 1810 1472 Burdegalensi‚
1836 1421 1878 1460 in
1907 1422 2003 1460 dote

286 1477 472 1527 ejusdem
501 1478 756 1529 Marquesiae
786 1479 920 1517 fuisse.
945 1479 1103 1518 Eadem
1130 1494 1204 1530 pro
1233 1494 1344 1519 more
1372 1480 1535 1518 illorum
1564 1488 1813 1531 temporum,
1835 1481 1861 1520 f.
1884 1480 1933 1520 32
1952 1486 2004 1530 r⁰‚

287 1537 472 1587 ejusdem
493 1538 656 1586 codicis,
677 1546 852 1576 vocatur
876 1539 1098 1589 Marquesa
1115 1539 1189 1577 deii
1213 1539 1314 1577 Guot
1332 1547 1501 1590 propter
1524 1540 1735 1579 maritum.
1749 1541 2004 1592 Bertrandus

286 1611 407 1647 porro
430 1597 482 1635 ab
517 1597 682 1638 ecclesia
707 1598 940 1648 Agennensi
972 1599 1203 1639 translatus
1239 1607 1300 1638 est
1335 1599 1388 1637 ad
1412 1599 1712 1649 Lingonensem
1735 1614 1758 1638 a
1793 1600 2003 1649 Clemente

285 1670 409 1707 papa,
452 1665 493 1695 et
528 1670 691 1695 rursum
739 1657 861 1696 rediit
905 1658 958 1696 ad
1004 1658 1303 1708 Agennensem,
1339 1658 1411 1696 ubi
1456 1673 1550 1697 eum
1592 1659 1715 1698 fuisse
1765 1660 2003 1711 episcopum

287 1730 394 1756 anno
427 1716 633 1755 MCCCXI
660 1725 778 1767 patet
811 1732 861 1755 ex
893 1717 1037 1756 eodem
1068 1718 1198 1756 veteri
1227 1718 1364 1757 codice
1396 1718 1670 1757 bibliothecae
1698 1719 1958 1759 Colbertinae
1972 1719 2001 1758 4.

341 1775 437 1813 Fuit
455 1790 548 1825 ergo
567 1776 751 1815 Clemens
771 1784 884 1815 ortus
904 1792 954 1815 ex
970 1776 1102 1828 prima
1121 1777 1354 1826 nobilitate,
1373 1785 1421 1815 ut
1439 1792 1579 1817 omnes
1599 1778 1766 1817 omnino
1785 1778 2003 1830 scriptores

289 1835 565 1875 consentiunt.
585 1836 719 1884 Quare
732 1835 821 1885 jure
836 1836 1067 1887 meritoque
1090 1836 1367 1887 Hieronymus
1389 1837 1519 1888 Lopes
1540 1837 1582 1875 in
1601 1837 1786 1876 Historia
1805 1838 2004 1877 Ecclesiae

287 1893 610 1945 Bardegcilensi3‚
636 1910 675 1946 p.
702 1895 791 1943 240,
817 1896 1081 1946 reprehendit
1106 1896 1276 1935 Petrum
1301 1897 1536 1935 Louvetum
1559 1896 1602 1936 in
1625 1897 1811 1935 Historia
1833 1897 2003 1948 Aquita-

288 1952 391 2000 niae,
405 1968 487 1992 non
502 1954 560 1992 ita
577 1954 737 2005 pridem
753 1955 878 2002 edita,
893 1955 1154 2003 scribentem,
1169 1971 1209 2006 p.
1229 1956 1316 2004 113,
1333 1971 1383 1994 ex
1394 1955 1559 1994 incertis
1577 1956 1874 2007 imperitissimi
1891 1957 2004 2007 vulgi

285 2013 518 2051 rumoribus
546 2014 797 2054 Clementem
823 2015 926 2053 adeo
952 2029 1176 2066 pauperem
1203 2015 1326 2054 fuisse
1351 2024 1399 2053 ut
1425 2015 1609 2066 quotidie
1635 2015 1755 2057 nudis
1781 2015 1956 2067 pedibus
1982 2031 2002 2055 e

287 2071 409 2110 domo
428 2081 602 2123 paterna
622 2073 665 2112 in
683 2073 828 2112 urbem
848 2075 1119 2113 Vasatensem
1140 2089 1262 2113 causa
1284 2075 1515 2113 studiorum
1535 2075 1875 2126 proficisceretur.
1896 2089 2003 2126 pane

287 2131 371 2169 solo
396 2131 674 2180 victitantem,
701 2133 844 2171 calceis
869 2147 892 2171 a
918 2142 1055 2172 sutore
1075 2134 1277 2172 donatum
1302 2149 1386 2173 esse
1411 2148 1508 2185 prae
1533 2134 1823 2183 misericordia,
1842 2143 1884 2174 et
1909 2149 2002 2173 cum

286 2204 387 2239 puer
419 2205 485 2229 eos
517 2191 699 2242 accipere
731 2192 860 2232 nollet
893 2193 1004 2243 quod
1035 2207 1118 2232 non
1150 2202 1256 2232 esset
1288 2194 1498 2241 solvendo,
1532 2201 1713 2233 sutorem
1744 2194 2002 2245 respondisse

286 2249 401 2287 illum
421 2265 488 2288 eos
508 2251 740 2289 soluturum
761 2266 854 2290 cum
882 2266 991 2302 papa
1012 2261 1131 2300 esset,
1152 2253 1263 2303 quod
1283 2268 1333 2291 ex
1351 2253 1439 2291 vita
1461 2253 1566 2292 Sixti
1585 2253 1620 2291 V
1638 2253 1851 2292 imitatum
1874 2267 2001 2304 appa-

286 2316 360 2347 ret.
389 2309 624 2348 Ridiculum
649 2318 790 2349 autem
814 2319 876 2350 est
900 2311 1136 2350 existimare
1161 2326 1254 2350 eum
1280 2312 1349 2362 qui
1373 2327 1424 2351 ex
1447 2326 1493 2351 ea
1517 2312 1735 2352 nobilitate
1761 2321 1873 2351 ortus
1898 2320 2000 2361 erat,

288 2367 403 2417 cujus
436 2377 627 2418 parentes
658 2370 984 2420 possessionibus
1017 2379 1058 2409 et
1089 2371 1320 2411 latifundiis
1353 2371 1640 2420 abundabant,
1674 2372 1776 2411 adeo
1809 2372 2000 2411 miseram

287 2425 418 2465 vitam
441 2428 604 2467 duxisse
627 2437 674 2467 ut
696 2429 821 2468 etiam
845 2429 1034 2468 omnibus
1056 2430 1293 2469 necessariis
1314 2430 1515 2481 indigeret
1533 2432 1559 2470 5.

336 2609 367 2640 1.
388 2609 416 2640 Il
432 2615 488 2641 est
504 2610 635 2652 appele
652 2610 734 2652 plus
751 2613 1062 2644 communement
1076 2611 1225 2644 Beraud
1245 2612 1405 2654 (Archiv,
1424 2619 1449 2645 t.
1467 2624 1502 2652 v,
1519 2624 1554 2656 p.
1572 2612 1669 2656 149).

339 2662 368 2693 2.
388 2662 586 2701 Toulouse‚
605 2674 672 2695 ms.
691 2662 772 2701 490,
791 2664 814 2696 f.
834 2665 903 2697 108
921 2668 972 2697 νο.

336 2716 367 2747 3.
387 2715 426 2747 B.
448 2715 504 2754 N.7
523 2727 589 2748 ms.
607 2716 702 2748 latin
719 2716 825 2749 9134.

337 2769 367 2800 4.
394 2769 580 2801 lsscrtraud
604 2770 647 2802 (lc
673 2770 758 2809 Cot,
784 2771 888 2803 oncle
913 2771 957 2803 de
981 2771 1152 2804 Clement
1175 2771 1218 2811 V,
1243 2771 1303 2804 fut
1325 2774 1468 2815 eveque
1493 2773 1639 2816 d’Agen
1663 2774 1706 2806 de
1730 2774 1824 2806 1292
1848 2774 1868 2805 a
1891 2774 1997 2812 1306,

286 2823 428 2864 echue
449 2823 492 2854 dc
512 2823 676 2865 Langres
696 2824 877 2867 quelques
896 2824 1002 2863 mois,
1023 2825 1106 2867 puis
1126 2825 1169 2857 de
1188 2837 1365 2858 nouveau
1384 2827 1528 2870 eveque
1547 2827 1694 2870 d'Agen
1712 2827 1761 2859 du
1781 2827 1821 2859 11
1845 2839 2000 2860 novem-

287 2874 349 2906 bre
368 2876 461 2907 1306
480 2887 526 2907 au
545 2877 563 2908 5
582 2877 656 2908 mai
674 2878 767 2910 ‘1313
789 2878 936 2919 (Eubcl,
954 2877 1187 2918 Hierarchia,
1206 2885 1233 2911 t.
1250 2891 1274 2917 1,
1293 2890 1328 2922 p.
1347 2879 1421 2921 77).

338 2928 514 2961 &Bolum
531 2932 687 2972 exagerc
704 2930 882 2963 l'aisance
896 2932 960 2964 des
975 2932 1019 2964 dc
1033 2931 1184 2964 Got.En
1196 2932 1303 2971 1279,
1317 2932 1517 2972 Bertrand‚
1532 2933 1629 2966 alors
1642 2933 1826 2966 chanoine
1840 2933 1998 2977 d’Agen,

287 2980 481 3013 sollicitent
502 2994 552 3013 un
574 2983 647 3014 hon
669 2984 836 3016 benefice
859 2985 907 3016 du
929 2985 1265 3028 roid'Angleterrc
1287 2985 1365 3017 asin
1386 2986 1430 3019 de
1464 2986 1648 3019 remedier
1668 2987 1689 3018 a
1709 2998 1749 3019 sa
1782 2988 1967 3030 pauvrete
1990 2999 1996 3019 :

287 3033 349 3065 Ad
373 3034 433 3066 hec
459 3046 605 3067 assumo
631 3037 828 3070 andaciam
853 3038 901 3070 ad
939 3039 1151 3071 memoriam
1185 3039 1381 3072 reducendi
1419 3045 1528 3072 vestre
1562 3040 1766 3073 excellentie
1791 3040 1996 3080 eminentis,

286 3086 367 3118 licet
391 3099 462 3119 non
484 3089 564 3120 sine
588 3101 723 3132 magna
745 3091 1003 3131 erubescentia,
1029 3092 1133 3135 quod,
1158 3092 1303 3134 quando
1327 3093 1368 3125 de
1394 3093 1579 3126 Vasconia
1600 3094 1809 3133 recessistis,
1834 3094 1922 3137 quia
1945 3104 2000 3126 me
