2083 3458
111 297 236 353 [953]
637 313 853 338 PAPARUM
889 314 1272 341 AVENJONENsmM
1711 301 1795 342 469

97 397 284 447 pontifex
305 411 345 434 se
366 397 480 434 illum
502 396 727 434 destinasse
749 398 942 435 nuntium
963 398 1014 435 ad
1037 398 1304 436 Venetiarum
1326 400 1471 436 ducem
1493 400 1541 438 de
1563 414 1661 449 paee
1685 401 1793 439 inter

99 456 268 493 Petrum
295 455 552 504 Arragonum
580 469 716 504 regem
744 464 784 493 et
813 455 1013 494 Venetam
1043 457 1381 507 Genuensemque
1413 458 1555 508 Remp.
1586 468 1793 507 acturum,

96 515 238 564 itaque
259 522 419 552 curaret
439 514 652 563 diligenter
672 522 718 551 ut
738 529 783 551 eo
804 516 1052 554 conveniret.
1077 516 1217 565 Neque
1239 531 1332 554 vero
1352 517 1483 555 inanis
1504 517 1731 556 Innocentii
1751 527 1792 557 et

98 573 325 611 Fortanerii
351 573 429 610 suit
453 573 581 620 labor,
609 573 775 621 quando
809 574 932 622 paulo
968 583 1062 624 post
1087 575 1138 612 ad
1169 576 1429 613 concordiam
1463 578 1738 626 potentissimi
1764 578 1790 616 ii

98 632 178 670 duo
208 632 348 682 populi
377 631 546 669 adducti
575 640 691 676 sunt3
724 631 904 679 Rubeus,
937 633 1048 680 ibid„
1083 648 1120 683 p.
1153 634 1239 673 571.
1273 634 1374 672 Vide
1414 635 1539 673 etiam
1569 635 1789 674 Odoricum

99 691 375 741 Raynaldum,
395 705 459 730 an.
483 690 596 737 1355,
622 690 638 738 ξ
658 690 718 728 25.

150 751 268 789 Anno
295 749 509 787 MCCCLX
534 749 687 799 recepit
712 750 849 787 literas
876 750 927 787 ab
957 751 1196 789 Innocentio
1221 766 1328 802 papa
1355 753 1473 790 datas
1502 768 1569 790 vm
1596 754 1674 793 kal.
1702 769 1789 805 sep-

97 809 222 848 temb.
259 809 323 859 [25
346 808 470 859 aout]
495 809 690 846 adversus
713 808 998 847 Bernabonem
1022 811 1129 848 omni
1157 811 1400 849 Ravennate
1423 813 1633 861 provincia
1658 814 1789 851 divul-

97 868 270 919 ganda33
300 868 480 914 Rubeus,
509 866 668 914 ibidem,
695 882 732 917 p.
762 868 849 906 577.

149 928 267 965 Anno
292 927 543 973 MCCCLXI,
568 927 630 965 die
656 925 741 963 x'v11
766 927 913 964 mensis
937 929 1195 977 septembris,
1219 929 1259 966 in
1283 930 1552 967 cardinalium
1577 932 1790 980 collegium

98 995 331 1036 cooptatus,
354 1000 446 1024 cum
466 986 721 1023 Avenionem
742 986 1069 1035 proficisceretur
1089 996 1134 1025 ut
1154 988 1307 1037 pileum
1327 989 1499 1026 rubeum
1520 990 1720 1039 acciperet
1742 990 1790 1028 de

97 1060 221 1084 manu
235 1045 512 1096 pontificis,in
526 1045 670 1083 itinere
686 1045 848 1082 Patavii
874 1045 975 1082 obiit
994 1055 1169 1084 exeunte
1194 1047 1364 1094 octobri,
1379 1056 1425 1085 ut
1448 1049 1624 1095 videtur,
1639 1049 1792 1087 ibidem

96 1106 148 1143 ad
176 1105 222 1144 D.
252 1104 420 1142 Antonii
446 1105 650 1154 sepultus,
680 1104 859 1151 Rubeus,
888 1104 999 1152 ibid„
1026 1120 1063 1154 p.
1089 1105 1164 1142 579
1186 1114 1226 1143 et
1244 1106 1476 1156 Wadding.,
1503 1122 1566 1145 an.
1594 1108 1707 1155 1361,
1733 1107 1790 1156 §1

109 1165 153 1215 [t.
177 1178 259 1211 v111,
281 1179 317 1214 p.
342 1163 440 1213 150]

151 1223 318 1261 Frustra
345 1237 437 1272 ergo
463 1230 559 1260 sunt
586 1222 654 1271 qui
680 1223 850 1260 titulum
877 1223 1181 1260 cardinalitium
1209 1224 1437 1262 Fortanerii
1464 1226 1562 1263 scire
1588 1226 1791 1263 laborant.

97 1284 199 1321 Cum
222 1283 330 1321 enim
354 1282 499 1320 titulus
524 1296 605 1319 non
631 1282 751 1319 detur
774 1282 850 1319 nisi
875 1282 1174 1331 praesentibus,
1200 1283 1321 1320 datus
1346 1298 1427 1321 non
1453 1292 1513 1321 est
1539 1285 1792 1331 Fortanerio,

97 1342 191 1392 quia
216 1343 248 1380 is
275 1341 377 1379 obiit
401 1341 442 1379 in
466 1341 610 1379 itinere
647 1355 773 1390 quum
799 1341 1125 1391 proficisceretur
1162 1342 1414 1380 Aveniouem
1449 1343 1498 1379 ad
1526 1357 1619 1380 eum
1644 1344 1793 1393 adipis-

97 1401 272 1440 cendum
291 1401 316 1440 1.

150 1460 191 1499 P.
219 1459 308 1507 327,
331 1460 398 1509 lig.
426 1459 485 1498 18.
514 1459 684 1497 PETRUS
714 1460 856 1498 ITERII.
884 1461 1056 1498 Constat
1080 1474 1176 1498 sane
1200 1460 1314 1497 illum
1340 1461 1461 1499 fuisse
1494 1462 1627 1510 pat-ria
1654 1462 1792 1500 Petra·

97 1519 357 1569 gorieensem.
400 1519 462 1555 Ex
499 1519 710 1568 epitaphio
748 1534 843 1557 vero
884 1519 1120 1568 Raymundi
1164 1519 1273 1557 Iterii
1311 1520 1512 1558 domicelli
1550 1521 1648 1558 editi
1687 1521 1793 1559 inter

96 1578 354 1616 probationes
376 1577 562 1615 historiae
583 1578 851 1615 cardinalium
880 1578 1094 1627 Gallorum,
1133 1594 1169 1629 p.
1196 1578 1284 1625 500,
1317 1579 1482 1617 videtur
1523 1580 1653 1629 colligi
1677 1593 1793 1629 posse

96 1639 212 1676 illum
227 1637 349 1675 fuisse
365 1645 502 1675 ortum
517 1638 637 1675 eloco
648 1637 905 1675 Bellimontis
920 1638 960 1675 in
975 1638 1148 1676 dioecesi
1163 1638 1397 1676 Sarlatensi.
1414 1638 1508 1675 Fuit
1523 1639 1794 1687 Raymundus

97 1712 221 1747 nepos
242 1696 358 1734 istius
380 1696 509 1733 nostri
530 1696 760 1734 cardinalis.
784 1696 862 1734 Sed
882 1697 967 1746 ipse
988 1706 1098 1735 certo
1119 1697 1335 1735 cardinalis
1358 1698 1547 1740 nonfuit,
1568 1698 1661 1735 licet
1684 1699 1793 1735 novi-

98 1757 203 1794 tium
229 1756 329 1793 illud
356 1755 614 1805 epitaphium
640 1755 680 1792 id
708 1763 890 1793 astruere
917 1756 1120 1794 videatur.
1151 1757 1284 1804 Quare
1312 1771 1391 1793 non
1419 1765 1506 1794 erat
1534 1757 1642 1805 quod
1671 1757 1795 1794 Fran-

98 1816 224 1853 ciscus
253 1814 508 1852 Duchesnius
535 1815 754 1852 miraretur
779 1815 894 1852 illum
920 1815 1042 1853 fuisse
1068 1816 1403 1865 praetermissum
1429 1815 1480 1852 ab
1505 1816 1551 1853 iis
1579 1816 1647 1865 qui
1673 1816 1796 1865 scrip-

98 1889 182 1913 sere
213 1874 436 1911 Historiam
466 1874 746 1912 cardinalium.
781 1874 925 1912 Petrus
957 1883 1045 1913 erat
1075 1875 1220 1912 absens
1252 1888 1273 1911 a
1306 1875 1415 1912 curia
1450 1874 1636 1911 Romana
1669 1889 1795 1923 quum

99 1935 230 1972 factus
258 1941 319 1972 est
344 1933 575 1972 cardinalis.
605 1933 752 1971 Postea
779 1933 831 1970 ad
857 1947 948 1971 eam
973 1935 1158 1981 accessit,
1186 1941 1226 1972 et
1252 1934 1506 1971 Avenionem
1532 1934 1706 1971 intravit
1733 1934 1795 1972 (lie

97 2000 245 2043 quarta
268 1992 516 2040 novembris,
540 2001 586 2029 ut
609 2001 670 2030 est
692 1993 733 2030 in
755 1992 858 2030 libro
881 1992 1193 2042 Obligationum.
1220 1993 1324 2029 Tum
1359 1992 1498 2042 itaque
1535 1993 1657 2030 datus
1683 1993 1716 2030 ei
1740 1993 1795 2030 esi

95 2053 240 2090 titulus
290 2052 535 2090 Sanctorum
583 2059 761 2100 quatuor
808 2052 1118 2090 Coronatorum.
1174 2052 1216 2089 ln
1266 2060 1517 2089 testamento
1538 2050 1553 2073 2
1586 2052 1796 2089 Guillelmt

97 2112 237 2159 Sudre,
271 2108 486 2149 cardinalis
524 2110 735 2158 Ostiensis,
763 2111 824 2148 'sie
854 2112 1003 2161 legitur
1037 2127 1043 2148 :
1078 2111 1174 2149 Item
1201 2111 1301 2159 eligo
1332 2111 1491 2160 sepeliri
1533 2111 1575 2147 in
1608 2119 1795 2148 conventu

94 2171 264 2220 fratrum
286 2170 583 2207 Predicatorum
605 2170 824 2207 ΑνίηιόηίὺἸ
847 2170 888 2207 in
906 2171 1056 2220 capella
1083 2171 1185 2207 beate
1208 2170 1343 2207 Blarie
1366 2169 1549 2218 virginis,
1566 2178 1651 2218 post
1665 2169 1794 2218 sepul-

95 2230 231 2268 chrum
257 2228 572 2266 reverendissimi
598 2229 725 2278 patris
756 2229 849 2266 bone
877 2229 1058 2267 memorie
1085 2229 1302 2266 cardinalis
1332 2229 1532 2278 Aquensis
1549 2227 1574 2266 3.
1605 2229 1794 2266 Ceterum

97 2289 191 2327 olim
214 2289 446 2327 monuimus
469 2288 633 2338 prorsus
657 2289 865 2326 diversum
887 2302 909 2326 a
933 2289 1097 2326 nomine
1119 2289 1236 2326 istius
1260 2288 1477 2326 cardinalis
1502 2287 1623 2325 fuisse
1646 2301 1793 2324 nomen

98 2348 206 2386 Petri
231 2348 279 2386 de
304 2347 455 2386 Sancto
470 2345 631 2385 Asterio
650 2347 827 2397 episcopi
848 2348 1206 2397 petragoricensis,
1232 2347 1301 2397 qui
1326 2362 1396 2396 per
1411 2360 1616 2384 summam
1632 2346 1793 2383 temeri-

143 2489 175 2522 1.
199 2488 252 2522 La
274 2488 489 2532 biographie
513 2489 556 2521 de
581 2488 775 2522 Fortanier
796 2500 816 2521 a
839 2491 896 2523 ete
919 2489 1151 2523 brievement
1173 2489 1283 2523 ecrite
1305 2500 1373 2533 par
1396 2488 1436 2522 E.
1458 2488 1550 2521 Albe
1577 2487 1732 2530 (Autour
1752 2487 1795 2520 de

94 2542 191 2576 Jean
218 2541 356 2581 XXII,
388 2541 517 2581 Rome,
548 2542 651 2581 1904,
682 2554 716 2586 p.
747 2542 883 2585 30-33).
917 2542 946 2576 Il
974 2543 1029 2586 s'y
1058 2548 1114 2576 est
1143 2542 1248 2586 glisse
1277 2542 1454 2585 quelques
1492 2552 1631 2574 erreurs
1661 2551 1732 2583 que
1761 2539 1792 2572 le

95 2597 213 2628 meme
233 2601 366 2628 auteur
383 2606 404 2628 a
422 2606 467 2627 en
485 2595 604 2638 partie
623 2594 816 2634 rectifiees,
837 2595 928 2628 dans
949 2596 1101 2629 Maison
1119 2594 1325 2628 d'Hebrard
1344 2594 1505 2637 (Cahors,
1527 2593 1630 2632 1905,
1650 2605 1686 2636 p.
1706 2592 1793 2625 149-

96 2648 190 2692 151).
213 2647 303 2680 Voir
322 2659 452 2680 encore
475 2647 654 2681 Chronica
673 2647 814 2681 XXIV
835 2648 1056 2691 generalium
1080 2647 1310 2691 (Quaracehi,
1334 2648 1437 2686 1897,
1461 2658 1495 2690 p.
1520 2645 1615 2689 538),
1640 2645 1681 2679 G.
1707 2645 1793 2678 Pre-

94 2701 187 2734 sutti
212 2701 285 2744 (Fr.
308 2700 519 2734 Fortanerio
542 2701 702 2743 Vassalli
722 2701 761 2734 O.
780 2702 852 2743 M,
870 2703 909 2734 in
927 2713 1001 2734 una
1020 2702 1162 2734 minuta
1182 2701 1219 2734 di
1242 2700 1333 2733 bolla
1353 2700 1407 2733 del
1424 2711 1525 2743 papa
1545 2698 1721 2732 Clemente
1739 2697 1794 2730 VI

95 2754 155 2787 atl’
180 2755 391 2797 imperatore
412 2753 592 2787 d’Oriente
619 2753 800 2788 Giovanni
820 2753 1021 2797 Paleologo,
1046 2755 1137 2787 dans
1159 2754 1358 2787 Arcliivum
1379 2753 1678 2792 Francioeanum,
1703 2757 1729 2784 t.
1755 2762 1792 2783 VI
1850 2787 1853 2790 .

101 2807 232 2850 (1913),
257 2819 290 2850 p.
315 2806 498 2850 705-709),
523 2806 664 2850 Deprez
690 2806 861 2849 (Clement
893 2807 958 2845 VI⁷
988 2819 1025 2843 n.
1050 2807 1129 2845 185,
1164 2806 1332 2845 192-193,
1356 2806 1434 2844 556,
1459 2806 1539 2844 557,
1573 2805 1657 2844 762;
1681 2804 1792 2837 Ιηηο-

95 2865 172 2893 cent
189 2860 256 2899 VI,
274 2871 309 2892 n.
329 2859 423 2902 251),
446 2859 563 2892 Eubel
583 2859 637 2902 (B.
656 2860 711 2899 F„
731 2866 756 2893 t.
777 2872 824 2899 VI,
842 2872 877 2904 p.
898 2861 992 2904 666).
1805 2869 1808 2873 ’

145 2914 176 2946 2.
207 2913 245 2946 F.
272 2912 478 2950 Duchesne‚
503 2912 664 2946 Histoire
687 2914 727 2946 de
749 2918 826 2945 tous
850 2913 897 2945 les
920 2913 1121 2946 cardinauoe
1141 2912 1309 2955 francons,
1337 2918 1361 2944 t.
1386 2923 1421 2950 11,
1447 2923 1481 2954 p.
1509 2911 1587 2944 626.

144 2967 176 2999 3.
231 2966 280 2998 Le
310 2965 487 2998 tombeau
516 2966 559 2997 de
591 2965 710 2998 Pierre
743 2965 831 2998 Itier
858 2965 1009 2998 existait
1038 2966 1129 2998 dans
1158 2965 1193 2997 la
1231 2964 1394 3007 chapelle
1425 2963 1534 2997 N.—D.
1566 2964 1627 2995 des
1656 2963 1791 3005 Anges,

97 3019 183 3052 chez
203 3019 252 3052 les
286 3017 529 3051 dominicains
551 3018 763 3061 d'Avignon
787 3018 833 3061 (J.
857 3018 988 3051 Girard
1009 3024 1046 3050 et
1068 3017 1113 3050 H.
1137 3017 1295 3060 Requin,
1317 3017 1366 3049 Le
1385 3021 1529 3050 couvent
1549 3016 1607 3048 des
1639 3015 1793 3048 domini—

96 3073 197 3105 cains
222 3071 441 3113 d'Avignon,
469 3071 560 3103 dans
586 3070 749 3104 Annales
774 3071 994 3114 d’Awignon,
1023 3077 1047 3104 t.
1074 3082 1085 3103 1
1115 3070 1247 3113 (1912),
1274 3082 1309 3113 p.
1338 3069 1407 3111 85).
1436 3068 1483 3102 Sa
1509 3075 1607 3102 mort
1632 3075 1696 3101 eut
1721 3068 1791 3100 lieu

96 3125 127 3158 le
151 3125 195 3157 20
218 3124 293 3156 mai
316 3124 407 3157 1367
435 3123 577 3166 (Eubel,
602 3123 828 3162 Hierarclzia,
854 3130 879 3157 t.
903 3135 926 3163 1,
952 3135 985 3166 p.
1011 3124 1081 3166 20).
1106 3142 1154 3146 —
1177 3122 1229 3155 De
1255 3123 1363 3155 Petro
1390 3122 1501 3162 Iterii,
1528 3122 1610 3154 vide
1627 3120 1793 3154 codicem

98 3177 194 3210 2835
227 3177 279 3220 [B.
303 3176 359 3216 Ν.,
383 3188 449 3209 ms.
471 3176 565 3209 latin
595 3175 754 3220 4991A]
778 3177 857 3210 Bal.
