2083 3458
234 183 315 224 624
882 194 1033 219 NOTAE
1068 194 1128 218 AD
1162 194 1290 219 VITAs
1785 176 1936 231 [1100]

234 281 386 332 scripta
411 280 621 318 Avenione
646 293 754 316 anno
778 278 994 318 millesimo
1018 278 1294 325 CCCLXXX,
1320 277 1383 316 die
1409 292 1517 315 XXIX
1540 277 1638 317 maii
1663 277 1744 327 (cui
1767 276 1941 315 similem

236 341 401 380 omnino
419 339 470 377 ad
490 340 696 377 Joannam
713 338 898 388 reginam
913 338 1235 388 Neapolitanam
1251 352 1291 375 se
1306 337 1502 387 reperisse
1526 338 1569 375 in
1586 337 1723 375 codice
1739 337 1941 374 Vaticano

234 408 414 438 testatur
435 398 705 447 XVaddingus,
729 411 795 435 an.
817 397 931 444 1379,
954 397 970 446 ἓ
992 397 1015 435 3
1035 397 1081 447 [t.
1103 411 1163 444 IX,
1184 412 1224 447 p.
1247 396 1335 446 23])
1351 411 1436 436 rem
1458 405 1622 435 enarrat
1639 410 1743 446 quae
1763 395 1944 434 maxime

236 460 423 509 denigrat
443 458 599 496 famam
621 457 793 503 Urbani,
814 465 856 495 et
876 456 1060 495 ostendit
1079 470 1173 495 eum
1193 456 1407 496 falsarium
1426 456 1550 494 fuisse
1570 465 1611 494 et
1631 456 1850 494 crudelem.
1872 454 1944 492 Ait

235 519 344 557 enim
363 518 378 541 1
403 533 411 555 :
439 518 538 556 Item
560 517 798 567 Raynaldus
823 517 866 554 de
897 516 1072 563 Ursinis,
1099 530 1311 565 germanus
1335 516 1488 553 domini
1523 516 1664 553 Jacobi
1698 515 1793 552 olim
1815 514 1943 552 cardi-

237 578 356 625 nalis,
380 577 482 615 discit
503 576 623 614 michi
648 575 720 613 isto
743 590 849 613 anno
872 576 916 613 de
939 590 1068 613 mense
1089 575 1236 625 aprilis
1259 575 1301 612 in
1325 584 1449 613 castro
1471 575 1545 613 Ovi
1567 590 1689 625 prope
1712 573 1944 624 Neapolim,

237 637 306 676 ubi
349 636 490 686 regina
535 636 722 674 Johanna
768 643 955 683 moratur,
1001 635 1103 685 quod
1143 635 1364 685 sepedictus
1406 635 1708 672 Bartholomeus
1747 634 1946 684 quondam

236 696 428 735 Barensis
443 695 651 746 requisivit
664 709 750 733 eum
769 702 803 733 et
817 695 972 744 rogavit
987 694 1180 732 instanter
1194 703 1238 732 ut
1251 695 1529 732 transmitteret
1540 695 1593 732 ad
1604 694 1740 744 ipsum
1771 693 1945 731 tabellio-

237 771 325 794 nem
356 756 423 806 qui
454 754 617 805 scripsit
648 762 922 792 testamentum
953 754 1106 792 domini
1141 754 1283 792 Jacohi
1314 754 1514 804 prelibati.
1549 755 1662 805 Quod
1693 753 1802 791 nullo
1835 752 1946 790 modo

236 816 361 866 jacere
382 815 516 863 voluit,
539 814 632 865 quia
653 814 831 852 credebat
848 828 889 851 se
909 821 1055 852 certum
1075 814 1178 864 quod
1197 814 1266 851 lzoc
1283 814 1457 862 faciebat
1484 814 1536 851 ad
1556 814 1676 863 finem
1695 811 1946 863 falsificandi

238 883 507 914 testamentum
524 875 610 912 dom
618 873 677 911 ini
690 873 830 923 fratris
844 873 923 920 sui,
936 881 971 911 et
982 881 1256 923 consequenter
1268 881 1310 911 ut
1321 874 1429 911 daret
1444 881 1603 911 mortem
1615 873 1715 911 dicto
1727 881 1764 910 ta
1773 871 1945 909 bellioni.

239 935 317 974 Sed
338 943 386 972 ut
407 948 492 972 rem
516 941 633 972 extra
657 933 983 972 controversiam
1004 946 1222 983 ponamus,
1238 940 1384 971 auctor
1405 940 1468 971 est
1488 933 1680 979 Bzovius,
1698 946 1807 969 anno
1832 930 1946 975 1378,

244 995 261 1044 ἓ
288 994 351 1042 28,
380 994 620 1032 Poncellum
648 993 846 1031 Ursinum
874 992 1125 1032 cardinalem
1152 993 1204 1030 ab
1234 992 1403 1030 Urbano
1431 1000 1616 1031 creatum
1642 992 1776 1031 multa
1802 998 1947 1029 contra

240 1053 444 1093 Jacobum
467 1053 664 1091 Ursinum
686 1052 937 1091 cardinalem
958 1051 1085 1102 egisse
1107 1059 1148 1090 et
1171 1051 1369 1090 Romanis
1391 1059 1604 1091 auctorem
1625 1051 1748 1089 fuisse
1770 1065 1819 1088 ne
1840 1049 1946 1087 illius

239 1114 426 1164 exemplo
460 1113 513 1150 ad
548 1112 780 1151 Robertum
814 1111 1140 1158 Gebennensem,
1174 1111 1216 1149 id
1250 1119 1326 1158 est,
1361 1111 1614 1151 Clementem
1648 1105 1744 1157 VII,
1777 1123 1947 1160 papam,

239 1173 483 1225 aspirarent.

295 1232 368 1271 His
387 1232 577 1271 omnibus
596 1231 747 1269 addere
765 1231 882 1269 lubet
898 1230 1186 1270 testimonium
1205 1230 1373 1269 Garsiae
1392 1230 1574 1278 Martini,
1592 1230 1712 1269 electi
1724 1229 1948 1271 Auriensis,

240 1307 291 1331 ex
324 1306 404 1342 quo
438 1292 569 1341 liquet
601 1291 711 1328 hunc
746 1290 997 1329 cardinalem
1029 1290 1222 1328 habuisse
1255 1290 1441 1328 inimicos
1477 1290 1548 1340 qui
1580 1290 1761 1330 multum
1793 1288 1948 1327 vellent

242 1353 476 1397 detractum
499 1351 631 1389 bonae
656 1350 790 1389 famae
815 1350 915 1400 ejus.
941 1350 1121 1388 Aiebant
1144 1350 1253 1389 enim
1275 1350 1392 1387 illum
1415 1364 1500 1388 esse
1524 1344 1758 1400 superbum
1774 1356 1815 1386 et
1837 1348 1947 1398 plus-

243 1425 367 1462 quam
387 1411 625 1461 superbum,
647 1410 832 1448 fortassis
856 1409 951 1459 quia
973 1410 1116 1449 domos
1137 1409 1321 1447 habebat.
1341 1409 1383 1447 in
1404 1409 1644 1460 Campania,
1667 1408 1782 1458 cujus
1803 1408 1949 1446 urbem

243 1472 427 1521 Capuam
453 1470 707 1508 domicilium
732 1469 946 1519 superbiae
972 1477 1096 1507 vocat
1122 1469 1291 1507 Tullius.
1318 1469 1390 1506 Ait
1415 1483 1509 1519 ergo
1535 1469 1698 1507 Garsias
1723 1468 1766 1506 in
1790 1467 1950 1518 deposi-

242 1531 354 1569 tione
377 1544 449 1568 sua
473 1544 513 1567 se
536 1537 632 1579 post
653 1529 896 1567 electionem
919 1528 1077 1566 Urbani
1100 1528 1306 1567 audivisse
1326 1527 1341 1550 2
1362 1543 1387 1566 a
1418 1529 1562 1566 decano
1592 1527 1848 1566 Xantonensi
1870 1535 1905 1565 et
1925 1541 1949 1564 α

244 1591 412 1641 quodam
433 1589 637 1639 capellano
660 1588 819 1626 domino
844 1588 1041 1635 Jolzanne,
1058 1588 1258 1637 familiari
1274 1588 1493 1626 cardinalis
1510 1588 1686 1638 AlIajoris
1704 1586 1948 1626 monasterii.

245 1664 334 1687 cum
354 1656 505 1687 astante
528 1648 585 1686 ibi
607 1648 805 1685 cardinali
835 1647 1082 1685 Gebennensi
1106 1662 1114 1684 ε
1140 1648 1218 1685 Iste
1239 1647 1416 1698 proditor
1437 1648 1657 1685 cardinalis
1681 1646 1950 1685 Gebennensis

244 1709 334 1758 jecit
366 1708 480 1746 nobis
511 1708 669 1758 perdere
700 1715 908 1757 papatum,
942 1707 1036 1757 quia
1069 1721 1139 1744 nos
1170 1707 1448 1745 habuissemus
1481 1721 1608 1744 unum
1640 1707 1749 1744 valde
1780 1706 1948 1756 probum

246 1767 489 1806 cardinalem.
512 1768 613 1817 quod
634 1782 659 1804 a
683 1781 826 1816 magno
851 1775 1018 1816 tempore
1042 1766 1140 1804 citra*
1164 1781 1243 1804 non
1263 1766 1406 1816 suisset
1430 1767 1485 1804 ita-
1512 1767 1635 1804 bonus
1658 1781 1781 1816 papa,
1805 1765 1955 1804 scilicet

247 1827 465 1866 cardinalis
484 1827 733 1864 Pictavensis
753 1826 810 1864 vel
826 1827 964 1864 saltem
988 1826 1256 1872 Vz'var-z‘eizsz's;
1276 1827 1344 1864 sed
1361 1840 1580 1876 numquam
1599 1826 1722 1864 voluit
1741 1826 1810 1863 iste
1825 1825 1953 1863 cardi·

249 1887 354 1924 nalis
387 1886 668 1934 Gebennensis,
688 1900 756 1923 nec
781 1885 1000 1923 cardinalis
1026 1885 1164 1923 Sancti
1184 1885 1409 1932 Eustachii,
1431 1885 1498 1935 qui
1518 1885 1685 1935 juvabat
1709 1899 1810 1923 eum.
1841 1885 1953 1922 Tunc

249 1946 350 1984 dia—it
363 1945 444 1983 sibi
462 1946 532 1983 iste
548 1945 654 1983 testis
671 1959 789 1995 quare
806 1959 882 1982 non
901 1945 1096 1994 elegerant
1110 1945 1351 1983 cardinalem
1370 1946 1413 1983 de
1436 1945 1611 1992 Ursinis,
1631 1945 1697 1995 qui
1713 1952 1796 1982 erat
1808 1944 1952 1982 Roma-

249 2020 325 2044 nus
343 2013 377 2043 et
395 2005 627 2050 cardinalis,
648 2012 682 2042 et
701 2006 744 2042 de
764 2019 837 2054 quo
856 2004 1072 2055 placuisset
1088 2005 1296 2042 Romanis.
1317 2005 1371 2042 Et
1388 2013 1480 2042 tunc
1500 2005 1602 2042 dixit
1620 2005 1747 2042 dictus
1766 2003 1950 2042 domin-us

252 2065 456 2103 Johannes
470 2065 571 2114 quod
584 2064 803 2102 cardinalis
818 2065 861 2102 de
883 2064 1003 2102 Ursin
1011 2064 1045 2101 is
1058 2064 1348 2114 eratsuperbus
1363 2072 1397 2102 et
1409 2065 1623 2114 plusquam
1635 2063 1844 2114 superbus.

303 2124 472 2163 Occasio
491 2125 677 2174 postulat
698 2131 746 2161 ut
766 2124 874 2162 hunc
894 2124 1045 2171 locum,
1068 2123 1136 2173 qui
1167 2124 1363 2162 obscurus
1395 2132 1469 2170 est,
1502 2124 1752 2174 explicemus
1765 2121 1793 2161 3.
1811 2123 1954 2161 Lemo-

249 2183 357 2229 vices
379 2183 487 2221 sueti
507 2183 657 2222 habere
679 2197 807 2233 papas
831 2197 881 2221 eX
903 2191 1021 2233 gente
1043 2197 1116 2221 sua
1137 2183 1350 2223 volebant.
1373 2183 1405 2221 si
1425 2183 1552 2229 libera
1575 2183 1743 2221 comitia
1765 2182 1952 2227 fuissent,

250 2243 304 2281 ad
327 2244 436 2281 hunc
462 2242 625 2281 honoris
653 2243 826 2293 gradum
851 2243 1021 2281 evehere
1047 2242 1298 2282 cardinalem
1324 2233 1626 2281 pictaviensem
1650 2242 1786 2292 patria
1812 2242 1956 2279 Lemo-

251 2302 397 2350 vicem,
417 2303 482 2340 vel
501 2302 533 2340 si
551 2302 592 2340 id
613 2302 807 2352 consequi
826 2316 909 2339 non
927 2310 1110 2352 possent,
1129 2302 1313 2341 vicinum
1332 2315 1452 2341 suum
1473 2302 1643 2341 Petrum
1663 2302 1710 2340 de
1732 2301 1955 2340 Sortenaco

251 2370 398 2401 natum
424 2362 467 2399 in
494 2362 701 2408 Cadurcis,
730 2362 853 2411 vulgo
882 2361 1041 2401 dictum
1067 2362 1318 2401 cardinalem
1346 2361 1641 2400 Vivariensem.
1671 2361 1824 2399 Contra
1852 2359 1958 2398 Galli

252 2421 378 2460 alium
394 2421 631 2471 quempiam
645 2421 858 2460 malebant.
874 2435 999 2471 quam
1014 2421 1290 2467 Lemovicem,
1304 2428 1502 2471 putantes
1518 2435 1558 2458 se
1573 2420 1672 2458 satis
1689 2420 1758 2458 diu
1773 2419 1956 2470 paruisse

251 2494 298 2518 ac
316 2480 501 2518 serviisse
519 2481 613 2518 huic
633 2480 804 2518 nationi.
821 2481 950 2518 Unius
965 2481 1094 2530 partis
1112 2480 1196 2517 dux
1210 2488 1299 2518 erat
1316 2480 1496 2518 Joannes
1513 2480 1560 2518 de
1577 2481 1720 2518 Crosso
1740 2478 1957 2517 cardinalis

253 2539 568 2585 Lemovicensis,
609 2540 776 2577 alterius
820 2540 1026 2578 Robertus
1068 2539 1284 2578 cardinalis
1327 2539 1618 2577 Gebennensis.
1665 2539 1826 2576 Interea
1867 2546 1956 2576 orta

252 2599 451 2636 seditione
472 2599 514 2636 in
544 2600 697 2649 populo
730 2613 914 2645 romano,
937 2599 1228 2648 saevienteque
1249 2599 1372 2649 vulgo
1392 2598 1576 2648 ignobili,
1598 2597 1819 2637 necessitas
1839 2605 1953 2635 tuen-

254 2658 327 2695 dae
358 2658 545 2708 propriae
576 2658 720 2696 salutis
746 2667 966 2708 utramque
991 2666 1154 2708 partem
1183 2658 1315 2707 coegit
1342 2658 1523 2696 deserere
1554 2657 1797 2696 institutum
1822 2670 1956 2694 suum.

255 2716 395 2766 Neque
416 2718 652 2756 Lemovices
671 2718 850 2755 habuere
869 2731 1023 2767 papam
1041 2732 1060 2755 e
1080 2731 1153 2755 suo
1172 2717 1384 2766 sanguine,
1404 2731 1535 2767 neque
1558 2717 1764 2755 Robertus
1782 2715 1956 2766 pervicit

252 2784 299 2812 ut
328 2776 530 2826 quispiam
559 2791 578 2814 e
605 2777 770 2826 reliquis
800 2776 1076 2815 cardinalibus
1105 2776 1230 2814 Gallis
1258 2776 1486 2826 eligeretur.
1520 2776 1565 2813 In
1591 2776 1958 2814 Bartholomaeum

306 2918 333 2950 l.
362 2918 427 2950 ΜΞ.
457 2919 540 2954 cite.
570 2919 632 2952 fol.
662 2921 705 2953 63
731 2925 774 2952 1·0.

303 2972 332 3002 2.
364 2971 429 3004 ΜΞ.
464 2972 546 3011 cite,
580 2972 641 3005 fol.
676 2973 745 3006 ‘125
776 2978 819 3005 1¹0.

301 3026 330 3055 3.
362 3023 431 3056 Sur
448 3025 496 3057 les
516 3025 712 3059 candidats
741 3027 802 3059 des
829 3026 989 3059 factions
1016 3026 1223 3066 limousine,
1243 3026 1425 3068 francaise
1444 3032 1480 3059 et
1498 3026 1687 3066 italienne,
1709 3025 1788 3058 voir
1816 3025 1858 3057 N.
1888 3024 1960 3057 Ya-

253 3076 316 3107 ως
341 3084 377 3109 η.
399 3089 420 3111 1,
443 3089 475 3120 p.
499 3079 632 3120 22-35).
1732 3083 1736 3087 ’
