2083 3458
285 241 366 283 256
934 254 1086 280 NOTAE
1121 254 1181 279 AD
1216 253 1344 278 VITAS
1869 237 1993 292 [754]

284 356 352 379 scu
375 340 510 391 potius
535 355 651 388 xxm,
674 348 721 377 ut
741 354 802 378 res
824 354 864 378 se
885 339 1025 386 habet,
1048 351 1142 376 cum
1161 337 1268 376 inter
1289 351 1329 375 se
1351 337 1555 376 discordes
1578 346 1727 384 essent,
1749 337 1882 387 major
1901 351 1995 388 pars

284 413 491 438 summum
522 399 829 450 pontificatum,
862 406 910 436 ut
947 398 1013 436 ille
1046 397 1118 444 ait,
1152 396 1305 435 obtulit
1342 396 1539 436 cardinali
1572 397 1872 445 Convenarum,
1905 397 1994 435 viro

284 459 459 509 sapienti
477 466 517 497 et
533 459 663 497 bonae
681 458 828 505 famae,
847 471 893 496 ea
911 456 1145 496 conditione
1162 455 1326 506 adjecta
1343 464 1390 494 ut
1406 456 1666 506 polliceretur
1683 470 1723 494 se
1739 452 1820 494 non
1837 456 1994 494 iturum

288 519 474 565 Romani,
507 517 577 555 sed
608 531 701 555 eum
732 516 828 554 forti
854 516 990 554 animo
1021 514 1301 554 conditionem
1326 516 1527 566 respuisse
1552 523 1600 553 ut
1629 514 1836 565 iniquam;
1869 529 1993 565 quam

284 577 497 615 historiam
516 576 705 624 Bzovius,
727 590 791 615 an.
815 575 929 622 1334,
957 574 973 623 ἕ
993 575 1029 623 4,
1050 575 1174 613 refert
1194 574 1247 612 ad
1267 574 1517 613 cardinalem
1536 574 1846 624 Talayrandum
1865 574 1994 612 mani—

286 636 388 674 festo
412 650 554 674 errore.

337 696 455 733 Anno
499 694 865 741 MCCCXXXVII,
911 693 1114 730 Arnaldus
1158 692 1382 742 Cescomes,
1427 693 1756 744 archiepiscopus
1799 693 1993 731 Tarraco-

284 755 430 801 nensis,
467 754 518 791 ad
553 768 645 792 eum
679 753 840 803 scripsit
875 753 923 791 de
958 752 1188 790 Sarracenis
1215 752 1415 803 Hispania
1448 753 1658 803 pellendis.
1694 752 1794 802 Ejus
1822 752 1995 802 epistola

284 821 401 852 extat
425 813 466 850 in
490 812 593 850 libro
620 811 742 850 tertio
770 812 1120 849 Miscellaneorum
1145 819 1394 860 nostrorum,
1421 827 1460 863 p.
1490 811 1576 851 106.

336 872 454 909 Anno
478 871 744 918 MCCCXLV,
769 871 952 909 Andreas
974 885 1046 909 rex
1070 870 1227 909 Siciliae
1249 871 1511 921 praefocatus
1535 879 1596 909 est
1618 870 1763 909 fraude
1784 879 1825 909 et
1848 871 1994 909 scelere

285 931 558 980 quorumdam
592 930 807 968 hominum
841 930 1110 980 perditorum.
1149 930 1267 968 Falso
1311 938 1452 969 autem
1499 930 1694 981 Ughellus
1738 938 1768 969 t.
1804 945 1816 967 1
1854 929 1996 967 Italiae

283 1004 427 1037 sacrae,
450 1005 489 1039 p.
516 989 602 1038 140,
620 998 662 1028 et
683 989 751 1028 alii
774 989 943 1039 quidam
965 990 1109 1028 mortis
1133 989 1219 1039 ejus
1241 989 1443 1027 invidiam
1462 989 1655 1040 rejiciunt
1676 989 1718 1027 in
1739 990 1848 1029 hunc
1867 989 1994 1028 cardi-

284 1050 418 1087 nalem
442 1049 740 1087 Convenarum.
767 1048 933 1087 Etenim
954 1048 986 1087 is
1011 1047 1228 1087 cardinalis
1253 1049 1321 1098 qui
1345 1063 1436 1088 eam
1457 1063 1697 1100 procurasse
1718 1048 1787 1087 illo
1810 1057 1995 1099 tempore

284 1108 497 1146 dicebatur
528 1107 607 1145 fuit
638 1108 922 1157 Talayrandus
962 1108 1306 1157 petragoricensis
1349 1116 1396 1146 ut
1433 1108 1540 1146 infra
1580 1123 1653 1147 suo
1691 1108 1781 1147 1060
1821 1104 1992 1146 dicetur.

336 1167 454 1205 Anno
475 1167 722 1215 MCCCLVI,
743 1181 880 1206 mense
900 1167 1032 1218 aprili,
1055 1167 1231 1206 Karolus
1251 1167 1433 1206 marchio
1454 1167 1676 1216 Moraviae,
1697 1167 1831 1206 dictus
1851 1174 1994 1217 postea

286 1226 460 1264 Karolus
493 1226 561 1273 IV,
590 1226 826 1276 imperator,
856 1226 1112 1265 Avenionem
1130 1226 1255 1274 ,venit
1283 1228 1590 1265 consultaturus
1620 1227 1668 1266 de
1696 1226 1819 1265 modo
1857 1226 1994 1276 acqui-

283 1286 396 1323 rendi
416 1285 575 1336 imperii
596 1286 786 1334 Romani,
807 1294 849 1324 et
866 1285 908 1323 in
927 1285 1160 1336 praesentia
1181 1286 1400 1325 Clementis
1420 1286 1478 1324 VI
1497 1300 1630 1337 papae
1650 1294 1690 1325 et
1710 1285 1994 1334 cardinalium,

283 1345 389 1383 inter
426 1359 525 1394 quos
563 1353 651 1383 erat
687 1345 866 1384 Joannes
904 1345 1118 1396 episcopus
1155 1345 1406 1394 Portuensis,
1444 1354 1750 1385 sacramentum
1785 1344 1995 1396 praestitit

285 1404 331 1441 de
360 1403 569 1442 servandis
598 1404 802 1443 Ecclesiae
831 1405 1043 1443 Romanae
1068 1405 1248 1455 juribus3
1278 1405 1367 1444 Joa.
1389 1405 1552 1454 Villan.,
1580 1406 1649 1444 lib.
1680 1405 1779 1454 XII,
1808 1419 1895 1455 cap.
1925 1418 1994 1441 ΠΧ

295 1463 522 1512 [Muratori,
553 1471 582 1502 t.
616 1478 701 1512 xm,
731 1478 770 1514 p.
803 1463 902 1514 940]
935 1472 976 1502 et
1006 1464 1167 1503 Odoric.
1202 1464 1422 1514 Raynald.,
1453 1478 1518 1504 an.
1552 1464 1666 1513 1346,
1703 1464 1720 1513 ἓ
1751 1462 1800 1502 19
1829 1472 1870 1503 et
1900 1463 1993 1502 261.

339 1522 542 1561 „loannem
580 1522 628 1561 de
666 1522 867 1561 Convenis
906 1524 1144 1574 episcopum
1172 1524 1442 1562 Portuensem
1478 1524 1602 1563 fuisse
1638 1523 1817 1574 priorem
1856 1523 1994 1562 Sancti

286 1580 515 1620 Sacerdotis
548 1581 818 1631 judicaturae
844 1582 1025 1621 Verduni
1061 1583 1211 1621 docent
1245 1584 1386 1621 literae
1426 1583 1611 1631 Joannis‚
1655 1583 1816 1622 comitis
1851 1582 1994 1620 Arma—

285 1639 495 1688 niacensis,
517 1641 638 1680 datae
667 1641 839 1691 Agenni,
868 1656 933 1681 an.
964 1642 1255 1690 MCCCXLVI,
1282 1642 1345 1681 die
1374 1657 1449 1680 XXI
1477 1642 1685 1690 februarii,
1706 1656 1820 1692 quae
1848 1650 1996 1681 extant

282 1698 324 1736 in
347 1699 507 1748 Regesto
530 1700 818 1739 seneschalliae
841 1701 1067 1740 Tolosanae
1088 1701 1195 1740 illius
1219 1702 1328 1751 anni,
1352 1701 1394 1740 in
1418 1716 1593 1752 quarum
1616 1702 1723 1741 calce
1746 1702 1996 1740 adnotatum

284 1766 345 1796 est
368 1758 598 1798 Guidonem
621 1759 669 1798 de
693 1760 908 1808 Convenis,
932 1761 1118 1809 militem,
1142 1761 1265 1800 fuisse
1287 1769 1548 1811 praesentem
1570 1762 1736 1811 quando
1757 1761 1850 1799 illae
1873 1761 1996 1799 datae

284 1818 462 1856 fuerunt.

338 1877 571 1926 petrarcha,
597 1878 666 1916 lib.
699 1878 714 1916 I
740 1878 829 1917 Rer.
856 1879 985 1927 senil.,
1009 1879 1125 1929 epist.
1153 1894 1209 1928 111,
1234 1880 1412 1918 scribens
1437 1880 1489 1918 ad
1507 1880 1817 1930 Talayrandum
1842 1879 1994 1930 episco-

282 1950 382 1985 pum
405 1937 693 1985 Albanensem,
718 1939 983 1988 conqueritur
1006 1939 1054 1977 de
1078 1939 1260 1988 quodam
1283 1939 1488 1978 cardinale
1512 1938 1582 1989 qui
1604 1953 1698 1978 eum
1720 1953 1888 1990 magum
1910 1953 1995 1977 esse

283 2008 328 2032 ac
370 1996 725 2044 negromanticum
765 2005 1026 2047 persuaserat
1066 1998 1277 2049 Stephano
1318 1998 1490 2047 Alberti,
1532 1998 1723 2049 episcopo
1765 1998 1944 2037 Ostiensi
1986 2013 1993 2036 :

284 2054 427 2091 Pareat
443 2064 572 2092 cautem
591 2056 651 2093 illi
666 2056 787 2105 Deus,
806 2056 955 2106 inquit,
975 2057 1043 2107 qui
1058 2056 1184 2106 falsae
1203 2057 1314 2095 illius
1331 2057 1537 2108 opinionis
1555 2067 1688 2096 auctor
1703 2057 1793 2108 fuit.
1814 2058 1996 2107 Magnus

283 2112 347 2149 ille
371 2114 525 2162 quidem
549 2114 619 2161 vir,
640 2129 777 2165 nempe
800 2116 858 2153 tui
882 2116 1035 2154 ordinis
1059 2130 1138 2154 non
1162 2117 1338 2166 ultimus,
1358 2125 1391 2154 et
1411 2125 1610 2167 praeterea
1629 2117 1735 2167 juris
1752 2116 1997 2155 consultissi-

284 2186 382 2219 mus,
410 2174 582 2223 quodque
606 2174 891 2212 mirabiliorem
913 2175 1011 2224 facit
1032 2190 1211 2224 errorem,
1236 2184 1270 2214 et
1291 2176 1555 2226 experientiae
1579 2176 1828 2227 multiplicis,
1852 2184 1886 2214 et
1908 2189 1996 2226 pro-

285 2239 406 2268 vectae
438 2233 649 2270 admodum
681 2234 831 2273 aetatis.
871 2234 984 2273 Idem
1016 2235 1140 2285 paulo
1172 2243 1267 2285 post
1298 2235 1440 2274 scribit
1472 2236 1580 2275 hunc
1614 2236 1841 2274 delatorem
1871 2235 1995 2274 fuisse

283 2289 493 2327 inimicum
521 2292 770 2341 Talayrandi
799 2309 806 2332 :
836 2292 978 2331 Oderat
1004 2293 1068 2331 ille
1095 2308 1153 2332 me
1180 2308 1259 2332 non
1284 2303 1442 2345 propter
1469 2309 1526 2332 me
1553 2295 1721 2345 quidem,
1748 2295 1816 2333 sed
1839 2302 1998 2345 propter

288 2348 399 2386 illum
428 2350 491 2387 cui
518 2350 887 2399 familiarissimum
917 2367 975 2390 me
1000 2352 1127 2402 fuisse
1155 2353 1397 2401 meminerat,
1426 2354 1467 2392 id
1496 2362 1571 2402 est,
1603 2354 1834 2393 Robertum
1860 2367 1997 2403 regem

287 2407 455 2456 Siciliae,
479 2418 635 2459 propter
654 2425 768 2460 ,quem
789 2419 823 2449 et
844 2420 876 2449 te
899 2412 1033 2462 ipsum
1055 2412 1195 2451 oderat.
1221 2412 1298 2450 Sed
1318 2413 1401 2451 odii
1421 2412 1502 2451 sibi
1524 2414 1703 2451 conscius
1726 2412 1882 2463 injusti,
1905 2426 1998 2462 erga

288 2474 490 2517 utrumque
516 2477 692 2506 nostrum
716 2470 924 2508 simulator
950 2470 1118 2508 callidus
1144 2471 1366 2509 amicitiam
1393 2472 1576 2521 fingebat.
1607 2472 1719 2511 Sicut
1742 2472 1894 2522 sepulto
1921 2471 1995 2519 illi,

285 2525 323 2561 id
354 2534 426 2574 cst,
459 2527 654 2575 Roberto,
685 2529 754 2578 qui
791 2543 899 2567 anno
929 2530 1215 2568 MCCCXLIII
1245 2531 1452 2570 extinctus
1482 2540 1556 2580 est,
1588 2531 1719 2582 ipsius
1757 2546 1824 2569 nec
1851 2531 1996 2569 lenitus

287 2592 414 2632 morte,
443 2585 543 2634 ipsis
572 2586 712 2625 bellum
736 2588 936 2626 cineribus
963 2589 1170 2628 indixerat.
1200 2590 1254 2627 Et
1277 2590 1384 2629 infra
1411 2606 1418 2628 :
1447 2590 1746 2640 Suggestionem
1770 2590 1871 2628 hanc
1894 2590 1996 2628 aluit

288 2642 350 2678 ille
376 2644 467 2680 (lum
494 2645 603 2692 visit,
630 2654 663 2683 et
688 2661 805 2696 quam
830 2647 1077 2697 plantaverat
1102 2648 1295 2697 irrigavit.
1331 2648 1489 2687 Gratias
1511 2650 1593 2687 Deo
1619 2650 1721 2700 quod
1745 2650 1994 2687 mendacium

287 2702 438 2749 veritas,
470 2717 570 2740 mors
600 2706 822 2743 mendacem
851 2706 953 2744 vicit.
988 2707 1133 2756 Itaque
1164 2708 1380 2746 cardinalis
1408 2708 1474 2747 ille
1504 2709 1662 2747 delator
1690 2716 1778 2747 erat
1804 2708 1993 2747 inimicus

288 2760 549 2809 'salamantin
571 2771 611 2800 et
632 2764 839 2802 extinctus
861 2774 948 2803 erat
966 2774 1061 2804 ante
1081 2780 1206 2816 quam
1224 2766 1457 2817 Stephanus
1477 2768 1681 2806 locaretur
1701 2767 1743 2805 in
1762 2767 1862 2806 Sede
1882 2767 1994 2806 beati

293 2818 409 2856 l‘‹·¹1·i.
447 2820 502 2857 Dc
535 2823 685 2870 apertis
717 2823 942 2862 inimicitiis
984 2824 1091 2863 inter
1142 2825 1392 2864 cardinalem
1435 2826 1723 2865 Convenarum
1764 2835 1805 2865 et
1847 2827 1993 2876 Talay-

290 2878 459 2914 randum
483 2880 592 2916 [estis
619 2889 678 2918 cst
702 2882 880 2932 locuples
906 2883 1085 2922 ,loannes
1113 2883 1323 2931 Villanius,
1348 2885 1416 2923 lib.
1445 2885 1544 2933 XII,
1569 2899 1656 2936 cap.
1682 2900 1750 2923 LIX
1765 2885 1994 2936 [Muratori,

287 2942 316 2972 t.
346 2950 441 2981 x111,
469 2939 539 2977 rol.
574 2939 670 2989 5940]
721 2940 963 2979 Mortuum2
1001 2956 1097 2980 vero
1135 2943 1250 2980 illum
1281 2958 1364 2982 esse
1407 2952 1502 2982 ante
1540 2943 1835 2994 pontificatum
1877 2944 1995 2982 Inno-

344 3065 369 3096 1.
395 3065 558 3105 Zcunmr,
584 3066 877 3109 Constitutione-s,
905 3076 927 3103 t.
952 3069 1043 3111 V111l,
1067 3083 1101 3104 n.
1125 3072 1246 3105 ‘lo-12.

341 3119 370 3149 2.
399 3117 549 3160 [sapi-cs
578 3120 690 3152 liubcl
716 3121 958 3163 (Hicrarchia,
982 3130 1006 3156 1.
1028 3136 1051 3164 1,
1074 3136 1109 3167 p.
1132 3124 1204 3167 16),
1226 3125 1250 3157 il
1270 3125 1384 3158 serait
1406 3131 1505 3158 mort
1525 3126 1556 3159 le
1578 3126 1621 3159 20
1651 3127 1856 3159 novembre
1885 3127 1991 3160 1344.
