2083 3458
104 190 228 246 [768]
632 206 847 232 PAPARUM
884 206 1267 231 AVENIONENSIUM
1710 190 1789 231 271

144 289 247 328 Sane
267 288 449 339 oportuit
468 302 633 338 gravem
652 288 774 327 fuisse
793 303 959 328 causam
977 303 1081 339 quae
1101 289 1304 328 Joannem
1322 288 1460 339 adegit
1477 297 1524 327 ut
1542 288 1676 327 virum
1694 289 1790 329 alio-

91 347 160 398 qui
178 361 326 398 parum
344 347 512 394 clarum,
532 347 643 384 nulla
661 355 872 397 praeterea
892 347 1092 398 dignitate
1112 362 1241 398 usque
1260 347 1312 386 ad
1331 348 1437 387 hanc
1456 347 1564 386 diem
1584 357 1789 398 ornatum,

91 407 295 457 adlegeret
317 405 359 444 in
383 405 567 444 ordinem
591 405 871 445 cardinalium.
901 407 947 445 In
972 407 1154 445 creandis
1179 414 1319 446 autem
1343 406 1617 446 cardinalibus
1642 408 1791 447 sufficit

91 466 281 504 voluntas
299 478 514 515 paparum,
534 464 603 514 qui
620 464 871 515 propinquos
889 480 996 513 suos,
1014 465 1234 504 tamenetsi
1251 465 1350 504 alias
1368 466 1608 504 meritorum
1625 481 1791 505 suorum

90 525 176 563 luce
197 538 344 574 parum
365 523 612 574 splendidos,
635 537 680 562 eo
702 524 915 573 splendore
936 533 1109 575 possunt
1129 533 1171 563 et
1191 525 1323 564 solent
1345 539 1499 564 ornare.
1523 525 1639 564 Certe
1660 540 1792 576 neque

90 592 180 621 tum
199 597 331 632 neque
350 590 494 632 postea
517 582 721 621 Imbertus
740 582 933 621 inclaruit
951 583 993 621 in
1014 583 1123 622 curia
1146 584 1347 632 Romana,
1368 598 1499 634 neque
1518 584 1792 634 legationibus

89 642 199 692 apud
220 641 422 692 principes
442 641 533 679 ullis
556 649 723 679 ornatus
746 641 837 690 fuit,
861 642 1048 691 quamvis
1069 643 1234 693 longam
1254 651 1436 682 aetatem
1456 643 1582 693 egerit
1601 643 1644 682 in
1664 643 1792 683 cardi·

90 701 233 739 nalatu
253 700 277 739 ¹.

144 760 293 798 Faetus
324 767 385 798 est
414 758 539 809 igitur
569 758 785 797 cardinalis
817 773 839 797 a
871 759 1029 798 Joanne
1063 759 1191 798 XXII
1225 774 1333 799 anno
1363 761 1686 810 MCCCXXVII,
1727 761 1789 800 die

92 833 192 856 xvm
213 817 450 857 decembris.

141 877 376 928 Onuphrius
397 876 621 915 Panvinius
641 876 803 927 scripsit
819 876 936 914 illum
954 877 1085 927 primo
1105 877 1228 917 fuisse
1247 879 1405 917 factum
1424 879 1643 918 diaconum
1663 880 1791 918 cardi-

88 937 241 984 nalem3
260 936 300 973 in
317 950 397 986 quo
416 950 509 975 eum
524 935 653 975 secuti
667 943 764 974 sunt
777 935 846 986 qui
857 943 1000 986 postea
1013 936 1263 986 scripserunt
1273 937 1497 976 Historiam
1508 939 1788 986 cardinalium,

88 995 198 1045 quod
225 1009 275 1034 ex
301 1010 346 1034 eo
375 994 608 1034 confirmari
634 1009 751 1045 posse
777 994 987 1033 videretur
1014 995 1124 1045 quod
1149 995 1192 1033 in
1218 1010 1264 1035 ea
1291 997 1495 1036 creatione
1523 997 1791 1036 cardinalium

86 1062 319 1093 recensetur
352 1053 536 1092 omnium
568 1053 738 1092 ultimus
772 1061 867 1104 post
902 1054 1105 1092 Joannem
1140 1054 1188 1093 de
1223 1055 1434 1103 Columna,
1471 1070 1592 1106 quem
1628 1065 1792 1096 constat

87 1112 209 1152 fuisse
231 1113 449 1152 diaconum
471 1112 719 1151 cardinalem
740 1112 879 1151 Sancti
896 1112 1053 1163 Angeli.
1072 1113 1325 1152 Contelorius
1358 1114 1412 1165 [p.
1435 1115 1507 1166 31]
1530 1123 1671 1154 tamen
1692 1115 1791 1153 nihil

85 1171 317 1210 istiusmodi
345 1171 498 1221 scribit,
528 1171 598 1210 sed
626 1186 719 1210 eum
746 1171 876 1210 tradit
904 1180 1088 1210 creatum
1115 1186 1138 1210 a
1168 1172 1327 1212 Joanne
1354 1173 1476 1213 fuisse
1503 1175 1790 1224 presbyterum

87 1230 335 1270 cardinalem
363 1230 554 1269 basilicae
583 1230 829 1269 Sanctorum
859 1230 1085 1269 Duodecim
1114 1232 1419 1282 Apostolorum,
1443 1233 1553 1283 quod
1574 1248 1646 1283 ego
1674 1233 1790 1272 facile

86 1289 269 1329 adducor
285 1298 333 1328 ut
350 1290 526 1328 credam.
544 1289 710 1329 Etenim
721 1290 918 1340 posthaec
932 1290 1111 1329 Joannes
1126 1290 1254 1328 XXII
1268 1291 1369 1329 duos
1382 1299 1548 1331 tantum
1566 1292 1790 1331 cardinales

85 1349 255 1397 creavit,
279 1357 320 1388 et
343 1348 413 1399 qui
434 1363 500 1388 eos
524 1348 742 1399 perhibent
764 1349 895 1387 factos
919 1348 1158 1397 cardinales,
1182 1350 1337 1387 nullam
1360 1350 1610 1390 mentionem
1635 1351 1791 1390 faciunt

85 1407 200 1445 illum
224 1415 406 1446 mutasse
431 1408 601 1446 titulum
627 1407 858 1458 cujuspiam
882 1408 1032 1446 veteris
1066 1408 1295 1447 cardinalis.
1324 1409 1378 1446 Et
1411 1418 1551 1448 tamen
1588 1410 1790 1449 Imbertus

86 1475 258 1506 vocatur
282 1467 496 1518 presbyter
521 1466 737 1505 cardinalis
762 1467 952 1505 basilicae
978 1467 1223 1506 Sanctorum
1250 1468 1475 1507 Duodecim
1500 1468 1791 1519 Apostolorum

84 1525 125 1564 in
160 1526 435 1565 declaratione
470 1526 640 1565 solemni
674 1540 798 1576 quam
831 1525 941 1564 idem
976 1526 1155 1565 Joannes
1190 1527 1412 1566 moriturus
1447 1527 1544 1566 fecit
1582 1528 1791 1566 occasione

86 1598 216 1623 novae
237 1584 437 1635 opinionis
458 1585 505 1623 de
525 1584 680 1623 visione
701 1584 893 1623 beatifica
913 1593 1149 1623 sanctorum
1170 1586 1197 1633 ²,
1216 1593 1263 1623 ut
1282 1585 1419 1624 videre
1438 1594 1500 1625 est
1519 1587 1626 1636 apud
1650 1586 1792 1626 Odori-

86 1658 179 1682 cum
209 1644 487 1694 Raynaldum,
516 1658 581 1683 an.
613 1643 727 1692 1334,
762 1644 779 1693 ἓ
807 1643 869 1683 36.

138 1698 714 1757 AnnoMCCCXLIIgdimisit
725 1704 1054 1754 praeposituram
1069 1703 1271 1742 Ecclesiae
1285 1704 1555 1752 Posoniensis,
1565 1705 1607 1743 in
1619 1704 1791 1744 dioecesi

86 1761 366 1812 Strigoniensi,
410 1770 451 1800 et
494 1770 704 1801 assecutus
748 1770 810 1801 est
843 1762 1120 1813 parochialem
1157 1762 1381 1801 Ecclesiam
1416 1763 1556 1802 Sancti
1591 1764 1708 1803 Pauli
1742 1765 1790 1803 de

87 1820 368 1869 Frontiniano,
400 1820 698 1871 Magalonensis
724 1820 930 1860 dioecesis.
962 1821 1007 1859 Id
1036 1829 1239 1860 testatum
1263 1822 1423 1861 faciunt
1443 1823 1585 1862 literae
1610 1823 1790 1862 Clemen—

84 1880 136 1918 tis
155 1879 212 1918 VI
231 1879 283 1918 ad
303 1879 566 1919 Guillelmum
584 1880 632 1919 de
652 1880 839 1919 Pusterla
857 1880 906 1919 de
925 1880 1156 1919 Mediolano
1175 1881 1433 1931 capellanum
1451 1896 1584 1929 suum,
1604 1882 1669 1920 cui
1684 1883 1789 1920 hanc

84 1939 414 1989 praeposituram
439 1938 495 1978 sic
518 1947 739 1978 vacantem
764 1939 951 1987 donavit,
977 1939 1099 1978 datae
1124 1940 1235 1990 apud
1251 1940 1426 1979 Pontem
1443 1940 1605 1990 Sorgiae
1624 1941 1790 1979 Avinio—

85 1998 220 2036 nensis
240 1997 446 2045 dioecesis,
466 2012 507 2036 111
528 1998 608 2037 kal.
630 1998 727 2036 maii
746 2012 854 2036 anno
868 1998 1000 2048 primo
1026 1998 1092 2049 [29
1106 1998 1209 2038 avril
1225 1998 1364 2051 1343].
1382 1998 1484 2037 Cum
1505 1998 1633 2050 itaque
1651 2014 1788 2050 prepo-

83 2055 211 2094 situra
234 2056 404 2095 Ecclesie
426 2056 685 2094 Posoniensis
709 2056 996 2107 Strigoniensis
1019 2057 1197 2106 diocesis,
1221 2058 1286 2096 cui
1308 2072 1403 2096 cura
1426 2058 1605 2096 imminet
1634 2059 1788 2097 anima-

82 2128 183 2163 rum,
213 2129 259 2154 ex
285 2130 327 2154 eo
356 2130 491 2154 vacare
520 2124 702 2154 noscatur
724 2116 776 2154 ad
802 2130 962 2166 presens
991 2116 1093 2166 quod
1120 2116 1282 2155 dilectus
1306 2116 1417 2167 filius
1442 2125 1568 2155 noster
1597 2117 1788 2156 Imbertus

85 2173 243 2212 basilice
268 2174 470 2213 duodecim
493 2175 758 2225 apostolorum
789 2174 988 2225 presbyter
1020 2175 1238 2214 cardinalis
1261 2175 1547 2226 parrochialem
1571 2176 1786 2215 Ecclesiam

84 2233 218 2271 Sancti-
241 2233 365 2272 Pauli
387 2234 431 2272 de
453 2233 489 2271 F
490 2233 719 2272 rontiniano
742 2233 1047 2283 Magalonensis
1078 2234 1242 2272 diocesis
1273 2242 1364 2272 tunc
1386 2242 1597 2282 vacantem,
1620 2249 1690 2285 per
1718 2249 1787 2272 nos

83 2291 126 2330 in
144 2292 482 2342 supportationem
501 2306 663 2330 onerum
681 2307 944 2343 expensarum
961 2293 1086 2331 eidem
1106 2292 1419 2331 incumbentium
1433 2293 1468 2331 si
1475 2293 1511 2330 bi
1526 2294 1719 2341 collatam,
1732 2301 1787 2332 est

81 2351 267 2389 canonice
290 2359 490 2389 assecutus
513 2359 547 2390 et
572 2351 703 2402 ipsius
726 2351 939 2402 pacificam
962 2352 1248 2402 possessionem
1271 2352 1449 2402 adeptus,
1475 2360 1551 2391 etc.

133 2409 252 2448 Anno
274 2410 564 2459 MCCCXLIV,
585 2410 648 2450 die
666 2425 712 2449 1x
730 2410 849 2461 jum’i,
870 2410 1082 2461 Philippus
1104 2411 1175 2459 VI,
1195 2425 1267 2449 rex
1289 2410 1494 2458 Franciae,
1522 2410 1785 2449 confirmavit

80 2468 206 2507 literis
237 2468 344 2507 datis
375 2468 485 2520 apud
514 2468 663 2508 turrim
689 2469 835 2520 capitis
859 2469 997 2520 pontis
1031 2469 1326 2508 Avenionensis
1352 2477 1505 2507 certam
1532 2468 1782 2519 emptionem

81 2526 236 2565 factam
261 2542 333 2578 per
359 2527 573 2566 dominum
600 2527 848 2567 cardinalem
876 2528 925 2567 de
953 2528 1083 2568 Puteo
1111 2542 1134 2566 a
1160 2542 1251 2578 rege
1279 2527 1580 2578 Majoriearum.
1613 2528 1659 2565 In
1684 2528 1781 2579 ipsis

78 2586 219 2634 literis,
246 2600 350 2636 quae
375 2594 522 2625 extant
545 2586 584 2624 in
611 2587 773 2637 Rege-sto
797 2587 958 2625 LXXV
976 2587 991 2609 3
1026 2586 1071 2638 [J
1077 2587 1103 2625 J
1129 2585 1199 2637 75]
1236 2585 1387 2624 archivi
1410 2586 1511 2636 regii
1535 2586 1782 2639 Parisiensis

83 2644 184 2695 [cap>
200 2646 357 2697 chxv]
376 2646 435 2684 ita
454 2645 653 2696 scriptum
672 2654 734 2685 est
750 2662 757 2684 :
774 2644 924 2684 Notum
937 2645 1109 2695 facimus
1120 2646 1319 2696 quodcum
1330 2645 1559 2682 reverendas
1571 2645 1614 2682 in
1625 2644 1780 2683 Christo

78 2711 187 2754 pater
203 2703 224 2741 I
227 2704 397 2742 mbertus
414 2705 458 2742 de
474 2705 598 2743 Puteo
612 2704 842 2753 cardinalis,
859 2713 951 2752 etc.,
965 2704 1104 2742 emisse
1115 2704 1268 2741 dicatur
1282 2716 1307 2740 a
1323 2703 1528 2741 carissimo
1542 2703 1779 2753 consangui-

127 2851 159 2884 1.
188 2851 217 2884 Il
250 2851 309 2884 fut
345 2851 595 2895 camerlingue
631 2852 681 2885 du
717 2851 827 2885 Sacre
846 2851 989 2895 College
1015 2852 1065 2884 du
1090 2851 1130 2883 11
1165 2850 1288 2894 juillet
1312 2850 1405 2884 1340
1432 2860 1480 2883 au
1502 2845 1558 2898 [26
1582 2850 1657 2884 mai
1682 2851 1777 2886 1348

81 2903 135 2946 (Ρ.
152 2903 200 2938 M.
217 2904 485 2948 Baumgarten,
507 2904 842 2948 Untersuchungm,
859 2916 894 2948 p.
913 2903 988 2948 LII).

128 2957 159 2990 2.
179 2957 325 2990 Denifle
341 2961 379 2991 et
395 2957 602 2998 Chatelain,
621 2957 907 2997 Chartularium,
927 2962 953 2990 t.
970 2968 1007 2997 11,
1026 2968 1061 2989 n.
1080 2955 1160 2996 987,
1178 2968 1213 3000 p.
1231 2956 1312 2989 440.

127 3010 160 3043 3.
179 3009 318 3043 Baluze
336 3010 406 3043 fait
423 3009 470 3044 ici
488 3021 623 3044 erreur.
644 3010 698 3043 La
716 3009 983 3044 confirmation
1002 3009 1046 3042 de
1064 3009 1101 3042 la
1119 3015 1230 3042 vente
1250 3014 1307 3042 est
1325 3009 1434 3043 datee
1454 3009 1546 3042 dans
1571 3009 1604 3042 le
1622 3008 1776 3053 registre

79 3062 136 3094 JJ
154 3062 209 3103 75,
229 3074 309 3107 cap.
331 3074 470 3103 eLxxv,
491 3063 540 3095 du
558 3063 578 3096 9
595 3062 678 3106 juin
694 3063 787 3096 1344
805 3068 843 3096 et
860 3062 1036 3096 accor'dee
1054 3073 1122 3106 par
1138 3061 1246 3102 Jean,
1266 3062 1338 3095 duc
1356 3062 1400 3095 de
1419 3061 1659 3095 Normandie.
