2083 3458
71 207 222 262 [1138]
589 222 805 247 PAPARUM
841 221 1223 248 AvENloNENanM
1669 210 1750 252 659

58 313 99 345 et
114 305 162 343 de
180 306 294 343 Luna
312 305 364 342 ad
380 304 534 342 dictum
554 304 801 342 cardinalem
819 304 1159 343 Mediolanensem
1177 314 1218 344 et
1238 306 1336 345 alios
1355 307 1538 347 dominos
1558 309 1750 358 Ytalicos,

57 373 98 403 et
117 364 296 414 quadam
315 363 377 402 die
397 363 600 403 dominica
619 363 668 401 de
687 378 823 402 mense
843 363 1019 401 octobris
1038 372 1132 414 post
1150 364 1304 403 dictam
1323 366 1559 405 electionem
1580 368 1751 406 fuissent

57 424 99 461 in
122 423 232 461 dicta
257 422 425 461 civitate
451 422 684 472 congregati
709 436 799 460 cum
826 437 871 460 eo
895 422 938 459 in
962 436 1033 460 sua
1059 437 1217 461 camera
1242 433 1336 474 post
1360 426 1591 476 prandium,
1618 427 1750 465 dictus

57 482 318 521 cancellarius
342 481 532 531 exposuit
555 481 837 521 ambaxiatam
862 495 991 528 suam,
1016 489 1056 519 et
1079 481 1185 520 inter
1208 491 1341 521 cetera
1365 484 1489 522 verba
1514 485 1618 523 dixit
1642 485 1751 524 dicto

58 540 253 580 cardinali
281 556 288 579 :
319 540 505 587 Domine,
532 554 604 589 ego
631 548 776 590 reputo
804 554 866 578 me
892 540 1022 578 teneri
1048 541 1163 579 vobis
1190 541 1409 592 plusquam
1435 558 1603 594 persone
1630 545 1751 583 eccle-

57 600 217 638 siastice
247 599 405 638 viventi
435 607 602 649 propter
632 599 782 636 multos
814 599 985 637 honores
1018 613 1117 648 quos
1149 614 1171 637 a
1203 601 1318 639 vobis
1349 602 1493 652 recepi,
1525 603 1752 653 specialiter

57 672 130 709 pro
146 673 192 698 eo
209 659 321 709 quod·
335 658 520 696 voluistis
537 658 711 708 recipere
728 672 750 695 a
767 672 830 696 me
848 658 1016 707 gradum
1035 658 1272 697 doctoratus
1288 659 1331 697 in
1345 660 1513 709 legibus,
1530 670 1570 699 et
1587 671 1752 712 propter

57 719 133 756 hoc
156 718 283 756 debeo
307 717 519 756 condolere
543 717 591 755 de
615 716 787 755 sinistris
810 731 887 766 que
910 717 1031 754 audio
1055 717 1103 755 de
1127 718 1242 756 vobis
1268 719 1475 758 occasione
1498 720 1614 758 istius
1639 735 1751 771 sepa-

57 776 226 815 rationis
256 790 378 827 quam
410 776 541 814 facitis
572 790 594 813 a
623 790 731 826 papa
761 776 966 815 Clemente
996 783 1037 814 et
1066 776 1339 815 cardinalibus
1369 779 1562 817 fratribus
1592 780 1751 826 vestris,

60 836 154 886 quia
179 843 293 874 totus
318 835 496 873 mundus
521 834 711 884 intelligit
738 834 845 884 quod
872 843 1039 885 propter
1063 835 1168 873 hanc
1193 837 1491 886 separationem
1519 853 1590 876 vos
1616 839 1751 876 multi-

59 894 218 945 plicatis
247 894 392 933 scisma
421 894 462 932 in
493 894 671 932 Ecclesia
704 893 789 940 Dei,
820 901 861 931 et
890 908 961 932 vos
991 893 1100 932 scitis
1131 895 1225 944 quia
1256 895 1424 934 diversis
1454 896 1624 944 vicibus,
1654 898 1749 935 dum

57 954 242 1004 loquerer
262 953 474 992 vobiscum
498 953 625 991 Rome
647 953 695 990 de
716 952 1019 1002 archiepiscopo
1039 953 1206 991 Barensi
1227 953 1267 992 et
1289 954 1336 992 de
1357 955 1551 994 electione
1573 970 1658 1004 sua,
1680 971 1750 994 vos

56 1027 269 1063 nunquam
289 1012 530 1051 nominastis
551 1026 644 1050 eum
666 1012 741 1050 nisi
762 1011 933 1050 dicendo
956 1028 963 1049 :
987 1012 1067 1050 Iste
1092 1012 1160 1062 qui
1182 1021 1296 1051 tenet
1321 1014 1462 1060 Sedem
1485 1015 1749 1064 apostolicam

57 1080 314 1122 occupatam.
343 1072 446 1110 Item
471 1071 581 1110 scitis
607 1071 716 1120 quod
741 1071 906 1120 quando
929 1070 985 1108 ivi
1009 1071 1059 1108 ad
1084 1086 1155 1109 vos
1180 1080 1220 1109 et
1244 1072 1296 1109 ad
1320 1072 1418 1110 alios
1443 1073 1542 1111 duos
1567 1074 1751 1112 dominos

59 1131 282 1170 cardinales
312 1130 508 1177 Ytalicos‚
537 1130 606 1180 qui
633 1130 754 1168 eratis
782 1130 824 1167 in
850 1129 1017 1168 civitate
1044 1130 1093 1168 de
1122 1130 1250 1177 Sessa,
1270 1145 1320 1168 ex
1345 1140 1461 1182 parte
1485 1132 1748 1170 cardinalium

57 1190 457 1230 ultramontanorum
478 1189 531 1227 ad
550 1189 778 1239 rogandum
797 1197 838 1227 et
857 1188 1146 1238 requirendum
1166 1204 1237 1227 vos
1259 1190 1366 1239 quod
1388 1190 1578 1229 veniretis
1600 1192 1750 1230 Fundis

56 1250 108 1287 ad
134 1249 362 1299 eligendum
391 1263 530 1287 verum
559 1262 724 1298 papam,
753 1262 823 1286 vos
851 1247 1095 1297 responditis
1122 1248 1244 1286 michi
1271 1248 1381 1298 quod
1407 1250 1596 1299 placebat
1622 1250 1750 1298 vobis,

57 1309 155 1346 dum
173 1316 316 1347 tamen
336 1308 487 1347 vellent
508 1307 650 1358 eligere
671 1307 847 1357 aliquem
869 1307 1087 1345 Ytalicum‚
1110 1306 1163 1345 Et
1183 1307 1215 1345 si
1236 1322 1307 1345 vos
1322 1308 1620 1347 intellexissetis
1644 1310 1750 1358 quod

58 1367 190 1407 dictus
210 1367 535 1418 archiepiscopus
556 1375 644 1405 erat
663 1381 781 1405 verus
801 1380 923 1416 papa,
943 1365 1163 1403 videbatur
1182 1366 1291 1416 quod
1310 1366 1432 1405 ibatis
1452 1368 1501 1405 ad
1523 1368 1751 1417 eligendum

57 1426 311 1477 antipapam.
338 1427 416 1465 Sed
440 1441 513 1476 ego
538 1440 620 1464 non
645 1426 764 1464 credo
789 1425 899 1475 quod
924 1433 1060 1463 vestra
1086 1425 1332 1464 conscientia
1354 1426 1407 1463 sit
1430 1426 1522 1464 talis
1549 1427 1657 1476 quod
1678 1427 1752 1465 hoc

59 1485 257 1533 faceretis,
281 1500 352 1524 nec
375 1485 535 1524 habetis
556 1485 682 1523 talem
704 1485 871 1523 famam.
899 1484 1042 1533 Itaque
1066 1484 1344 1522 concludendo
1367 1493 1460 1534 post
1477 1485 1606 1523 multa
1629 1486 1751 1523 verba

44 1545 218 1595 -rogavit
246 1559 337 1583 eum
369 1545 477 1594 quod
507 1544 630 1583 vellet
659 1543 794 1582 venire
824 1543 876 1581 ad
906 1551 1083 1581 castrum
1116 1543 1254 1582 Sancti
1285 1543 1498 1591 Johannis,
1529 1544 1635 1594 quod
1666 1553 1752 1582 erat

58 1603 156 1643 dicti
178 1603 332 1642 domini
356 1603 554 1651 Nicholai,
573 1603 624 1641 ad
647 1603 871 1641 videndum
890 1617 930 1640 se
952 1602 1071 1640 simul
1093 1616 1183 1640 cum
1199 1602 1286 1640 aliis
1303 1603 1461 1641 duobus
1481 1603 1752 1641 cardinalibus

59 1662 228 1702 Ytalicis
250 1671 291 1701 et
311 1677 403 1701 cum
424 1662 698 1701 cardinalibus
721 1661 861 1700 Sancti
883 1661 1094 1699 Eustachii
1115 1669 1155 1699 et
1177 1661 1224 1699 de
1247 1662 1374 1699 Luna.
1400 1662 1453 1699 Et
1473 1662 1604 1700 dictus
1627 1662 1753 1700 cardi-

58 1722 159 1760 nalis
196 1722 480 1772 respondendo
516 1721 776 1772 supradictis,
813 1729 1036 1772 postquam
1073 1720 1178 1757 dixit
1216 1729 1416 1770 quantum
1456 1736 1496 1759 se
1533 1721 1754 1771 reputabat

59 1781 186 1820 teneri
209 1781 320 1820 dicto
343 1781 509 1819 domino
534 1781 745 1828 Nicholao,
770 1780 875 1817 dixit
897 1795 981 1818 esse
1006 1793 1147 1817 verum
1172 1780 1279 1829 quod
1304 1779 1388 1830 ipse
1413 1794 1570 1830 semper
1593 1780 1753 1817 dubita-

58 1848 174 1879 verat
190 1840 238 1880 de
253 1848 367 1879 statu
383 1840 482 1879 dicti
496 1839 789 1890 archiepiscopi
804 1848 845 1877 et
861 1839 970 1888 quod
995 1838 1240 1888 aliquotiens
1266 1838 1341 1876 sibi
1357 1838 1517 1876 dixerat
1537 1839 1660 1877 verba
1678 1853 1753 1888 que

58 1900 133 1938 hoc
156 1899 386 1950 sapiebant,
410 1908 451 1937 et
473 1899 525 1937 ad
549 1899 660 1937 aliud
684 1899 792 1949 quod
816 1898 981 1936 dicebat
1003 1898 1052 1935 de
1076 1911 1239 1936 accessu
1262 1912 1335 1935 suo
1360 1898 1512 1935 Fundis
1536 1897 1588 1935 ad
1610 1897 1754 1947 eligen-

59 1959 154 1996 dum
175 1972 341 2009 papam,
363 1959 472 2009 quod
492 1967 580 1997 erat
600 1972 757 2005 verum,
777 1966 818 1996 et
839 1957 948 2007 quod
969 1957 1001 1995 si
1021 1956 1088 1994 alii
1108 1957 1331 1995 cardinales
1353 1956 1507 1994 domini
1527 1956 1588 1994 sui
1608 1956 1754 1994 voluis-

59 2025 149 2056 sent
177 2018 319 2067 eligere
350 2017 572 2065 Ytalicum,
602 2017 713 2067 quod
741 2031 822 2054 non
851 2016 1038 2054 durasset
1066 2016 1177 2054 istud
1205 2015 1364 2062 scisma,
1394 2015 1475 2054 imo
1503 2015 1646 2053 statim
1675 2030 1754 2053 ces-

59 2085 198 2115 sasset.
222 2092 238 2111 »

113 2136 253 2184 Quoad
290 2135 390 2174 illud
425 2136 535 2186 quod
563 2135 622 2173 ait
657 2134 872 2173 cardinalis
904 2133 1216 2172 Mediolanensis
1246 2148 1285 2171 se
1312 2132 1556 2182 aliquotiens
1589 2133 1754 2170 Urbano

60 2194 206 2233 dixisse
233 2195 358 2233 verba
386 2209 489 2244 quae
515 2194 732 2245 sapiebant
757 2194 891 2244 ipsum
919 2193 1106 2230 dubitare
1134 2192 1182 2230 de
1209 2200 1322 2230 statu
1349 2191 1448 2240 ejus,
1476 2191 1609 2229 afferri
1639 2206 1754 2241 posse

60 2253 222 2292 videtur
248 2254 481 2304 exemplum
518 2268 568 2291 ex
596 2253 848 2303 depositione
886 2251 1021 2290 fratris
1052 2250 1252 2297 Menendi,
1281 2250 1459 2301 episcopi
1487 2249 1754 2288 Cordubensis

60 2312 157 2351 facti
178 2328 248 2363 per
268 2313 457 2351 eumdem
480 2313 707 2359 Urbanum,
729 2312 770 2349 in
791 2325 870 2361 qua
893 2311 947 2349 sic
970 2309 1172 2348 habetur1
1195 2325 1202 2347 :
1237 2309 1334 2346 Item
1362 2308 1462 2346 dixit
1482 2309 1582 2358 quod
1604 2308 1755 2346 audivit

58 2387 82 2409 a
98 2372 205 2421 pluri
213 2372 282 2409 bus
298 2372 519 2422 specialiter
534 2387 558 2409 a
574 2370 868 2421 penitentiariis
884 2378 917 2407 et
934 2368 1135 2418 magistris
1153 2368 1196 2406 in
1212 2367 1403 2416 theologia
1418 2375 1452 2405 et
1467 2367 1561 2404 aliis
1577 2366 1755 2416 personis

59 2430 125 2480 qui
151 2431 309 2480 fuerant
335 2438 529 2481 presentes
557 2431 614 2468 vel
640 2430 876 2467 audiverunt
902 2429 952 2466 ab
980 2428 1073 2465 aliis
1094 2427 1160 2477 qui
1179 2427 1340 2476 suerunt
1363 2426 1419 2464 ibi
1442 2434 1634 2475 presentes
1657 2425 1757 2475 quod

59 2490 152 2527 dum
173 2489 389 2540 predicaret
412 2504 516 2527 unus
540 2489 724 2538 magister
748 2488 790 2525 in
813 2487 1002 2536 theologia
1026 2486 1233 2535 Anglicus,
1257 2484 1409 2522 ordinis
1430 2485 1597 2533 fratrum
1619 2483 1754 2521 Predi-

59 2556 231 2586 catorum
262 2556 296 2586 et
327 2548 440 2586 lector
471 2548 574 2585 sacri
606 2547 763 2598 palatii,
797 2555 830 2584 et
861 2555 942 2584 erat
972 2545 1180 2595 episcopus
1211 2543 1464 2592 Agathensis,
1497 2551 1530 2580 et
1563 2543 1672 2580 modo
1703 2538 1756 2579 est

63 2607 112 2644 M
116 2607 279 2654 illensis,
303 2621 431 2645 coram
452 2622 562 2657 papa
589 2607 750 2644 Urbano
771 2614 874 2643 seaeto
896 2613 929 2642 et
950 2604 1134 2642 omnibus
1156 2602 1428 2640 cardinalibus
1450 2602 1570 2639 Rome
1591 2601 1756 2651 quodam

64 2666 125 2703 die
157 2666 266 2715 festo,
302 2674 335 2703 et
370 2665 495 2703 dictus
529 2666 747 2715 predicator
782 2664 997 2713 increparet
1030 2671 1063 2700 et
1098 2661 1384 2711 reprehenderet
1419 2660 1558 2698 vitium
1590 2659 1757 2697 simonie

65 2725 295 2762 declarando
325 2739 448 2774 penas
480 2724 623 2773 ipsius,
656 2724 757 2774 quod
785 2738 894 2773 papa
931 2722 1061 2759 subito
1093 2721 1366 2769 inflammatus
1399 2718 1441 2756 in
1479 2718 1627 2768 spiritu
1657 2717 1757 2756 dixit

65 2784 164 2821 dicto
193 2783 427 2834 predicatori
459 2798 466 2820 :
497 2783 608 2820 Adde
637 2784 689 2820 acl
724 2796 847 2832 penas
873 2781 1040 2818 simonie
1064 2779 1164 2829 quod
1185 2793 1252 2828 ego
1275 2777 1564 2815 excommunico
1599 2784 1758 2814 extunc

64 2857 195 2880 omnes
221 2842 472 2888 simoniacos,
502 2842 779 2891 cujuscumque
806 2848 929 2878 status
957 2847 990 2877 et
1017 2837 1252 2876 conditionis
1280 2837 1460 2883 existant,
1488 2836 1605 2874 etiam
1633 2835 1756 2873 cardi-

64 2902 183 2940 nales.
213 2901 264 2938 Et
292 2901 470 2938 dicebant
499 2900 595 2937 (licte
623 2914 797 2949 persone,
827 2914 851 2936 a
879 2898 1021 2948 quibus
1051 2897 1119 2934 iste
1147 2896 1252 2934 testis
1280 2895 1477 2942 audiebat,
1507 2895 1607 2944 quod
1633 2893 1757 2931 cardi-

65 2960 169 2998 nalis
189 2959 504 2997 Mediolanensis
524 2959 673 2996 dixerat
692 2958 771 2996 sibi
792 2957 924 2995 statim
948 2973 955 2994 :
974 2957 1091 2993 Pater
1109 2963 1251 3002 sancte,
1269 2968 1347 2992 non
1364 2961 1485 3004 potest
1497 2952 1591 3002 ferri
1611 2966 1755 2991 ezcom-

113 3084 145 3118 1.
176 3084 242 3118 Ms.
273 3084 356 3123 cite,
384 3083 446 3117 fol.
475 3083 541 3115 141
571 3087 614 3116 1⁸⁰.
