<?xml version="1.0" encoding="UTF-8"?>
<!DOCTYPE html PUBLIC "-//W3C//DTD XHTML 1.0 Transitional//EN"
    "http://www.w3.org/TR/xhtml1/DTD/xhtml1-transitional.dtd">
<html xmlns="http://www.w3.org/1999/xhtml" xml:lang="en" lang="en">
 <head>
  <title>
</title>
<meta http-equiv="Content-Type" content="text/html;charset=utf-8" />
  <meta name='ocr-system' content='tesseract 3.04.00' />
  <meta name='ocr-capabilities' content='ocr_page ocr_carea ocr_par ocr_line ocrx_word'/>
</head>
<body>
  <div class='ocr_page' id='page_1' title='image "./vitaepaparumaven02balu_0553.png"; bbox 0 0 2083 3458; ppageno 0'>
   <div class='ocr_carea' id='block_1_1' title="bbox 94 254 1774 310">
    <p class='ocr_par' dir='ltr' id='par_1_1' title="bbox 94 254 1774 310">
     <span class='ocr_line' id='line_1_1' title="bbox 94 254 1774 310; baseline 0.001 -15"><span class='ocrx_word' id='word_1_1' title='bbox 94 254 244 310; x_wconf 85' lang='grc'><strong>[1026]</strong></span> <span class='ocrx_word' id='word_1_2' title='bbox 609 270 825 296; x_wconf 73' lang='grc' dir='ltr'>ΡΑΡΑΒυΜ</span> <span class='ocrx_word' id='word_1_3' title='bbox 860 270 1244 295; x_wconf 83' lang='lat' dir='ltr'>AVENIONENSIUM</span> <span class='ocrx_word' id='word_1_4' title='bbox 1693 256 1774 296; x_wconf 83' lang='grc'>543</span> 
     </span>
    </p>
   </div>
   <div class='ocr_carea' id='block_1_2' title="bbox 30 355 1780 2602">
    <p class='ocr_par' dir='ltr' id='par_1_2' title="bbox 73 355 1778 1045">
     <span class='ocr_line' id='line_1_2' title="bbox 80 355 1773 406; baseline 0.001 -14"><span class='ocrx_word' id='word_1_5' title='bbox 80 369 178 393; x_wconf 88' lang='lat' dir='ltr'>sem.</span> <span class='ocrx_word' id='word_1_6' title='bbox 205 355 290 393; x_wconf 91' lang='lat' dir='ltr'>Nisi</span> <span class='ocrx_word' id='word_1_7' title='bbox 312 356 343 393; x_wconf 85' lang='lat' dir='ltr'>si</span> <span class='ocrx_word' id='word_1_8' title='bbox 367 355 517 393; x_wconf 81' lang='lat' dir='ltr'>Seriem</span> <span class='ocrx_word' id='word_1_9' title='bbox 538 357 768 406; x_wconf 73' lang='lat' dir='ltr'>praesulum</span> <span class='ocrx_word' id='word_1_10' title='bbox 790 355 1105 393; x_wconf 66' lang='lat' dir='ltr'>Cadztrcenstum</span> <span class='ocrx_word' id='word_1_11' title='bbox 1127 370 1146 392; x_wconf 90' lang='lat' dir='ltr'>a</span> <span class='ocrx_word' id='word_1_12' title='bbox 1176 355 1340 402; x_wconf 83' lang='lat' dir='ltr'>CruceO,</span> <span class='ocrx_word' id='word_1_13' title='bbox 1362 356 1420 393; x_wconf 88' lang='lat' dir='ltr'>uti</span> <span class='ocrx_word' id='word_1_14' title='bbox 1438 356 1629 403; x_wconf 79' lang='lat' dir='ltr'><strong>diximus,</strong></span> <span class='ocrx_word' id='word_1_15' title='bbox 1652 357 1773 406; x_wconf 88' lang='lat' dir='ltr'>scrip-</span> 
     </span>
     <span class='ocr_line' id='line_1_3' title="bbox 79 414 1776 465; baseline 0.001 -14"><span class='ocrx_word' id='word_1_16' title='bbox 79 421 168 452; x_wconf 90' lang='lat' dir='ltr'>tam</span> <span class='ocrx_word' id='word_1_17' title='bbox 192 414 290 463; x_wconf 82' lang='lat' dir='ltr'>legit</span> <span class='ocrx_word' id='word_1_18' title='bbox 314 415 476 464; x_wconf 89' lang='lat' dir='ltr'>illicque</span> <span class='ocrx_word' id='word_1_19' title='bbox 503 429 585 453; x_wconf 90' lang='lat' dir='ltr'>non</span> <span class='ocrx_word' id='word_1_20' title='bbox 610 415 712 453; x_wconf 90' lang='lat' dir='ltr'>bene</span> <span class='ocrx_word' id='word_1_21' title='bbox 738 415 929 453; x_wconf 77' lang='lat' dir='ltr'>distinxit</span> <span class='ocrx_word' id='word_1_22' title='bbox 954 415 1209 459; x_wconf 72' lang='lat' dir='ltr'>Ber-nardum</span> <span class='ocrx_word' id='word_1_23' title='bbox 1236 415 1284 452; x_wconf 92' lang='lat' dir='ltr'>de</span> <span class='ocrx_word' id='word_1_24' title='bbox 1310 415 1532 464; x_wconf 81' lang='lat' dir='ltr'>Bosqueto,</span> <span class='ocrx_word' id='word_1_25' title='bbox 1559 415 1776 465; x_wconf 87' lang='lat' dir='ltr'>archiepis-</span> 
     </span>
     <span class='ocr_line' id='line_1_4' title="bbox 77 473 1773 523; baseline 0.001 -13"><span class='ocrx_word' id='word_1_26' title='bbox 77 487 228 523; x_wconf 86' lang='lat' dir='ltr'>copum</span> <span class='ocrx_word' id='word_1_27' title='bbox 256 473 590 523; x_wconf 86' lang='lat' dir='ltr'>Neapolitanum,</span> <span class='ocrx_word' id='word_1_28' title='bbox 619 488 640 511; x_wconf 88' lang='lat' dir='ltr'>a</span> <span class='ocrx_word' id='word_1_29' title='bbox 666 474 875 512; x_wconf 84' lang='lat' dir='ltr'>Bernardo</span> <span class='ocrx_word' id='word_1_30' title='bbox 902 474 950 511; x_wconf 92' lang='lat' dir='ltr'>de</span> <span class='ocrx_word' id='word_1_31' title='bbox 980 474 1186 520; x_wconf 78' lang='lat' dir='ltr'>Ruthena,</span> <span class='ocrx_word' id='word_1_32' title='bbox 1214 474 1519 523; x_wconf 75' lang='lat' dir='ltr'>archiepiscopo</span> <span class='ocrx_word' id='word_1_33' title='bbox 1545 475 1644 512; x_wconf 90' lang='lat' dir='ltr'>item</span> <span class='ocrx_word' id='word_1_34' title='bbox 1673 475 1773 512; x_wconf 88' lang='lat' dir='ltr'>Nea-</span> 
     </span>
     <span class='ocr_line' id='line_1_5' title="bbox 78 533 1776 582; baseline 0 -12"><span class='ocrx_word' id='word_1_35' title='bbox 78 533 275 582; x_wconf 89' lang='lat' dir='ltr'>politano.</span> <span class='ocrx_word' id='word_1_36' title='bbox 311 533 412 572; x_wconf 88' lang='lat' dir='ltr'>Cum</span> <span class='ocrx_word' id='word_1_37' title='bbox 453 534 562 571; x_wconf 89' lang='lat' dir='ltr'>enim</span> <span class='ocrx_word' id='word_1_38' title='bbox 593 533 751 571; x_wconf 73' lang='lat' dir='ltr'>videret</span> <span class='ocrx_word' id='word_1_39' title='bbox 782 534 1038 571; x_wconf 79' lang='lat' dir='ltr'>Bernardun]</span> <span class='ocrx_word' id='word_1_40' title='bbox 1072 533 1297 581; x_wconf 86' lang='lat' dir='ltr'>Neapoleos</span> <span class='ocrx_word' id='word_1_41' title='bbox 1330 533 1696 582; x_wconf 82' lang='lat' dir='ltr'>archiepiscopum,</span> <span class='ocrx_word' id='word_1_42' title='bbox 1728 534 1776 570; x_wconf 91' lang='lat' dir='ltr'>de</span> 
     </span>
     <span class='ocr_line' id='line_1_6' title="bbox 79 592 1775 642; baseline -0.001 -13"><span class='ocrx_word' id='word_1_43' title='bbox 79 605 159 641; x_wconf 90' lang='lat' dir='ltr'>quo</span> <span class='ocrx_word' id='word_1_44' title='bbox 181 592 339 642; x_wconf 80' lang='lat' dir='ltr'>agimus</span> <span class='ocrx_word' id='word_1_45' title='bbox 362 592 402 630; x_wconf 92' lang='lat' dir='ltr'>in</span> <span class='ocrx_word' id='word_1_46' title='bbox 424 593 764 642; x_wconf 72' lang='lat' dir='ltr'>praesentiarum,</span> <span class='ocrx_word' id='word_1_47' title='bbox 789 600 1026 630; x_wconf 76' lang='lat' dir='ltr'>constanter</span> <span class='ocrx_word' id='word_1_48' title='bbox 1049 593 1250 630; x_wconf 79' lang='lat' dir='ltr'>nominari</span> <span class='ocrx_word' id='word_1_49' title='bbox 1272 592 1541 641; x_wconf 82' lang='lat' dir='ltr'>Bosquetum,</span> <span class='ocrx_word' id='word_1_50' title='bbox 1565 606 1586 629; x_wconf 91' lang='lat' dir='ltr'>a</span> <span class='ocrx_word' id='word_1_51' title='bbox 1610 593 1775 638; x_wconf 76' lang='lat' dir='ltr'>Cruces),</span> 
     </span>
     <span class='ocr_line' id='line_1_7' title="bbox 75 650 1776 701; baseline 0 -13"><span class='ocrx_word' id='word_1_52' title='bbox 75 658 219 689; x_wconf 84' lang='lat' dir='ltr'>tamen</span> <span class='ocrx_word' id='word_1_53' title='bbox 240 665 277 700; x_wconf 89' lang='lat' dir='ltr'>p.</span> <span class='ocrx_word' id='word_1_54' title='bbox 301 650 377 688; x_wconf 83' lang='grc'>316</span> <span class='ocrx_word' id='word_1_55' title='bbox 398 652 579 701; x_wconf 79' lang='lat' dir='ltr'>aliquem</span> <span class='ocrx_word' id='word_1_56' title='bbox 599 652 742 689; x_wconf 87' lang='lat' dir='ltr'>eadem</span> <span class='ocrx_word' id='word_1_57' title='bbox 763 659 900 689; x_wconf 84' lang='lat' dir='ltr'>aetate</span> <span class='ocrx_word' id='word_1_58' title='bbox 922 651 1275 701; x_wconf 86' lang='lat' dir='ltr'>archiepiscopum</span> <span class='ocrx_word' id='word_1_59' title='bbox 1299 651 1620 701; x_wconf 88' lang='lat' dir='ltr'>Neapolitanum</span> <span class='ocrx_word' id='word_1_60' title='bbox 1639 651 1776 689; x_wconf 82' lang='lat' dir='ltr'>vocari</span> 
     </span>
     <span class='ocr_line' id='line_1_8' title="bbox 77 710 1776 759; baseline -0.001 -12"><span class='ocrx_word' id='word_1_61' title='bbox 77 710 335 749; x_wconf 89' lang='lat' dir='ltr'>Bernardum</span> <span class='ocrx_word' id='word_1_62' title='bbox 364 712 412 749; x_wconf 89' lang='lat' dir='ltr'>de</span> <span class='ocrx_word' id='word_1_63' title='bbox 444 711 651 757; x_wconf 85' lang='lat' dir='ltr'>Ruthena,</span> <span class='ocrx_word' id='word_1_64' title='bbox 683 710 799 748; x_wconf 83' lang='lat' dir='ltr'>facile</span> <span class='ocrx_word' id='word_1_65' title='bbox 828 710 862 748; x_wconf 89' lang='lat' dir='ltr'>ei</span> <span class='ocrx_word' id='word_1_66' title='bbox 893 710 972 746; x_wconf 87' lang='lat' dir='ltr'>fuit</span> <span class='ocrx_word' id='word_1_67' title='bbox 1000 710 1235 748; x_wconf 75' lang='lat' dir='ltr'>existimare</span> <span class='ocrx_word' id='word_1_68' title='bbox 1265 710 1444 759; x_wconf 89' lang='lat' dir='ltr'>patriam</span> <span class='ocrx_word' id='word_1_69' title='bbox 1473 711 1506 748; x_wconf 91' lang='lat' dir='ltr'>ei</span> <span class='ocrx_word' id='word_1_70' title='bbox 1538 711 1776 748; x_wconf 85' lang='lat' dir='ltr'>Ruthenam</span> 
     </span>
     <span class='ocr_line' id='line_1_9' title="bbox 79 768 1777 820; baseline 0 -14"><span class='ocrx_word' id='word_1_71' title='bbox 79 768 202 808; x_wconf 85' lang='lat' dir='ltr'>fuisse</span> <span class='ocrx_word' id='word_1_72' title='bbox 236 769 305 819; x_wconf 86' lang='lat' dir='ltr'>qui</span> <span class='ocrx_word' id='word_1_73' title='bbox 337 771 502 820; x_wconf 87' lang='lat' dir='ltr'>proprio</span> <span class='ocrx_word' id='word_1_74' title='bbox 536 770 700 807; x_wconf 90' lang='lat' dir='ltr'>nomine</span> <span class='ocrx_word' id='word_1_75' title='bbox 733 770 965 818; x_wconf 84' lang='lat' dir='ltr'>Bosquetus</span> <span class='ocrx_word' id='word_1_76' title='bbox 1000 770 1300 819; x_wconf 73' lang='lat' dir='ltr'>appellabatur.</span> <span class='ocrx_word' id='word_1_77' title='bbox 1339 770 1433 806; x_wconf 86' lang='lat' dir='ltr'>Fuit</span> <span class='ocrx_word' id='word_1_78' title='bbox 1467 777 1605 807; x_wconf 88' lang='lat' dir='ltr'>tamen</span> <span class='ocrx_word' id='word_1_79' title='bbox 1639 777 1680 807; x_wconf 88' lang='lat' dir='ltr'>et</span> <span class='ocrx_word' id='word_1_80' title='bbox 1713 769 1777 807; x_wconf 90' lang='lat' dir='ltr'>hic</span> 
     </span>
     <span class='ocr_line' id='line_1_10' title="bbox 77 828 1777 878; baseline -0.001 -11"><span class='ocrx_word' id='word_1_81' title='bbox 77 837 309 878; x_wconf 87' lang='lat' dir='ltr'>postremus</span> <span class='ocrx_word' id='word_1_82' title='bbox 338 829 571 867; x_wconf 88' lang='lat' dir='ltr'>Bernardus</span> <span class='ocrx_word' id='word_1_83' title='bbox 604 830 765 867; x_wconf 67' lang='lat' dir='ltr'>Divona</span> <span class='ocrx_word' id='word_1_84' title='bbox 791 828 1069 867; x_wconf 82' lang='lat' dir='ltr'>Cadurcorum</span> <span class='ocrx_word' id='word_1_85' title='bbox 1093 829 1302 874; x_wconf 76' lang='lat' dir='ltr'>oriundus,</span> <span class='ocrx_word' id='word_1_86' title='bbox 1334 836 1380 865; x_wconf 89' lang='lat' dir='ltr'>ut</span> <span class='ocrx_word' id='word_1_87' title='bbox 1410 836 1526 877; x_wconf 85' lang='lat' dir='ltr'>patet</span> <span class='ocrx_word' id='word_1_88' title='bbox 1555 844 1604 866; x_wconf 84' lang='lat' dir='ltr'>ex</span> <span class='ocrx_word' id='word_1_89' title='bbox 1634 829 1777 866; x_wconf 89' lang='lat' dir='ltr'>eodem</span> 
     </span>
     <span class='ocr_line' id='line_1_11' title="bbox 78 887 1778 938; baseline -0.001 -12"><span class='ocrx_word' id='word_1_90' title='bbox 78 888 242 927; x_wconf 80' lang='lat' dir='ltr'>Cruceo.</span> <span class='ocrx_word' id='word_1_91' title='bbox 263 888 488 938; x_wconf 83' lang='lat' dir='ltr'>Obiterque</span> <span class='ocrx_word' id='word_1_92' title='bbox 509 888 769 938; x_wconf 67' lang='lat' dir='ltr'>coirigendus</span> <span class='ocrx_word' id='word_1_93' title='bbox 789 895 851 925; x_wconf 89' lang='lat' dir='ltr'>est</span> <span class='ocrx_word' id='word_1_94' title='bbox 865 888 1206 925; x_wconf 79' lang='lat' dir='ltr'>Bartholomaeus</span> <span class='ocrx_word' id='word_1_95' title='bbox 1223 887 1518 925; x_wconf 86' lang='lat' dir='ltr'>Chioccarellus</span> <span class='ocrx_word' id='word_1_96' title='bbox 1539 888 1579 924; x_wconf 92' lang='lat' dir='ltr'>in</span> <span class='ocrx_word' id='word_1_97' title='bbox 1596 887 1778 925; x_wconf 78' lang='lat' dir='ltr'>Historia</span> 
     </span>
     <span class='ocr_line' id='line_1_12' title="bbox 73 946 1776 997; baseline -0.001 -13"><span class='ocrx_word' id='word_1_98' title='bbox 73 947 303 985; x_wconf 76' lang='lat' dir='ltr'>antistitum</span> <span class='ocrx_word' id='word_1_99' title='bbox 328 947 700 997; x_wconf 75' lang='lat' dir='ltr'>Neapolitanorum,</span> <span class='ocrx_word' id='word_1_100' title='bbox 727 947 796 985; x_wconf 91' lang='lat' dir='ltr'>ubi</span> <span class='ocrx_word' id='word_1_101' title='bbox 822 947 880 985; x_wconf 90' lang='lat' dir='ltr'>ait</span> <span class='ocrx_word' id='word_1_102' title='bbox 904 946 1162 985; x_wconf 85' lang='lat' dir='ltr'>Bernardum</span> <span class='ocrx_word' id='word_1_103' title='bbox 1187 947 1234 984; x_wconf 90' lang='lat' dir='ltr'>de</span> <span class='ocrx_word' id='word_1_104' title='bbox 1266 947 1458 984; x_wconf 77' lang='lat' dir='ltr'>Ruthena</span> <span class='ocrx_word' id='word_1_105' title='bbox 1486 946 1607 984; x_wconf 86' lang='lat' dir='ltr'>fuisse</span> <span class='ocrx_word' id='word_1_106' title='bbox 1642 946 1776 996; x_wconf 90' lang='lat' dir='ltr'>patria</span> 
     </span>
     <span class='ocr_line' id='line_1_13' title="bbox 80 1006 1214 1045; baseline -0.001 -2"><span class='ocrx_word' id='word_1_107' title='bbox 80 1006 322 1045; x_wconf 86' lang='lat' dir='ltr'>Ruthenum</span> <span class='ocrx_word' id='word_1_108' title='bbox 346 1007 416 1044; x_wconf 88' lang='lat' dir='ltr'>sed</span> <span class='ocrx_word' id='word_1_109' title='bbox 441 1022 489 1045; x_wconf 86' lang='lat' dir='ltr'>ex</span> <span class='ocrx_word' id='word_1_110' title='bbox 515 1007 685 1045; x_wconf 82' lang='lat' dir='ltr'>civitate</span> <span class='ocrx_word' id='word_1_111' title='bbox 712 1006 957 1045; x_wconf 88' lang='lat' dir='ltr'>Cadurcensi</span> <span class='ocrx_word' id='word_1_112' title='bbox 984 1006 1214 1043; x_wconf 88' lang='lat' dir='ltr'>oriundum.</span> 
     </span>
    </p>

    <p class='ocr_par' dir='ltr' id='par_1_3' title="bbox 30 1065 1779 1531">
     <span class='ocr_line' id='line_1_14' title="bbox 132 1065 1777 1113; baseline -0.001 -9"><span class='ocrx_word' id='word_1_113' title='bbox 132 1066 209 1104; x_wconf 85' lang='lat' dir='ltr'>Sed</span> <span class='ocrx_word' id='word_1_114' title='bbox 227 1074 274 1104; x_wconf 90' lang='lat' dir='ltr'>ut</span> <span class='ocrx_word' id='word_1_115' title='bbox 291 1066 342 1104; x_wconf 90' lang='lat' dir='ltr'>ad</span> <span class='ocrx_word' id='word_1_116' title='bbox 360 1066 611 1104; x_wconf 75' lang='lat' dir='ltr'>cardinalem</span> <span class='ocrx_word' id='word_1_117' title='bbox 629 1074 816 1104; x_wconf 89' lang='lat' dir='ltr'>nostrum</span> <span class='ocrx_word' id='word_1_118' title='bbox 833 1066 1062 1112; x_wconf 84' lang='lat' dir='ltr'>redeamus,</span> <span class='ocrx_word' id='word_1_119' title='bbox 1082 1066 1160 1102; x_wconf 87' lang='lat' dir='ltr'>fuit</span> <span class='ocrx_word' id='word_1_120' title='bbox 1177 1065 1207 1102; x_wconf 86' lang='lat' dir='ltr'>is</span> <span class='ocrx_word' id='word_1_121' title='bbox 1227 1066 1371 1102; x_wconf 87' lang='lat' dir='ltr'>doctor</span> <span class='ocrx_word' id='word_1_122' title='bbox 1387 1065 1535 1113; x_wconf 84' lang='lat' dir='ltr'>legum,</span> <span class='ocrx_word' id='word_1_123' title='bbox 1558 1065 1777 1103; x_wconf 87' lang='lat' dir='ltr'>canonicus</span> 
     </span>
     <span class='ocr_line' id='line_1_15' title="bbox 78 1124 1777 1173; baseline -0.001 -11"><span class='ocrx_word' id='word_1_124' title='bbox 78 1124 361 1172; x_wconf 88' lang='lat' dir='ltr'>Cadurcensis,</span> <span class='ocrx_word' id='word_1_125' title='bbox 398 1125 618 1163; x_wconf 87' lang='lat' dir='ltr'>canonicus</span> <span class='ocrx_word' id='word_1_126' title='bbox 657 1132 697 1163; x_wconf 88' lang='lat' dir='ltr'>et</span> <span class='ocrx_word' id='word_1_127' title='bbox 734 1133 878 1163; x_wconf 88' lang='lat' dir='ltr'>cantor</span> <span class='ocrx_word' id='word_1_128' title='bbox 914 1125 1120 1162; x_wconf 85' lang='lat' dir='ltr'>Ecclesiae</span> <span class='ocrx_word' id='word_1_129' title='bbox 1164 1124 1491 1173; x_wconf 78' lang='lat' dir='ltr'>Burdegalensis,</span> <span class='ocrx_word' id='word_1_130' title='bbox 1532 1124 1777 1162; x_wconf 84' lang='lat' dir='ltr'>camerarius</span> 
     </span>
     <span class='ocr_line' id='line_1_16' title="bbox 79 1183 1778 1233; baseline -0.001 -12"><span class='ocrx_word' id='word_1_131' title='bbox 79 1183 271 1233; x_wconf 90' lang='lat' dir='ltr'>Audoyni</span> <span class='ocrx_word' id='word_1_132' title='bbox 294 1185 452 1223; x_wconf 85' lang='lat' dir='ltr'>Alberti</span> <span class='ocrx_word' id='word_1_133' title='bbox 478 1184 695 1222; x_wconf 87' lang='lat' dir='ltr'>cardinalis</span> <span class='ocrx_word' id='word_1_134' title='bbox 716 1184 929 1231; x_wconf 81' lang='lat' dir='ltr'>Ostiensis,</span> <span class='ocrx_word' id='word_1_135' title='bbox 952 1184 1108 1222; x_wconf 87' lang='lat' dir='ltr'>Urbani</span> <span class='ocrx_word' id='word_1_136' title='bbox 1128 1183 1161 1219; x_wconf 76' lang='lat' dir='ltr'>V</span> <span class='ocrx_word' id='word_1_137' title='bbox 1182 1184 1430 1233; x_wconf 77' lang='lat' dir='ltr'>capellanus,</span> <span class='ocrx_word' id='word_1_138' title='bbox 1451 1183 1594 1232; x_wconf 89' lang='lat' dir='ltr'>palatii</span> <span class='ocrx_word' id='word_1_139' title='bbox 1614 1191 1778 1232; x_wconf 87' lang='lat' dir='ltr'>aposto-</span> 
     </span>
     <span class='ocr_line' id='line_1_17' title="bbox 77 1242 1778 1291; baseline -0.001 -10"><span class='ocrx_word' id='word_1_140' title='bbox 77 1243 143 1282; x_wconf 90' lang='lat' dir='ltr'>lici</span> <span class='ocrx_word' id='word_1_141' title='bbox 165 1258 383 1282; x_wconf 87' lang='lat' dir='ltr'>causarum</span> <span class='ocrx_word' id='word_1_142' title='bbox 404 1244 570 1282; x_wconf 88' lang='lat' dir='ltr'>auditor</span> <span class='ocrx_word' id='word_1_143' title='bbox 588 1243 616 1290; x_wconf 71' lang='lat'>³¹,</span> <span class='ocrx_word' id='word_1_144' title='bbox 639 1244 785 1282; x_wconf 88' lang='lat' dir='ltr'>deinde</span> <span class='ocrx_word' id='word_1_145' title='bbox 807 1258 915 1281; x_wconf 91' lang='lat' dir='ltr'>anno</span> <span class='ocrx_word' id='word_1_146' title='bbox 939 1243 1152 1281; x_wconf 83' lang='lat' dir='ltr'>millesimo</span> <span class='ocrx_word' id='word_1_147' title='bbox 1175 1242 1385 1280; x_wconf 85' lang='lat' dir='ltr'><strong>CCCLXV</strong></span> <span class='ocrx_word' id='word_1_148' title='bbox 1406 1243 1539 1279; x_wconf 84' lang='lat' dir='ltr'>sactus</span> <span class='ocrx_word' id='word_1_149' title='bbox 1561 1242 1778 1291; x_wconf 88' lang='lat' dir='ltr'>archiepis-</span> 
     </span>
     <span class='ocr_line' id='line_1_18' title="bbox 30 1300 1779 1354; baseline -0.002 -14"><span class='ocrx_word' id='word_1_150' title='bbox 30 1347 34 1349; x_wconf 36' lang='lat'>,</span> <span class='ocrx_word' id='word_1_151' title='bbox 76 1316 203 1353; x_wconf 86' lang='lat' dir='ltr'>copus</span> <span class='ocrx_word' id='word_1_152' title='bbox 235 1303 547 1354; x_wconf 88' lang='lat' dir='ltr'>Neapolitanus,</span> <span class='ocrx_word' id='word_1_153' title='bbox 577 1311 786 1352; x_wconf 89' lang='lat' dir='ltr'>postremo</span> <span class='ocrx_word' id='word_1_154' title='bbox 814 1303 1031 1353; x_wconf 80' lang='lat' dir='ltr'>presbyter</span> <span class='ocrx_word' id='word_1_155' title='bbox 1059 1302 1276 1341; x_wconf 86' lang='lat' dir='ltr'>cardinalis</span> <span class='ocrx_word' id='word_1_156' title='bbox 1306 1316 1413 1338; x_wconf 88' lang='lat' dir='ltr'>anno</span> <span class='ocrx_word' id='word_1_157' title='bbox 1441 1300 1779 1347; x_wconf 85' lang='lat' dir='ltr'>MCCCLXVIII,</span> 
     </span>
     <span class='ocr_line' id='line_1_19' title="bbox 77 1360 1779 1413; baseline -0.001 -14"><span class='ocrx_word' id='word_1_158' title='bbox 77 1362 142 1400; x_wconf 90' lang='lat' dir='ltr'>die</span> <span class='ocrx_word' id='word_1_159' title='bbox 178 1376 267 1400; x_wconf 83' lang='lat' dir='ltr'>xxu</span> <span class='ocrx_word' id='word_1_160' title='bbox 302 1362 560 1413; x_wconf 76' lang='lat' dir='ltr'>septembris,</span> <span class='ocrx_word' id='word_1_161' title='bbox 599 1362 700 1400; x_wconf 85' lang='lat' dir='ltr'>Erat</span> <span class='ocrx_word' id='word_1_162' title='bbox 734 1371 876 1400; x_wconf 87' lang='lat' dir='ltr'>autem</span> <span class='ocrx_word' id='word_1_163' title='bbox 910 1362 1069 1400; x_wconf 90' lang='lat' dir='ltr'>absens.</span> <span class='ocrx_word' id='word_1_164' title='bbox 1109 1362 1256 1399; x_wconf 87' lang='lat' dir='ltr'>Postea</span> <span class='ocrx_word' id='word_1_165' title='bbox 1294 1361 1470 1398; x_wconf 83' lang='lat' dir='ltr'>Romam</span> <span class='ocrx_word' id='word_1_166' title='bbox 1504 1360 1693 1410; x_wconf 80' lang='lat' dir='ltr'>pervenit</span> <span class='ocrx_word' id='word_1_167' title='bbox 1727 1360 1779 1398; x_wconf 82' lang='lat' dir='ltr'>ad</span> 
     </span>
     <span class='ocr_line' id='line_1_20' title="bbox 79 1419 1778 1472; baseline -0.001 -13"><span class='ocrx_word' id='word_1_168' title='bbox 79 1421 296 1460; x_wconf 85' lang='lat' dir='ltr'>Urbanum</span> <span class='ocrx_word' id='word_1_169' title='bbox 320 1435 474 1472; x_wconf 89' lang='lat' dir='ltr'>papam</span> <span class='ocrx_word' id='word_1_170' title='bbox 501 1421 564 1459; x_wconf 89' lang='lat' dir='ltr'>die</span> <span class='ocrx_word' id='word_1_171' title='bbox 591 1421 737 1459; x_wconf 89' lang='lat' dir='ltr'>ultima</span> <span class='ocrx_word' id='word_1_172' title='bbox 765 1421 958 1468; x_wconf 85' lang='lat' dir='ltr'>octobris,</span> <span class='ocrx_word' id='word_1_173' title='bbox 987 1429 1027 1459; x_wconf 85' lang='lat' dir='ltr'>et</span> <span class='ocrx_word' id='word_1_174' title='bbox 1053 1420 1105 1458; x_wconf 89' lang='lat' dir='ltr'>ab</span> <span class='ocrx_word' id='word_1_175' title='bbox 1132 1435 1178 1458; x_wconf 89' lang='lat' dir='ltr'>eo</span> <span class='ocrx_word' id='word_1_176' title='bbox 1205 1420 1364 1470; x_wconf 89' lang='lat' dir='ltr'>accepit</span> <span class='ocrx_word' id='word_1_177' title='bbox 1390 1419 1561 1457; x_wconf 88' lang='lat' dir='ltr'>titulum</span> <span class='ocrx_word' id='word_1_178' title='bbox 1588 1419 1778 1457; x_wconf 87' lang='lat' dir='ltr'>basilicae</span> 
     </span>
     <span class='ocr_line' id='line_1_21' title="bbox 75 1480 634 1531; baseline 0 -12"><span class='ocrx_word' id='word_1_179' title='bbox 75 1480 295 1519; x_wconf 88' lang='lat' dir='ltr'>duodecim</span> <span class='ocrx_word' id='word_1_180' title='bbox 327 1481 634 1531; x_wconf 86' lang='lat' dir='ltr'>Apostolorum.</span> 
     </span>
    </p>

    <p class='ocr_par' dir='ltr' id='par_1_4' title="bbox 75 1537 1779 1773">
     <span class='ocr_line' id='line_1_22' title="bbox 130 1537 1779 1589; baseline -0.002 -11"><span class='ocrx_word' id='word_1_181' title='bbox 130 1540 249 1578; x_wconf 89' lang='lat' dir='ltr'>Anno</span> <span class='ocrx_word' id='word_1_182' title='bbox 275 1540 573 1587; x_wconf 79' lang='lat' dir='ltr'><strong>MCCCLXIX,</strong></span> <span class='ocrx_word' id='word_1_183' title='bbox 600 1541 663 1578; x_wconf 89' lang='lat' dir='ltr'>die</span> <span class='ocrx_word' id='word_1_184' title='bbox 690 1554 791 1577; x_wconf 84' lang='lat' dir='ltr'>xvm</span> <span class='ocrx_word' id='word_1_185' title='bbox 818 1540 1010 1587; x_wconf 81' lang='lat' dir='ltr'>octobris,</span> <span class='ocrx_word' id='word_1_186' title='bbox 1032 1540 1243 1589; x_wconf 88' lang='lat' dir='ltr'>delegatus</span> <span class='ocrx_word' id='word_1_187' title='bbox 1265 1539 1344 1577; x_wconf 84' lang='lat' dir='ltr'>fuit</span> <span class='ocrx_word' id='word_1_188' title='bbox 1369 1538 1420 1576; x_wconf 91' lang='lat' dir='ltr'>ab</span> <span class='ocrx_word' id='word_1_189' title='bbox 1446 1538 1590 1576; x_wconf 89' lang='lat' dir='ltr'>eodem</span> <span class='ocrx_word' id='word_1_190' title='bbox 1611 1537 1779 1575; x_wconf 88' lang='lat' dir='ltr'>Urbano</span> 
     </span>
     <span class='ocr_line' id='line_1_23' title="bbox 75 1596 1779 1650; baseline -0.002 -13"><span class='ocrx_word' id='word_1_191' title='bbox 75 1613 171 1637; x_wconf 86' lang='lat' dir='ltr'>cum</span> <span class='ocrx_word' id='word_1_192' title='bbox 203 1599 291 1637; x_wconf 89' lang='lat' dir='ltr'>aliis</span> <span class='ocrx_word' id='word_1_193' title='bbox 323 1599 456 1637; x_wconf 84' lang='lat' dir='ltr'>tribus</span> <span class='ocrx_word' id='word_1_194' title='bbox 491 1599 767 1638; x_wconf 86' lang='lat' dir='ltr'>cardinalibus</span> <span class='ocrx_word' id='word_1_195' title='bbox 801 1608 848 1637; x_wconf 91' lang='lat' dir='ltr'>ut</span> <span class='ocrx_word' id='word_1_196' title='bbox 881 1598 1120 1650; x_wconf 76' lang='lat' dir='ltr'>exciperet²</span> <span class='ocrx_word' id='word_1_197' title='bbox 1153 1598 1446 1648; x_wconf 88' lang='lat' dir='ltr'>professionem</span> <span class='ocrx_word' id='word_1_198' title='bbox 1484 1597 1576 1635; x_wconf 90' lang='lat' dir='ltr'>fidei</span> <span class='ocrx_word' id='word_1_199' title='bbox 1609 1596 1779 1634; x_wconf 87' lang='lat' dir='ltr'>Joannis</span> 
     </span>
     <span class='ocr_line' id='line_1_24' title="bbox 79 1655 1778 1709; baseline -0.001 -13"><span class='ocrx_word' id='word_1_200' title='bbox 79 1658 310 1708; x_wconf 84' lang='lat' dir='ltr'>Palaeologi</span> <span class='ocrx_word' id='word_1_201' title='bbox 332 1659 592 1709; x_wconf 89' lang='lat' dir='ltr'>imperatoris</span> <span class='ocrx_word' id='word_1_202' title='bbox 617 1659 813 1705; x_wconf 88' lang='lat' dir='ltr'>Orientis;</span> <span class='ocrx_word' id='word_1_203' title='bbox 837 1659 978 1706; x_wconf 80' lang='lat' dir='ltr'>Bzov.,</span> <span class='ocrx_word' id='word_1_204' title='bbox 1001 1673 1066 1697; x_wconf 91' lang='lat' dir='ltr'>an.</span> <span class='ocrx_word' id='word_1_205' title='bbox 1088 1657 1201 1705; x_wconf 81' lang='grc'><strong>1369,</strong></span> <span class='ocrx_word' id='word_1_206' title='bbox 1227 1658 1242 1706; x_wconf 66' lang='grc' dir='ltr'><strong>ἓ</strong></span> <span class='ocrx_word' id='word_1_207' title='bbox 1264 1657 1297 1703; x_wconf 81' lang='grc'>1,</span> <span class='ocrx_word' id='word_1_208' title='bbox 1316 1666 1356 1695; x_wconf 89' lang='lat' dir='ltr'>et</span> <span class='ocrx_word' id='word_1_209' title='bbox 1379 1657 1540 1695; x_wconf 89' lang='lat' dir='ltr'>Odoric.</span> <span class='ocrx_word' id='word_1_210' title='bbox 1559 1655 1778 1704; x_wconf 80' lang='lat' dir='ltr'>Haynald.‚</span> 
     </span>
     <span class='ocr_line' id='line_1_25' title="bbox 75 1717 1065 1773; baseline -0.001 -18"><span class='ocrx_word' id='word_1_211' title='bbox 75 1731 142 1757; x_wconf 83' lang='lat' dir='ltr'>an.</span> <span class='ocrx_word' id='word_1_212' title='bbox 161 1718 265 1766; x_wconf 90' lang='lat' dir='ltr'>eod.,</span> <span class='ocrx_word' id='word_1_213' title='bbox 289 1718 306 1767; x_wconf 66' lang='lat' dir='ltr'>S</span> <span class='ocrx_word' id='word_1_214' title='bbox 322 1717 344 1755; x_wconf 88' lang='grc'>2</span> <span class='ocrx_word' id='word_1_215' title='bbox 1059 1764 1065 1773; x_wconf 39' lang='lat'><em>⁶</em></span> 
     </span>
    </p>

    <p class='ocr_par' dir='ltr' id='par_1_5' title="bbox 75 1774 1780 2065">
     <span class='ocr_line' id='line_1_26' title="bbox 135 1774 1780 1828; baseline -0.002 -14"><span class='ocrx_word' id='word_1_216' title='bbox 135 1777 180 1815; x_wconf 94' lang='lat' dir='ltr'>In</span> <span class='ocrx_word' id='word_1_217' title='bbox 202 1777 524 1816; x_wconf 84' lang='lat' dir='ltr'>revelationibus</span> <span class='ocrx_word' id='word_1_218' title='bbox 549 1786 717 1816; x_wconf 90' lang='lat' dir='ltr'>sanctae</span> <span class='ocrx_word' id='word_1_219' title='bbox 740 1778 956 1828; x_wconf 86' lang='lat' dir='ltr'>Brigittae,</span> <span class='ocrx_word' id='word_1_220' title='bbox 980 1777 1049 1816; x_wconf 90' lang='lat' dir='ltr'>lib.</span> <span class='ocrx_word' id='word_1_221' title='bbox 1076 1777 1171 1824; x_wconf 89' lang='lat' dir='ltr'>VII,</span> <span class='ocrx_word' id='word_1_222' title='bbox 1198 1790 1285 1826; x_wconf 88' lang='lat' dir='ltr'>cap.</span> <span class='ocrx_word' id='word_1_223' title='bbox 1314 1790 1384 1822; x_wconf 75' lang='grc' dir='ltr'>ΧΠ,</span> <span class='ocrx_word' id='word_1_224' title='bbox 1409 1783 1527 1813; x_wconf 85' lang='lat' dir='ltr'>extat</span> <span class='ocrx_word' id='word_1_225' title='bbox 1551 1774 1780 1812; x_wconf 85' lang='lat' dir='ltr'>admonitio</span> 
     </span>
     <span class='ocr_line' id='line_1_27' title="bbox 77 1833 1780 1888; baseline -0.003 -14"><span class='ocrx_word' id='word_1_226' title='bbox 77 1850 204 1886; x_wconf 88' lang='lat' dir='ltr'>quam</span> <span class='ocrx_word' id='word_1_227' title='bbox 228 1836 438 1875; x_wconf 88' lang='lat' dir='ltr'>Bernardo</span> <span class='ocrx_word' id='word_1_228' title='bbox 465 1837 772 1888; x_wconf 87' lang='lat' dir='ltr'>archiepiscopo</span> <span class='ocrx_word' id='word_1_229' title='bbox 802 1836 1077 1887; x_wconf 85' lang='lat' dir='ltr'>Neapolitano</span> <span class='ocrx_word' id='word_1_230' title='bbox 1104 1835 1201 1875; x_wconf 85' lang='lat' dir='ltr'>fecit</span> <span class='ocrx_word' id='word_1_231' title='bbox 1226 1836 1410 1873; x_wconf 87' lang='lat' dir='ltr'>Christus</span> <span class='ocrx_word' id='word_1_232' title='bbox 1434 1849 1504 1885; x_wconf 92' lang='lat' dir='ltr'>per</span> <span class='ocrx_word' id='word_1_233' title='bbox 1529 1849 1570 1872; x_wconf 93' lang='lat' dir='ltr'>os</span> <span class='ocrx_word' id='word_1_234' title='bbox 1595 1833 1780 1883; x_wconf 87' lang='lat' dir='ltr'>ejusdem</span> 
     </span>
     <span class='ocr_line' id='line_1_28' title="bbox 76 1892 1779 1947; baseline -0.002 -14"><span class='ocrx_word' id='word_1_235' title='bbox 76 1904 258 1935; x_wconf 88' lang='lat' dir='ltr'>sanctae.</span> <span class='ocrx_word' id='word_1_236' title='bbox 283 1896 400 1944; x_wconf 90' lang='lat' dir='ltr'>Quod</span> <span class='ocrx_word' id='word_1_237' title='bbox 420 1905 562 1935; x_wconf 85' lang='lat' dir='ltr'>tamen</span> <span class='ocrx_word' id='word_1_238' title='bbox 582 1911 665 1935; x_wconf 93' lang='lat' dir='ltr'>non</span> <span class='ocrx_word' id='word_1_239' title='bbox 684 1905 787 1947; x_wconf 91' lang='lat' dir='ltr'>puto</span> <span class='ocrx_word' id='word_1_240' title='bbox 807 1896 980 1946; x_wconf 84' lang='lat' dir='ltr'>intelligi</span> <span class='ocrx_word' id='word_1_241' title='bbox 1001 1897 1147 1934; x_wconf 89' lang='lat' dir='ltr'>debere</span> <span class='ocrx_word' id='word_1_242' title='bbox 1169 1895 1217 1933; x_wconf 83' lang='lat' dir='ltr'>de</span> <span class='ocrx_word' id='word_1_243' title='bbox 1237 1894 1447 1934; x_wconf 88' lang='lat' dir='ltr'>Bernardo</span> <span class='ocrx_word' id='word_1_244' title='bbox 1469 1893 1688 1938; x_wconf 89' lang='lat' dir='ltr'>cardinale,</span> <span class='ocrx_word' id='word_1_245' title='bbox 1710 1892 1779 1929; x_wconf 87' lang='lat' dir='ltr'>sed</span> 
     </span>
     <span class='ocr_line' id='line_1_29' title="bbox 75 1951 1780 2005; baseline -0.003 -12"><span class='ocrx_word' id='word_1_246' title='bbox 75 1955 126 1993; x_wconf 89' lang='lat' dir='ltr'>de</span> <span class='ocrx_word' id='word_1_247' title='bbox 145 1956 355 1994; x_wconf 87' lang='lat' dir='ltr'>Bernardo</span> <span class='ocrx_word' id='word_1_248' title='bbox 376 1957 424 1994; x_wconf 88' lang='lat' dir='ltr'>de</span> <span class='ocrx_word' id='word_1_249' title='bbox 447 1957 654 1995; x_wconf 82' lang='lat' dir='ltr'>Ruthena.</span> <span class='ocrx_word' id='word_1_250' title='bbox 681 1955 797 1994; x_wconf 88' lang='lat' dir='ltr'>Istud</span> <span class='ocrx_word' id='word_1_251' title='bbox 817 1963 959 1994; x_wconf 87' lang='lat' dir='ltr'>autern</span> <span class='ocrx_word' id='word_1_252' title='bbox 979 1955 1111 2005; x_wconf 80' lang='lat' dir='ltr'>colligi</span> <span class='ocrx_word' id='word_1_253' title='bbox 1132 1970 1249 2005; x_wconf 89' lang='lat' dir='ltr'>posse</span> <span class='ocrx_word' id='word_1_254' title='bbox 1270 1954 1435 1991; x_wconf 90' lang='lat' dir='ltr'>videtur</span> <span class='ocrx_word' id='word_1_255' title='bbox 1454 1967 1502 1990; x_wconf 87' lang='lat' dir='ltr'>ex</span> <span class='ocrx_word' id='word_1_256' title='bbox 1522 1951 1780 2002; x_wconf 88' lang='lat' dir='ltr'>praefatione</span> 
     </span>
     <span class='ocr_line' id='line_1_30' title="bbox 77 2015 1077 2065; baseline 0.001 -13"><span class='ocrx_word' id='word_1_257' title='bbox 77 2015 327 2053; x_wconf 90' lang='lat' dir='ltr'>collectionis</span> <span class='ocrx_word' id='word_1_258' title='bbox 358 2016 651 2055; x_wconf 88' lang='lat' dir='ltr'>miraculorum</span> <span class='ocrx_word' id='word_1_259' title='bbox 681 2015 867 2065; x_wconf 88' lang='lat' dir='ltr'>ejusdem</span> <span class='ocrx_word' id='word_1_260' title='bbox 897 2023 1077 2053; x_wconf 86' lang='lat' dir='ltr'>sanctae.</span> 
     </span>
    </p>

    <p class='ocr_par' dir='ltr' id='par_1_6' title="bbox 73 2066 1779 2423">
     <span class='ocr_line' id='line_1_31' title="bbox 131 2066 1779 2120; baseline -0.004 -8"><span class='ocrx_word' id='word_1_261' title='bbox 131 2074 245 2112; x_wconf 91' lang='lat' dir='ltr'>Obiit</span> <span class='ocrx_word' id='word_1_262' title='bbox 269 2075 502 2113; x_wconf 87' lang='lat' dir='ltr'>Bernardus</span> <span class='ocrx_word' id='word_1_263' title='bbox 529 2075 747 2114; x_wconf 88' lang='lat' dir='ltr'>cardinalis</span> <span class='ocrx_word' id='word_1_264' title='bbox 774 2089 883 2112; x_wconf 92' lang='lat' dir='ltr'>anno</span> <span class='ocrx_word' id='word_1_265' title='bbox 910 2066 1125 2113; x_wconf 83' lang='lat' dir='ltr'>millesimo</span> <span class='ocrx_word' id='word_1_266' title='bbox 1153 2073 1406 2119; x_wconf 77' lang='lat' dir='ltr'><strong>CCCLXXI,</strong></span> <span class='ocrx_word' id='word_1_267' title='bbox 1434 2072 1497 2110; x_wconf 90' lang='lat' dir='ltr'>die</span> <span class='ocrx_word' id='word_1_268' title='bbox 1525 2085 1600 2108; x_wconf 81' lang='lat' dir='ltr'>xlx</span> <span class='ocrx_word' id='word_1_269' title='bbox 1626 2069 1779 2120; x_wconf 89' lang='lat' dir='ltr'>aprilis,</span> 
     </span>
     <span class='ocr_line' id='line_1_32' title="bbox 75 2128 1779 2184; baseline -0.004 -13"><span class='ocrx_word' id='word_1_270' title='bbox 75 2147 170 2171; x_wconf 84' lang='lat' dir='ltr'>curn</span> <span class='ocrx_word' id='word_1_271' title='bbox 197 2135 320 2184; x_wconf 90' lang='lat' dir='ltr'>paulo</span> <span class='ocrx_word' id='word_1_272' title='bbox 346 2142 443 2172; x_wconf 87' lang='lat' dir='ltr'>ante</span> <span class='ocrx_word' id='word_1_273' title='bbox 468 2134 597 2184; x_wconf 85' lang='lat' dir='ltr'>judex</span> <span class='ocrx_word' id='word_1_274' title='bbox 623 2142 729 2173; x_wconf 88' lang='lat' dir='ltr'>esset</span> <span class='ocrx_word' id='word_1_275' title='bbox 755 2148 777 2172; x_wconf 88' lang='lat' dir='ltr'>a</span> <span class='ocrx_word' id='word_1_276' title='bbox 805 2134 999 2184; x_wconf 85' lang='lat' dir='ltr'>Gregorio</span> <span class='ocrx_word' id='word_1_277' title='bbox 1026 2133 1085 2171; x_wconf 88' lang='lat' dir='ltr'>XI</span> <span class='ocrx_word' id='word_1_278' title='bbox 1114 2133 1366 2172; x_wconf 87' lang='lat' dir='ltr'>constitutus</span> <span class='ocrx_word' id='word_1_279' title='bbox 1393 2132 1434 2169; x_wconf 91' lang='lat' dir='ltr'>in</span> <span class='ocrx_word' id='word_1_280' title='bbox 1458 2143 1580 2169; x_wconf 87' lang='lat' dir='ltr'>causa</span> <span class='ocrx_word' id='word_1_281' title='bbox 1609 2128 1779 2167; x_wconf 87' lang='lat' dir='ltr'>Joannis</span> 
     </span>
     <span class='ocr_line' id='line_1_33' title="bbox 77 2187 1779 2245; baseline -0.003 -15"><span class='ocrx_word' id='word_1_282' title='bbox 77 2193 386 2243; x_wconf 83' lang='lat' dir='ltr'>Vernenborgii,</span> <span class='ocrx_word' id='word_1_283' title='bbox 406 2195 586 2245; x_wconf 90' lang='lat' dir='ltr'>episcopi</span> <span class='ocrx_word' id='word_1_284' title='bbox 606 2193 899 2243; x_wconf 77' lang='lat' dir='ltr'>Trajectensi33</span> <span class='ocrx_word' id='word_1_285' title='bbox 918 2193 978 2232; x_wconf 89' lang='lat' dir='ltr'>M.</span> <span class='ocrx_word' id='word_1_286' title='bbox 996 2192 1141 2231; x_wconf 74' lang='lat' dir='ltr'>Chr-on.</span> <span class='ocrx_word' id='word_1_287' title='bbox 1163 2192 1382 2241; x_wconf 73' lang='lat' dir='ltr'>Belgicam,</span> <span class='ocrx_word' id='word_1_288' title='bbox 1403 2206 1441 2240; x_wconf 89' lang='lat' dir='ltr'>p.</span> <span class='ocrx_word' id='word_1_289' title='bbox 1463 2190 1550 2228; x_wconf 83' lang='lat'>344.</span> <span class='ocrx_word' id='word_1_290' title='bbox 1577 2189 1622 2226; x_wconf 93' lang='lat' dir='ltr'>In</span> <span class='ocrx_word' id='word_1_291' title='bbox 1642 2187 1779 2226; x_wconf 84' lang='lat' dir='ltr'>codice</span> 
     </span>
     <span class='ocr_line' id='line_1_34' title="bbox 73 2246 1778 2299; baseline -0.004 -10"><span class='ocrx_word' id='word_1_292' title='bbox 73 2250 151 2290; x_wconf 83' lang='lat'>811</span> <span class='ocrx_word' id='word_1_293' title='bbox 172 2252 446 2292; x_wconf 86' lang='lat' dir='ltr'>bibliothecae</span> <span class='ocrx_word' id='word_1_294' title='bbox 468 2254 726 2292; x_wconf 89' lang='lat' dir='ltr'>Colbertinae</span> <span class='ocrx_word' id='word_1_295' title='bbox 745 2252 760 2276; x_wconf 82' lang='lat'>³</span> <span class='ocrx_word' id='word_1_296' title='bbox 781 2253 959 2291; x_wconf 87' lang='lat' dir='ltr'>habetur</span> <span class='ocrx_word' id='word_1_297' title='bbox 978 2252 1183 2291; x_wconf 83' lang='lat' dir='ltr'>sententia</span> <span class='ocrx_word' id='word_1_298' title='bbox 1205 2267 1227 2290; x_wconf 87' lang='lat' dir='ltr'>a</span> <span class='ocrx_word' id='word_1_299' title='bbox 1250 2250 1457 2289; x_wconf 88' lang='lat' dir='ltr'>Florentio</span> <span class='ocrx_word' id='word_1_300' title='bbox 1478 2249 1668 2299; x_wconf 89' lang='lat' dir='ltr'>episcopo</span> <span class='ocrx_word' id='word_1_301' title='bbox 1683 2246 1778 2283; x_wconf 88' lang='lat' dir='ltr'>Tra-</span> 
     </span>
     <span class='ocr_line' id='line_1_35' title="bbox 75 2306 1779 2360; baseline -0.004 -11"><span class='ocrx_word' id='word_1_302' title='bbox 75 2310 247 2360; x_wconf 87' lang='lat' dir='ltr'>jectensi</span> <span class='ocrx_word' id='word_1_303' title='bbox 268 2313 354 2351; x_wconf 89' lang='lat' dir='ltr'>lata</span> <span class='ocrx_word' id='word_1_304' title='bbox 376 2327 484 2352; x_wconf 88' lang='lat' dir='ltr'>anno</span> <span class='ocrx_word' id='word_1_305' title='bbox 508 2313 744 2352; x_wconf 88' lang='lat' dir='ltr'><strong>MCCCXCI</strong></span> <span class='ocrx_word' id='word_1_306' title='bbox 767 2313 964 2351; x_wconf 88' lang='lat' dir='ltr'>adversus</span> <span class='ocrx_word' id='word_1_307' title='bbox 987 2312 1196 2351; x_wconf 88' lang='lat' dir='ltr'>Andream</span> <span class='ocrx_word' id='word_1_308' title='bbox 1218 2313 1266 2349; x_wconf 91' lang='lat' dir='ltr'>de</span> <span class='ocrx_word' id='word_1_309' title='bbox 1289 2308 1564 2354; x_wconf 77' lang='lat' dir='ltr'>Weimborch,</span> <span class='ocrx_word' id='word_1_310' title='bbox 1588 2306 1779 2345; x_wconf 90' lang='lat' dir='ltr'>clericum</span> 
     </span>
     <span class='ocr_line' id='line_1_36' title="bbox 76 2367 1490 2423; baseline -0.002 -16"><span class='ocrx_word' id='word_1_311' title='bbox 76 2370 271 2410; x_wconf 84' lang='lat' dir='ltr'>dioecesis</span> <span class='ocrx_word' id='word_1_312' title='bbox 298 2372 586 2422; x_wconf 88' lang='lat' dir='ltr'>Trajectensis,</span> <span class='ocrx_word' id='word_1_313' title='bbox 614 2373 683 2423; x_wconf 92' lang='lat' dir='ltr'>qui</span> <span class='ocrx_word' id='word_1_314' title='bbox 708 2372 960 2421; x_wconf 86' lang='lat' dir='ltr'>sequebatur</span> <span class='ocrx_word' id='word_1_315' title='bbox 984 2381 1123 2422; x_wconf 88' lang='lat' dir='ltr'>partes</span> <span class='ocrx_word' id='word_1_316' title='bbox 1151 2369 1370 2409; x_wconf 83' lang='lat' dir='ltr'>Clementis</span> <span class='ocrx_word' id='word_1_317' title='bbox 1397 2367 1490 2405; x_wconf 88' lang='lat' dir='ltr'>VII.</span> 
     </span>
    </p>

    <p class='ocr_par' dir='ltr' id='par_1_7' title="bbox 78 2424 1778 2602">
     <span class='ocr_line' id='line_1_37' title="bbox 132 2424 1777 2482; baseline -0.005 -14"><span class='ocrx_word' id='word_1_318' title='bbox 132 2430 302 2481; x_wconf 89' lang='lat' dir='ltr'>Scripsit</span> <span class='ocrx_word' id='word_1_319' title='bbox 324 2431 508 2470; x_wconf 79' lang='lat' dir='ltr'>Consilia</span> <span class='ocrx_word' id='word_1_320' title='bbox 531 2433 649 2470; x_wconf 82' lang='lat' dir='ltr'>Rotae</span> <span class='ocrx_word' id='word_1_321' title='bbox 664 2431 692 2480; x_wconf 82' lang='lat'>4,</span> <span class='ocrx_word' id='word_1_322' title='bbox 716 2447 816 2482; x_wconf 88' lang='lat' dir='ltr'>opus</span> <span class='ocrx_word' id='word_1_323' title='bbox 839 2431 1019 2470; x_wconf 84' lang='lat' dir='ltr'>divisum</span> <span class='ocrx_word' id='word_1_324' title='bbox 1040 2432 1080 2469; x_wconf 93' lang='lat' dir='ltr'>in</span> <span class='ocrx_word' id='word_1_325' title='bbox 1102 2431 1237 2469; x_wconf 83' lang='lat' dir='ltr'>varias</span> <span class='ocrx_word' id='word_1_326' title='bbox 1260 2428 1535 2479; x_wconf 85' lang='lat' dir='ltr'>quaestiones,</span> <span class='ocrx_word' id='word_1_327' title='bbox 1558 2440 1608 2464; x_wconf 85' lang='lat' dir='ltr'>ex</span> <span class='ocrx_word' id='word_1_328' title='bbox 1629 2424 1777 2474; x_wconf 77' lang='lat' dir='ltr'>quibvs</span> 
     </span>
     <span class='ocr_line' id='line_1_38' title="bbox 80 2483 1778 2541; baseline -0.003 -14"><span class='ocrx_word' id='word_1_329' title='bbox 80 2503 214 2527; x_wconf 71' lang='lat' dir='ltr'>LXXXI</span> <span class='ocrx_word' id='word_1_330' title='bbox 245 2498 286 2529; x_wconf 87' lang='lat' dir='ltr'>et</span> <span class='ocrx_word' id='word_1_331' title='bbox 319 2506 466 2529; x_wconf 83' lang='lat' dir='ltr'>cxxxn</span> <span class='ocrx_word' id='word_1_332' title='bbox 499 2491 602 2531; x_wconf 89' lang='lat' dir='ltr'>citat</span> <span class='ocrx_word' id='word_1_333' title='bbox 636 2491 827 2541; x_wconf 85' lang='lat' dir='ltr'>Aegidius</span> <span class='ocrx_word' id='word_1_334' title='bbox 859 2491 1087 2530; x_wconf 88' lang='lat' dir='ltr'>Bellamera</span> <span class='ocrx_word' id='word_1_335' title='bbox 1117 2491 1157 2528; x_wconf 93' lang='lat' dir='ltr'>in</span> <span class='ocrx_word' id='word_1_336' title='bbox 1189 2503 1276 2538; x_wconf 89' lang='lat' dir='ltr'>cap.</span> <span class='ocrx_word' id='word_1_337' title='bbox 1310 2485 1576 2536; x_wconf 78' lang='lat' dir='ltr'>Proposuisti,</span> <span class='ocrx_word' id='word_1_338' title='bbox 1606 2485 1665 2522; x_wconf 85' lang='lat' dir='ltr'>De</span> <span class='ocrx_word' id='word_1_339' title='bbox 1694 2483 1778 2531; x_wconf 76' lang='lat' dir='ltr'>soro</span> 
     </span>
     <span class='ocr_line' id='line_1_39' title="bbox 78 2542 1777 2602; baseline -0.009 -8"><span class='ocrx_word' id='word_1_340' title='bbox 78 2557 255 2599; x_wconf 59' lang='lat' dir='ltr'>compet„</span> <span class='ocrx_word' id='word_1_341' title='bbox 287 2558 328 2588; x_wconf 77' lang='lat' dir='ltr'>et</span> <span class='ocrx_word' id='word_1_342' title='bbox 357 2551 399 2589; x_wconf 85' lang='lat' dir='ltr'>in</span> <span class='ocrx_word' id='word_1_343' title='bbox 420 2565 507 2602; x_wconf 83' lang='lat' dir='ltr'>cap.</span> <span class='ocrx_word' id='word_1_344' title='bbox 531 2552 598 2589; x_wconf 88' lang='lat' dir='ltr'>Ad</span> <span class='ocrx_word' id='word_1_345' title='bbox 616 2551 709 2589; x_wconf 78' lang='lat' dir='ltr'>haec</span> <span class='ocrx_word' id='word_1_346' title='bbox 726 2551 848 2598; x_wconf 77' lang='lat' dir='ltr'>Deus,</span> <span class='ocrx_word' id='word_1_347' title='bbox 880 2557 921 2587; x_wconf 80' lang='lat' dir='ltr'>ut</span> <span class='ocrx_word' id='word_1_348' title='bbox 949 2550 1014 2587; x_wconf 81' lang='lat' dir='ltr'>lite</span> <span class='ocrx_word' id='word_1_349' title='bbox 1035 2564 1114 2586; x_wconf 77' lang='lat' dir='ltr'>non</span> <span class='ocrx_word' id='word_1_350' title='bbox 1135 2553 1356 2586; x_wconf 76' lang='lat' dir='ltr'>contestata.</span> <span class='ocrx_word' id='word_1_351' title='bbox 1382 2545 1492 2583; x_wconf 87' lang='lat' dir='ltr'>Citat</span> <span class='ocrx_word' id='word_1_352' title='bbox 1513 2544 1638 2583; x_wconf 76' lang='lat' dir='ltr'>etiam</span> <span class='ocrx_word' id='word_1_353' title='bbox 1668 2542 1777 2580; x_wconf 84' lang='lat' dir='ltr'>idem</span> 
     </span>
    </p>
   </div>
   <div class='ocr_carea' id='block_1_3' title="bbox 81 2716 1777 2926">
    <p class='ocr_par' dir='ltr' id='par_1_8' title="bbox 81 2716 1777 2873">
     <span class='ocr_line' id='line_1_40' title="bbox 130 2716 1777 2765; baseline -0.004 -10"><span class='ocrx_word' id='word_1_354' title='bbox 130 2723 161 2757; x_wconf 90' lang='lat'>1.</span> <span class='ocrx_word' id='word_1_355' title='bbox 182 2722 272 2756; x_wconf 87' lang='lat' dir='ltr'>Voir</span> <span class='ocrx_word' id='word_1_356' title='bbox 291 2723 522 2764; x_wconf 79' lang='lat' dir='ltr'>Lecacheux,</span> <span class='ocrx_word' id='word_1_357' title='bbox 544 2735 578 2758; x_wconf 91' lang='lat' dir='ltr'>n.</span> <span class='ocrx_word' id='word_1_358' title='bbox 600 2724 705 2758; x_wconf 86' lang='lat'>1164.</span> <span class='ocrx_word' id='word_1_359' title='bbox 726 2743 774 2746; x_wconf 85' lang='lat'>—</span> <span class='ocrx_word' id='word_1_360' title='bbox 791 2723 959 2756; x_wconf 88' lang='lat' dir='ltr'>Bernard</span> <span class='ocrx_word' id='word_1_361' title='bbox 979 2723 1029 2755; x_wconf 96' lang='lat' dir='ltr'>du</span> <span class='ocrx_word' id='word_1_362' title='bbox 1048 2722 1241 2765; x_wconf 85' lang='lat' dir='ltr'>Bousquet</span> <span class='ocrx_word' id='word_1_363' title='bbox 1260 2726 1365 2762; x_wconf 75' lang='lat' dir='ltr'>recut</span> <span class='ocrx_word' id='word_1_364' title='bbox 1383 2720 1414 2752; x_wconf 87' lang='lat' dir='ltr'>le</span> <span class='ocrx_word' id='word_1_365' title='bbox 1434 2720 1566 2752; x_wconf 89' lang='lat' dir='ltr'>brevet</span> <span class='ocrx_word' id='word_1_366' title='bbox 1585 2716 1777 2760; x_wconf 83' lang='lat' dir='ltr'>d’inquisi-</span> 
     </span>
     <span class='ocr_line' id='line_1_41' title="bbox 81 2770 1776 2820; baseline -0.004 -12"><span class='ocrx_word' id='word_1_367' title='bbox 81 2781 165 2808; x_wconf 85' lang='lat' dir='ltr'>teur</span> <span class='ocrx_word' id='word_1_368' title='bbox 190 2776 282 2809; x_wconf 86' lang='lat' dir='ltr'>dans</span> <span class='ocrx_word' id='word_1_369' title='bbox 308 2777 359 2809; x_wconf 91' lang='lat' dir='ltr'>les</span> <span class='ocrx_word' id='word_1_370' title='bbox 386 2776 581 2820; x_wconf 89' lang='lat' dir='ltr'>provinces</span> <span class='ocrx_word' id='word_1_371' title='bbox 609 2777 652 2810; x_wconf 91' lang='lat' dir='ltr'>de</span> <span class='ocrx_word' id='word_1_372' title='bbox 680 2777 798 2820; x_wconf 87' lang='lat' dir='ltr'>Lyon,</span> <span class='ocrx_word' id='word_1_373' title='bbox 826 2776 980 2815; x_wconf 86' lang='lat' dir='ltr'>Vienne,</span> <span class='ocrx_word' id='word_1_374' title='bbox 1011 2775 1191 2814; x_wconf 83' lang='lat' dir='ltr'>Embrun,</span> <span class='ocrx_word' id='word_1_375' title='bbox 1220 2772 1436 2806; x_wconf 85' lang='lat' dir='ltr'>Tarentaise</span> <span class='ocrx_word' id='word_1_376' title='bbox 1462 2777 1500 2804; x_wconf 88' lang='lat' dir='ltr'>et</span> <span class='ocrx_word' id='word_1_377' title='bbox 1526 2771 1719 2811; x_wconf 68' lang='lat' dir='ltr'>Besanqon</span> <span class='ocrx_word' id='word_1_378' title='bbox 1744 2770 1776 2802; x_wconf 79' lang='lat' dir='ltr'>le</span> 
     </span>
     <span class='ocr_line' id='line_1_42' title="bbox 82 2826 1331 2873; baseline -0.002 -12"><span class='ocrx_word' id='word_1_379' title='bbox 82 2829 102 2861; x_wconf 89' lang='lat'><strong>2</strong></span> <span class='ocrx_word' id='word_1_380' title='bbox 122 2830 334 2872; x_wconf 87' lang='lat' dir='ltr'>septembre</span> <span class='ocrx_word' id='word_1_381' title='bbox 355 2830 449 2863; x_wconf 90' lang='grc'><strong>1364</strong></span> <span class='ocrx_word' id='word_1_382' title='bbox 473 2830 718 2873; x_wconf 86' lang='lat' dir='ltr'>(Lecacheux,</span> <span class='ocrx_word' id='word_1_383' title='bbox 740 2842 775 2864; x_wconf 88' lang='lat' dir='ltr'>n.</span> <span class='ocrx_word' id='word_1_384' title='bbox 799 2829 1016 2867; x_wconf 78' lang='lat'>1196-1200,</span> <span class='ocrx_word' id='word_1_385' title='bbox 1040 2828 1133 2861; x_wconf 79' lang='lat'>1204</span> <span class='ocrx_word' id='word_1_386' title='bbox 1153 2833 1190 2861; x_wconf 88' lang='lat' dir='ltr'>et</span> <span class='ocrx_word' id='word_1_387' title='bbox 1211 2826 1331 2868; x_wconf 85' lang='lat'>1205).</span> 
     </span>
    </p>

    <p class='ocr_par' dir='ltr' id='par_1_9' title="bbox 131 2881 625 2926">
     <span class='ocr_line' id='line_1_43' title="bbox 131 2881 625 2926; baseline 0.004 -12"><span class='ocrx_word' id='word_1_388' title='bbox 131 2882 161 2915; x_wconf 84' lang='lat'>2.</span> <span class='ocrx_word' id='word_1_389' title='bbox 191 2881 340 2922; x_wconf 88' lang='lat' dir='ltr'>Baluze,</span> <span class='ocrx_word' id='word_1_390' title='bbox 363 2888 390 2917; x_wconf 89' lang='lat' dir='ltr'>t.</span> <span class='ocrx_word' id='word_1_391' title='bbox 411 2895 463 2923; x_wconf 83' lang='lat' dir='ltr'>lv,</span> <span class='ocrx_word' id='word_1_392' title='bbox 486 2895 520 2926; x_wconf 95' lang='lat' dir='ltr'>p.</span> <span class='ocrx_word' id='word_1_393' title='bbox 545 2884 625 2926; x_wconf 81' lang='lat'>135.</span> 
     </span>
    </p>
   </div>
   <div class='ocr_carea' id='block_1_4' title="bbox 79 2935 1778 3190">
    <p class='ocr_par' dir='ltr' id='par_1_10' title="bbox 127 2935 908 2976">
     <span class='ocr_line' id='line_1_44' title="bbox 127 2935 908 2976; baseline 0 -8"><span class='ocrx_word' id='word_1_394' title='bbox 127 2936 159 2968; x_wconf 92' lang='grc'>3.</span> <span class='ocrx_word' id='word_1_395' title='bbox 189 2935 229 2969; x_wconf 89' lang='lat' dir='ltr'>B.</span> <span class='ocrx_word' id='word_1_396' title='bbox 258 2935 315 2975; x_wconf 70' lang='lat' dir='ltr'>N„</span> <span class='ocrx_word' id='word_1_397' title='bbox 341 2947 407 2969; x_wconf 92' lang='lat' dir='ltr'>ms.</span> <span class='ocrx_word' id='word_1_398' title='bbox 434 2936 529 2969; x_wconf 80' lang='lat' dir='ltr'>latin</span> <span class='ocrx_word' id='word_1_399' title='bbox 552 2935 657 2976; x_wconf 80' lang='lat'><strong><em>1462,</em></strong></span> <span class='ocrx_word' id='word_1_400' title='bbox 684 2935 745 2969; x_wconf 79' lang='lat' dir='ltr'>fol.</span> <span class='ocrx_word' id='word_1_401' title='bbox 772 2936 840 2968; x_wconf 84' lang='lat'>158</span> <span class='ocrx_word' id='word_1_402' title='bbox 865 2940 908 2968; x_wconf 90' lang='lat' dir='ltr'>r0.</span> 
     </span>
    </p>

    <p class='ocr_par' dir='ltr' id='par_1_11' title="bbox 79 2982 1778 3190">
     <span class='ocr_line' id='line_1_45' title="bbox 128 2982 1778 3028; baseline -0.004 -8"><span class='ocrx_word' id='word_1_403' title='bbox 128 2988 159 3020; x_wconf 82' lang='lat'>4.</span> <span class='ocrx_word' id='word_1_404' title='bbox 189 2988 231 3021; x_wconf 93' lang='lat' dir='ltr'>A.</span> <span class='ocrx_word' id='word_1_405' title='bbox 259 2988 442 3028; x_wconf 87' lang='lat' dir='ltr'>Fliniaux,</span> <span class='ocrx_word' id='word_1_406' title='bbox 467 2989 535 3021; x_wconf 81' lang='lat' dir='ltr'>Les</span> <span class='ocrx_word' id='word_1_407' title='bbox 557 2989 751 3022; x_wconf 72' lang='lat' dir='ltr'>ancienne-s</span> <span class='ocrx_word' id='word_1_408' title='bbox 773 2988 973 3021; x_wconf 79' lang='lat' dir='ltr'>collections</span> <span class='ocrx_word' id='word_1_409' title='bbox 996 2987 1036 3019; x_wconf 80' lang='lat' dir='ltr'>de</span> <span class='ocrx_word' id='word_1_410' title='bbox 1054 2987 1264 3019; x_wconf 69' lang='lat' dir='ltr'>Decisiones</span> <span class='ocrx_word' id='word_1_411' title='bbox 1285 2989 1390 3023; x_wconf 77' lang='lat' dir='ltr'>rotae,</span> <span class='ocrx_word' id='word_1_412' title='bbox 1416 2984 1508 3016; x_wconf 89' lang='lat' dir='ltr'>dans</span> <span class='ocrx_word' id='word_1_413' title='bbox 1531 2983 1650 3015; x_wconf 74' lang='lat' dir='ltr'>Revue</span> <span class='ocrx_word' id='word_1_414' title='bbox 1670 2982 1778 3015; x_wconf 81' lang='lat' dir='ltr'>hislo—</span> 
     </span>
     <span class='ocr_line' id='line_1_46' title="bbox 79 3035 1775 3084; baseline -0.004 -11"><span class='ocrx_word' id='word_1_415' title='bbox 79 3041 181 3084; x_wconf 81' lang='lat' dir='ltr'>rique</span> <span class='ocrx_word' id='word_1_416' title='bbox 204 3041 244 3074; x_wconf 84' lang='lat' dir='ltr'>de</span> <span class='ocrx_word' id='word_1_417' title='bbox 268 3042 360 3075; x_wconf 85' lang='lat' dir='ltr'>droit</span> <span class='ocrx_word' id='word_1_418' title='bbox 380 3042 544 3084; x_wconf 62' lang='lat' dir='ltr'>sranssais</span> <span class='ocrx_word' id='word_1_419' title='bbox 567 3047 598 3074; x_wconf 86' lang='lat' dir='ltr'>et</span> <span class='ocrx_word' id='word_1_420' title='bbox 619 3043 793 3083; x_wconf 61' lang='grc' dir='ltr'><em>ἑιναηὲζεν,</em></span> <span class='ocrx_word' id='word_1_421' title='bbox 821 3041 888 3073; x_wconf 65' lang='lat' dir='ltr'>Ive</span> <span class='ocrx_word' id='word_1_422' title='bbox 912 3040 1014 3079; x_wconf 80' lang='lat' dir='ltr'>serie,</span> <span class='ocrx_word' id='word_1_423' title='bbox 1041 3045 1066 3072; x_wconf 85' lang='lat' dir='ltr'>t.</span> <span class='ocrx_word' id='word_1_424' title='bbox 1091 3051 1131 3071; x_wconf 86' lang='lat' dir='ltr'>1v</span> <span class='ocrx_word' id='word_1_425' title='bbox 1152 3038 1285 3080; x_wconf 76' lang='lat'>(1925),</span> <span class='ocrx_word' id='word_1_426' title='bbox 1311 3049 1345 3080; x_wconf 90' lang='lat' dir='ltr'>p.</span> <span class='ocrx_word' id='word_1_427' title='bbox 1367 3038 1422 3076; x_wconf 85' lang='lat'>87,</span> <span class='ocrx_word' id='word_1_428' title='bbox 1449 3037 1504 3075; x_wconf 84' lang='lat'>89,</span> <span class='ocrx_word' id='word_1_429' title='bbox 1526 3036 1582 3075; x_wconf 83' lang='lat'>90,</span> <span class='ocrx_word' id='word_1_430' title='bbox 1605 3035 1775 3072; x_wconf 85' lang='lat'>389—390,</span> 
     </span>
     <span class='ocr_line' id='line_1_47' title="bbox 81 3088 1772 3136; baseline -0.004 -9"><span class='ocrx_word' id='word_1_431' title='bbox 81 3094 249 3127; x_wconf 86' lang='lat'>393-394.</span> <span class='ocrx_word' id='word_1_432' title='bbox 279 3113 328 3116; x_wconf 97' lang='lat'><strong>—</strong></span> <span class='ocrx_word' id='word_1_433' title='bbox 355 3094 425 3127; x_wconf 90' lang='lat' dir='ltr'>Sur</span> <span class='ocrx_word' id='word_1_434' title='bbox 452 3094 619 3127; x_wconf 89' lang='lat' dir='ltr'>Bernard</span> <span class='ocrx_word' id='word_1_435' title='bbox 649 3095 697 3127; x_wconf 93' lang='lat' dir='ltr'>du</span> <span class='ocrx_word' id='word_1_436' title='bbox 720 3094 924 3136; x_wconf 87' lang='lat' dir='ltr'>Bousquet.</span> <span class='ocrx_word' id='word_1_437' title='bbox 951 3092 1031 3126; x_wconf 89' lang='lat' dir='ltr'>voir</span> <span class='ocrx_word' id='word_1_438' title='bbox 1062 3092 1101 3125; x_wconf 88' lang='lat' dir='ltr'>E.</span> <span class='ocrx_word' id='word_1_439' title='bbox 1132 3092 1225 3124; x_wconf 86' lang='lat' dir='ltr'>Albe</span> <span class='ocrx_word' id='word_1_440' title='bbox 1254 3089 1417 3133; x_wconf 79' lang='lat' dir='ltr'>(Autour</span> <span class='ocrx_word' id='word_1_441' title='bbox 1445 3090 1485 3122; x_wconf 84' lang='lat' dir='ltr'>de</span> <span class='ocrx_word' id='word_1_442' title='bbox 1513 3089 1607 3121; x_wconf 80' lang='lat' dir='ltr'>Jean</span> <span class='ocrx_word' id='word_1_443' title='bbox 1636 3088 1772 3128; x_wconf 81' lang='lat' dir='ltr'><em>XXII,</em></span> 
     </span>
     <span class='ocr_line' id='line_1_48' title="bbox 82 3146 429 3190; baseline 0.003 -11"><span class='ocrx_word' id='word_1_444' title='bbox 82 3152 113 3190; x_wconf 76' lang='lat' dir='ltr'>t.</span> <span class='ocrx_word' id='word_1_445' title='bbox 128 3159 165 3186; x_wconf 84' lang='lat'>11,</span> <span class='ocrx_word' id='word_1_446' title='bbox 187 3158 221 3190; x_wconf 89' lang='lat' dir='ltr'>p.</span> <span class='ocrx_word' id='word_1_447' title='bbox 244 3146 429 3190; x_wconf 81' lang='lat'>130-132).</span> 
     </span>
    </p>
   </div>
  </div>
 </body>
</html>
