2083 3458
241 208 319 249 168
886 219 1036 244 NOTAE
1071 218 1130 243 AD
1166 216 1293 241 VITAS
1816 198 1942 255 [681]

294 306 432 345 Rediit
464 304 610 343 deinde
642 303 916 348 Avenionemg
950 310 990 339 et
1021 301 1101 338 illic
1133 314 1183 338 ex
1215 299 1470 348 delegatione
1504 299 1675 337 Joannis
1708 298 1838 337 XXII
1859 312 1941 337 una

239 380 331 404 cum
357 365 523 403 Nicolao
547 364 595 402 de
620 364 757 409 Prato,
776 362 965 412 episcopo
990 359 1180 405 Ostiensi,
1198 366 1238 396 et
1263 358 1419 395 Jacobo
1445 358 1639 407 Gaytani‚
1662 358 1834 396 diacono
1857 372 1942 396 car-

239 425 371 462 dinale
406 423 442 462 S.
478 422 639 472 Georgii
670 421 710 459 in
742 420 931 461 Velabro.
964 418 1235 468 interrogavit
1267 417 1435 455 fratrem
1466 417 1724 455 Bernardum
1757 416 1944 455 Delitiosi

241 483 475 521 Minoritam
494 496 613 532 super
635 480 753 519 certis
773 478 961 530 capitulis
981 491 1085 528 quae
1105 484 1247 517 centra
1265 490 1356 514 eum
1375 476 1576 515 reddebat
1592 476 1811 526 inquisitor
1828 476 1945 514 Tolo-

240 557 381 581 sanus:
410 556 455 579 ea·
482 541 578 578 actis
605 553 807 590 processus
835 538 1009 587 ejusdem
1036 536 1232 574 Bernardi
1260 549 1319 572 ms
1337 536 1363 574 Ἰ.

294 602 411 638 Anno
441 599 740 645 MCCCXVIII,
772 598 950 635 Joannes
981 596 1109 633 XXII
1138 595 1173 633 ei
1201 602 1242 633 et
1278 594 1459 633 Arnaldo
1489 595 1537 633 de
1574 594 1722 641 Auxio,
1751 594 1945 644 episcopo

241 659 475 705 Albanemi,
512 673 558 696 ac
594 657 809 696 Guillehno
846 657 998 705 Longo,
1037 655 1208 692 diacono
1254 653 1470 692 cardinalis
1507 654 1545 692 S.
1584 653 1742 692 Nicolai
1776 653 1820 691 in
1861 667 1946 691 car-

242 734 328 757 cere
358 718 556 763 Tulliano,
588 716 792 755 commisit
821 729 994 754 examen
1022 713 1257 752 sanctitatis
1286 713 1397 751 vitae
1420 727 1466 751 ac
1488 713 1780 751 miraculorum
1809 712 1946 750 fratris

242 779 421 816 Thomae
438 775 657 826 Aquinatis
675 774 825 813 ordinis
843 773 1192 820 Praedicatorum,
1209 780 1257 809 ut
1272 772 1357 810 veri
1373 772 1640 810 similitudine
1655 771 1749 810 inde
1766 779 1949 822 sumpta,

243 837 372 875 tutius
406 843 543 886 posset
576 834 737 885 procedi
771 834 813 871 in
847 832 1157 871 canonizatione
1190 831 1337 882 ipsius3
1371 846 1416 869 esc
1452 831 1557 869 bulla
1593 831 1766 869 Joannis
1794 830 1948 878 XXII,

244 896 353 934 edita
376 895 419 933 in
441 903 554 932 tomo
578 894 709 944 primo
733 892 872 930 martii
894 891 1166 938 Bollandiani‚
1191 906 1230 941 p.
1257 890 1344 929 687.

296 955 414 992 Anno
442 953 725 999 MCCCXXII,
752 959 919 1001 rogatus
946 950 1196 989 sententiam
1223 950 1271 988 de
1298 950 1456 988 famosa
1482 949 1550 988 illa
1577 948 1817 999 quaestione
1844 963 1949 999 quae

244 1022 334 1051 tum
353 1013 589 1063 agitabatur
606 1012 648 1049 in
668 1011 806 1049 ordine
824 1011 1001 1049 fratrum
1020 1010 1238 1057 Minorum‚
1258 1023 1311 1047 an
1330 1009 1513 1047 Christus
1532 1017 1573 1047 et
1591 1008 1768 1059 apostoli
1785 1008 1950 1046 habuis-

245 1080 336 1111 sent
358 1072 494 1121 aliqua
517 1072 559 1108 in
579 1070 744 1121 proprio
767 1077 841 1107 aut
862 1069 901 1107 in
915 1069 1148 1116 communi,
1173 1076 1214 1107 et
1237 1082 1286 1106 an
1311 1068 1512 1107 haberent
1534 1076 1702 1106 tantum
1724 1066 1949 1118 simplicem

245 1146 364 1169 usum
380 1145 513 1169 rerum
532 1128 924 1180 consumptibilium,
942 1128 1155 1179 respondit
1173 1129 1187 1151 2
1203 1142 1344 1166 eorum
1361 1127 1610 1166 sententiam
1628 1127 1697 1177 qui
1713 1134 1867 1178 putant
1883 1134 1950 1165 eos

246 1190 345 1228 nihil
368 1189 558 1227 habuisse
581 1203 665 1226 non
687 1202 912 1239 repugnare
938 1202 1078 1226 eorum
1104 1187 1285 1238 opinioni
1310 1187 1380 1237 qui
1404 1187 1521 1225 aliter
1545 1187 1743 1235 sentiunt,
1770 1186 1802 1224 si
1825 1186 1950 1224 modo

247 1258 433 1299 tempora
460 1248 781 1298 distinguantur,
801 1247 871 1285 sed
895 1261 977 1285 uno
1003 1247 1229 1296 eodemque
1254 1254 1439 1297 tempore
1465 1246 1681 1284 convenire
1706 1260 1789 1284 non
1812 1259 1951 1296 posse3

248 1308 408 1347 Odoric.
439 1307 657 1357 Raynald,
685 1321 749 1345 an.
780 1306 893 1354 1322,
927 1306 944 1355 S
971 1306 1032 1344 66.

301 1367 414 1406 Obiit
433 1367 448 1389 3
472 1366 681 1404 Avenione
706 1380 813 1404 anno
839 1365 1139 1413 MCCCXXVI,
1165 1379 1302 1403 mense
1326 1364 1628 1412 novembri‚‘ut
1650 1364 1692 1402 in
1716 1364 1827 1402 bulla
1853 1377 1951 1413 qua-

249 1428 344 1464 dam
377 1425 547 1464 Joannis
581 1425 710 1463 XXII
749 1440 789 1463 se
831 1425 1035 1463 invenisse
1075 1432 1256 1462 testatur
1286 1423 1541 1462 Contelorius
1575 1423 1628 1474 [p.
1662 1423 1741 1475 21].
1775 1422 1847 1461 Cui
1879 1436 1952 1473 ego

249 1486 391 1524 lubens
411 1484 621 1523 assentior.
645 1484 757 1532 Quae
776 1484 884 1522 enim
903 1484 971 1521 alii
992 1484 1039 1522 de
1059 1483 1145 1533 ejus
1165 1491 1297 1521 morte
1317 1482 1511 1533 scripsere
1530 1483 1688 1521 somnia
1708 1490 1805 1521 sunt
1823 1481 1952 1520 homi-

250 1559 348 1583 num
374 1558 520 1594 parum
548 1551 805 1582 attentorum
831 1543 883 1581 ad
910 1543 1099 1581 historias
1129 1557 1228 1593 quas
1258 1542 1505 1581 scribebant.

305 1604 448 1642 Nescio
473 1603 642 1640 ubinam
666 1602 921 1652 Augustinus
947 1602 1144 1641 Oldoinus
1168 1602 1329 1640 invenit
1352 1602 1461 1639 hunc
1487 1601 1750 1640 Guillelmum
1774 1600 1952 1651 primum

253 1662 466 1701 Condomii
485 1662 722 1712 episcopum
740 1662 756 1685 4
773 1661 1033 1699 nominatum
1054 1661 1177 1699 fuisse
1197 1675 1220 1699 a
1242 1661 1401 1699 Joanne
1424 1660 1566 1708 XXII,
1585 1660 1682 1698 novi
1707 1660 1824 1698 istius
1852 1659 1954 1710 epis-

254 1729 424 1772 copatus
447 1721 695 1759 institutore.
724 1721 841 1769 Quod
864 1728 959 1759 ante
984 1720 1206 1758 Oldoinum
1228 1720 1407 1759 nefando
1441 1720 1607 1770 quidem
1639 1733 1814 1770 usquam
1840 1718 1955 1757 aucli-

255 1789 357 1827 tum,
379 1794 450 1830 ego
472 1780 735 1818 falsissimum
756 1794 839 1818 esse
860 1788 975 1830 puto.
993 1780 1133 1830 Aeque
1153 1794 1301 1830 parum
1315 1794 1459 1818 verum
1479 1787 1542 1817 est
1562 1779 1672 1829 quod
1686 1779 1796 1817 idem
1818 1777 1956 1818 Oldoi-

256 1854 330 1877 nus
356 1847 397 1877 et
423 1839 491 1877 alii
517 1839 689 1876 tradunt
715 1853 808 1877 eum
835 1839 956 1878 fuisse
984 1839 1338 1889 archiepiscopum
1362 1840 1619 1886 Remensem,
1641 1852 1724 1876 non
1751 1838 1849 1876 satis
1879 1836 1956 1875 dis-

256 1899 488 1948 tinguentes
524 1898 786 1936 Guillelmum
819 1898 986 1936 Testam
1021 1898 1269 1936 cardinalem
1303 1912 1325 1936 a
1361 1898 1578 1937 Guillelmo
1618 1897 1668 1936 de
1700 1897 1794 1935 Tria
1828 1896 1957 1935 archi-

260 1958 446 2007 episcopo
467 1957 670 1995 Remensi.

311 2017 353 2055 P.
387 2016 448 2063 75,
479 2016 543 2065 lig.
577 2016 610 2055 2.
645 2016 981 2055 CONDOMIENSIS.
1016 2016 1079 2053 Ex
1109 2016 1253 2054 eadem
1284 2024 1403 2066 gente
1435 2015 1722 2054 Condomiensi
1753 2023 1866 2053 ortus
1897 2022 1960 2053 est

259 2075 460 2114 Gerardus
485 2075 606 2113 Testa
632 2075 774 2113 doctor
799 2075 1055 2128 decretorum
1079 2083 1119 2113 et
1143 2075 1308 2113 auditor
1331 2075 1490 2125 Anglici
1514 2074 1730 2113 cardinalis
1754 2074 1959 2112 Albanen-

259 2134 324 2181 sis,
344 2134 459 2183 cujus
479 2134 633 2172 mentio
652 2142 769 2172 extat
787 2135 898 2184 apud
919 2134 1201 2172 Raimundum
1222 2134 1407 2184 Hugonis
1426 2135 1469 2174 in
1485 2134 1669 2173 Historia
1687 2132 1962 2172 translationis

260 2193 432 2242 corporis
452 2193 491 2231 S.
514 2192 683 2230 leomae
701 2193 918 2243 Aquinatis
936 2194 1048 2244 [Acta
1066 2194 1310 2241 soncior-um,
1332 2208 1453 2242 mars,
1474 2201 1503 2233 t.
1523 2208 1549 2241 1,
1568 2208 1608 2244 p.
1630 2192 1733 2244 732]
1757 2192 1960 2231 Eumdem

262 2252 381 2290 fuisse
420 2251 700 2302 praepositum
740 2252 1074 2291 Ebredunensem
1114 2253 1263 2291 docent
1302 2261 1441 2291 vetera
1479 2260 1749 2290 monumenta
1787 2251 1898 2290 edita
1937 2264 1960 2288 a

263 2312 420 2349 Joanne
439 2311 663 2358 Guesnaeo,
681 2311 748 2350 lib.
772 2311 824 2359 II,
844 2311 1033 2349 Cassiani
1052 2312 1251 2359 illustrati,
1269 2326 1308 2362 p.
1328 2311 1416 2351 635.
1436 2311 1558 2362 Apud
1577 2312 1782 2358 Humum,
1800 2311 1868 2350 lib.
1888 2310 1961 2357 VI,

262 2370 366 2408 His-t.
390 2369 580 2417 Ravenn„
602 2384 641 2420 p.
665 2369 753 2417 584,
776 2370 930 2408 mentio
952 2379 1013 2409 est
1035 2371 1201 2408 Martini
1222 2371 1368 2409 Testae
1390 2370 1666 2409 archidiaconi
1690 2369 1961 2416 Ravennatis,

263 2443 327 2467 an.
356 2428 628 2477 MCCCLXX,
656 2429 725 2478 qui
751 2437 841 2466 tum
870 2429 1092 2468 Ravennae
1120 2438 1207 2468 erat
1235 2444 1327 2469 cum
1354 2430 1559 2468 cardinale
1586 2429 1767 2479 Anglico.

315 2606 344 2638 1.
376 2605 414 2639 B.
441 2606 497 2645 N.,
521 2618 587 2639 ms.
610 2606 704 2640 latin
726 2605 831 2647 4270,
855 2607 879 2641 f.
903 2608 971 2641 129
994 2611 1045 2640 v0.

316 2659 346 2691 2.
367 2659 441 2691 Son
460 2659 635 2692 memoire
656 2672 676 2692 a
695 2662 753 2693 ete
771 2660 943 2704 imprime
962 2673 1030 2704 par
1049 2661 1087 2695 F.
1108 2661 1241 2701 Tocco,
1261 2662 1316 2694 La
1334 2662 1513 2705 quistione
1531 2661 1623 2694 della
1639 2660 1803 2700 Ρονενίἁ,
1823 2672 1859 2704 p.
1880 2660 1967 2694 156-

272 2712 346 2744 158.
364 2731 410 2733 ’ψ
427 2712 484 2744 On
501 2723 521 2744 a
538 2715 714 2746 conserve
731 2714 830 2746 aussi
845 2725 913 2747 son
930 2714 1009 2747 avis
1025 2726 1088 2748 sur
1103 2715 1139 2747 la
1155 2714 1320 2747 croisade
1341 2714 1507 2758 (Comen,
1525 2725 1561 2747 n.
1579 2713 1700 2757 1697).
1717 2733 1766 2736 --
1781 2713 1831 2746 Le
1848 2713 1968 2746 cardi-

269 2764 328 2796 nal
355 2764 462 2797 Teste
489 2765 547 2797 fut
573 2766 822 2810 camerlingue
849 2767 899 2799 du
924 2767 1034 2800 Sacre
1061 2767 1204 2811 College
1231 2768 1281 2800 du
1308 2768 1351 2801 26
1377 2767 1581 2800 novembre
1608 2767 1701 2800 1323
1727 2778 1775 2799 au
1800 2766 1894 2800 mois
1921 2767 1965 2799 de

269 2818 479 2859 septembre
498 2819 590 2851 1326
611 2818 663 2861 (P.
683 2818 730 2852 M.
749 2819 1017 2863 Baumgarten,
1041 2820 1377 2863 Untersuchungen,
1396 2832 1430 2863 p.
1451 2820 1512 2863 LI).

319 2873 350 2901 35,
376 2870 403 2902 11
426 2870 525 2903 dicta
546 2882 612 2903 son
635 2878 840 2905 testament
860 2874 890 2905 le
912 2874 965 2906 ‘les
984 2874 1196 2917 septembre
1217 2874 1311 2907 1326
1336 2873 1388 2916 (F.
1411 2873 1620 2912 Duchesne,
1645 2872 1810 2906 Histoire
1830 2873 1870 2906 de
1890 2877 1968 2905 tous

273 2922 319 2953 les
342 2924 543 2956 (ardinnam
569 2924 743 2966 fram-ais,
770 2932 795 2958 t.
820 2937 856 2965 11,
882 2938 917 2969 p.
943 2927 1129 2969 279-283).
1156 2926 1274 2959 Eubel
1299 2925 1541 2968 (Hierarchia‚
1564 2932 1588 2959 t.
1605 2938 1629 2965 1,
1654 2937 1689 2969 p.
1710 2925 1767 2969 14)
1801 2926 1905 2969 place
1933 2925 1967 2958 la

274 2976 358 3005 ⁴1:1¹0
381 2974 421 3003 «lv
444 2987 483 3007 sa
504 2983 601 3008 moi-1.
622 2985 735 3009 avant
758 2979 788 3010 le
810 2980 853 3011 25
874 2980 1086 3022 septembre
1106 2980 1211 3013 1326.

280 3027 353 3112 134.
382 3028 429 3088 [ἕο
449 3029 613 3123 ,ρῖῑῖἧῐίον
638 3031 778 3073 cveque
806 3032 848 3063 de
876 3031 1044 3064 Condom
1069 3032 1128 3065 fut
1154 3032 1343 3065 Raimond
1369 3032 1412 3064 de
1440 3031 1579 3065 Galard
1607 3031 1764 3075 (Mollat,
1791 3043 1825 3064 n.
1853 3031 1965 3069 4689;

338 3087 427 3112 aout
451 3103 480 3113 „i
558 3108 564 3114 .
