2083 3458
608 188 825 214 LOCORUM
865 189 920 213 ET
959 189 1271 214 PERSONARUM

79 272 270 305 Arnaldus
301 271 437 310 Duesa,
472 271 679 305 vicecomes
713 272 757 305 de
791 272 901 305 Cara—

130 336 281 364 manno,
302 325 381 363 297,
400 324 481 357 420.

79 378 270 411 Arnaldus
300 378 343 410 de
374 377 587 420 Falgueriis,
610 378 820 417 cardinalis,
841 379 898 419 42,

130 431 186 471 84,
208 431 288 470 128,
311 431 391 470 133,
413 430 592 470 141-143,
614 431 695 464 159.

80 484 269 517 Arnaldus
300 483 492 523 Fredetus,
519 484 597 517 254.

75 537 268 570 Arnaldus
288 536 451 576 Garsiae,
473 537 516 569 de
535 537 656 575 Albia,
677 537 733 576 96,
754 538 834 570 117.

77 590 268 623 Arnaldus
292 590 443 623 Garsiae
468 590 511 622 de
535 589 644 630 Goto,
671 591 791 630 95-99,
817 592 896 624 132.

74 643 267 677 Arnaldus
295 643 466 682 Joannis,
490 643 569 676 217.

74 697 266 730 Arnaldus
295 696 348 729 La
377 696 501 735 Caille,
532 697 612 730 611.

76 750 265 784 Arnaldus
295 750 338 782 de
367 749 477 790 Loco,
503 750 584 789 791,
609 749 689 782 792.

73 803 264 837 Arnaldus
296 802 453 842 Novelli,
492 802 702 841 cardinalis,
743 803 798 842 68,
838 804 894 844 89,

125 856 499 896 123,143,145·146,
519 857 598 894 155,
618 857 793 895 156‚166,
813 857 892 890 212.

73 910 275 950 Arnaldus,
330 909 526 953 episcopus
582 909 890 953 pampilonensis,

122 963 203 996 191.

68 1016 261 1050 Arnaldus
291 1016 335 1048 de
365 1016 558 1059 Pelagrua,
589 1016 799 1055 cardinalis,
833 1017 889 1055 39,

121 1071 176 1109 57,
206 1070 262 1109 70,
294 1070 349 1108 80,
380 1069 460 1108 104,
491 1069 571 1108 112,
602 1070 683 1109 114,
713 1069 889 1109 125-134‚

119 1123 200 1162 142,
223 1123 304 1156 329.

66 1176 258 1209 Arnaldus
289 1175 508 1219 Raymundi
539 1176 582 1208 de
612 1176 775 1219 Aspello,
807 1177 887 1209 100.

64 1229 257 1263 Arnaldus
288 1228 448 1272 Rogerii,
469 1229 549 1268 108,
570 1230 649 1262 123.

67 1283 258 1316 Arnaldus
289 1282 455 1322 Roiardi,
486 1283 566 1321 163,
597 1283 677 1315 164.

66 1336 258 1369 Arnaldus
288 1336 332 1368 de
363 1335 515 1375 Roseto,
547 1336 626 1369 225.

69 1389 258 1422 Arnaldus
289 1388 448 1428 Ruffati,
478 1390 558 1422 123.

67 1443 259 1476 Arnaldus
288 1442 332 1475 de
355 1442 494 1475 Sancto
517 1442 677 1481 Asterie,
702 1443 783 1481 124,
809 1443 888 1476 260.

68 1496 259 1529 Arnaldus
289 1496 333 1528 de
361 1495 526 1535 Servola,
580 1496 757 1536 460-463‚
807 1496 888 1535 489,

120 1550 200 1588 491,
222 1549 302 1588 505,
324 1549 404 1582 506.

68 1603 260 1636 Arnaldus
290 1603 334 1635 de
363 1602 538 1641 Trianno,
588 1603 667 1640 234,
715 1603 889 1642 249-251‚

122 1656 202 1695 297,
229 1656 310 1689 331.

67 1709 261 1742 Arnaldus
291 1709 334 1741 de
362 1709 536 1748 Verdala,
574 1710 654 1748 107,
693 1709 772 1748 237,
811 1710 891 1750 272,

121 1763 202 1801 301,
226 1763 307 1795 409.

71 1816 261 1849 Arnaldus
286 1816 330 1848 dc
354 1815 434 1855 Via,
460 1815 671 1855 cardinalis,
696 1816 776 1855 218,
801 1816 894 1850 234-

121 1869 206 1909 236,
228 1869 307 1908 294,
327 1869 409 1908 302,
429 1869 510 1908 307,
531 1869 612 1908 413,
633 1869 713 1902 493.

73 1922 261 1955 Arnaldus
292 1922 335 1954 (16
364 1922 583 1961 Villamuro,
614 1923 694 1955 413.

72 1975 261 2008 Arnaldus
292 1976 335 2008 de
364 1975 575 2011 Villanova,
607 1976 686 2008 569.

73 2029 262 2062 Arnaldus
292 2029 336 2061 de
365 2028 546 2072 Yspania,
577 2029 656 2062 446.

71 2082 417 2115 Arnaud—Bernard
437 2082 481 2114 de
503 2082 666 2121 Pressac,
691 2083 768 2115 100.

71 2136 230 2168 Arnaud
250 2136 293 2168 de
313 2135 525 2178 Caupenne,
546 2136 627 2168 161.

75 2189 231 2221 Arnaud
278 2188 417 2228 Garsie,
468 2188 523 2221 fils
571 2189 614 2221 de
660 2189 803 2221 Barrau
851 2189 893 2221 (16

124 2241 432 2281 Saint-Sauveur,
455 2242 510 2274 99.

75 2295 231 2328 Arnaud
261 2295 304 2327 de
333 2294 606 2331 Saint-Michel,
636 2295 715 2335 291,
744 2296 823 2328 293.

72 2349 242 2387 Arnaud,
265 2348 335 2381 sire
357 2348 400 2381 de
422 2348 578 2387 Villiers,
601 2349 682 2381 328.

75 2402 258 2434 Arnestus
278 2401 322 2433 (16
341 2401 533 2440 Bohemia,
555 2402 635 2434 389.

76 2455 295 2498 Arnulphus
312 2455 355 2487 de
370 2455 621 2487 Audeneham
638 2454 894 2497 (Audrehcm),

124 2508 205 2547 461,
222 2508 303 2547 490,
320 2508 400 2546 571,
417 2508 497 2546 652,
515 2508 594 2540 751.

76 2561 294 2604 Arnulphus
316 2560 368 2593 La
388 2560 512 2601 Caille,
534 2561 614 2600 834,
637 2561 717 2594 864.

76 2614 241 2647 Arondel
272 2612 469 2656 (Arunclel,
496 2614 744 2657 Angleterre),
774 2620 896 2646 comte

127 2667 174 2706 d',
196 2667 277 2700 381.

76 2720 287 2763 Arrablayo
316 2718 529 2763 (Arrabloy,
555 2719 708 2762 Loiret),
736 2720 822 2759 229;
850 2739 899 2742 —

127 2785 214 2816 gens
233 2774 289 2813 de,
311 2785 343 2806 v.
362 2773 540 2813 Joannes,
569 2773 768 2812 Guiardus,
796 2772 898 2805 Guil-

126 2826 270 2866 lelmus,
299 2826 524 2869 Margareta,
556 2825 798 2869 Reginaldus.

76 2879 282 2918 Artaudus,
308 2879 504 2922 episcopus
529 2879 741 2912 Grassensis
764 2884 802 2911 et
825 2878 898 2911 Sis-

127 2932 332 2971 taricensis,
364 2933 445 2972 604,
477 2933 558 2971 628,
590 2933 670 2971 682,
703 2932 783 2971 683,
815 2931 895 2971 685,

128 2985 208 3024 804,
230 2986 310 3024 806,
333 2986 413 3024 823,
435 2986 515 3019 864.

76 3038 283 3071 Arverniae
324 3036 572 3081 (Aiwergne),
610 3037 823 3081 dalphinus,
863 3048 895 3069 v.

1703 173 1784 214 927

1025 273 1216 311 Beraldus,
1279 284 1401 305 comes
1457 272 1783 305 claromontanus.

975 326 1156 358 Asculum
1189 324 1333 368 (Ascoli
1362 326 1508 365 Piceno,
1543 325 1677 368 Italia),
1702 325 1783 358 572.

976 378 1157 422 Aspreriis
1196 377 1419 422 (Asprieres,
1446 378 1651 422 Aveyron),
1688 378 1785 422 prio-

1024 439 1129 465 ratus
1159 433 1216 471 de,
1253 433 1333 465 589.

975 485 1260 517 Assisinatensis
1294 484 1452 528 (Assise,
1478 484 1613 527 Italic),
1636 484 1782 523 civitas,

1024 539 1080 577 41,
1123 539 1179 577 42,
1221 539 1302 577 403,
1334 539 1414 577 427,
1457 539 1536 577 573,
1578 539 1658 577 636,
1701 538 1782 577 728,

1025 592 1111 630 850;
1127 611 1175 614 —
1189 592 1343 624 ecclesia
1358 591 1486 624 Sancti
1503 591 1702 630 Francisci,
1726 591 1783 630 42,

1023 645 1395 687 8503—episc0pus,
1414 657 1448 677 v.
1467 645 1700 677 Bertrandus
1719 643 1785 676 Es-

1021 698 1196 741 charpiti,
1212 698 1443 730 Bertrandus
1457 697 1634 740 Latgerii,
1652 697 1786 730 Pastor

1022 750 1065 783 de
1097 750 1370 783 Sarescuderio.

971 804 1158 836 Astass'ort
1184 803 1550 846 (Lot—ct-Garonne),
1574 804 1654 836 143.

970 857 1140 889 Astensis
1184 856 1298 899 (Asti,
1343 857 1478 899 Italic),
1521 856 1667 895 civitas,
1702 857 1783 896 126,

1019 911 1104 949 1273
1136 929 1185 932 —
1214 911 1422 954 episcopus,
1454 922 1486 943 v.
1519 910 1708 942 Arnaldus
1741 910 1784 941 de

1019 963 1171 996 Roseto.

967 1016 1136 1049 Asterius
1167 1017 1210 1049 de
1240 1016 1355 1056 Murc,
1386 1017 1467 1050 357.

966 1069 1175 1113 Astorgius,
1202 1069 1375 1102 dominus
1393 1064 1443 1102 ‘de
1467 1069 1676 1108 Aureliaco,
1702 1069 1783 1102 364.

965 1123 1148 1155 Astrucus
1184 1123 1227 1155 de
1264 1123 1380 1162 Piera,
1416 1123 1574 1166 judaeus
1612 1122 1788 1155 Barcino-

1014 1176 1148 1215 nensis,
1170 1177 1251 1215 347,
1273 1177 1353 1209 472.

965 1229 1215 1262 Asturiccnsis
1240 1228 1428 1271 (Astorga,
1452 1229 1651 1272 Espagne),
1672 1228 1787 1261 eccle-

1013 1283 1078 1322 sia,
1099 1283 1185 1319 84ος
1201 1302 1250 1305 μ-
1265 1283 1473 1326 episcopus,
1492 1294 1526 1314 v.
1545 1281 1734 1314 Alfonsus.

965 1336 1204 1369 Atheniensis
1243 1334 1431 1378 (Athenes,
1467 1335 1610 1378 Grece),
1645 1334 1786 1368 archie-

994 1386 1201 1433 'piscopus,
1224 1401 1257 1422 v.
1279 1388 1467 1421 Antonius
1487 1388 1720 1421 Balistarius.

966 1442 1274 1485 Athis-sur-Orge
1309 1441 1620 1483 (Scine-et-Oise),
1654 1442 1708 1474 60.

966 1495 1247 1529 Attrebatensis
1291 1494 1438 1537 (Arras,
1480 1493 1805 1537 Pas-de-Calais),-

1016 1549 1227 1588 cardinalis,
1288 1561 1321 1581 v.
1383 1548 1515 1581 Petrus
1573 1547 1785 1587 Bertrandi,

1016 1603 1158 1646 junior;
1196 1621 1244 1624 —
1280 1601 1577 1641 archidiaconus,
1618 1601 1703 1640 257;
1741 1619 1790 1623 —

1016 1656 1225 1699 episcopus,
1278 1655 1358 1694 343,
1412 1655 1491 1693 671,
1544 1655 1611 1687 687
1662 1659 1700 1686 et
1750 1665 1784 1687 v.

1017 1710 1186 1742 Andreas
1234 1708 1357 1747 Ghini,
1403 1707 1569 1740 Bernard
1607 1706 1786 1746 Rouiard,

1019 1763 1151 1795 Petrus
1184 1762 1394 1800 Bertrandi,
1419 1761 1555 1804 junior,
1585 1760 1716 1793 Petrus
1744 1760 1787 1792 (16

1018 1815 1139 1859 Capis,
1172 1815 1304 1848 Petrus
1335 1814 1518 1851 Masoerii,
1552 1814 1683 1846 Petrus
1715 1813 1789 1846 Ro-

1018 1869 1117 1912 gerii.

968 1921 1249 1955 Attrebatensis
1299 1919 1478 1963 (Artois),
1525 1931 1659 1959 comes,
1705 1920 1787 1960 187,

1018 1987 1052 2009 v.
1082 1975 1287 2013 Mathildis,
1319 1974 1519 2006 Robertus.

968 2029 1158 2062 Attanum
1170 2027 1314 2069 (Saint-
1322 2025 1787 2069 Yrieioe,Haute.-Vicnne),

1029 2082 1109 2114 447.

968 2136 1066 2168 Atzo
1085 2133 1337 2173 Vicecomitis,
1362 2133 1439 2166 174.

969 2189 1176 2221 Aubeterre
1201 2186 1674 2229 (Aubeterre-sur-Dronne,
1697 2185 1791 2218 Cha—

1019 2241 1151 2283 rente),
1174 2241 1239 2273 591
1262 2247 1299 2272 et
1320 2252 1352 2272 v.
1378 2239 1577 2282 Esparbez.

970 2295 1210 2328 Audebertus
1233 2292 1456 2331 Grimoardi,
1478 2292 1558 2324 491.

971 2348 1181 2390 Audoynus
1200 2346 1357 2385 Alberti,
1377 2344 1588 2385 cardinalis,
1609 2345 1688 2384 280,
1708 2345 1790 2385 407,

1020 2401 1101 2439 410,
1138 2400 1219 2438 434,
1255 2399 1336 2438 435,
1376 2398 1554 2437 440-442,
1590 2398 1671 2437 447,
1709 2397 1789 2438 448,

1021 2454 1101 2493 475,
1124 2454 1204 2492 485,
1227 2453 1307 2491 492,
1330 2452 1410 2490 543,
1433 2452 1512 2484 571.

972 2507 1096 2549 Auger
1115 2507 1159 2538 de
1177 2505 1351 2544 Baslada,
1372 2505 1427 2538 95.

971 2560 1097 2603 Augcr
1119 2560 1162 2591 (16
1187 2559 1386 2601 Pellegrue,
1411 2558 1491 2590 131.

971 2612 1154 2656 Augerius
1182 2612 1225 2644 de
1254 2610 1463 2654 Falguario,
1492 2610 1572 2643 123.

970 2665 1067 2708 Augi
1113 2664 1204 2707 (Eu,
1253 2662 1612 2706 Scine-Inferieurc),
1655 2673 1790 2703 comes,

1020 2719 1101 2758 399,
1124 2719 1188 2751 671
1212 2724 1249 2750 et
1271 2729 1303 2750 v.
1325 2717 1503 2756 Joannes,
1529 2716 1691 2748 Joanna.

972 2771 1114 2815 Augiae
1148 2769 1284 2813 (Auge,
1318 2769 1575 2812 Normandie),
1607 2767 1791 2801 archidia-

1021 2830 1179 2857 conatus
1215 2823 1254 2855 in
1291 2822 1457 2855 Ecclesia
1494 2821 1728 2861 Lexoviensi,
1755 2833 1788 2854 v.

1023 2877 1233 2910 Richardus
1264 2875 1431 2919 Nepotis.

973 2930 1115 2973 Augiae
1153 2928 1244 2972 (Eu,
1279 2927 1638 2970 Scine-Inferieure),
1673 2927 1792 2960 archi-

1023 2983 1245 3016 diaconatus
1293 2982 1330 3014 in
1380 2980 1545 3014 Ecclesia
1583 2980 1793 3013 Rothoma—

1024 3036 1136 3080 gensi,
1160 3036 1238 3069 234.
