2083 3458
97 165 221 220 [597]
625 179 843 204 PAPARUM
879 177 1266 204 AVENIONENSIUM
1738 164 1789 205 65

138 265 181 302 P.
211 264 272 311 19,
298 263 365 313 lig.
395 263 455 301 16.
487 263 735 301 ROBERTUS.
765 262 816 300 Ce
842 261 980 312 prince
1007 276 1056 300 ne
1081 262 1191 300 Iutta
1217 276 1289 312 pas
1316 276 1390 312 par
1409 262 1464 300 les
1491 276 1621 300 armes
1649 270 1787 301 contre

83 324 335 373 l’empereur.
366 323 474 361 C’est
501 337 575 361 son
602 321 704 360 frere
734 322 838 359 Jean
866 321 915 359 de
943 320 1124 360 Gravina
1152 321 1222 371 qui
1249 335 1413 366 assuma
1441 335 1483 359 ce
1506 322 1601 359 role.
1631 321 1706 359 Sur
1732 323 1787 359 les

84 385 346 423 evenements
367 381 437 432 qui
457 396 497 420 se
516 384 730 432 passerent
751 383 772 418 a
796 381 924 418 Rome
945 380 1035 418 voir
1052 380 1217 427 Baluze,
1238 388 1268 419 t.
1288 395 1345 427 111,
1365 395 1404 430 p.
1427 379 1613 419 530-543.

138 442 180 479 P.
198 441 260 488 19,
272 441 339 491 lig.
355 441 699 479 17.IMPERAT0R1
715 454 896 477 PETENTI
913 453 1145 477 HOMAGIUM
1159 439 1185 478 ¹.
1202 439 1304 478 Vide
1319 439 1534 478 Nicolaum
1549 439 1786 489 Specialem,

81 501 151 539 lib.
171 501 267 547 VII,
287 515 319 539 c.
348 515 360 538 1
390 499 619 551 [Muratori,
644 507 673 538 t.
711 516 751 547 x,
785 499 858 537 col.
890 498 1007 550 1053]
1027 507 1068 537 et
1099 499 1152 537 M.
1185 499 1402 537 Albertum
1433 498 1786 548 Argentinensem,

81 575 120 611 p.
144 560 266 599 87-89

136 619 179 657 Ρ.
205 618 266 666 19,
288 618 356 669 lig.
380 618 442 656 25.
467 619 798 656 MEDIATomssus
827 617 868 655 in
898 616 1039 667 primis
1062 631 1158 655 vero
1188 617 1364 655 Rizardo
1395 617 1659 662 Gambatesa,
1685 616 1786 666 regis

83 678 254 716 Roberti
275 677 511 725 secretari03
534 677 603 727 qui
627 685 768 715 tamen
782 676 934 714 infecto
959 676 1123 726 negotio
1143 676 1322 723 recessit,
1343 684 1391 714 ut
1410 676 1558 726 legitur
1579 675 1684 714 infra
1699 675 1745 726 [t.
1761 691 1786 723 1,

81 737 196 788 p.86]
210 737 252 775 in
265 737 414 787 Quinta
426 737 505 775 vita
517 735 728 774 Clementis
737 736 782 774 V.
795 736 927 784 Quare
941 735 1090 773 falsum
1099 735 1264 774 videtur
1277 736 1387 786 quod
1399 735 1520 774 isthic
1534 735 1593 773 ait
1607 735 1786 773 Joannes

82 796 332 844 parisiensis,
354 804 518 846 treugas
538 796 552 818 2
573 810 619 834 ea
654 803 903 845 tempestate
938 795 1204 833 confirmatas
1227 794 1349 833 fuisse
1371 794 1478 833 inter
1501 794 1725 833 Henricum
1746 802 1787 832 et

83 855 331 903 Robertum3
349 855 590 906 praesertim
612 870 703 893 cum
721 854 912 893 Nicolaus
929 854 1120 904 Specialis
1147 863 1188 893 et
1200 855 1253 893 M.
1271 854 1463 893 Albertus
1479 853 1785 904 Argentinensis

82 915 131 953 de
156 915 261 953 bello
288 923 454 954 tantum
479 915 717 965 loquantur,
744 914 855 953 nulla
882 914 992 964 pacis
1019 922 1093 952 aut
1118 913 1377 952 induciarum
1403 912 1624 952 mentione.
1657 913 1785 950 Immo

81 982 238 1013 certum
255 989 340 1013 esse
356 974 458 1012 nihil
473 974 706 1012 istiusmodi
724 972 940 1022 contigisse
958 973 1090 1023 colligi
1106 988 1223 1023 posse
1240 973 1405 1011 videtur
1416 987 1471 1011 >ex
1487 987 1533 1011 eo
1551 972 1661 1022 quod
1677 971 1786 1010 idem

81 1034 402 1084 Argentinensis,
418 1049 457 1084 p.
479 1033 542 1081 91,
558 1033 621 1080 92,
642 1033 701 1071 ait
723 1033 937 1071 Caesarem
956 1032 1097 1070 tulisse
1117 1032 1367 1071 sententiam
1386 1032 1428 1070 in
1450 1032 1679 1070 Robertum
1695 1039 1786 1069 tan-

81 1106 206 1143 quam
218 1093 260 1131 in
274 1108 389 1131 reum
403 1093 536 1132 laesae
551 1092 782 1142 majestatis
797 1091 1087 1142 imperatoriae
1099 1106 1145 1130 ac
1160 1092 1413 1142 proditorem
1428 1100 1469 1130 et
1483 1092 1644 1129 hostem
1660 1090 1786 1141 impe-

80 1151 141 1200 rii,
155 1152 224 1190 sed
245 1167 335 1191 eam
356 1167 379 1190 a
401 1153 607 1191 Clemente
625 1152 658 1189 V
679 1159 773 1202 post
794 1159 969 1189 mortem
991 1151 1171 1190 Caesaris
1193 1151 1315 1189 fuisse
1332 1158 1586 1197 revocatum,
1602 1149 1786 1199 citatque

79 1211 121 1249 in
141 1226 231 1250 eam
251 1226 336 1250 rem
357 1211 541 1261 ejusdem
563 1210 781 1250 Clementis
802 1210 1142 1249 constitutionem
1164 1210 1280 1259 cujus
1300 1210 1464 1248 initium
1485 1217 1546 1248 est
1568 1209 1786 1247 Pastoralis

80 1285 187 1318 cara,
207 1285 313 1320 quae
331 1279 448 1310 extat
466 1271 506 1309 in
525 1271 630 1309 libro
649 1269 827 1309 secundo
847 1269 1198 1317 Clementinaram,
1218 1269 1284 1308 tit.
1306 1285 1361 1307 XI.

134 1330 177 1368 P.
215 1330 276 1378 19,
310 1330 378 1380 lig.
415 1330 477 1369 28.
514 1330 794 1368 ORDINATUM.
831 1329 997 1367 L'ordre
1033 1329 1101 1367 des
1137 1329 1359 1379 Templiers
1395 1328 1458 1366 fut
1493 1327 1714 1378 supprime,
1750 1327 1784 1365 le

81 1388 128 1426 22
147 1403 255 1428 mars
277 1389 390 1437 1312,
410 1404 484 1440 par
502 1390 539 1427 la
560 1389 667 1428 bulle
692 1389 776 1427 Vox
795 1388 838 1426 in
855 1388 1013 1435 excelso,
1034 1403 1113 1426 non
1131 1403 1200 1439 per
1219 1389 1377 1426 modam
1403 1387 1610 1438 diffinitive
1633 1395 1783 1425 senten-

78 1449 142 1496 tie,
168 1450 235 1487 sed
263 1465 332 1500 per
364 1450 523 1488 modum
556 1448 796 1500 provisionis
829 1463 898 1486 seu
929 1448 1197 1486 ordinationis
1221 1448 1473 1498 apostolice...
1501 1462 1612 1485 sacro
1644 1461 1785 1497 appro-

82 1507 193 1546 hante
216 1509 378 1547 concilio
403 1509 457 1557 (J.
484 1509 528 1546 L.
556 1508 812 1555 Villanueva,
843 1507 968 1556 Vtage
996 1507 1170 1545 literario
1203 1522 1228 1545 a
1255 1507 1315 1545 las
1342 1506 1510 1556 Iglesias
1534 1506 1578 1543 de
1602 1505 1782 1555 Espana,

80 1566 253 1614 Madrid,
280 1567 394 1615 1806,
420 1576 449 1606 t.
476 1583 514 1615 v,
539 1582 578 1618 p.
604 1567 709 1616 220).
737 1568 793 1605 La
818 1566 1059 1604 devolution
1082 1567 1151 1604 des
1176 1566 1288 1605 biens
1313 1581 1396 1604 aux
1421 1564 1690 1615 Hospitaliers
1715 1572 1785 1601 eut

78 1625 157 1664 lieu
177 1626 212 1664 le
234 1626 256 1664 2
278 1627 359 1665 mai
382 1627 481 1665 1312
507 1627 630 1677 (bulle
651 1627 717 1664 Ad
735 1625 941 1676 providam
963 1625 1126 1673 Christi,
1148 1625 1322 1663 Clement
1347 1626 1392 1673 V,
1407 1639 1446 1663 n.
1470 1624 1602 1672 7885),
1624 1623 1715 1661 sauf
1736 1638 1785 1661 eu

79 1685 256 1735 Aragon,
276 1701 324 1724 en
345 1686 522 1734 Castille,
542 1701 591 1725 en
612 1685 807 1735 Portugal
825 1693 866 1723 et
885 1685 987 1723 dans
1005 1685 1040 1723 le
1059 1699 1256 1735 royaume
1275 1685 1323 1723 de
1343 1684 1569 1733 Majorque.
1591 1684 1647 1721 La
1666 1682 1783 1732 liqui-

80 1744 223 1783 dation
249 1745 459 1784 s’effectua
485 1760 578 1784 sans
606 1753 698 1796 trop
726 1746 780 1783 de*
803 1744 1018 1784 difficultes
1048 1744 1152 1788 (voir
1179 1745 1216 1783 J.
1247 1743 1445 1782 Delaville
1472 1743 1507 1781 le
1536 1742 1684 1789 Roulx,
1712 1742 1784 1779 Les

79 1804 348 1854 Hospitaliers
369 1809 394 1843 ὰ
416 1805 582 1852 Rhodes,
607 1804 734 1851 Paris,
760 1803 874 1850 1913,
897 1818 937 1854 p.
962 1803 1112 1852 28-50).

134 1863 176 1901 P.
204 1863 265 1910 19,
290 1864 357 1915 lig.
384 1864 446 1902 29.
475 1865 538 1901 ΒΕ
567 1878 791 1901 EXEMPTIS.
819 1863 1150 1912 Walsinghamus
1176 1863 1228 1900 ad
1253 1877 1408 1900 annum
1434 1861 1635 1899 MCCCXI
1665 1876 1671 1897 ε
1700 1860 1784 1896 Hoc

79 1936 184 1960 anno
204 1923 384 1961 kalendis
404 1924 582 1970 octobris,
597 1923 671 1961 sub
692 1938 801 1973 papa
822 1921 1016 1960 Clemente
1037 1923 1082 1969 V,
1098 1922 1330 1960 celebratam
1346 1921 1425 1971 fnit
1445 1920 1656 1958 concilium
1675 1919 1785 1969 apud

84 1981 280 2019 Viennam
299 1982 341 2020 in
357 1998 430 2033 qao
448 1983 764 2033 Templariornm
781 1982 872 2019 ordo
888 1982 1100 2019 damnatus
1116 1990 1181 2019 est.
1199 1982 1249 2018 Et
1265 1989 1354 2019 ante
1371 1981 1471 2018 illud
1486 1979 1697 2017 conciliant
1716 1992 1784 2027 per

44 2081 49 2088 ¹
81 2041 307 2079 universum
329 2042 458 2080 orbem
481 2042 710 2091 generaliter
730 2041 810 2090 suit
831 2041 1078 2089 divulgatum
1101 2041 1202 2090 qaod
1223 2055 1355 2078 omnes
1377 2048 1410 2077 et
1430 2038 1584 2088 singuli
1607 2036 1782 2085 religiosi

78 2100 245 2150 exempti
273 2102 325 2138 ad
350 2101 417 2151 jus
445 2101 658 2139 transirent
686 2114 901 2138 commune.
938 2101 1050 2138 Unde
1077 2100 1184 2137 solas
1213 2101 1303 2137 ordo
1333 2097 1605 2137 Cisterciensis
1633 2110 1782 2147 papam

78 2159 179 2196 adiit
205 2168 294 2198 ante
321 2160 415 2198 dieti
443 2161 601 2198 concilii
629 2159 923 2198 celebrationem
950 2174 1021 2209 ρνο
1049 2159 1291 2209 exemptione
1316 2173 1392 2197 saa
1417 2156 1591 2208 pristina
1617 2155 1782 2206 pacifice

78 2218 302 2257 obtinenda.
326 2219 438 2270 Quod
457 2228 491 2257 et
511 2220 682 2260 obtinuit
703 2219 817 2257 donis
838 2218 941 2256 datis
973 2218 1018 2269 [t.
1040 2233 1066 2266 1,
1088 2233 1127 2269 p.
1152 2218 1265 2268 127].
1289 2217 1391 2256 Vide
1413 2216 1676 2256 Guillelmum
1699 2214 1781 2251 Du-

78 2277 208 2325 randi,
230 2278 290 2316 De
314 2279 424 2316 modo
449 2279 643 2328 generalis
666 2277 825 2317 concilii
859 2277 1093 2325 celebrandi,
1118 2285 1234 2328 parte
1271 2278 1300 2324 I,
1325 2277 1390 2315 tit.
1414 2291 1470 2323 IV,
1496 2283 1536 2313 et
1560 2282 1675 2325 parte
1705 2272 1782 2320 ΙΙΙ,

127 2468 160 2502 1.
188 2469 332 2504 Robert
354 2470 484 2503 devait
507 2472 631 2514 preter
653 2469 853 2514 hommage
878 2482 973 2513 pour
995 2470 1045 2503 les
1069 2472 1211 2503 comtes
1236 2470 1279 2501 dc
1307 2468 1494 2501 Provence
1511 2462 1556 2515 {et
1572 2468 1615 2499 de
1634 2466 1781 2498 Forcul-

77 2522 193 2563 quier.
216 2523 332 2557 Henri
350 2523 424 2557 VII
445 2525 578 2556 voulut
595 2524 765 2564 l’obliger
783 2524 803 2556 a
820 2524 1044 2567 s’acquitter
1063 2523 1106 2556 de
1126 2535 1164 2556 ce
1184 2522 1314 2555 devoir
1332 2533 1399 2564 par
1425 2520 1628 2558 lui-meme,
1648 2526 1685 2552 ct
1704 2530 1778 2551 non

78 2586 144 2618 par
163 2587 395 2619 procureurs,
416 2577 510 2610 ainsi
529 2577 618 2619 qu'a
637 2577 789 2611 assister
808 2577 828 2609 a
847 2589 915 2610 son
933 2582 1233 2610 couronnement
1251 2576 1271 2607 a
1293 2574 1410 2607 Rome
1434 2574 1644 2616 (Schwalm,
1665 2572 1778 2604 Cons-

75 2629 270 2670 titutione-5⁸,
294 2637 320 2663 t.
340 2629 407 2670 1v2‚
431 2643 465 2664 11.
488 2631 585 2669 726).
610 2630 754 2664 Robert
775 2631 934 2673 n'ayant
952 2642 1017 2673 pas
1039 2629 1122 2663 obei
1143 2635 1181 2662 et
1201 2634 1331 2671 ayant.
1353 2639 1399 2660 en
1420 2633 1538 2664 outre,
1554 2625 1723 2668 organise
1744 2626 1778 2657 la

77 2682 278 2717 resistance
297 2696 342 2717 en
362 2684 471 2716 Italie
489 2690 618 2717 contre
636 2684 871 2727 l'empereur,
892 2683 951 2716 fut
969 2683 1038 2716 mis
1057 2695 1104 2715 au
1124 2683 1198 2715 bau
1218 2682 1261 2714 de
1280 2680 1461 2723 l'Empire
1480 2686 1517 2712 et
1535 2679 1639 2722 prive
1659 2679 1702 2711 dc
1721 2688 1778 2711 ses

79 2735 176 2769 etats
205 2748 300 2780 pour
333 2737 445 2770 crime
468 2738 512 2770 de
539 2738 803 2781 lese-majeste,
836 2738 866 2769 le
897 2738 941 2770 26
972 2737 1067 2769 avril
1096 2736 1188 2769 1313
1221 2734 1431 2778 (Schwalm.
1472 2739 1497 2765 t.
1527 2731 1593 2771 1v2‚
1624 2732 1723 2764 1194
1754 2732 1777 2773 ).

78 2787 238 2840 Atcette
279 2791 451 2823 occasion
483 2791 504 2823 il
547 2797 717 2834 protesta
749 2790 840 2833 qu’il
881 2790 1002 2823 tenait
1044 2801 1112 2822 son
1152 2799 1332 2831 royaume
1363 2786 1688 2819 immediatement
1732 2785 1776 2816 sle

77 2840 227 2885 l’Eglise
243 2844 409 2876 romaine
430 2844 640 2886 (Schwalm,
658 2850 684 2877 t.
700 2843 768 2883 1v²‚
786 2855 820 2876 n.
839 2843 936 2885 947).

128 2895 158 2928 2.
178 2896 334 2930 Aucune
352 2897 457 2930 treve
476 2909 520 2930 ne
539 2897 599 2929 fut
615 2897 752 2940 signee.
774 2897 846 2929 Par
865 2908 938 2928 une
958 2896 1056 2928 bulle
1076 2895 1125 2927 du
1144 2894 1188 2926 19
1206 2893 1289 2937 juin
1307 2893 1412 2932 1312,
1433 2891 1602 2924 Clement
1622 2890 1652 2923 V
1670 2890 1775 2923 avait

78 2948 193 2981 voulu
210 2949 401 2993 l’imposer
418 2962 493 2982 aux
511 2950 752 2994 belligerants
775 2950 828 2993 (F.
851 2949 965 2987 Rern,
985 2948 1079 2981 Acta
1097 2947 1264 2990 Imperii,
1284 2945 1492 2988 Tubingen‚
1513 2945 1618 2982 1911,
1639 2955 1673 2987 p.
1696 2944 1775 2983 150,

78 3010 113 3033 11.
144 3002 240 3046 227),
270 3003 363 3036 mais
395 3003 510 3036 Henri
539 3003 613 3036 VII
643 3009 813 3046 protesta
842 3014 933 3034 avec
963 3002 1125 3033 hauteur
1153 3006 1281 3033 contre
1310 2998 1526 3031 l'initiative
1556 2996 1774 3040 pontificale

82 3052 110 3092 (1
129 3060 166 3086 et
180 3056 200 3088 6
215 3056 306 3088 aofit
320 3057 430 3096 1312;
447 3056 645 3096 Schwalm,
661 3063 686 3089 t.
702 3055 769 3095 1v2,
786 3067 820 3088 n.
837 3055 1024 3097 839-840).

712 3138 862 3160 BALUZE
886 3144 936 3151 —-
965 3127 1001 3159 II
1025 3145 1074 3150 ——
1097 3127 1118 3158 3
