2083 3458
98 226 248 280 [1071]
615 239 830 265 PAPARUM
866 238 1248 265 AVENIONENSIUM
1695 228 1776 269 593

137 325 256 361 Anno
277 323 573 370 MCCCLXXI,
591 323 653 360 die
674 330 791 361 sexta
811 321 946 371 junii¹‚
964 335 1054 359 cum
1076 322 1210 360 adhuc
1227 330 1332 360 esset
1351 323 1393 360 in
1407 324 1610 373 legatione
1629 326 1773 376 Hispa-

84 383 187 430 nica,
219 382 434 432 Gregorius
468 382 528 418 XI
559 382 674 420 illum
704 381 857 430 adlegit
887 381 927 417 in
958 394 1117 418 sacrum
1159 381 1428 419 cardinalium
1464 384 1696 433 collegium;
1727 399 1773 424 ac

83 441 303 481 tamenetsi
321 441 443 478 moris
463 455 545 477 non
565 449 670 478 esset
693 449 740 478 ut
765 440 894 490 pileus
917 440 1066 477 rubeus
1096 440 1288 489 cuiquam
1311 440 1386 479 nisi
1411 442 1624 491 pontificia
1649 457 1773 483 manu

82 501 262 548 daretur,
300 500 415 538 illum
452 507 594 537 tamen
632 499 847 548 Gregorius
886 499 938 535 ad
976 499 1251 538 Bertrandum
1290 500 1400 538 misit
1438 515 1509 550 per
1547 501 1773 540 Arnaldum

82 560 283 606 Andreae,
321 558 620 597 subdiaconum
657 558 1014 607 Burdegalensem.
1045 557 1146 595 Vide
1179 566 1289 595 notas
1325 566 1489 603 nostras,
1518 561 1569 597 ad
1593 562 1775 599 Concilia

89 619 241 657 Galliae
270 617 559 664 Narbonensis,
588 631 627 667 p.
659 616 720 655 60.

136 677 333 725 Quamvis
369 684 510 714 autem
547 676 680 714 factus
718 675 861 713 fuisset
909 675 1138 723 cardinalis,
1177 676 1365 725 quamvis
1402 677 1553 726 pileum
1601 679 1773 717 rubeum

82 736 319 787 accepisset,
348 735 532 773 nondum
559 743 700 772 tamen
727 734 897 772 titulum
924 734 1120 781 habebat,
1150 735 1244 784 quia
1272 735 1383 772 tituli
1412 750 1492 773 non
1520 737 1672 775 dantur
1699 738 1774 776 nisi

81 795 380 846 praesentibus.
405 795 550 843 Itaque
570 801 658 831 erat
676 801 842 831 tantum
861 793 1076 843 presbyter
1096 793 1325 841 cardinalis,
1345 802 1386 832 et
1405 796 1527 844 vulgo
1546 797 1775 835 vocabatur

83 854 298 893 cardinalis
330 854 630 892 Convenarum.
664 852 726 890 Sic
757 852 865 890 enim
896 852 1133 889 nominatur
1162 852 1204 889 in
1236 853 1448 891 concordia
1487 854 1536 892 de
1568 868 1647 904 qua
1679 870 1775 894 mox

83 913 231 952 dicturi
263 927 402 951 sumus
435 921 477 950 et
508 911 619 962 apud
650 911 829 949 Suritam
863 919 903 948 et
937 911 1177 958 Marianam,
1209 911 1277 961 qui
1310 912 1494 950 scribunt
1527 914 1774 953 cardinalem

83 974 368 1011 Convenarum
393 971 494 1021 prid.
522 985 617 1008 non.
645 971 699 1020 [4]
717 970 895 1019 januarii
918 969 1015 1006 anni
1039 969 1241 1009 millesimi
1266 971 1571 1009 CCCLXXXII
1595 973 1774 1011 effecisse

82 1032 144 1069 uti
166 1046 276 1081 reges
301 1031 498 1069 Castellae
521 1038 562 1067 et
585 1029 978 1079 Arragonun1,inte'1·
1001 1042 1100 1078 quos
1124 1042 1296 1078 magnae
1319 1038 1436 1082 erant
1459 1032 1774 1079 controversiae,

82 1104 221 1128 earum
236 1089 452 1127 arbitrium
471 1089 658 1127 Romano
674 1087 866 1125 Pontifici
880 1087 1181 1137 permitterent.
1199 1088 1287 1136 Quo
1301 1088 1389 1125 Ioco
1404 1089 1466 1126 vir
1479 1089 1774 1128 illustrissimus

83 1149 315 1188 Ludovicus
339 1148 493 1186 Donius
524 1147 755 1196 d'Attichy,
784 1147 996 1197 episcopus
1027 1146 1265 1192 Aeduensis,
1294 1146 1333 1183 in
1366 1155 1395 1184 t.
1416 1162 1427 1184 1
1456 1148 1561 1186 Hist.
1595 1149 1776 1187 cardina-

83 1209 195 1255 lium,
218 1223 257 1258 p.
285 1208 374 1254 375,
402 1207 628 1245 Marianam
651 1206 786 1255 arguit
812 1205 1054 1243 oscitantiae
1080 1205 1322 1244 manifestae
1345 1207 1453 1255 quod
1480 1207 1628 1245 dixerit
1648 1209 1775 1246 cardi-

82 1268 216 1306 nalem
246 1268 546 1313 Convenarum,
582 1280 703 1315 quem
737 1279 844 1302 anno
871 1264 1194 1302 MCCCXLVIII
1228 1265 1292 1302 vel
1325 1266 1511 1314 sequenti
1545 1267 1776 1305 extinctum

82 1341 166 1365 esse
191 1326 263 1373 ait,
290 1325 494 1376 appulisse
520 1339 628 1362 anno
655 1323 936 1362 MCCCLXXI
954 1324 995 1360 in
1020 1323 1303 1372 Arragoniam‚
1329 1324 1422 1361 illuc
1448 1338 1469 1361 a
1496 1324 1687 1374 Gregorio
1715 1326 1775 1363 XI

83 1386 252 1424 missum
288 1399 360 1435 pro
396 1398 495 1435 pace
531 1383 778 1421 stabilienda
822 1383 928 1419 inter
972 1382 1220 1431 Arragoniae
1256 1390 1296 1420 et
1340 1383 1538 1420 Castellae
1582 1399 1691 1432 reges
1735 1392 1776 1422 et

84 1445 286 1482 ,Iacobum
316 1443 548 1482 Balearium
573 1458 592 1480 e
617 1442 804 1480 custodia
829 1441 1035 1480 emissum.
1069 1441 1115 1478 In
1139 1441 1246 1478 hunc
1271 1456 1447 1480 errorem
1478 1443 1690 1493 prolapsus
1716 1451 1777 1481 est

83 1503 381 1542 illustrissimus
407 1502 620 1552 episcopus
649 1501 743 1551 quia
775 1500 983 1538 nesciebat
1008 1499 1134 1539 alium
1149 1514 1195 1537 ea
1223 1508 1472 1550 tempestate
1496 1501 1617 1539 fuisse
1649 1502 1777 1539 cardi-

83 1563 217 1601 nalem
232 1563 518 1601 Convenarum
548 1569 709 1611 praeter
741 1558 943 1597 Joannem
975 1559 1022 1597 de
1054 1559 1267 1597 Convenis.

138 1622 293 1660 Eadem
325 1628 574 1671 tempestate
608 1619 823 1657 cardinalis
858 1619 1143 1656 Convenarum
1176 1618 1338 1656 sedavit
1370 1632 1511 1667 graves
1545 1627 1777 1657 controver-

83 1681 161 1719 sias
195 1694 299 1730 quae
332 1688 450 1718 erant
481 1679 588 1717 inter
622 1680 787 1716 Petrum
822 1691 956 1727 regem
990 1677 1247 1726 Arragonum
1279 1685 1320 1714 et
1357 1678 1508 1715 clerum
1542 1678 1777 1716 Cataloniae

84 1740 293 1778 occasione
310 1738 625 1776 immunitatum
642 1737 1024 1783 ecclesiasticarum,
1043 1750 1144 1786 quas
1162 1750 1184 1773 a
1203 1750 1293 1785 rege
1311 1736 1454 1774 violari
1473 1737 1779 1774 contendebant

83 1798 410 1849 archiepiscopus
445 1797 758 1835 Tarraconensis
791 1805 833 1834 et
866 1796 988 1833 ceteri
1020 1795 1194 1845 praelati
1227 1795 1331 1832 illius
1366 1796 1613 1845 provinciae.
1649 1796 1779 1833 Extat

83 1859 217 1896 adhuc
238 1858 304 1895 illa
327 1857 540 1896 concordia
562 1856 663 1894 inita
686 1855 911 1893 Barcinone
941 1869 1050 1892 anno
1071 1854 1375 1892 MCCCLXXII
1406 1854 1511 1892 inter
1531 1854 1778 1892 cardinalem

85 1920 368 1955 Convenarum
407 1924 448 1954 et
487 1916 731 1953 Eleonoram
768 1914 964 1963 reginam,
1002 1928 1124 1963 penes
1164 1927 1288 1962 quam
1326 1913 1461 1963 potius
1501 1927 1624 1962 quam
1656 1928 1778 1963 penes

84 1976 280 2014 maritum
309 1976 441 2014 inerat
470 1975 531 2012 vis
556 1974 729 2024 imperii.
748 1974 882 2011 Tanta
903 1981 965 2010 est
984 1981 1124 2011 autem
1145 1973 1374 2010 etiamnum
1408 1972 1512 2009 illius
1543 1972 1779 2010 concordiae

84 2035 308 2074 auctoritas
335 2043 382 2072 ut
408 2034 609 2083 hodieque
638 2034 880 2071 observetur
901 2032 942 2069 in
969 2031 1182 2069 Catalonia
1210 2039 1250 2068 et
1276 2031 1314 2068 in
1343 2030 1550 2068 volumine
1581 2032 1778 2069 constitu-

82 2095 245 2133 tionum
275 2094 360 2131 sive
390 2093 490 2142 juris
522 2092 781 2142 municipalis
813 2091 918 2128 illius
945 2090 1179 2141 provinciae
1211 2090 1291 2127 fere
1322 2097 1412 2127 tota
1445 2090 1647 2139 descripta
1682 2089 1735 2127 sit
1761 2103 1779 2126 e

86 2154 233 2191 Latina
251 2153 389 2202 lingua
408 2153 449 2190 in
468 2151 750 2190 Catalanicam
768 2164 899 2189 versa.
919 2150 1000 2187 Nos
1020 2149 1132 2188 illam
1151 2149 1310 2195 Latine,
1326 2148 1387 2185 uti
1407 2148 1636 2198 conscripta
1649 2148 1780 2198 primo

86 2212 177 2259 fuit,
200 2212 400 2250 edidimus
422 2211 464 2248 in
484 2210 717 2260 Appendice
738 2209 995 2247 conciliorum
1022 2208 1174 2246 Galliae
1196 2207 1485 2253 Narbonensis,
1506 2221 1544 2256 p.
1569 2206 1655 2244 185.
1680 2207 1780 2243 Vide

86 2271 308 2309 Odoricum
332 2270 611 2320 Raynaldum,
633 2283 699 2307 an.
724 2269 839 2313 1372,
867 2269 883 2316 ξ
906 2267 967 2305 27.

141 2331 199 2367 Eo
223 2330 372 2379 insigni
397 2343 516 2379 opere
540 2336 707 2379 patrato
733 2327 950 2365 cardinalis
976 2327 1263 2364 Convenarum
1288 2339 1327 2362 se
1352 2324 1393 2361 in
1418 2324 1527 2361 viam
1554 2323 1668 2361 dedit
1690 2338 1781 2374 pro-

87 2390 266 2427 fecturus
306 2388 575 2428 Avenionem.
615 2401 695 2436 quo
732 2385 964 2436 pervenisse
1003 2398 1096 2422 eum
1134 2384 1197 2421 die
1235 2383 1411 2433 septima
1447 2382 1537 2431 julii
1573 2382 1780 2432 sequentis

86 2448 286 2498 scriptum
310 2455 373 2485 est
396 2447 438 2485 in
462 2446 564 2484 libro
591 2446 903 2495 Obligationnm.
929 2444 1031 2480 Tum
1059 2457 1154 2481 vero
1175 2443 1296 2479 datus
1323 2442 1358 2480 ei
1384 2449 1445 2479 est
1469 2441 1614 2479 titulus
1642 2440 1781 2479 Sancti

88 2507 281 2553 Marcelli,
298 2514 346 2544 ut
362 2513 481 2556 patet
498 2520 548 2543 ex
564 2512 817 2543 testamento
837 2502 1017 2552 Gregorii
1038 2502 1098 2539 XI
1117 2501 1227 2538 edito
1246 2501 1286 2538 in
1304 2509 1417 2539 tomo
1435 2507 1552 2537 sexto
1571 2498 1780 2548 spicilegii

90 2565 346 2604 Dacheriani.
375 2565 606 2602 Vacaverat
631 2572 771 2601 autem
798 2563 920 2613 paulo
946 2569 1042 2598 ante
1068 2560 1214 2597 titulus
1242 2560 1305 2596 ille
1328 2574 1398 2608 per
1425 2558 1584 2596 obitum
1609 2557 1778 2595 Joannis

90 2625 226 2672 Fabri,
256 2624 325 2674 qui
354 2623 561 2661 extinctus
591 2631 679 2660 erat
709 2622 771 2659 die
801 2629 916 2659 sexta
946 2620 1096 2659 martii.

145 2685 233 2734 Ipse
272 2682 408 2721 obiit2
444 2681 646 2719 Avenioni
683 2695 791 2718 anno
830 2678 1162 2723 MCCCLXXIV,
1201 2677 1264 2714 die
1303 2690 1403 2713 xv111
1440 2675 1557 2724 junii,
1595 2683 1636 2712 et
1672 2674 1782 2724 apud

90 2743 396 2781 praedicatores
425 2741 609 2790 sepultus
638 2748 712 2786 est,
741 2748 788 2776 ut
815 2738 956 2777 scribit
984 2736 1176 2775 Claudius
1208 2735 1391 2773 Roberti.

144 2802 186 2840 P.
213 2801 302 2848 417,
329 2801 394 2849 lig.
421 2799 483 2837 29.
508 2799 804 2836 BERTRANDUS
832 2799 1047 2835 LATcEnn.
1077 2796 1163 2832 Hoc
1188 2802 1249 2832 est
1273 2807 1414 2832 verum
1441 2792 1527 2841 ejus
1554 2806 1716 2838 nomen,
1737 2800 1783 2829 ut

89 2860 274 2898 indicant
307 2867 446 2897 vetera
480 2857 741 2907 exemplaria.
771 2858 859 2906 Ipse
884 2856 924 2893 in
958 2853 1231 2892 declaratione
1251 2852 1267 2875 3
1289 2851 1557 2890 cardinalium
1589 2851 1784 2889 adversus

141 2997 168 3029 1.
198 2995 302 3028 Lisez
327 2995 359 3027 le
384 2995 430 3027 30
454 2994 540 3026 mai.

139 3050 168 3082 2.
200 3049 356 3091 D'apres
379 3047 496 3079 Eubel
519 3044 762 3088 (Hier-archia,
787 3050 812 3076 t.
834 3056 857 3083 1,
880 3055 914 3086 p.
941 3042 995 3085 21)
1021 3054 1058 3074 ce
1080 3041 1137 3073 fut
1158 3041 1188 3073 le
1209 3041 1252 3072 17
1273 3039 1366 3083 juin.

136 3103 169 3135 3.
200 3102 348 3140 Baluze,
376 3106 401 3133 t.
427 3111 478 3139 1v,
505 3110 540 3142 p.
569 3099 649 3137 177,
676 3098 757 3131 183.
