2083 3458
294 138 347 179 68
945 150 1098 175 NOTAE
1133 150 1193 174 AD
1229 150 1357 175 vrTAs
1882 133 2010 189 [599]

292 238 474 287 loquens,
502 234 642 273 scribit
669 242 749 271 tres
776 241 867 270 tum
895 233 1120 272 cardinales
1141 233 1265 271 fuisse
1295 234 1486 273 Lutetiae
1525 242 1565 272 et
1592 235 1641 272 de
1669 248 1791 272 causa
1819 234 2007 284 Templa-

292 297 444 334 riorum
463 294 699 344 cognovisse
718 307 768 330 ex
786 293 985 331 mandato
1004 307 1150 343 papae.
1174 292 1227 330 Hi
1257 292 1369 331 fuere
1389 293 1402 316 ¹
1423 294 1693 344 Berengarius
1720 293 1895 340 Fredoli,
1919 293 2009 331 Ste-

292 356 453 406 phanus
473 354 522 392 de
546 353 711 392 Susiaco
735 359 776 390 et
801 352 1069 402 Landulphus
1095 352 1341 390 Brancatius
1376 361 1424 390 ut
1448 361 1567 404 patet
1591 368 1642 391 ex
1667 367 1809 391 eorum
1833 352 2008 403 epistola

292 415 344 452 ad
380 413 615 463 Philippum
649 425 784 461 regem
819 411 971 462 scripta
1009 425 1118 449 anno
1146 411 1393 450 MCCCVIII
1425 420 1467 451 et
1498 427 1548 451 ex
1579 413 1690 450 bulla
1722 411 1941 450 Clementis
1972 411 2008 449 V

293 475 390 511 data
411 473 580 510 Tolosae
596 486 639 509 111
658 471 738 509 kal.
752 470 932 520 januarii
947 485 1054 508 anno
1073 479 1235 520 quarto,
1254 485 1354 521 quas
1372 472 1517 510 damus
1530 472 1572 510 in
1587 472 1820 510 Collectione
1834 479 2010 509 actorum

292 542 471 579 ceterum,
493 540 523 570 t.
548 546 605 579 111,
625 546 664 581 p.
686 530 749 577 98,
771 530 858 568 109.

347 593 389 630 Ρ.
407 592 469 638 23,
490 591 557 641 lig.
576 591 610 628 7.
634 591 836 628 PROPTER
859 604 1024 628 vEHEM.
1048 603 1328 628 TORMENTOR.
1354 590 1466 638 Quae
1490 590 1533 628 in
1565 605 1631 629 eos
1654 589 1841 629 adhiberi
1863 590 1916 628 ad
1936 590 2008 628 ha-

293 652 470 690 bendam
508 649 697 688 veritatis
735 649 1038 700 plenitudinem
1074 649 1375 700 promptiorem
1413 650 1591 699 jusserat
1610 650 1624 673 2
1663 650 1848 688 Clemens
1886 649 1922 687 V
1959 648 2008 687 iis

291 711 425 749 verbis
457 724 562 760 quae
591 710 642 747 ab
674 709 849 748 Odorico
876 709 1095 758 Raynaldo
1126 709 1179 746 ad
1208 723 1275 748 an.
1308 709 1423 757 1311,
1457 709 1473 758 ἓ
1504 709 1567 757 53,
1590 709 1838 748 referuntur.
1860 708 2009 757 Quaeri

291 778 430 821 potest
452 770 494 808 in
516 770 592 807 hoc
615 769 703 807 1000
727 783 780 806 311
803 768 1047 819 Templariis
1069 768 1261 806 habenda
1285 768 1410 807 fuerit
1435 769 1535 808 fides
1559 769 1837 807 asserentibus
1862 783 1902 807 se
1924 776 2008 806 tor-

292 830 440 869 mentis
467 829 637 867 adactos
663 836 712 866 ut
737 827 840 866 falsa
866 828 916 866 de
943 842 983 866 se
1010 828 1322 876 confiterentur,
1349 842 1403 867 an
1428 843 1526 867 vero
1553 828 1790 867 existimare
1817 835 2009 879 oporteat

292 904 358 928 eos
382 904 477 928 vera
499 889 658 927 locutos
683 902 776 926 cum
792 902 832 926 se
854 902 942 926 reos
966 902 1052 926 esse
1068 896 1329 938 agnoverunt
1350 887 1626 926 nefandorum
1649 887 1879 926 facinorum
1903 901 2008 937 quae

293 949 348 987 eis
370 947 717 999 imponebantur?
742 948 949 986 Erubescit
982 947 1092 986 enim
1125 947 1299 997 quisque
1332 948 1538 999 propriam
1563 949 1722 999 culpam
1742 948 1872 996 fateri,
1895 955 1944 985 ut
1965 946 2008 985 in

293 1009 465 1059 epistola
486 1007 610 1046 tertia
644 1007 706 1058 [P.
723 1007 784 1054 L.,
800 1014 831 1045 t.
854 1021 940 1054 xvl,
958 1007 1032 1045 001.
1046 1006 1172 1058 ’128],
1195 1021 1301 1057 quae
1323 1007 1422 1045 data
1443 1015 1505 1045 est
1525 1007 1579 1046 ad
1601 1007 1927 1058 Simplicianum,
1948 1006 2007 1044 ait

294 1076 459 1107 sanctus
478 1066 733 1105 Ambrosius.
753 1067 906 1105 Contra
923 1066 1034 1105 idem
1050 1066 1093 1105 in
1110 1066 1285 1117 epistola
1304 1081 1421 1105 Lxxn
1451 1067 1514 1117 [P.
1533 1066 1594 1114 L.‚
1619 1075 1649 1105 t.
1675 1081 1762 1114 XVI,
1781 1067 1855 1105 001.
1880 1065 2006 1116 1311]

293 1128 345 1166 ad
378 1128 604 1175 Irenaeum,
635 1141 740 1176 quae
766 1126 810 1164 in
838 1126 976 1165 codice
995 1126 1188 1166 ecclesiae
1205 1126 1490 1176 Lugdunensis
1518 1134 1694 1165 vocatur
1715 1140 1846 1165 sermo
1875 1125 2009 1164 sancti

293 1186 500 1225 Ambrosii
529 1186 581 1224 ad
610 1186 788 1237 plebem,
819 1185 962 1224 scribit
992 1185 1164 1224 nimiam
1195 1185 1461 1224 severitatem
1491 1194 1736 1236 extorquere
1766 1186 2008 1236 plerumque

292 1256 444 1286 terrore
471 1245 748 1284 mendacium.
778 1246 833 1283 Et
860 1253 1027 1284 sanctus
1056 1245 1287 1296 Gregorius,
1315 1246 1385 1284 lib.
1414 1246 1534 1293 VIII,
1562 1245 1680 1296 epist.
1711 1260 1804 1283 xxx
1837 1245 2008 1296 [Monu-

294 1314 423 1344 menta
457 1305 705 1353 Germaniae,
726 1305 957 1356 Scriptores,
986 1313 1017 1343 t.
1046 1320 1088 1353 11,
1117 1320 1158 1356 p.
1189 1305 1289 1356 245]
1319 1305 1490 1355 loquens
1520 1305 1569 1344 de
1599 1305 1781 1355 quodam
1811 1304 2008 1355 Pompeio

293 1366 483 1417 episcopo
520 1365 674 1415 injuste
712 1365 927 1412 damnato,
966 1364 1062 1415 quia
1101 1365 1307 1403 cruciatus
1346 1364 1533 1403 custodia
1571 1364 1763 1415 fameque
1803 1372 2008 1403 crematus

293 1426 423 1464 fassus
447 1433 508 1464 est
530 1440 570 1463 se
593 1424 843 1463 commisisse
865 1438 912 1463 03
935 1424 1105 1463 crimina
1128 1439 1234 1474 quae
1255 1424 1291 1463 ei
1316 1424 1667 1475 impingebantur,
1691 1424 1750 1462 ait
1773 1423 2009 1462 istiusmodi

294 1485 565 1524 confessiones
585 1492 830 1534 extorquere
845 1484 1112 1522 afflictionem
1127 1484 1430 1531 vehementem,
1447 1498 1552 1534 quae
1571 1483 1807 1534 frequenter
1825 1484 1902 1522 hoc
1924 1482 2011 1533 agit

294 1553 341 1582 ut
372 1553 412 1583 et
444 1544 586 1582 noxios
619 1558 703 1582 sese
736 1543 857 1582 fateri
888 1552 1089 1594 cogantur
1120 1543 1247 1582 etiam
1277 1543 1450 1583 innoxii.
1485 1544 1646 1581 Extant
1676 1551 1818 1582 autem
1849 1543 2009 1593 aliquot

292 1603 466 1643 illustria
488 1603 612 1653 hujus
634 1603 690 1642 rei
712 1603 914 1654 exempla,
930 1618 1013 1641 non
1036 1604 1168 1641 solum
1190 1611 1345 1652 vetera,
1367 1603 1438 1642 sed
1460 1603 1587 1641 etiam
1608 1602 1883 1654 posteriorum
1905 1610 2009 1641 tem-

293 1678 452 1714 porum.
478 1664 637 1701 Horum
658 1677 754 1701 vero
775 1662 973 1701 illustrius
995 1671 1057 1701 est
1079 1663 1180 1701 illud
1203 1663 1313 1713 quod
1333 1663 1458 1701 refert
1479 1670 1645 1701 sanctus
1669 1662 1946 1712 Hieronymus
1966 1661 2009 1699 in

294 1723 466 1774 epistola
497 1738 599 1761 xL1x
638 1723 700 1773 [P.
728 1723 788 1770 L.,
815 1731 846 1762 t.
875 1737 979 1770 xxn,
1007 1723 1080 1760 col.
1104 1722 1204 1773 327]
1234 1723 1283 1761 de
1309 1722 1477 1761 muliere
1503 1722 1652 1773 septies
1678 1722 1774 1762 icta.
1801 1721 2008 1769 Vercellae,

294 1783 491 1832 Ligurum
515 1783 667 1831 civitas,
691 1782 842 1832 inquit,
867 1783 975 1820 haud
996 1783 1135 1833 procul
1157 1797 1182 1820 a
1202 1782 1406 1820 radicibus
1429 1782 1601 1832 Alpium
1624 1781 1715 1829 sita,
1739 1781 1834 1819 olim
1858 1789 2008 1831 potens,

295 1857 400 1880 nunc
428 1857 516 1880 raro
543 1850 598 1880 est
624 1842 840 1880 habitatore
866 1842 1068 1880 semiruta.
1097 1842 1217 1880 Hanc
1245 1857 1333 1879 cum
1360 1857 1406 1880 ex
1434 1856 1537 1879 more
1564 1841 1785 1879 consularis
1814 1840 2009 1888 inviseret,

294 1902 465 1940 oblatam
498 1902 578 1939 sibi
613 1902 826 1952 quamdam
861 1901 1135 1940 mulierculam
1171 1916 1253 1939 una
1287 1916 1375 1939 cum
1409 1902 1584 1939 adultero
1622 1908 1731 1939 (nam
1765 1901 1834 1938 hoc
1862 1900 2010 1938 crimen

295 1962 463 2000 maritus
491 1961 720 2012 impegerat)
747 1961 908 2012 poenali
934 1961 1100 1999 carceris
1126 1961 1281 1999 horrore
1307 1960 1574 1999 circumdedit.
1599 1960 1735 2011 Neque
1761 1960 1882 1998 multo
1907 1966 2008 2010 post,

296 2035 384 2059 cum
404 2020 549 2059 lividas
570 2035 706 2059 carnes
727 2021 881 2070 ungula
901 2028 1061 2059 cruenta
1080 2021 1268 2071 pulsaret,
1285 2028 1319 2058 et
1336 2019 1501 2058 sulcatis
1521 2019 1710 2058 lateribus
1724 2019 1832 2058 dolor
1851 2032 2007 2070 quaere-

297 2089 351 2119 ret
367 2077 578 2128 veritatem,
599 2080 902 2130 infelicissimus
918 2080 1078 2130 juvenis
1102 2080 1233 2118 volens
1250 2079 1481 2130 compendio
1499 2079 1636 2117 mortis
1654 2079 1791 2129 longos
1809 2077 2009 2117 cruciatus

296 2140 430 2187 vitare,
468 2140 563 2177 dum
600 2139 644 2178 in
687 2154 807 2178 suum
844 2139 1031 2178 mentitur
1072 2138 1326 2190 sanguinem,
1363 2138 1563 2178 accusavit
1597 2138 1794 2187 alienum;
1828 2137 2010 2188 solusque

296 2198 476 2237 omnium
488 2199 607 2236 miser
619 2199 754 2237 merito
775 2199 914 2249 jussus
926 2207 981 2237 est
991 2198 1157 2250 percuti,
1182 2198 1278 2249 quia
1290 2213 1369 2236 non
1383 2198 1542 2249 reliquit
1566 2197 1754 2236 innoxiae
1768 2197 1872 2235 unde
1882 2204 2012 2247 posset

298 2271 451 2308 negare.
465 2258 568 2297 Vide
585 2259 846 2297 Matthaeum
862 2258 1100 2306 Villanium,
1116 2258 1187 2296 lib.
1203 2258 1256 2306 X,
1274 2272 1362 2309 cap.
1382 2272 1533 2305 xxxm,
1549 2257 1640 2308 [col.
1655 2256 1769 2308 646];
1787 2256 2010 2295 Petramel-

296 2318 457 2365 larium,
473 2332 513 2368 p.
530 2317 619 2366 225,
632 2318 675 2356 in
697 2318 791 2357 Vita
812 2317 935 2356 Pauli
952 2317 1084 2356 Aretii
1104 2325 1146 2356 et
1164 2317 1462 2356 Theodericum
1480 2331 1502 2355 a
1520 2316 1653 2365 Niem,
1667 2316 1738 2355 lib.
1757 2315 1788 2364 Ι,
1802 2316 1862 2353 De
1877 2315 2008 2354 Schis-

299 2385 411 2425 mate,
433 2392 520 2428 cap.
543 2392 628 2415 XLV
648 2385 689 2416 et
709 2392 760 2425 LI,
780 2392 820 2428 p.
841 2377 892 2416 83
912 2385 953 2416 et
972 2377 1035 2425 92,
1057 2385 1098 2415 et
1118 2377 1327 2416 Simonem
1348 2377 1521 2415 Goulart
1539 2376 1582 2414 in
1604 2376 1805 2413 Thesauro
1823 2374 2005 2413 historia-

299 2451 386 2474 rum
419 2436 749 2485 memorabilium,
769 2445 799 2475 t.
824 2452 850 2485 1,
875 2452 915 2487 p.
941 2436 1031 2484 293,
1056 2436 1098 2474 2³
1121 2437 1200 2484 ed.,
1228 2436 1330 2475 item
1354 2436 1595 2474 Mathaeum
1617 2434 1820 2482 Bossium,
1848 2448 1936 2485 cap.
1964 2448 2006 2481 x,

296 2496 354 2533 De
389 2497 552 2545 gerendo
587 2496 835 2546 magistratu.

353 2567 395 2605 P.
412 2567 475 2614 23,
489 2567 555 2617 lig.
571 2567 607 2606 8.
624 2568 977 2606 TORMENTORUM.
995 2566 1324 2605 Contrairement
1346 2565 1579 2616 al’opinion
1595 2565 1644 2604 de
1669 2565 1720 2604 H.
1739 2564 1868 2603 Finke
1883 2564 2005 2614 (Pap-

298 2634 429 2673 sttum,
453 2634 483 2664 t.
508 2641 534 2673 1,
559 2641 597 2677 p.
625 2626 828 2676 168-170),
844 2626 939 2677 qu'a
964 2626 1092 2664 suivie
1108 2626 1154 2664 G.
1182 2625 1379 2664 Lizerand
1407 2625 1596 2675 (Cle'ment
1624 2624 1658 2662 V
1680 2631 1715 2662 et
1736 2623 1928 2674 Philippe
1944 2622 2008 2660 IV

298 2685 331 2721 Ie
356 2685 439 2732 Bel,
466 2700 504 2735 p.
535 2685 640 2734 143),
669 2686 712 2725 P.
740 2686 890 2724 Viollet
918 2686 986 2735 (H.
1014 2685 1074 2733 L„
1101 2693 1132 2724 t.
1162 2700 1311 2732 xxxw,
1338 2699 1377 2736 p.
1407 2683 1496 2733 115)
1524 2697 1647 2737 pense
1674 2681 1902 2734 queKMolai
1942 2682 2007 2720 fut

298 2747 468 2782 torture.
490 2745 579 2782 Une
596 2745 716 2783 lettre
734 2759 817 2784 non
834 2745 1020 2783 adressee
1038 2759 1091 2783 au
1108 2744 1168 2782 roi
1187 2744 1397 2794 d’Aragon
1414 2751 1456 2782 et
1474 2744 1576 2781 dont
1593 2743 1771 2781 l’auteur
1787 2756 1838 2781 ne
1855 2741 2006 2780 semble

350 2882 378 2913 1.
397 2882 533 2914 133111Ζο
552 2882 621 2914 fait
637 2894 773 2915 erreur.
794 2883 943 2916 Nicolas
961 2883 1005 2915 de
1024 2882 1234 2916 Freauville
1251 2881 1357 2914 avait
1374 2893 1469 2924 pour
1484 2891 1690 2913 assesseurs
1705 2879 1864 2912 Arnaud
1881 2880 2008 2912 d’Aux

297 2941 335 2966 ct
354 2935 511 2966 Arnaud
535 2935 681 2967 Nouvel
705 2936 817 2978 (bulle
839 2937 888 2969 du
910 2937 954 2968 22
975 2936 1172 2969 decembre
1194 2936 1306 2974 13133
1329 2934 1491 2968 Clement
1513 2933 1556 2973 V,
1578 2945 1613 2966 n.
1636 2933 1783 2975 10337).

346 2986 378 3019 2.
406 2987 576 3021 Clement
601 2988 632 3020 V
657 2989 827 3022 ordonna
853 2990 873 3022 3
898 2990 1060 3023 maintes
1085 2989 1243 3033 reprises
1270 2988 1504 3031 d’employer
1527 2987 1562 3019 13
1587 2992 1733 3019 toi-ture
1761 2985 1936 3029 (Clement
1963 2986 2005 3027 V,

299 3052 331 3073 n.
351 3041 456 3080 7493,
476 3042 581 3081 7496,
598 3041 704 3082 7595,
723 3042 829 3083 7597,
848 3044 954 3083 7607,
974 3043 1096 3086 7611).
