2083 3458
271 210 351 251 578
513 215 522 224 ⁹
920 228 1070 253 NOTAE
1104 228 1164 252 AD
1199 228 1326 253 V1TAs
1819 207 1971 267 [1059]

270 309 428 347 dictum
444 319 518 357 est,
533 311 681 349 habuit
697 326 858 359 uxores,
874 311 1048 351 Mariam
1061 312 1109 350 de
1123 312 1394 360 Chamboni0‚
1409 312 1633 352 Guerinam
1646 312 1694 350 de
1712 311 1932 349 Canilhaco
1947 308 1978 354 1,

271 377 310 406 et
341 369 610 409 Catharinam
639 371 688 409 de
719 371 869 409 Garda.
903 371 967 408 Ex
995 371 1129 421 priore
1160 379 1326 410 constat
1356 379 1494 410 ortum
1523 386 1609 410 esse
1641 370 1884 420 Gregorium
1916 368 1977 406 XI

269 441 434 478 papam.
460 429 574 466 Vidit
596 438 715 479 pater
738 430 869 469 filium
891 444 1012 468 suum
1033 431 1075 468 in
1097 444 1259 469 summo
1281 430 1533 481 pontificatu
1556 431 1845 469 constitutum.
1870 428 1979 466 Affe-

268 500 357 525 ram
391 496 532 526 autem
564 488 767 539 insignem
799 490 936 528 locum
969 504 1019 528 ex
1052 489 1248 527 Chronico
1281 490 1488 539 Aymerici
1523 490 1571 528 de
1598 490 1780 539 Peyraco
1814 487 1979 526 abbatis

272 546 596 595 Moyssiacensis,
625 549 694 597 qui
721 549 769 586 de
796 548 991 598 Gregorio
1019 549 1081 586 XI
1106 550 1277 599 loquens
1299 549 1359 587 ait
1378 549 1392 572 ²
1411 566 1418 587 ε
1438 549 1615 599 Capsam
1644 548 1744 586 beati
1770 546 1981 584 illartialis

270 604 555 654 pretiosissime
580 607 775 645 decoravit
799 616 834 645 et
859 608 902 645 in
928 609 1165 646 monasterio
1191 608 1292 646 Case
1313 608 1391 645 Dei
1417 617 1504 658 post
1529 617 1688 646 mortem
1715 606 1916 657 disposuit
1942 620 1983 643 se

271 665 314 701 de
342 665 470 702 Roma
499 667 707 716 transferri
737 675 771 705 et
797 667 959 717 sepeliri
989 681 1078 705 cum
1107 668 1303 706 cwzmculo
1332 682 1404 705 suo
1434 668 1593 705 domino
1622 667 1831 714 Clemente,
1861 666 1983 715 fratre

271 724 423 761 comitis
451 725 685 775 Bellifortis.
717 726 796 776 Qui
826 727 983 776 quidem
1012 741 1136 764 comes
1166 727 1265 765 vidit
1290 727 1453 776 fratrem
1480 741 1599 765 suum
1628 740 1791 777 papam,
1821 725 1983 775 fratrem

270 797 389 820 suum
417 784 544 821 alium
573 785 829 834 cardinalem,
860 787 1016 823 clemum
1047 786 1179 836 filium
1206 801 1326 824 suum
1353 801 1517 837 papam,
1549 786 1681 836 filium
1708 789 1827 823 suum
1855 783 1983 821 alium

272 842 532 881 vicecomitem
548 844 592 881 de
609 845 812 893 Tumnna,
829 845 957 883 alium
974 846 1182 883 dominum
1198 846 1241 883 cle
1259 846 1433 883 Limolio
1449 845 1614 884 diocesis
1628 843 1982 893 Petragoncensis,

271 901 398 939 alium
435 902 718 953 illarquesium
746 904 790 942 de
822 904 1055 953 Canillzaco,
1088 905 1190 942 alios
1223 905 1329 955 filios
1356 914 1390 943 et
1417 905 1539 955 filias>
1570 913 1727 955 nepotes
1760 912 1794 941 et
1829 911 1982 953 neptas,

271 962 589 1010 consanguineos
617 972 652 1001 et
665 964 987 1013 consanguineas
1010 964 1053 1002 in
1071 964 1360 1015 spiritualibus
1380 973 1415 1002 et
1431 964 1717 1014 temporalibus
1733 962 1982 1009 sublimatos,

273 1021 373 1070 quod
405 1021 447 1058 in
475 1022 660 1071 futurum
691 1023 876 1073 suspicor
896 1024 1104 1062 admirari.
1128 1024 1272 1062 Fertur
1303 1033 1434 1062 tamen
1467 1023 1704 1061 Clementem
1724 1036 1876 1073 papam
1897 1036 1981 1072 pre-

273 1079 420 1117 dixisse
435 1081 625 1131 reliquias
639 1082 983 1120 Lemovicensium
1001 1080 1084 1120 sive
1098 1098 1219 1133 rapas
1236 1084 1279 1121 in
1293 1083 1490 1134 plerisque
1505 1083 1611 1121 orbis
1626 1082 1810 1133 partibus
1832 1081 1981 1131 disper-

274 1139 420 1187 gendas
436 1148 469 1178 et
490 1141 822 1191 multiplicandas
844 1143 938 1192 sore.
961 1143 1007 1180 In
1028 1143 1156 1181 Veteri
1181 1143 1363 1180 chronico
1385 1142 1663 1180 Normanniae
1688 1156 1761 1180 ms.
1779 1141 1821 1178 in
1843 1140 1981 1179 codice

271 1197 376 1235 1424
406 1199 683 1239 bibliothecae
706 1201 967 1240 Colbertinae
984 1201 1000 1224 3
1031 1203 1232 1252 scriptum
1265 1211 1327 1241 est
1349 1203 1603 1241 Clementem
1636 1202 1694 1239 VI
1716 1214 1883 1251 papam,
1913 1200 1983 1250 qui

273 1272 345 1295 sex
363 1272 475 1297 rosas
498 1260 666 1309 gerebat
686 1260 729 1298 in
749 1275 823 1299 sua
837 1269 993 1300 tessera
1015 1262 1232 1312 gentilitia,
1251 1262 1401 1300 dixisse
1421 1262 1463 1299 in
1482 1262 1610 1299 initiis
1633 1261 1694 1299 sui
1710 1259 1982 1311 pontificatus

273 1332 313 1355 se
343 1317 386 1354 in
418 1318 600 1357 Ecclesia
634 1319 709 1358 Dei
740 1321 824 1359 tale
854 1321 1056 1359 rosarium
1089 1322 1448 1360 Lemovicensium
1479 1322 1769 1371 plantaturum
1802 1319 1912 1369 quod
1944 1327 1985 1357 et

273 1376 428 1416 radices
460 1378 596 1417 adhuc
626 1387 667 1417 et
697 1379 927 1418 alabastros
959 1380 1203 1419 habiturum
1233 1389 1339 1419 esset
1368 1388 1464 1430 post
1495 1388 1662 1418 centum
1692 1393 1820 1417 annos
1857 1395 1865 1416 ;
1894 1378 1932 1428 je
1960 1393 1985 1428 y

273 1436 480 1487 planteray
503 1452 557 1475 un
577 1439 626 1475 tel
644 1440 767 1475 rosier
787 1440 851 1477 des
872 1454 966 1489 gens
986 1440 1030 1477 de
1051 1449 1178 1478 nostre
1199 1440 1337 1478 nation
1356 1454 1408 1477 ou
1427 1439 1519 1490 pais
1540 1440 1584 1477 de
1602 1439 1787 1476 Limosin
1813 1437 1912 1488 qu’il
1940 1452 1986 1475 ne

272 1509 359 1532 sera
382 1496 425 1537 de
448 1496 511 1540 clii
533 1500 557 1534 ὰ
580 1498 689 1536 chent
711 1513 785 1536 ans
808 1499 908 1549 qu’il
930 1499 1021 1536 n’en
1045 1500 1112 1549 n'y
1134 1499 1192 1537 ait
1213 1500 1279 1537 cles
1300 1499 1481 1537 rachines
1503 1507 1538 1537 et
1570 1499 1634 1536 cles
1670 1499 1843 1536 houtons.
1868 1497 1921 1535 Et
1941 1512 1986 1548 sy

275 1553 339 1603 fist
360 1555 390 1592 il
409 1556 508 1605 qu'il
526 1557 675 1606 esparti
696 1566 782 1595 tous
802 1558 846 1595 de
865 1573 938 1595 son
957 1558 1050 1609 pais
1069 1574 1117 1596 en
1137 1568 1239 1597 toute
1259 1559 1503 1606 chrestiante,
1526 1562 1575 1596 ou
1597 1559 1627 1596 il
1645 1558 1750 1595 auoit
1766 1571 1853 1606 gros
1878 1556 1986 1594 bene—

276 1613 378 1662 fices⁷
403 1624 487 1653 tant
509 1630 557 1653 en
579 1617 782 1655 cardinals
804 1632 852 1655 en
875 1618 1004 1667 l'aage
1026 1619 1070 1655 cle
1091 1618 1134 1655 X
1143 1619 1176 1655 Γ
1198 1633 1272 1655 ans
1295 1626 1329 1656 et
1349 1618 1449 1666 XX,
1474 1618 1760 1667 archevesques,
1793 1630 1985 1666 evesques,

275 1672 405 1719 abbe's‚
435 1675 604 1724 prieurs,
634 1676 795 1724 dinetes,
824 1677 1085 1726 chagnouries
1112 1692 1159 1715 en
1185 1678 1355 1727 englises
1382 1678 1572 1715 catedrals
1598 1686 1632 1714 et
1657 1676 1851 1724 aillieurs‚
1881 1679 1932 1714 ou
1960 1676 1990 1713 il

277 1733 379 1770 auoit
413 1749 500 1783 gros
534 1735 721 1785 benefices
752 1744 837 1774 tant
866 1737 911 1774 de
941 1751 1050 1774 cures
1082 1751 1153 1787 que
1183 1738 1355 1775 cl’autres
1390 1737 1588 1786 benefices,
1621 1736 1751 1774 ainssi
1782 1750 1853 1786 que
1887 1744 1988 1773 toute

277 1792 502 1831 chrestiente'
519 1794 566 1843 fu
586 1798 812 1844 gouvernee‚
835 1805 958 1846 quant
973 1799 996 1833 a
1011 1796 1189 1845 l⁷Eglise,
1207 1797 1250 1833 de
1264 1796 1481 1835 Limosins.
1500 1796 1659 1834 Obiisse
1676 1795 1693 1818 4
1709 1804 1850 1834 autem
1874 1795 1986 1833 vide-

276 1859 344 1889 tur
379 1852 620 1892 Guillelmus
656 1863 751 1904 post
788 1854 932 1903 filium,
964 1869 1072 1893 anno
1107 1856 1303 1894 nimirum
1347 1855 1738 1902 MCCCLXXXIII,
1774 1863 1821 1892 ut
1854 1854 1986 1904 colligi

277 1919 415 1960 potest
439 1927 489 1950 ex
512 1913 625 1951 Actis
648 1914 768 1952 editis
792 1915 900 1952 inter
922 1915 1184 1953 Probationes
1207 1915 1395 1953 historiae
1420 1915 1707 1962 Turennensis7
1731 1929 1770 1964 p.
1796 1913 1858 1953 99.

331 1970 373 2009 P.
391 1971 480 2019 415,
496 1972 562 2022 lig.
581 1973 640 2011 14.
660 1973 822 2011 STUDIO
838 1988 1113 2012 LITTERARUM
1131 1989 1272 2012 vALDE
1290 1974 1414 2013 Usus5
1437 1982 1704 2024 praeceptore
1719 1987 1765 2012 ac
1788 1974 1987 2023 magistro

278 2029 399 2067 Petro
421 2031 621 2070 Masoerio
643 2032 811 2071 doctore
831 2034 980 2083 legum,
998 2034 1067 2083 qui
1088 2042 1232 2084 postea
1255 2034 1333 2071 fuit
1354 2034 1666 2072 archidiaconus
1683 2033 1986 2071 Cameracensis

278 2096 316 2125 ct
346 2090 559 2140 episcopus
586 2091 908 2139 Attiebatensis:
932 2093 1165 2140 Buzelinus„
1186 2093 1254 2131 lib.
1280 2092 1384 2130 VIII
1410 2092 1639 2130 Annalium
1668 2091 1983 2138 Gallo-Flamin,

278 2162 315 2197 p.
343 2148 432 2187 353.
512 2189 517 2194 ,

332 2208 375 2247 Ρ,
405 2209 494 2257 416,
523 2210 590 2259 lig.
622 2210 654 2248 1.
686 2211 751 2247 An
782 2226 1074 2250 THEOLOGIAM.
1107 2212 1245 2250 Codex
1271 2210 1349 2249 537
1375 2212 1650 2249 bibliothecae
1679 2211 1939 2249 Colbcrtinae
1956 2209 1988 2259 6,

279 2267 320 2303 in
347 2281 427 2317 quo
454 2269 721 2307 continentur
747 2270 838 2308 libri
867 2279 1047 2320 quatuor
1074 2271 1370 2309 Sententiarum
1390 2271 1499 2309 Petri
1522 2270 1759 2317 Lombardi,
1787 2271 1866 2308 suit
1892 2269 1989 2307 olim

329 2409 360 2441 1.
382 2409 461 2443 Une
481 2410 652 2454 dispense
671 2412 714 2444 de
733 2412 897 2455 mariage
915 2412 966 2445 lui
983 2412 1042 2445 fut
1061 2414 1236 2456 octroyee
1253 2413 1284 2445 le
1303 2413 1347 2446 16
1364 2412 1441 2444 mai
1458 2412 1551 2445 1345
1574 2412 1734 2456 (Baluze,
1750 2418 1776 2445 t.
1789 2424 1839 2452 tv,
1859 2423 1893 2455 p.
1914 2411 1987 2454 64).

331 2462 360 2494 2.
389 2463 428 2495 B.
459 2463 515 2503 N„
543 2476 610 2497 ms.
638 2465 732 2497 latin
758 2465 851 2498 4991
876 2466 919 2501 A.
947 2466 1009 2499 fol.
1031 2465 1076 2499 98
1098 2471 1151 2499 VO.

329 2515 361 2548 3.
384 2516 423 2548 B.
449 2516 505 2556 N.7
528 2529 594 2551 ms.
617 2518 779 2560 francais
800 2518 905 2558 5391,
927 2519 989 2552 sol.
1012 2520 1055 2552 37
1076 2524 1120 2552 r0.
1818 2548 1821 2550 >

330 2568 361 2601 4.
388 2569 457 2602 Sur
481 2570 692 2604 Guillaume
719 2572 851 2615 Roger,
878 2572 959 2605 voir
981 2573 1144 2606 Histoire
1167 2574 1207 2606 (le
1221 2572 1438 2615 Languedoc
1465 2572 1502 2614 (t.
1519 2584 1571 2607 ix,
1592 2571 1990 2616 p.564-565);Baluze,

284 2626 324 2662 lt.
348 2634 398 2661 lv,
425 2635 458 2666 p.
486 2624 502 2655 1
529 2630 567 2656 et
591 2624 668 2668 58);
696 2625 840 2669 Deprez
868 2626 914 2667 (n.
941 2626 1182 2669 1625—1627);
1209 2626 1352 2669 Deprcz
1380 2626 1570 2668 (Innocent
1596 2626 1661 2665 VI,
1687 2637 1721 2658 n.
1748 2626 1804 2662 50.
1830 2625 1886 2665 51,
1913 2624 1994 2667 77),·

285 2675 663 2710 Albanes-Chcvalier
693 2678 833 2720 (Gallia
860 2679 1060 2712 christiana
1088 2680 1297 2717 novissima,
1328 2685 1353 2712 t.
1384 2690 1446 2717 vn,
1476 2690 1510 2712 n.
1540 2679 1661 2722 1554).

334 2729 364 2760 5.
387 2729 475 2762 llem
488 2729 652 2763 Clemens
669 2731 745 2764 VJ:
759 2737 883 2764 notum
899 2738 948 2765 est
965 2744 1006 2765 ea·
1021 2732 1184 2766 historiis
1201 2737 1377 2775 quantum
1393 2733 1556 2765 studium
1573 2738 1603 2765 et
1620 2732 1849 2774 diligentiam
1865 2731 1993 2764 habuit

285 2782 331 2813 acl
361 2782 614 2816 instruendimt
642 2791 806 2828 nepotem
833 2797 943 2819 suum
972 2786 1033 2828 qui
1061 2785 1133 2828 suit
1161 2791 1284 2829 postea
1311 2797 1493 2818 successor
1520 2784 1599 2828 ejus
1629 2786 1817 2824 mediams,
1850 2789 1993 2823 vocatus

289 2832 484 2877 Gregorius
509 2836 582 2876 XI,
611 2838 689 2870 licet
713 2849 795 2871 eum
819 2838 1075 2871 adolescentem
1100 2839 1295 2872 admodum
1320 2840 1553 2882 promovisset
1578 2840 1665 2881 quia
1691 2838 1730 2871 in
1754 2837 1993 2871 adolescentia

286 2893 392 2920 etiam
421 2895 493 2921 erat
521 2890 650 2932 plenus
678 2892 873 2924 virtutibus
900 2897 930 2924 et
960 2892 1036 2924 ideo
1064 2898 1209 2936 propter
1236 2892 1513 2925 adolescentiam
1539 2892 1718 2924 contemni
1747 2902 1816 2924 non
1847 2890 1993 2924 debebat

290 2940 520 2974 ÷Don1inicns
544 2943 740 2987 episcopus
764 2945 966 2978 Brixiensis
989 2945 1026 2977 in
1051 2951 1220 2978 tractatu
1244 2946 1287 2977 dc
1311 2945 1643 2978 reformationibus
1667 2956 1844 2977 romanae
1869 2943 1990 2976 curiae

289 2993 333 3024 :111
360 2994 467 3025 Pium
495 2996 548 3034 lI;
574 2997 613 3029 B.
643 2997 698 3036 N.‚
725 3009 792 3031 ms.
818 2998 913 3031 latin
937 2998 1042 3038 1482,
1068 2999 1129 3031 fol.
1156 2999 1224 3031 183
1249 2998 1308 3041 1¹⁰).
1337 2998 1433 3031 Note
1459 2999 1502 3031 de
1527 2998 1675 3031 Baluze.

338 3047 367 3078 Ο.
403 3048 437 3079 Η.
468 3048 522 3084 N.
549 3061 614 3082 ms.
640 3050 734 3082 latin
757 3051 862 3090 3023,
888 3051 950 3084 sol.
978 3052 996 3083 2
1021 3056 1071 3084 ΥΟ.
1095 3071 1143 3074 —
1165 3051 1236 3084 Sur
1258 3052 1308 3083 les
1331 3051 1441 3084 livres
1466 3063 1537 3095 que
1561 3051 1721 3094 posseda
1744 3050 1992 3094 personnelle-

291 3106 393 3131 nient
421 3101 536 3133 l'ivrrc
562 3103 693 3145 liogcr,
719 3104 798 3136 voir
821 3104 858 3135 F.
885 3104 994 3136 Ehrle
1020 3105 1202 3147 (Hisloria
1227 3104 1468 3144 bibliothecae,
1492 3111 1517 3137 t.
1539 3116 1562 3143 Ι,
1586 3115 1620 3147 p.
1645 3103 1830 3145 549-560).
