2083 3458
91 258 244 315 [1429]
618 275 832 300 PAPARUM
868 275 1252 302 AVENIONENSIUM
1691 257 1772 299 387

82 360 279 407 LXXIX,
302 375 352 399 ex
373 375 548 410 quornm
569 360 769 410 prioribus
793 370 902 399 certo
925 361 1126 410 colligitur
1148 360 1497 398 Archambaldum
1518 360 1632 397 illum
1654 359 1775 397 fuisse

79 419 214 457 adhuc
235 419 276 457 in
299 419 551 470 possessione
575 419 758 468 ejusdem
782 420 1093 459 vicecomitatus
1118 434 1164 458 eo
1187 427 1371 469 temPore
1395 433 1475 468 quo
1497 419 1565 456 illa
1589 418 1775 457 confecta

80 487 189 525 sunt,
225 493 275 516 ex
307 477 600 528 posterioribus
636 493 731 516 vero
766 479 996 517 vendidisse
1030 479 1145 516 illum
1180 492 1299 516 suum
1334 477 1671 516 vicecomitatum
1706 477 1774 514 diu

80 545 176 576 ante
219 551 374 576 annum
419 536 744 574 MCCCLXXIX
789 537 1040 575 Guischardo
1087 537 1252 574 domino
1296 536 1518 585 Treignaci.
1567 535 1775 574 Paenituit

80 604 219 634 tamen
246 596 361 634 illum
387 603 530 645 postea
557 595 674 633 istius
703 596 963 634 venditionis.
995 596 1153 645 Quippe
1182 603 1293 644 gesta
1329 595 1524 645 postremi
1546 595 1651 633 illius
1680 594 1775 631 anni

81 655 305 692 ostendunt
324 655 440 692 illum
461 655 512 692 ob
534 667 625 692 eam
644 655 944 704 paenitentiam
963 655 1055 703 jura
1078 668 1180 703 quae
1202 654 1277 692 sibi
1300 654 1592 703 competebant
1620 653 1661 691 in
1683 666 1776 691 eum

80 713 416 752 vicecomitatum
440 712 495 751 sic
519 713 736 751 venditum
759 714 1017 751 transtulisse
1041 713 1081 750 in
1110 713 1270 751 Heliam
1291 713 1339 750 de
1359 713 1601 751 Donzenaco
1625 713 1775 762 episco-

78 786 179 822 pum
206 772 476 819 Castrensem,
504 772 831 821 proavunculum
867 772 1057 810 videlicet
1092 786 1223 810 suum.
1255 772 1331 809 Sed
1358 771 1469 809 istud
1505 772 1655 809 frustra
1684 770 1775 809 fuit.

82 831 188 868 Nam
213 831 245 868 is
274 831 550 869 Guischardus
578 839 619 868 et
645 831 798 880 posteri
825 831 911 879 ejus
939 832 1047 868 hunc
1074 830 1410 869 vicecomitatum
1438 830 1625 880 deinceps
1653 830 1776 867 libere

79 890 363 940 possederunt.

134 948 265 998 Major
285 957 346 986 est
367 948 585 986 difficultas
607 948 710 986 circa
734 948 1034 986 Guischardum
1054 948 1107 985 IV
1133 948 1249 985 istius
1265 956 1437 997 patrem.
1460 948 1570 985 Inter
1584 947 1776 997 epistolas

81 1007 189 1045 enim
220 1006 446 1046 Innocentii
475 1007 531 1044 VI
560 1007 660 1045 duas
688 1007 844 1057 reperio
871 1007 990 1045 datas
1019 1021 1125 1044 anno
1155 1007 1395 1044 MCCCLIII
1432 1006 1483 1043 ad
1511 1006 1700 1043 Carolum
1728 1006 1776 1043 de

83 1066 281 1116 Hispania
322 1066 673 1105 constabularium
715 1065 922 1113 Franciae‚
962 1065 1003 1102 in
1045 1066 1190 1115 quibus
1232 1065 1342 1115 apud
1382 1077 1475 1103 eum
1515 1065 1778 1104 commendat

81 1125 382 1163 Guischardum
404 1124 688 1163 vicecomitem
713 1125 761 1163 de
787 1124 1045 1171 Combornio,
1070 1124 1247 1162 scribens
1270 1124 1435 1161 interim
1457 1124 1592 1161 locum
1616 1124 1702 1172 ejus
1728 1122 1776 1161 de

82 1184 326 1222 Combornio
354 1198 376 1221 a
404 1184 620 1222 rebellibus
649 1192 689 1222 et
717 1183 886 1223 aemulis
914 1183 1030 1232 regiis
1060 1191 1304 1233 occupatum
1335 1183 1469 1220 fuisse.
1503 1182 1639 1220 Habet
1666 1182 1777 1219 istud

80 1242 250 1293 inquam
286 1257 478 1292 magnam
514 1243 813 1280 difficultatem.
853 1242 1017 1281 Etenim
1054 1257 1145 1279 cum
1182 1242 1507 1279 Archambaldus
1546 1241 1650 1278 filius
1686 1240 1779 1279 Ber-

82 1302 199 1339 nardi
236 1302 298 1339 ΙΙΙ
331 1302 582 1340 vicecomitis
617 1310 656 1339 et
688 1302 894 1339 Blanchae
928 1301 1272 1339 Ventedornensis
1307 1301 1413 1338 hunc
1444 1300 1779 1337 vicecomitatum

82 1361 265 1408 tenebat,
287 1360 503 1410 tenuitque
526 1375 654 1410 usque
677 1361 728 1398 ad
750 1375 905 1398 annum
927 1361 1072 1398 saltem
1096 1359 1357 1397 MCCCLXII
1380 1373 1460 1408 quo
1482 1366 1780 1397 testamentum

83 1419 281 1466 condidit,
304 1428 345 1458 et
367 1420 718 1458 Archambaldum
745 1420 805 1457 IX
828 1419 950 1457 fuisse
973 1419 1107 1456 adhuc
1130 1418 1414 1457 vicecomitem
1437 1418 1779 1455 Combornensem

83 1493 191 1517 anno
210 1479 529 1517 MCCCLXXIV
547 1479 632 1528 jam
652 1478 975 1517 observavimus.

137 1538 255 1575 Nunc
275 1538 488 1576 redeamus
510 1538 560 1575 ad
583 1538 752 1575 Petrum
773 1538 821 1575 de
841 1538 964 1575 Bessa
986 1537 1199 1574 dominum
1220 1536 1268 1574 de
1288 1535 1524 1585 Bellafagia.
1549 1535 1726 1573 Uxorem
1747 1535 1779 1572 is

83 1596 230 1634 habuit
253 1596 519 1646 Margaritam
542 1597 591 1635 de
614 1596 789 1634 Thierno
816 1596 941 1634 filiam
965 1604 1006 1634 et
1029 1596 1219 1634 heredem
1243 1594 1447 1632 Guillelmi
1470 1594 1717 1632 de-Thierno
1740 1593 1780 1630 in

84 1655 276 1694 Arvernis
302 1664 343 1693 et
370 1655 538 1705 Agnetis
566 1656 614 1694 de
643 1655 874 1706 Rupeforti,
901 1655 961 1692 uti
997 1654 1135 1693 videre
1161 1662 1222 1692 est
1256 1653 1297 1691 in
1322 1653 1425 1691 libro
1452 1653 1596 1702 primo,
1625 1667 1712 1702 cap.
1739 1667 1780 1699 11,

83 1729 121 1764 p.
154 1714 204 1752 26
232 1714 436 1752 Historiae
465 1714 794 1752 Curtiniacensis.
828 1715 891 1751 Ex
920 1729 966 1752 eo
997 1713 1259 1751 matrimonio
1300 1712 1377 1750 orti
1416 1720 1512 1750 sunt
1543 1712 1780 1749 Guillclmus

82 1773 271 1811 dominus
293 1774 341 1812 de
360 1773 583 1823 Bellafagia
605 1782 646 1812 et
665 1773 713 1811 de
736 1774 930 1823 Peyraco,
952 1773 1020 1822 qui
1041 1780 1227 1810 mortuus
1248 1779 1309 1809 est
1330 1771 1483 1820 absque
1504 1770 1653 1817 liberis,
1675 1785 1781 1808 anno

82 1832 183 1870 1390
197 1833 238 1869 in
267 1833 476 1870 obsidione
496 1832 766 1882 Carthaginis,
786 1833 916 1882 Agnes
933 1833 996 1870 vel
1015 1831 1234 1880 Margarita
1261 1838 1390 1880 nupta
1416 1830 1593 1880 primum
1608 1829 1781 1867 Beraldo

84 1891 290 1941 Dalphino
315 1905 422 1930 anno
448 1891 791 1938 MCCCLXXIII,
818 1891 963 1929 deinde
989 1891 1154 1928 Odardo
1189 1890 1354 1927 domino
1380 1889 1428 1926 de
1455 1888 1652 1926 Chaleron
1678 1888 1781 1926 circa

83 1964 237 1989 annum
273 1950 650 1997 MCCCLXXXIV,
673 1959 714 1989 et
752 1950 988 1988 Hiacinetta
1024 1964 1127 1987 uxor
1163 1948 1333 1986 ,Ioannis
1370 1947 1524 1985 domini
1559 1948 1607 1985 de
1644 1947 1781 1985 Petra-

83 2009 255 2047 busseria
278 2017 319 2047 et
341 2009 389 2047 de
412 2010 666 2047 Castronovo
689 2009 757 2059 qui
780 2009 987 2047 extinctus
1010 2017 1071 2047 est
1092 2022 1200 2046 anno
1224 2007 1338 2054 1390,
1361 2015 1456 2044 ante
1480 2006 1779 2055 Carthaginem.

88 2069 150 2106 Ita
179 2068 299 2106 docet
328 2068 510 2106 Andreas
541 2068 810 2115 Duchesnius,
838 2068 906 2106 lib.
941 2068 994 2114 II,
1024 2082 1111 2117 cap.
1137 2082 1220 2113 VIII,
1249 2081 1284 2116 p.
1315 2065 1388 2104 143
1416 2065 1618 2102 Historiae
1646 2064 1782 2102 Casta-

86 2127 275 2165 neiorum.
304 2127 358 2164 Et
382 2127 438 2165 sic
462 2127 646 2166 extincta
672 2135 733 2165 est
759 2142 853 2177 gens
880 2141 1020 2165 eorum
1046 2126 1114 2176 qui
1140 2126 1188 2163 de
1212 2126 1336 2163 Bessa
1371 2124 1780 2173 cognominabantur.

140 2186 203 2223 Ex
226 2194 345 2236 gente
368 2185 485 2224 istius
511 2186 726 2224 cardinalis
751 2186 873 2224 fuisse
892 2185 1057 2224 videtur
1083 2185 1261 2223 Joannes
1287 2184 1335 2222 de
1358 2183 1496 2229 Bessa,
1515 2197 1636 2232 quem
1661 2182 1782 2219 fuisse

87 2244 299 2284 officialem
319 2245 645 2283 Avenionensem
664 2245 793 2295 reperi
812 2245 852 2282 in
872 2245 1033 2294 Regesto
1052 2244 1148 2281 anni
1168 2243 1272 2281 sexti
1296 2241 1522 2279 Innocentii
1542 2242 1611 2278 VI.

142 2304 184 2341 P.
210 2303 299 2351 247,
322 2304 388 2354 lig.
416 2304 475 2342 17.
505 2304 636 2342 IPsUM
663 2318 876 2342 ossTINUIT.
902 2303 1139 2353 Aymericus
1165 2303 1212 2340 de
1239 2300 1563 2350 Peyraco,abbas
1589 2299 1781 2348 Moyssia-

89 2363 230 2410 censis,
258 2362 300 2400 in
328 2377 400 2400 suo
429 2362 651 2400 Chronico1
682 2363 730 2401 de
759 2363 835 2400 hac
862 2362 949 2412 ipsa
978 2377 1018 2400 re
1048 2376 1169 2411 agens
1199 2361 1257 2398 ait
1286 2359 1527 2397 Eduardum
1556 2358 1781 2396 maximum

88 2421 284 2459 honorem
303 2430 531 2471 reportasse
552 2422 596 2459 de
615 2422 835 2459 obcessione
854 2421 942 2458 ville
968 2420 1131 2467 Calesii,
1152 2419 1246 2469 quia
1265 2433 1330 2456 resi·
1348 2418 1544 2468 predictus
1564 2416 1783 2465 Philippus

91 2479 224 2530 ipsum
255 2480 490 2518 Eduardum
521 2481 744 2518 existentem
778 2480 820 2517 in
853 2480 1072 2517 obcessione
1105 2478 1266 2515 obcessit
1298 2491 1385 2514 cum
1419 2490 1564 2524 magna
1594 2475 1780 2524 potentia,

89 2539 218 2576 labore
243 2547 277 2576 et
300 2539 527 2589 sumptibus
554 2540 739 2588 infinitis.
768 2540 819 2576 Et
845 2539 1017 2588 finaliter
1043 2538 1168 2575 dictus
1194 2551 1259 2573 rea*
1284 2536 1497 2573 Eduardus
1523 2534 1622 2583 cepit
1648 2533 1781 2570 willam

89 2597 303 2647 predictam
333 2598 376 2635 in
405 2596 595 2647 magnum
623 2599 842 2648 dampnum
870 2606 904 2635 et
932 2597 1204 2635 detrimentum
1232 2594 1350 2632 totius
1378 2593 1500 2642 regni.
1532 2593 1582 2630 Et
1610 2592 1783 2641 predicta

91 2656 219 2706 captio
248 2657 340 2706 plus
367 2657 446 2706 suit
475 2657 695 2706 dampnosa
723 2665 757 2694 et
793 2657 1017 2706 vituperosa
1054 2669 1171 2703 regno
1201 2652 1370 2690 Francie
1409 2666 1524 2701 quam
1553 2651 1636 2688 alia
1664 2650 1783 2699 suerit

59 2750 61 2753 .
91 2729 338 2765 quecumque,
356 2715 450 2765 quia
472 2715 617 2753 abinde
642 2730 707 2753 reoe
722 2716 869 2764 Anglie
890 2714 1078 2752 destruxit
1101 2722 1135 2750 et
1149 2711 1405 2761 consumpsit,
1421 2718 1455 2747 et
1475 2724 1606 2747 omnes
1635 2709 1781 2746 incolas

93 2773 203 2811 illius
227 2774 315 2811 ville
347 2775 591 2823 Congediavit
613 2782 647 2812 et
675 2774 871 2824 propellit,
895 2774 993 2811 etde
1016 2771 1201 2820 Anglicis
1224 2769 1442 2820 populavit,
1469 2776 1510 2806 ut
1537 2776 1662 2805 essent
1691 2767 1781 2817 fide-

92 2832 207 2870 liores
240 2832 320 2883 ipsi
352 2832 446 2881 regi.
477 2833 648 2870 Demum
679 2847 744 2870 rea·
776 2832 946 2870 Francie
986 2830 1226 2880 compatiens
1259 2827 1439 2877 gentibus
1472 2827 1553 2864 illis
1593 2826 1718 2875 captis
1750 2833 1784 2862 et

91 2891 272 2938 exulatis,
293 2891 396 2929 dedit
415 2891 471 2928 eis
491 2891 635 2929 victum
656 2891 699 2929 in
718 2906 836 2940 regno
855 2905 939 2937 suo,
960 2898 993 2927 et
1014 2890 1057 2926 in
1076 2888 1322 2926 Carcassona
1341 2894 1375 2924 et
1393 2886 1492 2923 alibi
1512 2885 1568 2922 eis
1587 2884 1783 2934 provideri

89 2949 193 2998 fecit,
216 2950 310 2999 quia
333 2949 556 2999 fidelissimi
576 2950 734 3000 fuerant
754 2958 788 2987 et
810 2963 929 2999 usque
950 2949 1001 2986 ad
1022 2947 1202 2985 ultimam
1225 2945 1399 2983 inediam
1419 2959 1458 2981 se
1479 2944 1732 2992 defenderunt
1752 2951 1786 2980 et

90 3016 298 3046 tenuerunt
327 3009 369 3045 in
397 3016 550 3046 tantum
578 3009 678 3058 quod
704 3023 775 3058 pro
804 3008 985 3045 muribus
1013 3005 1256 3044 comedendis
1284 3003 1531 3041 destruebant
1557 3010 1590 3039 et
1612 3001 1784 3051 dissipa-

141 3132 173 3165 1.
199 3132 239 3165 Β.
268 3132 325 3172 Ν.,
352 3144 418 3165 ms.
445 3132 539 3165 latin
563 3132 656 3166 4991
681 3133 726 3171 A,
752 3132 814 3165 fol.
841 3131 910 3165 143
934 3135 978 3164 r0.
