2083 3458
106 225 258 280 [1155]
626 242 841 266 PAPARUM
878 242 1261 267 AVENlONENsluM
1707 227 1788 269 675

94 333 142 363 ut
165 324 218 362 ad
241 324 440 374 capellam
463 324 594 362 sancti
618 324 775 374 Aegidii
799 339 820 362 a
845 340 884 363 se
909 325 1016 363 intra
1040 334 1155 375 septa
1179 325 1382 376 prioratus
1408 326 1626 365 Ambertae
1651 326 1792 365 aedifi-

96 392 232 422 catam
257 391 512 433 apportentur
536 398 623 420 ossa
650 384 787 433 patris,
815 384 964 431 matris,
989 384 1170 433 fratrum,
1205 393 1238 422 et
1261 399 1437 422 sororum
1473 400 1657 433 meorum,
1692 400 1788 435 qnae

92 451 186 480 sunt
212 443 254 480 in
280 443 430 492 capella
454 442 582 479 beatae
601 443 759 480 illariae
787 443 830 480 in
856 443 955 480 dicto
980 444 1071 490 loco,
1094 452 1127 481 et
1152 452 1301 481 vocetur
1327 445 1475 494 capella
1501 445 1544 481 cle
1570 444 1786 493 Grangial.

97 501 228 540 Hodie
247 510 388 539 tamen
408 501 530 550 vulgo
550 501 687 539 vocari
708 503 905 552 capellam
926 502 973 540 de
996 502 1217 540 petraficta
1238 511 1380 541 auctor
1400 512 1461 542 est
1480 503 1588 542 idem
1609 504 1786 541 Joannes

95 561 222 599 Maria
245 559 456 607 Murensis,
479 560 639 609 illicque
662 561 839 611 conspici
861 561 994 599 adhuc
1016 576 1154 599 eorum
1176 563 1401 612 sepulchra.

147 620 312 658 Certum
328 627 389 658 est
404 619 518 658 illum
535 619 655 657 fuisse
672 621 919 659 monachum
936 620 1085 658 ordinis
1102 621 1233 658 sancti
1247 621 1469 659 Benedicti.
1487 621 1638 659 Verum
1654 621 1787 659 adhuc

94 678 137 716 in
167 679 338 717 obscuro
368 686 429 716 est
458 678 500 715 in
530 692 710 727 quonam
739 680 986 717 monasterio
1016 695 1055 717 se
1086 680 1289 717 addixerit
1319 680 1411 718 huic
1442 680 1550 718 vitae
1580 680 1783 719 instituto.

96 738 181 788 Ego
200 738 278 776 huc
298 737 416 775 valde
444 737 593 775 inclino
615 746 662 775 ut
684 738 914 777 existimem
936 738 1155 788 primordia
1180 740 1448 777 monachatus
1470 739 1555 788 ejus
1578 738 1786 777 referenda

93 812 178 836 esse
198 797 250 834 ad
269 797 550 834 Ambertense.
574 797 727 835 Deinde
748 797 878 835 evasit
898 797 1040 835 doctor
1059 798 1328 845 decretorum,
1347 806 1388 836 et
1407 812 1513 836 anno
1534 798 1786 836 MCCCLVII

95 857 222 894 abbas
251 856 517 902 Fiscanensis,
544 856 729 905 rexitque
756 870 847 895 eam
872 857 1085 895 abbatiam
1110 871 1181 906 per
1206 871 1332 895 annos
1361 857 1450 895 XV.

146 915 266 953 Anno
286 915 538 962 MCCCLIX,
559 929 652 954 cum
675 915 935 954 Innocentius
956 916 1013 952 VI
1032 915 1074 952 in
1096 916 1337 965 Hispaniam
1357 916 1540 955 mitteret
1561 915 1789 954 Guidonem

92 974 143 1012 de
168 974 352 1021 Bolonia,
380 974 626 1012 cardinalem
654 975 934 1021 portuensem,
962 989 1082 1012 causa
1111 975 1278 1012 finiendi
1303 975 1547 1013 discordiam
1573 989 1675 1023 quae
1702 982 1789 1012 erat

94 1034 201 1072 inter
222 1048 332 1083 reges
358 1034 554 1072 Castellae
579 1042 620 1071 et
643 1034 903 1083 Arragoniae,
927 1034 1034 1071 ivere
1057 1033 1150 1072 illuc
1175 1048 1266 1073 cum
1291 1049 1336 1072 eo
1359 1034 1434 1072 iste
1459 1035 1636 1071 joannes
1661 1033 1787 1071 abbas

96 1093 348 1131 Fiscanensis
372 1101 412 1131 et
436 1093 580 1130 Petrus
604 1093 731 1130 abhas
757 1092 896 1131 Sancti
917 1093 1088 1142 Benigni
1112 1093 1382 1140 Divionensis,
1406 1101 1453 1130 ut
1476 1101 1615 1130 narrat
1639 1092 1788 1138 Surita,

95 1152 163 1190 lib.
188 1152 247 1189 IX
265 1153 415 1190 Annal.
436 1152 648 1200 Arragon„
668 1166 755 1201 cap.
777 1166 850 1189 xxi
869 1160 910 1189 et
930 1166 1077 1189 xxxin.

147 1211 268 1249 Anno
296 1211 599 1249 MCCCLXXII
629 1211 762 1249 factus
791 1219 851 1249 est
869 1210 883 1233 2
911 1211 1123 1261 episcopus
1154 1211 1449 1249 Ambianensis.

148 1271 267 1308 Anno
301 1270 634 1316 MCCCLXXIV,
670 1270 884 1319 Gregorius
921 1270 981 1307 XI
1016 1270 1056 1307 in
1090 1270 1264 1309 Galliam
1297 1270 1407 1308 misit
1440 1269 1788 1319 archiepiscopum

97 1330 382 1368 Ravennatem
420 1337 461 1367 et
498 1329 735 1379 episcopum
771 1330 1182 1379 Carpentoratensem
1219 1330 1386 1367 daturos
1425 1342 1588 1378 operam
1624 1336 1671 1365 ut
1707 1341 1789 1377 pax

92 1389 414 1428 constitueretur
434 1389 541 1427 inter
564 1389 740 1427 Francos
763 1397 803 1427 et
827 1388 996 1438 Anglos;
1023 1388 1250 1435 Froissart.‚
1269 1397 1299 1426 t.
1325 1403 1406 1435 vm,
1429 1403 1468 1437 p.
1494 1386 1676 1433 166-169,
1702 1386 1789 1433 172,

96 1448 184 1495 174,
213 1448 298 1486 181.
328 1448 506 1486 Effecere
533 1448 589 1486 illi
631 1456 677 1485 ut
703 1456 970 1497 utrorumque
998 1447 1198 1497 principes
1223 1447 1365 1497 Brugis
1393 1446 1656 1485 convenirent
1682 1459 1790 1482 anno

95 1507 295 1557 sequenti.
322 1507 423 1545 Vide
450 1507 671 1546 Odoricum
698 1507 975 1556 Raynaldum,
1001 1521 1066 1545 an.
1095 1507 1207 1553 1373,
1240 1507 1256 1554 ξ
1283 1506 1343 1544 22.
1375 1507 1484 1544 Inter
1508 1520 1573 1543 eos
1600 1519 1694 1543 vero
1721 1503 1789 1553 qui

93 1581 186 1605 cum
211 1566 419 1604 Ludovico
441 1566 543 1605 duce
565 1566 851 1615 Andegavensi
872 1574 913 1605 et
937 1566 1124 1616 Philippo
1146 1565 1246 1604 duce
1267 1565 1526 1615 Burgundiae
1549 1564 1720 1602 aderant
1741 1577 1790 1600 ex

94 1634 211 1676 parte
244 1626 494 1664 Francorum
525 1625 762 1665 nominatur
793 1625 1004 1675 episcopus
1037 1624 1336 1671 Ambianensis,
1367 1624 1405 1661 id
1438 1632 1513 1669 est,
1545 1623 1608 1661 hic
1640 1630 1791 1668 noster,
1856 1665 1868 1676 ,

95 1685 207 1735 apud
231 1685 421 1725 eumdem
448 1685 718 1723 Froissartum
757 1685 833 1734 [ed.
864 1685 1046 1733 Kervyn,
1072 1692 1102 1722 t.
1131 1699 1212 1730 vm,
1239 1699 1277 1733 p.
1304 1684 1392 1731 339,
1419 1682 1533 1732 374].

149 1744 268 1782 Anno
293 1744 603 1791 MCCCLXXV,
629 1744 691 1782 die
717 1759 775 1781 xx
801 1743 1038 1790 decembris,
1065 1742 1277 1792 Gregorius
1305 1743 1365 1780 XI
1390 1756 1480 1780 eum
1507 1741 1602 1779 fecit
1625 1739 1790 1790 presby-

95 1811 231 1842 terum
272 1804 533 1850 cardinalem,
575 1804 697 1853 vulgo
739 1803 895 1841 dictum
937 1802 1267 1841 Ambianensem.
1312 1803 1411 1839 Erat
1452 1809 1592 1839 autem
1632 1800 1790 1837 absens.

97 1863 243 1901 Postea
279 1877 387 1901 anno
421 1871 616 1912 sequente
651 1863 857 1912 profectus
894 1862 1160 1907 Avenionem,
1196 1861 1367 1899 intravit
1402 1860 1556 1898 curiam
1591 1859 1652 1896 die
1689 1871 1790 1894 xxv1

92 1921 197 1972 julii,
220 1921 282 1959 uti
304 1931 496 1960 notatum
517 1930 578 1960 est
600 1922 641 1959 in
662 1922 765 1960 libro
788 1921 1097 1970 Obligationnm.
1121 1921 1226 1958 Tum
1248 1935 1343 1958 vero
1365 1920 1399 1957 ei
1422 1920 1542 1957 datus
1564 1926 1626 1956 est
1646 1917 1791 1955 titulus

98 1981 237 2019 Sancti
271 1981 460 2020 Marcelli.
496 1982 626 2019 Extat
658 1981 700 2018 in
733 1981 868 2019 codice
896 1980 974 2018 822
1004 1980 1274 2017 bibliothecae
1309 1976 1594 2017 Colbertinae3
1621 1975 1788 2026 epistola

95 2040 313 2089 cujusdam
339 2041 490 2091 scripta
518 2056 567 2078 ex
594 2041 692 2078 urbe
721 2039 936 2078 Parisiensi
963 2040 1014 2077 acl
1039 2039 1279 2077 cardinalem
1305 2038 1613 2076 Ambianensem
1639 2034 1792 2085 qnando

98 2099 176 2149 suit
195 2109 394 2149 promotus
414 2101 466 2137 ad
485 2100 788 2138 cardinalatum.

151 2159 270 2197 Anno
311 2159 629 2197 MCCCLXXVI
670 2159 875 2209 profectus
917 2166 978 2195 est
1017 2157 1058 2195 in
1100 2156 1263 2195 Italiam
1303 2170 1394 2195 cum
1431 2154 1621 2204 Gregorio
1652 2153 1711 2190 XI
1752 2159 1793 2189 et

96 2217 140 2255 in
179 2218 282 2256 mari
314 2219 445 2256 multa
478 2233 620 2268 passus
654 2226 715 2256 est
730 2217 757 2264 4,
792 2226 838 2255 ut
873 2217 991 2255 docet
1025 2217 1168 2255 Petrus
1201 2215 1347 2254 Amelii
1379 2215 1420 2252 in
1450 2213 1658 2251 itinerario
1687 2211 1791 2260 ejus-

96 2277 190 2315 den}
226 2277 444 2328 Gregorii:
489 2277 672 2315 Nobilem
714 2277 1024 2323 Ambianensem
1065 2275 1304 2313 cardinalem
1343 2274 1429 2311 Sine
1470 2287 1589 2310 cansa
1630 2285 1697 2308 cur
1736 2269 1793 2306 sic

100 2335 274 2385 infestas.

152 2395 272 2434 Anno
311 2396 676 2434 MCCCLXXVIII
715 2394 860 2434 missus
899 2393 993 2432 est5
1031 2394 1182 2431 Lucam
1222 2393 1273 2429 ab
1312 2391 1453 2430 eodem
1493 2389 1682 2438 Gregorio
1721 2400 1793 2437 pro

100 2455 330 2493 revocanda
361 2469 460 2505 pace
492 2455 598 2493 inter
628 2468 722 2493 eum
752 2462 793 2491 et
826 2452 1094 2498 Florentinos,
1126 2460 1172 2489 ut
1204 2452 1322 2489 docet
1352 2458 1495 2487 auctor
1525 2448 1645 2497 hujus
1683 2447 1794 2484 Vitae

106 2512 297 2563 Gregorii,
328 2529 366 2564 p.
399 2513 487 2551 429.
523 2515 612 2551 Non
642 2513 773 2552 solum
804 2521 943 2550 autem
973 2512 1036 2549 ille
1067 2510 1210 2550 missus
1243 2510 1333 2555 fuit,
1365 2509 1433 2547 sed
1463 2507 1588 2546 etiam
1615 2507 1793 2544 Joannes

102 2572 277 2622 Rogerii,
300 2572 625 2622 archiepiscopus
650 2571 939 2617 Narbonensis,
962 2579 1002 2609 et
1025 2569 1223 2607 Martinus
1246 2569 1293 2607 de
1317 2568 1437 2606 Salva
1458 2574 1639 2605 recenter
1661 2566 1792 2602 factus

98 2631 313 2682 episcopus
350 2631 686 2681 Pampilonensis‚
721 2639 767 2668 ut
802 2631 950 2668 docent
984 2629 1118 2666 variae
1153 2628 1277 2678 ipsius
1313 2625 1492 2676 Gregorii
1525 2624 1718 2675 epistolae
1753 2631 1794 2661 et

100 2690 290 2738 Bzovius,
317 2697 383 2728 an.
414 2690 526 2737 1377,
560 2691 577 2738 ἓ
604 2690 668 2728 25.·
696 2689 849 2728 Deinde
877 2688 1082 2739 profectus
1110 2695 1170 2725 est
1198 2687 1323 2733 Pisas,
1349 2685 1421 2723 ubi
1441 2692 1598 2723 certum
1619 2691 1679 2721 est
1701 2696 1792 2722 eum

148 2848 180 2880 1.
213 2846 251 2880 F.
277 2847 488 2884 Duchesne,
511 2845 675 2878 Histoire
696 2845 737 2878 de
756 2850 834 2878 tons
855 2845 903 2876 les
924 2844 1129 2876 cardinalem
1147 2842 1319 2883 franceis,
1342 2846 1369 2873 t.
1390 2852 1427 2879 11,
1451 2851 1485 2883 p.
1508 2839 1589 2872 470.

150 2901 180 2934 2.
201 2900 251 2933 Le
269 2901 288 2933 7
308 2899 444 2932 levrier
462 2899 554 2931 1373
576 2898 722 2937 (ΕιὼθΙ,
742 2897 974 2935 Hierarcliia,
994 2902 1020 2928 t.
1038 2908 1061 2935 1,
1081 2908 1115 2939 p.
1136 2894 1208 2933 85).

149 2955 182 2986 3.
205 2953 245 2986 Β.
271 2953 328 2992 Ν.,
351 2964 418 2985 ms.
441 2951 537 2984 latin
558 2951 663 2990 1463,
685 2951 747 2983 fol.
772 2951 815 2983 62
837 2954 879 2983 r0.

149 3007 181 3039 4.
206 3006 416 3044 Duchesne‚
438 3016 495 3048 op.
517 3005 589 3043 cit.,
611 3009 638 3037 t.
658 3016 695 3043 11,
717 3015 752 3046 p.
774 3003 855 3036 443.
876 3021 924 3024 —
942 3001 990 3034 Sa
1011 3001 1130 3044 galere
1151 3000 1303 3033 sombra
1326 2999 1379 3042 (L.
1400 2998 1526 3037 Mirot‚
1546 2998 1602 3030 La
1621 2997 1796 3041 politique

97 3059 320 3104 pontificale,
347 3070 381 3102 p.
408 3058 477 3091 138
502 3063 540 3090 et
563 3056 661 3099 166).

148 3113 180 3146 5.
205 3112 234 3145 Il
256 3111 375 3155 partit
396 3111 440 3143 de
461 3110 497 3143 la
518 3109 616 3143 curie
638 3121 683 3142 en
705 3108 841 3142 fevrier
861 3108 954 3141 1378
980 3106 1126 3150 (Eubel,
1150 3105 1381 3145 Hierarchia,
1404 3110 1430 3137 t.
1452 3116 1475 3143 1,
1498 3115 1533 3147 p.
1557 3103 1629 3146 22).
