2083 3458
609 223 827 249 PAPARUM
862 223 1246 250 AVENIONENSIUM
1752 215 1777 255 9

124 301 378 340 Bertrandus
398 302 592 352 (Petrus),
610 303 786 341 Libellus
803 304 847 341 de
861 304 1138 354 jurisdictione
1154 304 1411 342 ecclesiastica
1428 305 1555 354 sactus
1572 321 1640 356 per
1656 308 1777 345 domi-

76 376 172 400 num
191 362 353 399 Petrum
372 361 598 409 Bertrandi,
622 363 748 410 Paris,
771 363 871 401 1495
893 362 953 413 (Β.
979 364 1045 412 Ν.,
1066 363 1154 401 Re's.
1176 364 1229 401 H.
1252 363 1357 413 600).

126 421 297 470 Beslyus
327 421 557 470 (Joannes),
586 421 800 471 Catalogus
826 422 1101 473 episcoporum
1128 422 1443 461 Pictaviensium
1473 442 1514 454 =
1545 424 1667 474 Besly
1690 426 1776 475 (.J.),

75 480 270 530 Evesques
288 480 332 517 de
349 480 534 528 PoitierS,
554 495 643 518 avec
660 482 713 518 les
730 496 906 531 preuves,
926 481 1053 529 Paris,
1074 481 1187 519 1647.

128 538 374 577 Bibliotheca
390 539 672 587 Floriacensis‚
689 555 727 578 v.
745 541 875 579 Bosco
910 542 1090 578 Joannes
1107 541 1160 590 a).

126 597 313 648 Bigotius
334 598 608 649 (Gulielmus),
628 599 870 638 Christianae
887 600 1150 650 philosophiae
1167 600 1355 649 praeludii
1374 600 1441 638 lib.
1466 600 1568 639 IV...
1588 601 1778 651 Ejusdem

77 665 111 695 et
135 658 187 695 acl
215 657 353 695 Jesum
379 657 583 696 Christum
610 673 765 696 carmen
790 660 960 709 supplem
985 667 1018 697 et
1043 658 1258 708 antilogica
1283 659 1572 709 cles‘licatrixque
1599 660 1776 710 epistola,

78 717 295 765 Toulouse,
319 717 433 755 1549.

129 776 312 813 Blondus
334 776 514 824 Flavius,
535 776 809 814 Historiarum
828 778 878 814 ab
900 777 1157 815 inclinatione
1176 777 1445 814 Romanorum
1478 777 1648 828 imperii,
1669 779 1776 816 deca-

81 835 144 873 des
162 843 249 883 tres,
267 835 380 883 Beue,
400 836 514 874 1531.

129 895 345 933 Bochellus
365 894 659 944 (Laurentius),
673 895 836 933 Decreta.
851 895 1037 933 Ecclesiae
1059 895 1288 938 Gallicanae,
1307 895 1433 942 Paris,
1456 895 1568 933 1609.

130 954 328 993 Boethius
351 955 554 1004 (Hector),
578 954 779 992 Scotorum
798 955 1014 993 liistoriae...
1037 955 1131 992 libri
1150 954 1275 1000 XIX,
1298 954 1560 1007 Paris‚,1574.

129 1013 355 1052 Bollandus
377 1014 606 1063 (Joannes),
625 1014 726 1052 Acta
745 1014 992 1062 Sanctorum,
1011 1014 1183 1061 Anvers,
1203 1013 1439 1051 1643-1709.

130 1073 325 1111 Bonallus
366 1073 603 1123 Antonius),
625 1073 809 1111 Historia
830 1073 1103 1124 episcoporum
1125 1072 1439 1110 Ruthenensium
1463 1090 1506 1104 Ξ
1531 1073 1661 1110 Bonal
1685 1073 1781 1122 (A.),

75 1132 260 1170 ·Histoire
280 1133 345 1170 des
364 1147 542 1183 evesques
562 1134 606 1171 de
625 1133 765 1180 Rodes,
785 1133 830 1171 B.
854 1133 919 1181 N.,
940 1148 1013 1171 ms.
1036 1132 1210 1178 francais
1229 1131 1344 1170 2637.

131 1192 427 1230 Bonaventura
458 1206 480 1230 a
513 1193 550 1230 S.
583 1192 776 1240 Amabili,
807 1192 991 1230 Historia
1022 1192 1061 1230 S.
1095 1191 1303 1229 Martialis
1335 1208 1377 1221 Ξ
1411 1191 1701 1229 Bonaventure
1733 1190 1781 1229 de

10 1294 13 1297 ,
83 1251 120 1289 S.
140 1251 327 1299 Amable‚
345 1251 523 1290 Histoire
540 1252 584 1289 de
599 1252 707 1289 saint
723 1251 907 1299 Martial,
926 1252 1147 1298 Clermont,
1166 1250 1402 1288 1676-1685.

13 1321 15 1324 ⁴
111 1350 113 1352 ,
131 1310 368 1349 Bonifaeius
385 1311 433 1349 de
450 1311 666 1349 Amanatis
685 1329 727 1342 =
754 1311 990 1349 Bonifacius
1016 1311 1064 1348 de
1088 1309 1279 1347 Vitalinis
1305 1309 1352 1347 de
1369 1310 1554 1356 Mantua,
1579 1308 1786 1347 Commen-

81 1369 177 1407 tarii
194 1369 237 1408 in
253 1370 603 1409 constitutionibus
619 1370 831 1408 Clementis
848 1386 965 1421 papae
986 1370 1031 1417 V,
1051 1370 1179 1419 Lyon,
1198 1368 1298 1406 1522
1316 1377 1355 1406 et
1373 1367 1532 1415 Venise,
1551 1368 1663 1405 1574.

132 1429 382 1479 Boninsegni
405 1448 448 1461 =
471 1430 750 1480 Buoninsegni
774 1430 958 1480 ‹Pietr0)‚
979 1429 1163 1467 Historia
1183 1427 1431 1474 Fiorentina,
1448 1426 1787 1474 Florence,1580„

133 1488 264 1527 Boseo
284 1490 481 1537 (Joannes
499 1491 554 1540 a),
573 1490 842 1527 Floriacensis
859 1498 965 1527 vetus
986 1488 1227 1535 bibliotheca,
1247 1488 1376 1536 Ly0n‚
1395 1486 1509 1525 1605.

132 1547 278 1586 Bosius
313 1548 545 1599 (jacobus),
579 1549 764 1587 Historia
796 1548 1162 1598 Hierosolymitana
1198 1565 1240 1578 z
1278 1546 1399 1584 Bosio
1435 1545 1653 1594 (Jacomo)‚
1685 1544 1791 1582 Dell'

84 1606 230 1645 Istoria
250 1608 352 1646 della
369 1623 484 1647 sacra
502 1608 693 1658 religione
712 1617 746 1647 et
766 1608 1039 1646 illustrissima
1059 1606 1206 1645 militia
1225 1606 1266 1644 di
1294 1605 1333 1644 S.
1362 1605 1406 1643 G.
1434 1603 1794 1651 Gierosotimitano,

86 1666 231 1714 Rome,
253 1666 366 1705 1621.

134 1726 369 1776 Bosquetus
389 1727 679 1777 (Franciscus),
698 1728 987 1777 Pontificorum
1006 1740 1272 1772 romanorum,
1292 1724 1358 1774 qui
1376 1738 1394 1761 e
1419 1723 1550 1761 Gallia
1567 1721 1727 1760 oriundi
1747 1721 1792 1760 in

82 1800 129 1823 ea
144 1786 340 1834 sederunt,
356 1786 538 1834 historia,
558 1787 686 1834 Paris,
706 1787 820 1825 1632.

133 1844 300 1883 Bossius
321 1845 544 1896 (Donatus)
568 1865 610 1877 =
634 1846 833 1884 Chronica
849 1846 1064 1893 Bossiana,
1082 1845 1222 1892 Milan,
1243 1844 1357 1882 1492.

135 1904 301 1942 Bouehe
321 1905 610 1955 (Honoratus),
628 1906 812 1943 Historia
828 1905 1053 1944 Provinciae
1072 1924 1114 1936 -—-
1134 1905 1299 1942 Bouche
1338 1904 1421 1954 H.),
1439 1903 1498 1941 La
1514 1902 1792 1954 chorographie

85 1978 135 2001 ou
150 1963 390 2014 description
405 1965 450 2002 de
463 1965 660 2003 Provence
674 1973 707 2003 et
721 1965 911 2003 l’ltistoire
926 1964 1224 2014 clironologique
1238 1964 1288 2001 clu
1306 1966 1425 2001 meme
1440 1978 1552 2013 pays,
1568 1963 1659 2009 Aix,
1678 1963 1789 2000 1664.

136 2023 324 2061 Bouchet
349 2024 502 2073 (Jean),
527 2024 601 2062 Les
635 2025 801 2062 annales
825 2024 1098 2074 d’Aquitaine‚
1124 2023 1309 2070 Poitiers,
1335 2022 1447 2060 1644.

137 2082 325 2120 Bouchet
341 2082 464 2133 (Jean
480 2083 566 2133 du),
582 2084 762 2121 Histoire
778 2083 1054 2133 genealogique
1070 2084 1114 2121 de
1129 2083 1167 2120 la
1183 2082 1337 2120 maison
1352 2082 1482 2131 royale
1497 2082 1540 2118 de
1556 2080 1790 2130 Courtenay,

90 2141 217 2189 Paris,
236 2141 349 2180 1661.

139 2200 264 2238 Bovis
292 2201 522 2251 (jacobus),
545 2202 605 2239 De
630 2201 739 2251 regia
763 2216 906 2240 corona
931 2215 1065 2250 regum
1090 2199 1384 2238 Arelatensium
1413 2217 1454 2230 z
1483 2198 1605 2236 Bouis
1635 2198 1789 2246 (J.-B.),

89 2259 148 2297 La
175 2260 306 2309 royale
332 2275 528 2298 couronne
554 2262 619 2298 des
646 2261 726 2298 rois
753 2261 922 2308 d’Arles,
951 2260 1154 2310 Avignon,
1184 2259 1297 2296 1641.

141 2319 460 2357 Bradwardinus
497 2320 724 2370 ffhomas),
755 2321 814 2358 De
847 2335 968 2358 causa
997 2319 1073 2357 Dei
1106 2326 1239 2356 contra
1270 2316 1482 2366 Pelagium
1514 2323 1547 2353 et
1578 2316 1622 2352 de
1654 2315 1792 2352 virtute

89 2392 302 2416 causarum
319 2379 371 2416 ad
386 2393 479 2416 suos
496 2379 782 2427 Mertonenses,
801 2394 922 2429 opera
941 2387 981 2417 et
1000 2378 1137 2416 studio
1158 2378 1205 2415 D.
1228 2377 1278 2414 H.
1296 2375 1448 2422 Savilii,
1464 2374 1656 2420 Londres,
1678 2373 1789 2411 1618.

141 2437 263 2476 Breul
289 2438 485 2485 (Jacobus
507 2438 594 2488 du),
616 2439 885 2489 Antiquitates
914 2437 1165 2475 Parisienses
1188 2454 1230 2467 z
1255 2435 1307 2472 Le
1328 2434 1468 2472 tltc'dtre
1498 2434 1561 2470 des
1582 2432 1792 2481 antiquitez

93 2496 137 2534 de
157 2496 291 2544 Paris,
313 2496 441 2545 Paris,
467 2497 704 2536 1612-1639.

121 2565 123 2567 '
143 2555 356 2594 Browerus
391 2556 756 2607 (Christophorus),
791 2555 1054 2594 Fuldensium
1085 2553 1367 2603 antiquitatum
1391 2550 1484 2588 libri
1508 2550 1581 2596 IV,
1609 2550 1789 2586 Antwer-

93 2613 183 2664 piae,
207 2613 320 2653 1612.

27 2663 32 2669 ”
142 2696 196 2700 -
223 2673 403 2711 Annales
448 2673 699 2713 Trevirorum
744 2692 787 2706 =
834 2673 1130 2723 Antiquitatum
1172 2678 1206 2707 et
1246 2668 1456 2707 annalium
1501 2666 1793 2704 Trevirensium

93 2731 189 2770 libri
210 2732 350 2780 XXV,
376 2733 509 2782 Liege,
535 2733 648 2771 1670.

144 2792 378 2830 Brovverus
402 2793 615 2843 (Jacobus)
642 2811 684 2824 z
708 2793 901 2830 Brouwer
924 2789 978 2840 (J.
1002 2790 1082 2838 de),
1105 2787 1239 2826 Claois
1259 2785 1472 2836 apostolica
1493 2798 1560 2821 seu
1582 2783 1792 2831 theologica

93 2850 371 2888 demonstratio
395 2866 513 2901 qua...
540 2851 786 2889 concluditur
809 2850 947 2888 divina
972 2849 1047 2898 fide
1071 2846 1300 2884 credendum
1324 2844 1499 2882 Paulum
1529 2842 1561 2879 V
1585 2856 1664 2879 esse
1687 2856 1791 2879 sum-

97 2923 205 2947 mum
228 2910 522 2960 maximumque
543 2911 784 2961 pontificem,
810 2908 955 2954 Douai,
982 2907 1093 2944 1621.
1605 2958 1611 2964 ⁴

147 2968 362 3007 Brunellus
396 2969 625 3020 (Joannes),
654 2970 743 3007 Due
773 2968 1033 3018 repetitioneS,
1065 2964 1197 3014 prima
1229 2962 1271 2999 in
1301 2961 1523 2999 decretalem
1546 2973 1718 3009 primam
1749 2959 1792 2995 de

66 3057 71 3061 .
96 3026 307 3065 homicidio
334 3028 376 3065 in
399 3028 619 3078 antiquis...
647 3028 828 3066 Secunda
852 3025 1028 3076 repetitio
1055 3024 1096 3061 in
1117 3022 1351 3066 decretalem,
1374 3019 1459 3057 licet
1483 3019 1526 3055 de
1550 3018 1723 3063 vitanda,
1750 3018 1793 3054 cle

98 3086 293 3133 electione,
323 3087 492 3125 Orleans
524 3087 671 3137 (1518).
