2083 3458
114 252 267 309 [1375]
635 270 852 296 PAPARUM
887 271 1271 296 AVENIONENSIUM
1718 256 1799 297 887

102 352 288 404 originali
304 352 533 392 luculenter
548 353 729 404 probant
746 367 793 392 ea
812 368 916 404 quae
935 354 983 392 de
1003 355 1124 393 beata
1145 354 1295 404 Oringa
1312 355 1397 393 sive
1413 355 1644 393 Christiana
1663 356 1800 406 legun-

101 421 169 451 tur
193 413 234 450 in
258 420 373 450 tomo
386 412 711 462 primojanuarii
729 413 1055 463 Bollandiani,p.
1075 414 1164 461 652,
1180 414 1268 453 656.
1291 415 1537 464 Quanquam
1553 414 1800 454 Trithemius

100 471 142 510 in
158 472 352 510 Chronico
372 471 673 521 Hirsaugiensi,
689 480 791 510 tom.
806 487 847 519 11,
863 487 902 522 p.
919 472 1008 520 256,
1025 473 1218 511 observat
1233 473 1400 511 beatam
1416 473 1615 523 virginem
1631 474 1802 512 Mariam

101 530 215 569 varia
253 531 301 569 de
336 531 413 568 hoc
449 539 693 581 argumento
728 545 921 581 responsa
953 530 1124 579 dedisse,
1151 539 1192 570 et
1207 531 1395 581 Brigidae
1424 532 1590 582 quidem
1612 533 1801 571 Suecicae

103 589 252 628 dixisse
268 605 308 628 se
325 604 475 640 concep
485 598 568 627 tam
581 589 704 628 fuisse
720 589 805 628 sine
821 590 959 640 aliquo
981 604 1112 629 naevo
1137 590 1296 641 peccati
1323 591 1542 641 originalis,
1559 591 1802 630 Catherinae

102 663 199 688 vero
226 648 393 687 Senensi
417 664 457 687 se
493 657 737 699 conceptam
774 648 896 687 fuisse
922 649 963 686 in
1000 649 1185 699 originali
1212 658 1383 700 peccato
1412 665 1522 689 more
1559 659 1801 689 ceterorum.

158 709 201 746 P.
225 708 314 755 502,
337 708 403 758 lig.
427 708 464 746 6.
489 708 697 746 JOHANNE
722 723 777 745 DE
802 708 1086 747 MONTESONO.
1112 709 1348 758 Antequam
1367 709 1474 747 ultra
1494 710 1804 760 progrediamur

105 767 412 805 observandum
440 775 502 805 est
533 767 757 805 Henricum
786 767 1068 817 Spondanum,
1098 781 1163 805 an.
1195 768 1309 815 1387,
1344 768 1360 817 ฮพ
1391 769 1426 816 7,
1454 769 1560 806 hanc
1588 768 1803 807 historiam

103 826 250 865 referre
275 842 325 865 ex
347 826 519 864 historia
544 841 617 865 ms.
642 840 778 864 rerum
801 826 877 864 sub
902 827 1044 864 Carolo
1069 827 1125 864 VI
1150 835 1372 876 gestarum,
1394 842 1443 865 ex
1467 827 1670 877 opusculis
1695 827 1804 866 Petri

106 886 154 924 de
183 885 352 933 Alliaco,
380 899 484 936 quae
512 900 620 923 nunc
646 884 757 923 edita
783 893 881 923 sunt
906 885 948 922 in
972 893 1087 923 tomo
1113 894 1262 935 quarto
1288 886 1492 924 Historiae
1525 886 1804 925 Universitatis

106 945 367 991 parisiensis,
400 953 441 983 et
473 959 523 982 ex
554 945 629 982 hoc
662 952 828 982 auctore
867 944 978 982 Vitae
1011 944 1235 990 Clementis,
1268 944 1368 982 nihil
1397 960 1493 983 vero
1534 945 1722 984 attulisse
1756 946 1804 983 de

105 1018 178 1042 suo
213 1013 375 1054 praeter
410 1004 535 1042 verba
580 1003 805 1040 admodum
841 1003 1027 1041 modesta
1063 1012 1105 1041 et
1139 1003 1353 1053 simplicia.
1392 1005 1445 1053 Et
1492 1013 1633 1042 tamen
1680 1005 1806 1042 frater

107 1063 346 1101 Vincentius
376 1062 503 1100 Maria
534 1063 723 1100 Fontana
760 1062 801 1099 in
831 1062 1107 1100 Monumentis
1131 1062 1426 1110 DominicaniS,
1455 1078 1493 1113 p.
1524 1064 1613 1111 253,
1643 1064 1684 1101 in
1711 1077 1804 1102 eum

105 1122 279 1172 insurgit
313 1131 516 1172 tanquam
549 1122 745 1159 adversus
780 1122 943 1159 hostem
975 1120 1187 1171 publicum
1221 1121 1371 1160 ordinis
1406 1122 1481 1169 sui,
1515 1131 1556 1160 et
1591 1122 1805 1161 contendit

105 1181 221 1219 illum
246 1181 380 1219 minus
407 1182 508 1220 bene
536 1180 710 1219 fideliter
729 1194 819 1218 eam
841 1180 1040 1227 retulisse,
1061 1180 1155 1230 quia
1179 1181 1330 1218 malam
1350 1180 1525 1219 fratrum
1547 1182 1805 1220 Praedicato-

105 1255 197 1279 rum
221 1240 327 1279 illius
353 1239 502 1278 aetatis
528 1239 739 1278 fortunam
763 1254 813 1277 ex
840 1239 918 1277 fide
943 1247 1131 1277 veterum
1155 1248 1520 1278 monumentorum
1543 1240 1805 1278 indubitatae

109 1299 204 1338 fidei
225 1299 366 1338 retulit
388 1300 440 1337 ad
462 1298 812 1337 concertationem
834 1298 882 1336 de
906 1298 1173 1336 immaculata
1196 1299 1462 1349 conceptione
1485 1299 1630 1338 beatae
1656 1299 1805 1337 Mariae

107 1358 289 1409 virginis,
317 1373 399 1396 non
426 1373 522 1396 vero
549 1358 601 1395 ad
629 1357 873 1407 obsequium
900 1357 1010 1407 quod
1039 1357 1345 1396 praedicatores
1370 1358 1614 1397 Parisienses
1638 1359 1805 1408 praebe-

107 1418 210 1456 bant
236 1418 405 1456 Urbano
430 1418 485 1455 VI
511 1425 653 1455 contra
679 1417 945 1463 Clementem,
971 1416 1034 1455 cui
1058 1416 1244 1455 doctores
1270 1417 1482 1455 Sorbonici
1509 1418 1806 1456 adhaerebant.

74 1494 75 1497 ยน
109 1478 164 1515 At
180 1492 253 1527 ego
270 1476 392 1515 isthic
409 1476 571 1527 requiro
590 1475 837 1514 modestiam
854 1484 895 1513 et
911 1475 1112 1525 judicium
1132 1476 1357 1523 Fontanae,
1375 1476 1621 1514 modestiam
1642 1477 1806 1526 quidem

108 1550 202 1587 erga
234 1536 439 1586 optimum
469 1535 709 1586 episcopum
739 1534 873 1573 verbis
905 1534 1156 1585 simplicibus
1178 1535 1423 1573 referentem
1448 1549 1493 1573 ea
1526 1550 1629 1585 quae
1655 1536 1807 1585 legerat

108 1595 220 1646 apud
257 1595 450 1645 antiquos
488 1595 726 1645 scriptores3
763 1593 964 1643 judicium
1001 1594 1041 1631 in
1091 1608 1213 1632 causa
1265 1593 1415 1632 silentii
1464 1594 1688 1644 Spondani,
1739 1594 1809 1644 qui

108 1655 261 1705 injuste
288 1663 507 1693 accusatur
533 1654 643 1704 quod
670 1653 794 1691 aliam
820 1667 987 1691 causam
1015 1652 1096 1690 odii
1123 1653 1414 1691 Parisiensium
1439 1653 1634 1691 adversus
1662 1654 1807 1691 fratres

110 1714 417 1752 praedicatores
447 1728 529 1751 non
556 1713 757 1760 retulerit,
787 1726 913 1762 quam
941 1711 1160 1762 ignoravit.
1194 1712 1324 1750 Immo
1352 1727 1426 1762 ego
1454 1713 1658 1751 contendo
1683 1713 1808 1750 histo-

108 1773 211 1811 riam
235 1773 361 1820 illam,
386 1772 449 1810 uti
472 1786 493 1810 a
520 1771 742 1822 Spondano
766 1772 896 1809 relata
920 1779 995 1818 est,
1021 1786 1105 1809 esse
1130 1771 1400 1818 verissimam,
1425 1779 1465 1809 et
1491 1786 1593 1821 quae
1619 1772 1667 1810 de
1692 1773 1808 1809 Prae-

110 1832 362 1871 dicatoribus
384 1831 680 1870 Parisiensibus
699 1839 917 1881 propterea
938 1829 1144 1868 damnatis
1162 1830 1396 1868 referuntur
1414 1830 1509 1880 quia
1530 1831 1809 1880 sequebantur

108 1899 247 1942 partes
274 1891 431 1930 Urbani
454 1905 538 1929 esse
563 1904 712 1940 purum
735 1898 885 1940 putum
908 1897 1203 1928 commentum.
1231 1889 1389 1940 Quippe
1415 1898 1573 1928 certum
1597 1898 1658 1927 est
1684 1890 1807 1927 Joan-

110 1965 205 1989 nem
232 1951 280 1989 de
309 1951 566 1997 Montesono,
594 1963 688 1988 cum
714 1963 760 1987 ea
786 1957 1013 1999 tempestas
1041 1949 1236 1986 adversus
1264 1948 1400 1998 ipsum
1427 1948 1693 1998 ordinemque
1720 1949 1807 1998 ejus

110 2009 292 2048 excitata
318 2009 476 2056 fuisset,
503 2008 729 2059 appellasse
756 2008 1008 2046 Clementem
1033 2016 1074 2046 et
1096 2007 1350 2045 Avenionem
1375 2007 1622 2058 profectum,
1647 2007 1808 2057 illicque

111 2083 278 2108 causam
307 2082 445 2115 coram
474 2068 683 2106 Clemente
725 2066 945 2105 actitatam
975 2066 1144 2104 summis
1182 2066 1343 2113 animis,
1383 2067 1635 2116 tandemque
1665 2067 1809 2105 confir-

111 2136 270 2165 matam
291 2128 342 2165 ab
363 2142 409 2165 eo
431 2141 645 2166 censuram
668 2126 950 2173 Parisiensem,
974 2126 1178 2163 Joannem
1197 2126 1357 2175 jussum
1378 2141 1461 2164 esse
1483 2125 1611 2163 redire
1634 2125 1808 2163 Parisios

111 2195 152 2225 et
167 2202 207 2225 se
223 2186 468 2225 submittere
485 2185 728 2224 correctioni
743 2185 993 2232 academiae,
1008 2184 1131 2234 idque
1147 2184 1262 2222 illum
1283 2199 1323 2222 se
1340 2184 1547 2223 facturum
1563 2184 1810 2234 promisisse,

112 2246 182 2284 sed
206 2254 325 2284 nocte
348 2244 539 2295 sequenti
562 2245 667 2283 clam
690 2259 729 2281 se
755 2243 999 2282 subduxisse
1023 2252 1063 2282 et
1093 2243 1134 2280 in
1160 2243 1444 2293 Arragoniam,
1480 2243 1588 2281 unde
1616 2243 1809 2281 oriundus

112 2313 215 2352 erat,
238 2304 458 2354 aufugisse,
480 2303 574 2342 inde
594 2318 690 2341 vero
714 2304 889 2341 Romam
908 2302 961 2340 ad
983 2303 1197 2340 Urbanum
1213 2310 1260 2340 ut
1279 2302 1561 2340 adversarium
1576 2301 1809 2340 Clementis.

117 2365 201 2402 Ista
223 2364 326 2401 adeo
349 2371 461 2402 certa
482 2371 580 2400 sunt
601 2370 649 2400 ut
671 2376 753 2399 non
774 2361 987 2411 indigeant
1009 2361 1267 2411 probatione.
1287 2361 1367 2399 Nos
1388 2375 1432 2399 ea
1451 2360 1691 2410 simpliciter
1711 2360 1810 2399 refe-

113 2423 239 2461 rimus
269 2422 321 2460 ad
351 2421 646 2460 vindicandam
675 2420 916 2459 memoriam
945 2419 1125 2470 episcopi
1153 2420 1202 2457 de
1230 2419 1438 2470 republica
1462 2419 1749 2466 ecclesiastica,
1771 2427 1812 2457 et

113 2481 294 2520 literaria
324 2480 478 2531 optime
508 2480 643 2518 meriti
673 2480 868 2517 adversus
899 2479 1045 2517 falsam
1074 2486 1115 2516 et
1143 2478 1344 2528 injustam
1372 2478 1701 2517 criminationem
1731 2491 1811 2528 qua

113 2541 155 2578 in
174 2554 269 2579 eum
287 2555 383 2578 usus
404 2547 466 2577 est
486 2539 548 2577 vir
569 2538 720 2577 ordinis
740 2538 803 2577 sui
824 2538 957 2576 famae
971 2537 1106 2590 >magis
1127 2537 1317 2576 addictus
1339 2551 1464 2587 quam
1487 2536 1655 2575 veritati
1676 2551 1812 2575 rerum

115 2608 335 2650 gestarum.
372 2598 582 2636 Addemus
616 2606 758 2635 tamen
792 2597 927 2635 adhuc
960 2595 1247 2634 testimonium
1292 2610 1343 2634 ex
1377 2596 1570 2633 Chronico
1612 2596 1811 2634 hactenus

113 2658 271 2697 inedito
302 2656 507 2706 Aymerici
539 2657 586 2694 de
620 2657 814 2705 Peyraco,
845 2655 1008 2693 abbatis
1043 2654 1366 2704 Moyssiacensis,
1396 2663 1488 2692 tum
1518 2653 1711 2702 viventis,
1743 2653 1813 2704 qui

114 2732 199 2756 rem
219 2730 323 2766 quae
340 2724 433 2754 tum
452 2715 636 2753 omnium
655 2728 839 2753 sermone
858 2714 1144 2753 celebrabatur
1158 2713 1214 2752 sic
1229 2721 1394 2751 enarrat
1409 2713 1422 2736 ยน
1441 2731 1448 2751 2
1466 2714 1524 2751 Eo
1540 2722 1708 2763 tempore
1722 2714 1813 2751 ordo

116 2776 415 2815 Predicatorum
437 2774 756 2823 indignationem
775 2773 943 2811 incurrit
963 2772 1129 2822 predicti
1150 2772 1254 2821 regis
1271 2786 1343 2822 pro
1358 2772 1546 2822 opinione
1561 2772 1630 2810 illa
1651 2786 1809 2822 concepโ

115 2835 236 2873 tionis
260 2833 430 2883 virginis
458 2832 678 2870 beatissime
699 2831 775 2870 Dei
801 2831 1003 2881 genitricis
1029 2830 1174 2870 Marte.
1201 2830 1349 2869 Contra
1372 2845 1484 2880 quem
1508 2831 1686 2869 ordinem
1715 2830 1813 2869 Uni-

116 2893 279 2931 versitas
311 2891 559 2930 Parisiensis
588 2891 668 2941 fuit
699 2891 892 2928 concitata
921 2890 1085 2940 fovendo
1113 2897 1266 2940 partem
1296 2890 1536 2928 contrariam
1565 2904 1699 2927 eorum
1729 2889 1813 2939 opi-

117 2952 303 2991 nantium
325 2965 412 2989 eam
433 2950 558 3000 fuisse
581 2958 806 2999 conceptam
830 2949 873 2987 in
895 2957 1049 2999 peccato
1072 2948 1276 2998 originali.
1302 2949 1364 2986 Ea:
1387 2962 1460 2998 quo
1483 2948 1609 2998 aliqui
1637 2949 1681 2986 de
1704 2949 1814 2986 domo

117 3010 416 3049 Parisiensium
449 3008 747 3046 Predicatorum
778 3009 941 3058 suerunt
973 3007 1143 3057 expulsi.
1169 3008 1359 3045 Ceterum
1392 3022 1466 3058 pro
1501 3007 1813 3046 confirmatione

165 3133 198 3166 1.
221 3132 262 3165 B.
287 3131 346 3171 ฮ.,
368 3142 436 3164 ms.
459 3131 556 3164 latin
569 3130 663 3164 4991
674 3131 721 3170 A,
744 3130 806 3164 fol.
829 3130 899 3163 150
919 3134 963 3163 r0.
