2083 3458
267 200 347 240 766
915 213 1067 237 NOTAE
1102 213 1162 237 AD
1197 212 1325 237 VITAs
1575 198 1578 200 ’
1821 197 1984 254 {1243}

264 334 530 385 depositionis
550 333 564 356 1
587 334 673 383 ejus
696 332 737 370 in
760 347 840 382 quo
863 332 1034 382 loquens
1057 333 1105 370 de
1127 331 1260 382 primo
1282 347 1356 370 suo
1376 331 1523 371 itinere
1548 333 1737 371 Romano
1758 332 1817 371 ait
1840 349 1848 372 :
1877 334 1984 371 Item·

263 394 449 432 dominus
469 394 513 431 de
533 393 651 430 Luna
671 392 844 430 obtinuit
862 407 887 430 a
907 392 1067 430 domino
1089 400 1219 429 nostro
1239 392 1428 430 committi
1449 407 1613 430 cansam
1634 407 1761 431 meam
1780 393 1825 431 de
1850 393 1985 443 officio

264 452 540 503 inquisitionis
559 452 719 490 domino
738 453 782 489 de
802 451 1048 490 Mediolano.
1070 452 1262 490 Ceterum
1281 460 1420 490 errant
1440 451 1511 502 qui
1529 466 1624 491 eum
1642 452 1829 491 scribunt
1851 452 1974 491 fuisse

262 512 616 563 archiepiscopum
645 512 962 559 Messanensem‚
988 520 1036 549 ut
1063 511 1190 549 etiam
1224 510 1525 550 animadvertit
1554 512 1741 551 Rocchus
1770 512 1906 550 Pirrus
1932 512 1983 550 in.

264 572 419 611 Notitia
433 572 606 609 secunda
622 571 821 609 Ecclesiae
838 570 1129 618 Messanensts‚
1146 586 1185 621 p.
1204 570 1292 610 353.

319 633 519 671 JOANNE5
543 646 905 670 ARCHIEPISCOPUS
929 632 1180 669 CORFIENsis
1211 630 1295 669 sive
1328 630 1586 680 Coi-cyrensis
1618 640 1791 670 Vocatus
1815 630 1893 669 fuit
1924 631 1982 670 de·

264 691 425 730 Aurelia
445 691 472 738 2,
496 699 543 728 ut
571 691 692 729 fidem
716 690 816 729 facit
839 690 1033 740 Aegidius
1056 690 1285 729 Bellamera
1309 690 1350 728 in
1373 704 1462 740 cap.
1484 690 1630 729 Dilecti
1654 691 1746 740 filii,
1767 691 1827 728 De
1848 691 1973 728 libelli

262 751 457 789 oblatione
482 766 489 788 :
511 751 712 788 Dominus
739 751 916 798 joannes
940 751 984 788 de
1008 750 1190 795 Aurelia,
1216 759 1308 788 tnnc
1330 750 1655 801 archiepiscopus
1678 750 1915 800 Corfiensis.
1936 757 1982 788 ἵετ’

263 826 368 849 nunc
387 810 696 848 anticardinczlis
716 809 995 848 Bai-tholomei.
1019 809 1164 848 Nescio
1194 818 1336 848 autem
1356 824 1408 847 an
1437 809 1530 848 hinc
1552 809 1685 859 colligi
1705 809 1835 860 possit
1863 824 1980 857 eum,

263 870 332 921 qui
360 886 409 908 ex
439 870 549 908 curia
580 869 856 908 Avenionensi
888 870 1065 908 Romam
1092 878 1277 916 venerat,
1308 869 1430 907 fuisse
1460 869 1627 908 natione
1657 869 1981 916 Proviiicialeni‚.

262 945 355 969 cum
378 930 541 968 videam
561 929 603 967 in
623 930 765 967 Diamls
782 930 953 967 Joannis
978 928 1113 976 Fabri,
1130 929 1310 979 episcopi
1327 929 1602 977 Carnotensis,
1619 929 1742 968 fuisse
1760 937 1851 967 tum
1867 929 1971 968 circa

262 991 470 1028 Arelatem
484 990 620 1028 locum
636 990 858 1039 quemdam
874 998 1070 1027 vocatum
1086 989 1308 1036 Aureliam,
1326 989 1447 1038 vulgo
1463 989 1653 1037 Aureffle,
1669 1003 1792 1039 quem
1807 997 1981 1028 constat-

262 1050 389 1089 situm
424 1064 508 1088 esse
544 1049 707 1099 aequali
744 1049 869 1087 ferme
906 1049 1041 1099 spatio
1077 1049 1185 1087 inter
1220 1049 1429 1087 Arelatem
1465 1057 1506 1087 et
1542 1048 1813 1088 Avenionem.
1851 1049 1972 1087 Anno

262 1109 581 1156 MCCCLXXX,
605 1109 667 1147 die
691 1108 880 1148 mercurii
902 1123 1009 1146 nona
1033 1108 1242 1155 februarii,
1268 1109 1423 1147 Romae
1444 1109 1555 1158 apud
1579 1109 1775 1147 Sanctam
1798 1107 1980 1147 Mariam.

262 1168 608 1218 Trans-Tyberim
631 1169 750 1208 „idem
785 1183 877 1207 cum
912 1168 1055 1206 ceteris
1091 1168 1368 1206 cardinalibus
1403 1168 1728 1207 communicavit
1762 1168 1811 1207 de
1845 1182 1970 1206 manu

264 1228 421 1267 Urbani
442 1228 514 1275 VI,
535 1236 583 1266 ut
604 1228 725 1266 docet
746 1229 891 1266 Petrus
915 1228 1061 1266 Amelii
1081 1228 1257 1266 invtomo
1279 1228 1458 1266 secundo
1480 1228 1619 1265 Musei
1642 1228 1788 1276 Italici,
1817 1242 1857 1278 p.
1879 1227 1969 1266 515.

318 1289 620 1326 RAYNULPHUS
644 1302 897 1326 CARmNALis
921 1288 1211 1335 sistaricensis,
1232 1296 1280 1325 ut
1300 1302 1423 1338 supra
1443 1302 1482 1338 p.
1505 1287 1581 1326 935
1603 1287 1760 1326 dictum
1783 1296 1860 1336 est,
1881 1296 1970 1326 erat

262 1363 386 1398 nepos
409 1348 519 1386 Petri
539 1348 588 1386 de
610 1348 850 1386 Monteruco
871 1347 1088 1386 cardinalis
1111 1347 1450 1398 Pampilonensis.
1477 1347 1596 1386 Illum
1615 1361 1689 1397 ego
1709 1361 1971 1386 communem

262 1422 438 1446 errorem
457 1416 620 1446 secutus
640 1408 787 1445 vocavi
806 1407 854 1445 de
874 1406 1128 1454 Montemco,
1147 1421 1194 1445 ac
1211 1415 1430 1457 propterea
1447 1407 1683 1446 existimavi
1701 1407 1832 1445 filium
1846 1406 1969 1445 fuisse

263 1467 463 1517 Stephani
481 1468 529 1505 de
548 1467 803 1514 Monteruco,
823 1481 946 1517 quem
965 1475 1129 1519 constat
1148 1466 1259 1505 Petri
1276 1466 1448 1505 fratrem
1466 1466 1603 1505 fuisse.
1623 1466 1753 1505 Aliter
1769 1475 1912 1505 tamen
1929 1481 1969 1505 se

262 1542 322 1566 res
340 1527 480 1565 habet.
501 1527 653 1565 Verum
671 1527 823 1576 quippe
841 1541 991 1565 nomen
1008 1527 1094 1575 ejus
1112 1526 1243 1576 reperi
1260 1526 1301 1563 in
1317 1526 1521 1576 excerptis
1540 1541 1559 1564 e
1577 1526 1740 1575 Regesto
1760 1526 1918 1564 Urbani
1935 1526 1969 1564 V

261 1586 314 1624 ad
334 1600 397 1625 me
421 1587 554 1625 Roma
575 1586 706 1624 missis
728 1594 768 1624 et
787 1586 829 1623 in
849 1586 1051 1636 excerptis
1072 1601 1091 1624 e
1113 1586 1251 1624 codice
1272 1585 1559 1636 homagiorum
1578 1585 1760 1636 episcopi
1781 1585 1968 1624 Lemovi-

261 1646 390 1685 censis
421 1660 582 1683 mecum
613 1645 928 1685 communicatis
959 1660 981 1683 a
1016 1646 1062 1684 R.
1096 1646 1139 1684 P.
1173 1647 1333 1683 Joaune
1366 1645 1559 1696 Baptista
1592 1645 1857 1693 Pradillonio‚
1898 1645 1969 1683 ubi

262 1713 436 1744 vocatur
458 1705 730 1755 Raynulphus
752 1705 801 1743 de
822 1705 949 1743 Gorsa
967 1704 995 1743 3.
1027 1705 1090 1742 Ex
1118 1720 1198 1755 quo
1220 1704 1448 1743 necessario
1469 1704 1676 1755 colligitur
1695 1705 1812 1744 illum
1838 1705 1968 1744 fuisse

264 1765 393 1804 filium
421 1765 568 1803 sororis
600 1764 710 1803 Petri
739 1765 955 1802 cardinalis
987 1764 1328 1815 Pampilonensis,
1359 1778 1482 1814 quam
1514 1773 1673 1802 certum
1701 1773 1764 1803 est
1793 1773 1975 1815 nuptam

261 1824 384 1863 fuisse
411 1824 578 1862 domino
605 1824 653 1862 de
682 1825 809 1862 Gorsa
835 1824 878 1861 in
905 1824 1191 1863 Lemovicibus
1219 1824 1331 1861 haud
1357 1823 1500 1874 procul
1527 1824 1679 1874 oppido
1709 1824 1968 1862 Donzenaco.

262 1885 477 1922 Praeterea
504 1883 678 1933 insignia
707 1883 909 1933 gentilitia
935 1883 1174 1934 Raynulphi
1201 1892 1298 1921 sunt
1326 1883 1487 1922 diversa
1515 1883 1567 1920 ab
1594 1883 1829 1933 insignibus·
1854 1884 1971 1921 Mon·

260 1952 509 1982 terucorum.
537 1943 655 1991 Quod
680 1943 863 1982 ostendit
886 1943 1001 1980 illum
1026 1958 1077 1981 ex
1100 1943 1179 1980 alia
1205 1951 1323 1993 gente
1349 1943 1486 1981 fuisse.
1515 1943 1638 1981 Error
1660 1943 1802 1993 itaque
1826 1958 1971 1982 eorum

262 2003 331 2053 qui
361 2017 455 2041 eum
488 2011 692 2040 vocarunt
724 2003 772 2041 de
807 2003 1047 2041 Monteruco
1079 2002 1289 2053 profectus
1323 2011 1385 2041 est
1416 2002 1468 2039 ab
1503 2002 1716 2053 Onuphrio
1751 2002 1968 2050 panvinio,

261 2062 330 2113 qui
343 2062 498 2113 primus
521 2062 705 2102 omnium
719 2062 777 2100 ita
797 2062 959 2112 scripsit
974 2062 1027 2112 [p.
1046 2061 1151 2111 111}
1168 2062 1246 2100 Sed
1260 2063 1336 2100 hoc
1356 2076 1584 2111 cognomen
1597 2076 1816 2112 agnoscere
1835 2062 1968 2100 noluit

261 2122 529 2161 Contelorius.
554 2123 607 2160 Et
626 2130 734 2160 certe
754 2121 795 2159 in
814 2122 1027 2172 epitaphio
1051 2121 1304 2172 Raynusphi,
1330 2121 1440 2171 quod
1460 2122 1616 2159 Rornae
1640 2130 1772 2169 extat,
1795 2130 1969 2160 vocatur

260 2190 428 2221 tantum
448 2182 664 2232 presbyter
686 2181 904 2219 cardinalis
926 2181 1040 2219 tituli
1064 2182 1239 2220 Sanctae
1257 2180 1558 2228 Pudentianae,
1580 2189 1621 2219 et
1638 2181 1790 2219 dicitur
1811 2196 1896 2220 esse
1919 2181 1967 2220 de

261 2256 403 2291 genere
427 2240 657 2279 Innocentii
676 2255 809 2291 papae
829 2240 947 2279 sexti.
970 2241 1091 2278 Nulla
1111 2240 1192 2279 illic
1212 2240 1368 2279 mentio
1390 2240 1521 2290 gentis
1541 2255 1592 2278 ex
1611 2255 1691 2290 qua
1714 2240 1780 2279 ille
1797 2240 1966 2291 prodiit.

261 2301 338 2339 Sed
355 2300 551 2339 adversus
568 2314 614 2339 ea
630 2314 734 2350 quae
750 2301 951 2338 hactenus
970 2300 1149 2338 diximus
1167 2300 1215 2338 de
1233 2299 1398 2338 nomine
1415 2300 1502 2350 ejus
1520 2300 1657 2338 afferri
1672 2308 1811 2350 potest
1826 2308 1966 2338 aucto-

258 2359 357 2398 ritas
390 2359 634 2410 pactionum
667 2359 921 2399 matrimonii
956 2354 1106 2398 Mariae
1140 2359 1188 2397 de
1224 2360 1484 2406 Monteruc03
1519 2373 1623 2409 quae
1657 2373 1751 2397 cuni
1782 2374 1822 2397 se
1856 2359 1971 2397 dicat.

263 2419 388 2457 filiam
413 2419 558 2457 nobilis
586 2419 695 2457 Petri
721 2419 768 2457 de
796 2420 1050 2467 Monteruco‚
1075 2426 1275 2469 patruum
1298 2433 1419 2457 suum
1444 2426 1569 2457 vocat
1595 2413 1894 2469 Raynulphum
1918 2419 1968 2457 de

261 2479 500 2516 Monteruco
527 2478 790 2517 cardinalem.
822 2479 982 2519 Harum
1008 2493 1080 2528 ego
1107 2478 1350 2529 pactionum
1375 2486 1495 2517 vetus
1522 2478 1733 2528 exemplar
1758 2493 1841 2516 non
1866 2478 1968 2525 vidi,

259 2538 329 2576 sed
356 2552 512 2578 novum
538 2546 720 2585 tantum,
746 2538 871 2588 idque
900 2538 1066 2578 minime
1095 2538 1398 2577 authenticum.
1427 2538 1490 2575 Ad
1517 2537 1819 2577 conciliandam
1845 2552 1966 2587 porro

259 2598 363 2634 hanc
386 2597 707 2647 discrepantiam
728 2597 938 2635 videretur
960 2597 1180 2636 dicendum
1204 2597 1366 2645 Gorsas,
1390 2596 1677 2635 deficientibus
1702 2596 1966 2643 Monterucis‚

258 2656 298 2694 in
326 2671 465 2694 eorum
494 2671 642 2696 nomen
668 2656 893 2704 transiisse,
918 2665 965 2694 ut
991 2671 1110 2707 saepe
1141 2657 1201 2704 fit,
1223 2656 1345 2706 juxta
1372 2664 1674 2696 testamentum
1702 2656 1918 2705 cujusdam
1945 2671 1964 2694 6

312 2816 337 2847 1.
372 2816 525 2856 Ibidem,
556 2817 617 2849 fol.
649 2818 692 2850 73
722 2822 764 2849 r0.
794 2836 842 2839 —
870 2817 940 2849 Sur
968 2817 998 2850 le
1028 2817 1196 2849 cardinal
1226 2817 1420 2856 Meschini,
1452 2817 1534 2849 voir
1563 2816 1601 2849 P.
1627 2816 1675 2849 M.
1706 2817 1965 2860 Baumgarten

262 2868 619 2911 (Utztersuchiingem
642 2882 675 2913 p.
699 2882 759 2903 L111
780 2877 818 2903 ct
837 2871 894 2913 77)
918 2877 955 2903 et
976 2870 1102 2903 Goller
1124 2869 1206 2913 (Die
1220 2871 1426 2914 pdpstliche
1441 2870 1722 2909 Ρόηίί6ηἰὶανί6,
1742 2876 1767 2903 t.
1787 2882 1810 2910 ι,
1832 2881 1867 2913 p.
1890 2870 1962 2913 94).

310 2923 337 2953 2.
372 2922 475 2953 Liscz
495 2923 641 2954 Amclia
665 2923 811 2966 (Eubcl,
833 2924 1066 2963 ΗίενανεΙιία,
1089 2929 1115 2956 t.
1135 2936 1159 2963 1,
1181 2935 1215 2967 p.
1239 2924 1282 2957 23
1303 2929 1341 2956 et
1362 2924 1458 2967 209).

308 2976 339 3006 3.
374 2975 475 3007 Dans
508 2976 598 3008 trois
631 2977 852 3020 suppliques
886 2978 1076 3010 adressees
1101 2977 1122 3008 a
1148 2977 1335 3009 Innocent
1358 2976 1410 3009 VI
1434 2976 1459 3009 il
1483 2982 1591 3019 porte
1616 2988 1655 3009 ce
1680 2987 1770 3008 nom
1794 2976 1852 3019 (U.
1879 2976 1966 3009 Ber-

261 3026 357 3065 lim-«2»,
384 3029 609 3071 Siippliqiies
632 3030 848 3062 d'lnnocent
874 3030 940 3070 VI,
965 3042 999 3063 n.
1025 3030 1106 3069 935,
1131 3031 1224 3063 1687
1249 3036 1287 3062 et
1308 3030 1429 3073 1723).
1450 3029 1547 3072 1Voir
1570 3029 1608 3063 P.
1634 3029 1681 3062 Μ.
1707 3029 1966 3073 Baumgarten

264 3079 357 3121 (Von
383 3081 441 3111 der
463 3082 728 3123 aposlolisclien
749 3083 918 3122 Kanzlei,
944 3095 977 3126 p.
1002 3083 1190 3125 ili-112).
