2083 3458
54 226 185 282 [872]
589 243 804 268 PAPARUM
840 240 1224 268 AVENIONENSIUM
1665 223 1747 265 381

47 326 323 364 desiderabant
347 333 504 375 propter
529 339 598 362 sue
625 325 858 363 conscientie
882 325 1131 364 soliditatem.
1164 326 1232 363 Ille
1260 332 1400 362 autem
1427 324 1528 362 alius
1557 338 1640 361 esse
1669 336 1751 360 non

47 392 187 435 potest
207 398 332 434 quam
350 384 427 422 iste
448 384 593 422 Petrus
612 384 843 423 Bertrandi.
867 385 983 432 Quod
1002 384 1044 422 in
1063 383 1203 434 primis
1221 383 1423 432 colligitur
1439 398 1487 421 ex
1508 397 1554 420 eo
1573 382 1660 420 loco
1681 381 1759 419 ubi*

47 443 232 482 Clemens
249 443 432 493 loquitur
448 443 497 481 de
514 443 719 480 avunculo
735 442 852 481 istius
870 443 966 481 novi
983 442 1214 489 cardinalis,
1232 442 1324 492 quia
1343 457 1447 479 nunc
1462 450 1517 479 est
1531 441 1611 478 sibi
1627 448 1750 490 pater,

46 502 197 552 inquit,
219 502 314 552 quia
335 501 469 551 ipsum
490 502 658 538 virtuose
680 502 844 539 nutrivit
864 510 897 539 et
919 503 1128 551 prudenter
1147 510 1181 539 et
1199 501 1363 538 sollicite
1385 500 1587 550 promovit.
1613 500 1751 538 Unum

49 575 112 599 me
135 561 186 598 ab
209 575 255 599 ea
277 560 481 599 sententia
505 560 758 606 dimovebat,
779 561 887 609 quod
907 561 1013 598 hune
1034 560 1143 598 Petri
1160 560 1412 598 avunculum
1430 560 1613 597 Clemens
1629 565 1751 596 vocat

47 619 339 658 consobrinum
357 633 489 657 suum.
511 619 565 656 Et
582 627 723 656 tamen
742 634 821 656 non
840 634 1007 669 possum
1025 633 1115 657 eam
1132 619 1322 668 abjicere,
1342 618 1436 668 quia
1454 618 1609 667 reliqua
1628 617 1750 667 hujus

41 678 270 717 collationis
285 678 411 716 verba
427 678 466 715 in
486 678 644 715 nullum
661 678 786 715 alium
804 678 1052 716 cardinalem
1069 692 1091 715 a
1109 678 1316 717 Clemente
1334 685 1516 715 creatum
1535 675 1751 714 convenire

49 745 222 788 possunt
245 751 370 787 quam
391 736 433 774 in
456 737 623 774 Petrum
645 737 863 774 Bertrandi
884 737 1099 785 juniorem.

103 796 222 834 Anno
253 795 494 834 MCCCLIII
526 795 659 833 factus
691 803 752 833 est
782 795 995 845 episcopus
1027 795 1224 833 Ostiensis
1254 795 1368 844 juxta
1397 809 1555 832 cursum
1585 791 1751 843 collegii,

49 862 97 892 ut
119 855 267 905 legitur
289 855 331 892 in
357 854 490 892 Tertia
513 854 593 892 vita
616 853 828 891 Clementis
845 853 873 901 ¹,
899 854 994 903 quia
1019 854 1211 892 nimirum
1235 862 1323 892 erat
1347 853 1556 902 antiquior
1585 852 1751 902 presby-

49 921 232 952 terorum
263 913 534 952 cardinalium
566 913 635 963 qui
665 921 788 951 antea
820 912 983 950 fuerant
1014 913 1192 962 episcopi
1224 912 1462 950 consecrati.

104 972 222 1010 Anno
250 972 496 1019 MCCCLIV,
523 986 616 1010 cum
642 980 736 1022 post
762 972 939 1009 occisum
969 972 1167 1009 Karoluni
1195 972 1242 1009 de
1272 969 1470 1020 Hispania
1510 970 1753 1008 conestabu-

48 1031 198 1069 larium
216 1031 391 1069 Karolus
406 1046 478 1069 rex
493 1031 717 1078 Navarrae,
733 1031 795 1068 vir
810 1030 1039 1068 turbulenti
1054 1039 1094 1068 et
1109 1030 1281 1080 inquieti
1297 1030 1461 1079 ingenii,
1475 1044 1580 1066 nova
1597 1043 1755 1078 semper

50 1090 262 1128 moliretur
298 1090 493 1128 adversus
531 1104 666 1140 regem
704 1090 968 1136 Francorum,
1007 1090 1261 1127 Avenionem
1299 1079 1460 1138 quoque
1498 1088 1754 1134 turbaturus,

44 1148 82 1187 vsi
103 1157 256 1199 posset,
279 1164 319 1187 se
343 1149 531 1187 contulit.
557 1150 688 1186 Extat
710 1148 819 1187 enim
840 1148 881 1185 in
904 1148 1070 1186 archivo
1093 1148 1201 1197 regio
1226 1147 1440 1185 parisiensi
1465 1155 1582 1184 vetus
1606 1146 1754 1184 scheda

47 1207 213 1247 illorum
234 1216 482 1258 temporum,
505 1207 546 1245 in
569 1222 649 1257 qua
673 1207 915 1257 Fricquetus
939 1208 986 1245 de
1011 1207 1238 1256 Friquanto
1262 1207 1393 1255 (cujus
1418 1205 1605 1243 meminit
1626 1204 1754 1242 Frois-

51 1275 200 1314 sartus,
227 1275 256 1305 t.
283 1282 339 1314 ιν,
366 1281 404 1317 p.
435 1266 524 1314 179)
552 1267 611 1304 ait
638 1267 686 1304 de
712 1281 802 1316 rege
831 1266 1040 1304 Navarrae
1068 1281 1137 1315 que
1164 1264 1194 1302 il
1218 1266 1283 1302 ala
1309 1280 1355 1302 en
1381 1265 1575 1314 capinage
1597 1264 1684 1301 hors
1703 1264 1755 1300 du

51 1340 238 1375 royaume
259 1327 304 1364 de
325 1326 478 1363 France
500 1326 559 1363 lui
581 1325 821 1372 huictiesme,
844 1333 878 1363 et
898 1339 938 1362 se
960 1325 1070 1362 rendi
1093 1339 1140 1362 en
1162 1323 1363 1373 Avignon,
1387 1332 1420 1361 et
1440 1338 1464 1373 y
1485 1324 1530 1372 su
1555 1337 1603 1360 en
1636 1322 1757 1360 l'ostel

48 1385 106 1422 du
135 1385 315 1423 cardinal
344 1385 524 1431 d’Arras,
556 1385 623 1434 qui
653 1385 794 1434 depuis
823 1384 884 1433 sut
913 1383 1073 1431 d’Ostie,
1102 1384 1264 1433 jusques
1293 1386 1315 1420 ἁ
1347 1398 1385 1420 ce
1423 1397 1493 1432 que
1531 1383 1563 1419 le
1602 1382 1675 1418 duc
1713 1382 1757 1418 de

51 1443 277 1492 Lanoastre,
303 1444 336 1481 le
360 1452 478 1481 comte
503 1444 731 1490 d'Arondel,
756 1443 943 1493 l’evesque
967 1444 1011 1480 de
1036 1442 1183 1479 Norvic
1206 1450 1239 1479 et
1263 1450 1393 1479 autres
1415 1456 1439 1491 y
1464 1441 1644 1478 vincirent
1661 1454 1756 1477 mes-

46 1517 163 1552 sages
188 1517 289 1552 pour
314 1503 347 1540 le
372 1517 440 1552 roy
466 1502 748 1551 d’Angleterre,
775 1511 808 1540 et
833 1503 866 1539 le
892 1503 966 1539 duc
992 1502 1036 1539 cle
1061 1501 1262 1548 Bourbon,
1290 1501 1323 1538 le
1349 1508 1467 1538 comte
1491 1501 1535 1537 de
1552 1499 1756 1547 Boloigne,

48 1561 332 1612 l'archevesque
358 1562 402 1599 de
427 1562 566 1599 Rouen
592 1561 820 1608 chancelier,
839 1570 873 1599 ct
889 1569 1019 1598 autres
1038 1575 1063 1610 y
1077 1561 1210 1610 jurent
1231 1574 1425 1608 rnessages
1445 1574 1545 1609 pour
1569 1559 1601 1595 le
1623 1572 1690 1607 roy
1714 1558 1757 1595 de

52 1620 205 1658 France
224 1635 325 1671 pour
343 1621 652 1658 l’enterinement
671 1621 767 1658 d'un
787 1618 938 1658 traictie'
955 1621 998 1658 de
1015 1620 1114 1670 paix
1128 1620 1237 1669 parle‘
1252 1627 1355 1656 entre
1377 1618 1552 1666 Guignes
1572 1626 1604 1654 et
1620 1616 1757 1654 Calais

45 1694 98 1717 en
116 1680 155 1717 la
173 1694 354 1730 presence
373 1680 425 1717 du
444 1680 625 1717 cardinal
643 1680 687 1717 de
706 1679 898 1728 Boloigne
916 1687 1019 1717 entre
1038 1679 1171 1716 lesdits
1191 1692 1396 1726 messages.
1419 1677 1468 1714 Et
1488 1684 1607 1726 quant
1626 1675 1758 1713 lesdits

51 1753 246 1788 messages
266 1754 291 1789 y
312 1739 444 1787 jurent
466 1753 599 1785 venus,
623 1753 756 1776 encore
777 1753 816 1776 se
838 1738 913 1776 tint
936 1738 965 1775 il
985 1745 1244 1775 secrettement
1265 1751 1312 1774 en
1335 1737 1371 1774 la
1396 1736 1483 1773 ville
1506 1750 1579 1785 par
1606 1748 1758 1772 aucuns

50 1797 173 1846 jours.
202 1798 252 1835 Et
275 1812 350 1835 euoe
373 1806 503 1835 estans
529 1798 655 1845 illene,
680 1797 824 1847 saigny
847 1798 943 1834 aller
967 1805 1001 1835 et
1023 1797 1107 1834 s’en
1131 1797 1211 1834 alla
1236 1796 1324 1833 hors
1349 1796 1392 1832 (le
1417 1796 1455 1832 la
1480 1795 1568 1831 ville
1592 1797 1616 1831 ιὶ
1646 1801 1760 1842 grant

47 1857 315 1906 -compaignie,
339 1865 372 1894 et
394 1857 433 1894 la
456 1857 545 1894 nuit
561 1857 645 1894 s’en
666 1865 849 1894 retourna
868 1870 958 1894 avec
975 1856 1100 1893 sadite
1119 1854 1369 1905 compaignie
1387 1854 1610 1899 seulement,
1630 1867 1698 1890 sen
1721 1866 1759 1889 ce

52 1930 124 1965 que
148 1916 219 1953 nul
240 1930 287 1953 en
309 1924 436 1953 sceust
458 1930 611 1953 aucune
634 1915 755 1954 chose.
782 1915 833 1953 Et
853 1915 899 1964 ju
922 1915 1064 1964 depuis
1087 1930 1162 1965 par
1185 1914 1324 1964 quinze
1339 1913 1450 1963 jours
1470 1920 1553 1950 tant
1571 1925 1617 1949 en
1637 1911 1760 1948 l'ostel

53 1975 106 2012 du
121 1975 302 2012 cardinal
317 1974 464 2012 d’Ostie
480 1989 624 2012 comme
639 1989 687 2012 en
703 1975 803 2012 celui
819 1975 872 2012 du
888 1974 1069 2011 cardinal
1085 1974 1128 2011 de
1149 1974 1335 2022 Bologne,
1360 1971 1519 2022 parlant
1542 1979 1575 2008 et
1597 1970 1757 2007 conseil-

50 2033 137 2071 lant
153 2041 274 2071 toutes
288 2033 340 2071 les
356 2034 484 2071 nuicts
499 2048 588 2071 avec
602 2034 694 2071 ledit
709 2034 782 2071 duc
796 2034 840 2071 de
854 2033 1061 2071 Lencastre
1078 2047 1147 2083 que
1163 2041 1245 2070 tant
1260 2047 1330 2081 que
1345 2032 1530 2068 demoura
1548 2044 1648 2079 pour
1665 2037 1758 2066 ceste

53 2107 180 2130 cause.
206 2093 255 2130 Et
275 2093 416 2142 depuis
436 2093 502 2130 ala
522 2107 569 2130 en
589 2107 660 2130 son
681 2107 781 2142 pays
803 2093 847 2130 de
868 2091 1060 2139 Navarre,
1083 2100 1159 2130 etc.

106 2151 225 2190 Anno
265 2152 474 2190 MCCCLV
514 2151 659 2189 missus
700 2160 761 2189 est
799 2151 852 2189 ad
894 2151 1070 2190 Romam
1108 2165 1181 2201 pro
1220 2148 1468 2199 exequendis
1509 2146 1757 2185 solemnibus

50 2210 328 2248 coronationis
355 2210 496 2249 Karoli
523 2211 577 2248 IV
599 2211 871 2261 imperatoris.
899 2210 987 2258 Qua
1011 2210 1059 2248 de
1083 2225 1123 2247 re
1147 2209 1331 2259 pluribus
1356 2206 1597 2257 agemus'ad
1626 2205 1759 2242 Vitam

56 2268 279 2307 Innocentii
326 2269 397 2308 VI.

106 2328 225 2366 Anno
246 2328 485 2366 MCCCLXI
506 2343 599 2367 cum
618 2328 834 2366 societates
855 2328 1111 2378 praedonum
1130 2326 1389 2377 publicorum
1409 2325 1585 2361 multum
1606 2323 1757 2360 incom-

52 2387 272 2425 modarent
296 2387 430 2426 curiae
457 2387 682 2434 Romanae,
708 2387 919 2425 decretum
943 2395 1004 2425 est
1029 2387 1224 2424 adversus
1249 2400 1315 2422 eos
1341 2384 1490 2421 bellum
1517 2396 1691 2427 sacrum,
1717 2388 1757 2418 et

52 2446 263 2496 publicata
282 2446 477 2493 cruciata,
496 2454 544 2484 ut
560 2454 725 2484 vocant.
749 2446 843 2483 Dux
860 2454 999 2484 autem
1019 2445 1220 2483 exercitus
1240 2444 1419 2481 delectus
1439 2449 1499 2479 est
1519 2441 1662 2478 Petrus
1680 2439 1756 2477 iste

51 2504 266 2555 episcopus
291 2505 508 2550 Ostiensis;
529 2505 690 2544 Odoric.
717 2505 937 2554 Raynald.‚
961 2518 1025 2542 an.
1053 2503 1166 2550 1361,
1197 2503 1213 2551 ἓ
1237 2502 1272 2548 5,
1296 2510 1337 2539 et
1358 2500 1622 2545 Froissartus,
1646 2507 1675 2536 t.
1701 2512 1754 2544 vl,

53 2578 92 2613 p.
117 2563 177 2601 73.
204 2562 374 2602 Interim
395 2563 498 2602 obiit
515 2564 529 2586 ²
549 2564 614 2602 ille
636 2564 699 2602 die
722 2578 791 2601 xm
813 2563 903 2613 julii
924 2563 1109 2612 ejusdem
1130 2561 1238 2599 anni.
1257 2561 1398 2598 Cetera
1420 2566 1518 2596 nota
1540 2565 1648 2595 sunt.

109 2622 151 2660 P.
179 2622 267 2671 247,
292 2623 358 2672 lig.
385 2623 420 2661 3.
448 2623 710 2661 NICHOLAUM
738 2637 793 2660 DE
817 2623 983 2660 BEssm.
1016 2622 1060 2658 In
1085 2620 1221 2659 codice
1246 2619 1354 2668 regio
1380 2625 1553 2655 vocatur
1578 2615 1757 2653 Jacobus

53 2689 165 2719 certo
199 2696 344 2720 errore.
382 2681 572 2730 Quidam,
607 2689 655 2719 ut
688 2682 793 2720 hanc
828 2680 1148 2730 discrepantiam
1183 2678 1429 2723 conciliaret,
1465 2689 1558 2713 eum
1592 2673 1760 2712 vocavit

105 2830 137 2863 1.
157 2830 305 2869 Baluze,
326 2836 352 2863 t.
369 2841 394 2870 1,
414 2841 449 2873 p.
471 2831 551 2864 281.

107 2883 137 2916 2.
162 2883 211 2916 Le
233 2888 441 2916 testament
462 2884 506 2916 de
530 2883 650 2916 Pierre
672 2883 859 2916 Bertrand
880 2881 998 2914 existe
1021 2892 1097 2913 aux
1118 2878 1298 2912 Archives
1321 2879 1365 2910 de
1387 2876 1583 2915 Vaucluse,
1605 2875 1649 2908 H.
1674 2874 1756 2914 269,

56 2948 92 2969 n.
114 2936 158 2969 17
183 2935 216 2979 (5
236 2936 359 2979 juillet
380 2936 500 2980 1361).
521 2955 570 2959 —-
589 2935 660 2969 Sur
678 2936 710 2968 le
732 2946 976 2979 personnage‚
999 2933 1121 2971 Vidal,
1144 2938 1171 2965 t.
1191 2944 1242 2971 111,
1265 2943 1299 2974 p.
1323 2930 1392 2963 196
1413 2935 1450 2962 et
1472 2929 1535 2961 201
1560 2940 1635 2960 aux
1656 2933 1755 2960 mots

57 2989 189 3022 Petrus
220 2988 416 3032 episcopus
447 2988 709 3022 Atrebatensis
730 2995 768 3021 et
790 2986 1047 3026 Nivernensis;
1080 2985 1229 3028 Quellen
1252 2984 1328 3017 und
1350 2982 1621 3024 Forschungen,
1656 2986 1683 3013 t.
1714 2991 1756 3012 1x

60 3041 195 3085 (1906),
220 3053 255 3085 p.
279 3042 366 3082 376;
391 3041 441 3074 Cl.
468 3041 709 3081 Hemeraeus,
733 3041 905 3083 Augusta
930 3039 1275 3076 Viromanduorum,
1302 3035 1415 3074 Paris,
1440 3035 1543 3073 1643,
1569 3045 1603 3077 p.
1630 3034 1697 3066 107
1720 3039 1758 3065 et

55 3095 126 3128 108
148 3095 198 3127 du
220 3094 423 3137 Catalogue
446 3095 508 3127 des
532 3095 672 3138 doyens
696 3095 739 3127 de
761 3086 912 3137 l’Eglise
935 3093 979 3125 de
1001 3089 1296 3132 Saint-Quentin
1329 3087 1456 3132 [Bal.].
