2083 3458
78 167 204 224 [725]
287 201 294 209 .
611 183 825 209 PAPARUM
862 183 1243 210 AVENIONENSIUM
1687 171 1765 212 221

70 266 225 315 Regesti
244 265 462 316 pontificii,
486 274 648 304 constat
669 267 783 304 illum
800 267 920 305 fuisse
937 276 1081 305 natum
1103 268 1142 305 in
1157 268 1244 305 loco
1260 277 1407 306 vocato
1423 269 1485 307 del
1502 270 1628 319 Poget
1643 285 1767 320 prope

40 362 46 366 ,
65 326 432 363 Castrum-novum
454 325 502 362 de
518 325 701 363 Vallibus
719 326 745 372 ¹,
761 327 1016 364 Caturcensis
1044 327 1250 374 dioecesis,
1266 327 1334 365 ubi
1357 327 1548 366 fundavit
1564 337 1766 367 monaste-

68 384 173 421 rium
194 383 567 422 sanctimonialium
596 384 745 422 ordinis
774 393 938 423 sanctae
963 386 1113 424 Clarae.
1142 386 1372 423 Bernardus
1392 387 1588 425 Guidonis
1614 388 1766 425 nullam

61 443 319 481 mentionem
334 443 433 480 facit
447 442 533 492 ejus
550 444 916 492 consanguinitatis
930 459 1020 481 cum
1037 445 1195 482 Joanne
1214 459 1332 495 papa.
1352 446 1405 482 Et
1426 453 1565 483 tamen
1587 447 1766 484 „Ioannes

69 501 281 548 Villanius,
301 491 452 549 lib.Xl‚
475 515 562 551 cap.
586 516 624 538 vl
645 509 686 539 et
708 517 780 539 xix
805 503 1030 552 [Muratori‚
1052 511 1081 541 t.
1106 518 1190 551 xm,
1213 504 1286 541 col.
1319 504 1392 541 759
1413 512 1453 541 et
1475 505 1562 554 764]
1596 505 1653 542 ait
1674 520 1766 543 eum

68 560 190 599 fuisse
219 568 411 610 nepotem
440 560 624 609 ejusdem
654 561 838 608 Joannis‚
870 562 978 611 quod
1010 562 1193 611 Papirius
1224 563 1434 601 Massonus
1472 563 1513 600 in
1553 564 1638 601 vita
1679 565 1766 614 ejus

68 619 365 670 interpretatur
386 620 434 657 de
458 619 540 657 filio
562 620 721 657 sororis.
746 621 895 658 Contra
917 621 1024 658 idem
1046 621 1243 659 Villanius
1266 622 1408 659 eodem
1430 622 1497 660 lib.
1525 622 1577 669 ΙΙ,
1600 637 1687 672 cap.
1712 638 1765 670 vl,

65 693 160 716 curn
180 678 349 716 dixisset
366 692 459 716 eum
477 686 672 716 vocatum
691 677 812 716 fuisse
832 687 1023 729 nepotem
1043 694 1188 730 papae,
1208 680 1325 717 addst
1343 681 1464 729 vulgo
1484 689 1622 719 tamen
1641 682 1765 719 credi-

66 745 157 775 tum
181 737 303 776 fuisse
328 737 584 787 ejuslfilium,
611 745 651 774 et
675 752 814 775 revera
841 738 1014 775 multam
1040 753 1131 776 cum
1157 753 1202 776 eo
1227 739 1536 777 similitudinem
1561 740 1762 778 habuisse.

70 796 174 834 Huic
191 796 427 834 testimonio
444 797 693 845 suffragatur
709 796 834 834 etiam
853 797 1089 835 Franciscus
1110 798 1327 835 petrarcha
1344 798 1384 835 in
1401 798 1571 848 epistola
1590 800 1763 849 septima

63 869 206 893 earum
227 869 330 905 quae
351 863 447 893 sunt
467 855 551 893 sine
571 855 694 892 titulo
717 871 723 892 :
748 870 871 892 unum
891 870 908 892 0
927 869 1036 893 sacro
1057 865 1214 905 patrum
1234 857 1405 905 collegio,
1428 857 1570 906 filium,
1593 866 1632 895 ut
1652 859 1764 895 multi

63 914 261 962 dixerunt,
287 929 424 961 suum3
451 922 484 951 et
508 915 722 951 secundum
746 914 897 963 samam
922 915 1142 952 similitudo
1170 915 1309 964 ingens
1336 930 1560 965 morumque
1584 917 1764 965 ferocitas

62 973 292 1023 adjuvabat.
320 974 437 1021 Sane,
462 981 509 1010 ut
532 981 640 1010 recte
666 973 902 1011 observavit
927 974 1076 1021 Cicero,
1103 988 1414 1026 nonnumquam
1439 975 1563 1012 etiam
1589 990 1762 1013 errorem

64 1040 177 1070 creat
200 1032 424 1070 similitudo
448 1040 494 1069 ut
515 1032 700 1082 pluribus
724 1032 919 1082 exemplis
940 1033 1099 1070 ostendi
1121 1041 1257 1081 posset
1281 1033 1404 1070 etiam
1428 1048 1476 1071 ex
1500 1034 1565 1071 illa
1587 1034 1763 1084 antiqui-

65 1097 165 1128 tate.
190 1090 266 1128 Sed
290 1090 482 1141 quoniam
504 1104 613 1127 error
634 1090 860 1127 communis
883 1090 981 1127 facit
1001 1091 1080 1140 jus,
1114 1091 1188 1128 hoc
1210 1091 1460 1141 praejudicio
1494 1091 1620 1129 fultus
1654 1095 1762 1129 01111-

66 1148 206 1199 phrius
237 1149 460 1187 Panvinius
490 1149 662 1187 scribere
692 1163 772 1186 non
802 1149 1011 1186 dubitavit
1040 1150 1147 1187 hunc
1176 1150 1448 1187 Bertrandum
1484 1150 1603 1187 fuisse
1636 1151 1762 1188 filium

64 1222 197 1258 papae
216 1208 241 1246 ².

126 1267 243 1305 Illum
276 1275 395 1304 vetus
429 1266 651 1304 Clzronicon
684 1267 1008 1305 Caesenatum..a
1044 1266 1228 1316 Scipione
1262 1267 1537 1305 Claramontio
1573 1268 1761 1315 relatum,

70 1340 108 1376 p.
140 1325 229 1373 494,
261 1334 440 1363 testatur
469 1325 590 1363 fuisse
621 1326 827 1363 hominem
858 1326 1204 1375 sapientissimum
1235 1334 1276 1363 et
1306 1326 1617 1374 magnanimum:
1652 1335 1692 1364 et
1721 1327 1762 1364 in

68 1384 251 1422 Historia
270 1384 555 1432 Cortusiorum‚
576 1384 644 1422 lib.
667 1385 715 1432 V,
738 1399 825 1434 cap.
850 1400 873 1421 v
899 1385 1124 1435 [Muratori‚
1147 1393 1175 1422 t.
1199 1399 1270 1431 ΧΠ,
1292 1385 1365 1422 001.
1398 1385 1488 1435 860]
1522 1385 1763 1423 describitur

67 1443 131 1481 vir
157 1444 345 1493 justitiae
375 1451 415 1482 et
444 1443 655 1482 literarum
685 1452 858 1481 amator.
883 1444 1096 1481 Praeterea
1122 1444 1301 1482 Joannes
1322 1444 1507 1483 Andreae
1536 1444 1574 1480 in
1601 1445 1766 1494 prologo

66 1502 254 1540 Novellae
278 1503 321 1540 in
341 1503 560 1545 Decretales
585 1516 678 1540 cum
704 1503 967 1540 commendat
992 1503 1039 1540 de
1066 1502 1264 1542 doctrina.
1292 1503 1442 1540 Contra
1483 1503 1701 1540 petrarcha
1725 1503 1766 1540 in

65 1562 152 1600 loco
173 1562 296 1612 paulo
318 1569 413 1600 ante
435 1562 604 1599 laudato
627 1561 802 1600 ferocem
822 1562 936 1599 illum
960 1561 1083 1599 fuisse
1106 1561 1261 1608 scribit,
1293 1561 1522 1611 profectum
1556 1569 1693 1600 autem
1726 1562 1764 1599 in

69 1621 231 1659 Italiam
249 1621 466 1671 praedonis
485 1621 527 1658 in
545 1635 700 1659 morem
719 1635 849 1670 neque
868 1621 990 1670 signis
1009 1621 1213 1658 virtutum
1232 1634 1278 1658 ac
1294 1621 1499 1658 miraculis
1517 1621 1765 1668 inclaruisse,

66 1680 137 1718 sed
167 1680 290 1729 signis
321 1688 547 1718 castrorum
578 1688 619 1718 et
648 1680 760 1718 miris
789 1680 1039 1718 instructum
1069 1679 1293 1729 legionibus
1324 1680 1365 1717 in
1393 1680 1464 1717 has
1492 1687 1619 1717 terras
1650 1680 1765 1729 quasi

67 1739 258 1787 alterum,
281 1753 360 1776 non
385 1739 566 1786 Petrum,
589 1739 657 1777 sed
683 1739 956 1778 Hannibalem
978 1753 1000 1776 a
1023 1752 1128 1788 papa
1153 1738 1417 1776 destinatum.
1443 1739 1519 1776 Sed
1546 1738 1764 1776 petrarcha

64 1806 155 1836 erat
172 1798 309 1848 palam
335 1798 523 1835 inimicus
543 1798 714 1836 Joannis
735 1798 862 1835 XXII
883 1798 934 1835 ob
952 1798 1028 1835 hoc
1053 1798 1146 1847 quia
1166 1812 1404 1847 persuasum
1423 1797 1462 1834 in
1482 1797 1618 1834 animo
1643 1798 1764 1835 habe—

66 1856 270 1894 batillum
289 1857 419 1895 odisse
441 1857 603 1894 Italiam
622 1865 662 1895 et
685 1858 822 1904 Italos,
842 1865 882 1895 et
900 1857 990 1895 ideo
1008 1857 1161 1894 nullam
1184 1857 1305 1894 fidem
1324 1864 1502 1894 meretur
1519 1856 1559 1893 in
1577 1856 1624 1893 iis
1643 1856 1761 1894 rebus

66 1930 168 1965 quas
194 1916 336 1954 scribit
363 1916 558 1954 adversus
587 1931 692 1954 eum.
722 1916 921 1954 Villanius
950 1916 1088 1963 etiam,
1116 1916 1185 1953 lib.
1218 1916 1292 1962 XI,
1323 1930 1410 1965 cap.
1441 1930 1493 1952 vn
1535 1915 1761 1965 [Muratori‚

63 1982 95 2012 t.
123 1989 209 2022 xm,
236 1975 309 2013 col.
338 1975 426 2025 760]
454 1983 495 2013 et
528 1989 578 2013 ex
614 1990 660 2014 00
686 1975 1014 2022 Ghirardaccffls,
1052 1975 1119 2012 lib.
1150 1974 1254 2011 XXI
1279 1975 1385 2012 Hist‘.
1413 1976 1579 2021 Bonon.7
1606 1989 1644 2023 p.
1674 1974 1760 2021 113,

62 2034 252 2072 scribunt
279 2035 366 2084 ejus
393 2034 627 2084 superbiam
654 2048 846 2084 magnam
874 2034 1009 2072 fuisse.

119 2093 286 2142 Legatio
311 2093 379 2131 illa
407 2107 532 2143 quam
558 2093 692 2131 verbis
718 2093 925 2131 atrocibus
953 2092 1146 2131 describit
1169 2092 1387 2130 petrarcha
1413 2091 1676 2140 intelligenda
1702 2099 1762 2128 est

67 2151 116 2189 de
138 2152 269 2202 prima
291 2152 493 2202 legatione
520 2153 662 2190 Italica
683 2152 914 2200 Bertrandi‚
938 2152 986 2190 de
1009 2165 1088 2201 qua
1112 2151 1277 2188 videndi
1299 2151 1535 2188 Albertinus
1558 2150 1761 2187 Mussatus

66 2210 108 2248 in
131 2210 303 2261 epistola
327 2211 379 2249 ad
405 2211 533 2249 filium
561 2211 787 2263 [Muratori,
812 2219 841 2249 t.
868 2226 909 2259 x,
935 2211 1007 2249 etl.
1035 2210 1140 2260 780]‚
1178 2210 1350 2247 Karolus
1388 2210 1441 2246 IV
1473 2210 1569 2258 imp.
1595 2209 1635 2245 in
1658 2208 1760 2245 libro

65 2269 124 2306 De
145 2270 224 2308 vita
245 2284 317 2308 sua
342 2272 394 2322 [p.
419 2270 509 2320 240]
543 2279 583 2308 et
614 2271 811 2308 Odoricus
836 2270 1025 2319 Raynal„
1048 2283 1112 2307 an.
1139 2269 1252 2314 1319,
1281 2269 1296 2316 ξ
1318 2269 1354 2315 8,
1379 2268 1492 2314 1320,
1521 2268 1537 2315 ξ
1562 2267 1621 2314 19,
1647 2267 1759 2314 1322,

68 2445 217 2496 Nangii
241 2447 283 2497 [t.
304 2461 345 2495 11,
365 2461 404 2496 p.
429 2447 490 2498 72]
516 2463 523 2484 :
544 2447 631 2484 Hoc
650 2461 754 2485 anno
776 2447 942 2484 mittitur
963 2447 1005 2483 in
1029 2446 1188 2483 Italiam
1203 2459 1247 2481 ex
1266 2452 1375 2494 parte
1394 2443 1539 2480 summi
1559 2442 1759 2492 pontificis

64 2505 229 2554 legatus,
249 2505 394 2543 scilicet
414 2506 597 2543 dominas
618 2506 860 2543 Bertrandus
881 2506 924 2543 de
945 2506 1100 2553 Pogem,
1122 2512 1198 2541 etc.

118 2564 237 2602 Anno
252 2565 559 2603 MCCCXXVII
586 2573 774 2612 exeunte,
798 2565 991 2602 nimirum
1015 2578 1053 2600 VI
1079 2561 1494 2610 kalendasjanuarias
1514 2559 1575 2610 [27
1601 2559 1756 2597 decem—

64 2621 165 2672 bre]‚
196 2623 375 2662 Joannes
396 2637 503 2673 papa
524 2623 565 2661 in
586 2638 679 2662 eum
700 2624 875 2661 contulit
896 2623 1178 2673 episcopatum
1201 2620 1429 2658 Ostiensem
1450 2626 1667 2656 vacantem
1688 2632 1758 2667 per

110 2777 142 2810 1.
173 2776 627 2810 Castelnau-Montratier.

112 2832 142 2863 f.
171 2829 219 2863 Μ.
246 2829 340 2863 Albe
366 2842 387 2863 a
414 2830 608 2863 demontre
635 2842 705 2873 que
731 2829 916 2862 Bertrand
943 2828 992 2860 du
1020 2827 1162 2869 Pouget
1188 2824 1332 2857 n’avait
1358 2825 1416 2857 ete
1441 2823 1478 2856 ni
1504 2824 1534 2856 10
1566 2823 1633 2863 fils,
1661 2822 1697 2855 ni
1724 2823 1754 2856 10

63 2893 183 2915 neveu
203 2883 246 2915 de
265 2882 362 2916 Jean
381 2882 500 2916 XXII
523 2883 679 2926 (Αιιίοιιν
697 2883 737 2916 de
754 2882 851 2915 Jean
870 2880 1006 2919 XXII,
1027 2885 1053 2912 t.
1072 2891 1083 2912 1
1104 2890 1150 2922 ‚p.
1172 2877 1356 2920 169-171).

111 2935 143 2968 3.
169 2935 355 2968 Bertrand
380 2936 430 2968 du
452 2935 596 2979 Pouget
619 2947 664 2968 ne
689 2946 791 2968 cessa
815 2945 880 2978 pas
907 2934 950 2966 de
971 2933 1163 2965 demeurer
1186 2942 1232 2963 011
1252 2930 1370 2967 Italic,
1398 2929 1441 2961 de
1466 2929 1559 2961 ‘1320
1583 2928 1756 2972 jusqu’en
1787 2947 1795 2957 ι

64 2988 167 3021 1334.
188 2988 217 3021 Il
233 2987 351 3032 partit
367 2989 410 3022 de
426 2989 461 3022 la
477 2988 575 3021 curie
591 2989 622 3021 le
639 2989 684 3021 10
699 2987 821 3031 juillet
836 2986 929 3020 1320
946 2998 952 3018 z
970 2984 1127 3018 Recessit
1142 2984 1182 3016 de
1197 2983 1299 3016 curia
1314 2980 1508 3024 1320juli1?
1523 2981 1569 3015 10
1585 2982 1702 3014 iturus
1719 2982 1754 3014 in

62 3040 320 3074 Lombardiam
339 3041 483 3084 (Eubel,
499 3041 729 3080 Hierarchia‚
748 3046 774 3073 t.
790 3052 813 3079 1,
831 3051 865 3083 p.
884 3038 955 3081 15).
