2083 3458
311 211 395 252 886
972 223 1124 249 NOTAE
1159 223 1220 248 AD
1255 223 1382 248 VITAs
1824 187 1830 190 Δ
1877 206 2030 262 [1373]

307 308 445 360 inquit
468 316 626 355 auctor,
651 307 742 345 aval
772 307 811 344 Za
841 306 944 355 ville,
965 314 1000 344 et
1020 307 1073 344 les
1094 306 1266 357 appellet
1285 307 1363 344 l'en
1383 307 1437 344 les
1457 306 1584 345 Hae‘s.
1606 307 1713 344 Tum
1734 305 1878 344 diebus
1894 306 2031 354 lunae,

309 368 467 416 martis,
489 366 679 406 mercurii
700 374 796 405 ante
822 365 1087 416 RogationeS‚
1118 380 1212 405 cum
1240 366 1467 405 secundum
1495 374 1679 405 veterem
1706 379 1864 404 morem
1887 365 2034 404 fierent

312 426 563 477 Rothomagi
592 425 871 477 processiones
900 426 1100 464 solemnes
1130 425 1279 476 quibus
1307 439 1440 476 pares,
1470 424 1609 476 inquit
1628 425 1739 464 idem
1769 433 1928 472 auctor,
1950 438 2034 464 non

311 488 468 526 fiebant
488 486 531 524 in
550 494 642 524 toto
665 500 789 535 regno
814 485 1024 533 Franciae,
1048 493 1089 524 et
1110 499 1361 535 unoquoque
1384 486 1533 523 horum
1553 484 1682 523 trium
1703 484 1863 523 dierum
1885 484 2035 523 soleret

311 546 397 585 fieri
418 560 551 584 sermo
573 545 626 583 ad
647 545 824 596 plebem,
846 544 979 596 primo
1005 544 1198 584 videlicet
1219 545 1270 583 ad
1293 544 1506 584 ecclesiam
1532 543 1673 584 Sancti
1696 543 1829 595 Eligii,
1852 543 2033 589 secundo

307 606 361 644 ad
393 605 534 645 Sancti
566 604 732 653 Genisii‚
763 604 889 643 tertio
921 604 974 642 ad
1012 604 1188 644 Sanctae
1230 604 1489 652 Catherinae,
1523 604 1683 644 sactum
1714 612 1776 642 est
1812 612 2032 654 propterea

307 666 521 704 theatrum
547 664 757 715 portatile,
778 664 911 703 instar
932 664 1152 703 cathedrae
1181 664 1234 702 ad
1255 664 1599 711 concionandum,
1618 663 1744 714 idque
1765 663 2033 702 delatum'est

307 725 440 763 tribus
458 724 535 763 illis
552 723 694 763 diebus
713 724 766 762 ad
788 724 878 763 loca
901 723 972 762 ubi
990 738 1197 763 sermones
1218 732 1338 763 erant
1356 723 1550 762 habendi.
1571 723 1747 773 Singulis
1765 737 1860 773 ergo
1883 724 2031 762 horum

306 784 434 823 trium
463 784 622 822 dierum
639 783 751 822 idem
779 784 971 822 Morellus
991 792 1033 823 et
1053 783 1183 822 Maria
1211 784 1430 822 ascendere
1448 783 1552 834 jussi
1579 791 1677 822 sunt
1695 782 1797 820 illud
1817 784 2032 822 theatrum

306 853 494 883 tenentes
514 843 557 882 in
571 843 762 882 manibus
782 843 864 882 suis
879 844 1063 882 rotulum
1077 843 1163 882 sive
1184 843 1380 883 schedam
1393 842 1662 894 longitudinis
1679 842 1856 881 duarum
1871 842 2031 882 circiter

306 904 512 951 ulnarum,
541 903 583 941 in
613 918 695 953 quo
724 917 863 942 omnes
893 917 1036 942 eorum
1072 918 1226 942 errores
1256 903 1452 954 descripti
1480 911 1612 951 erant,
1641 911 1684 941 et
1719 902 1808 941 illos
1836 903 2031 953 legebant

306 977 445 1002 coram
465 963 634 1014 populQ
657 971 699 1001 et
720 963 961 1002 asserebant
982 978 1023 1002 se
1045 962 1149 1001 falso
1170 971 1212 1001 et
1232 977 1450 1014 perperam
1472 962 1707 1001 doctrinam
1724 962 1767 1000 in
1783 961 1830 1001 iis
1860 970 2029 1002 conten-

309 1031 393 1061 tam
421 1022 606 1062 docuisse
633 1031 675 1061 et
700 1031 921 1073 propterea
946 1023 1111 1073 plebem
1136 1015 1347 1061 induxisse
1374 1022 1417 1061 in
1452 1036 1643 1061 errorem.
1673 1021 1859 1073 Denique
1891 1030 1939 1061 ut
1966 1037 2028 1061 res

306 1082 442 1121 notior
461 1091 581 1130 esset,
604 1081 646 1120 in
673 1083 833 1132 synodo
854 1083 1132 1130 Pentecostes,
1149 1083 1201 1120 ad
1222 1096 1348 1133 quam
1366 1097 1505 1121 omnes
1524 1081 1757 1133 presbyteri
1775 1081 1846 1132 qui
1860 1082 1903 1120 in
1920 1081 2028 1121 dioe-

305 1141 385 1180 cesi
402 1151 500 1180 sunt
526 1141 824 1193 archiepiscopi
844 1142 1191 1192 Rothomagensis
1210 1141 1429 1181 convenire
1448 1142 1582 1181 solent
1604 1142 1657 1180 ad
1678 1141 1885 1180 audienda
1913 1155 2027 1179 man·

304 1201 403 1239 data
431 1201 650 1250 Ecclesiae,
675 1201 801 1240 iidem
826 1201 973 1240 fratres
999 1201 1111 1241 fuere
1142 1201 1268 1253 positi
1290 1201 1333 1240 in
1357 1202 1503 1241 eodem
1527 1202 1707 1249 theatro,
1732 1201 1805 1239 ubi
1835 1201 2027 1240 eumdem

304 1262 487 1300 rotulum
509 1261 698 1311 legerunt
719 1275 859 1301 coram
882 1261 1072 1300 omnibus
1095 1261 1348 1312 presbyteris
1373 1261 1443 1312 qui
1466 1270 1556 1299 tum
1579 1261 1754 1300 aderant
1777 1261 1819 1299 in
1852 1261 2025 1311 synodO.

306 1320 434 1359 Addit
451 1329 597 1360 auctor
614 1320 629 1343 1
647 1321 794 1360 fratres
816 1321 1125 1360 praedicatores
1143 1321 1285 1360 multis
1303 1321 1564 1361 contumeliis
1579 1329 1754 1359 vexatos
1772 1320 1896 1360 fuisse
1914 1320 2026 1371 apud

308 1381 633 1430 Rothomagum,
656 1380 726 1419 sed
751 1395 901 1431 parum
925 1380 967 1419 id
992 1380 1124 1420 videri
1160 1395 1258 1431 prae
1284 1380 1331 1420 iis
1359 1395 1464 1431 quae
1490 1380 1688 1419 adversus
1714 1395 1781 1419 eos
1808 1389 1902 1419 acta
1928 1388 2026 1420 sunt

309 1440 498 1479 Lutetiae
523 1449 564 1479 et
588 1439 630 1478 in
654 1440 742 1479 aliis
767 1440 939 1479 urbibus
961 1440 1035 1479 :Et
1057 1455 1097 1478 se
1122 1440 1152 1479 il
1174 1449 1313 1479 ourent
1336 1445 1360 1479 ιὶ
1393 1441 1533 1479 Rouen
1560 1441 1760 1490 beaucoup
1779 1441 1824 1478 de
1848 1440 2025 1488 villania,

304 1514 439 1537 encore
464 1514 511 1537 en
546 1508 659 1537 urent
685 1500 714 1538 il
739 1500 832 1550 plus
857 1500 926 1538 dix
957 1500 1036 1550 sois
1071 1504 1096 1538 ἀ
1118 1500 1240 1538 Paris
1274 1508 1308 1538 et
1353 1514 1397 1538 as
1431 1508 1562 1538 autres
1595 1500 1738 1538 bonnes
1771 1500 1895 1539 villos.
1923 1499 2024 1538 Vide

308 1559 665 1610 Walsinghamum
696 1560 749 1597 ad
781 1574 847 1599 an.
881 1559 984 1598 1389
1026 1560 1072 1610 [t.
1103 1574 1146 1607 11,
1178 1574 1217 1610 p.
1252 1560 1346 1611 187]
1380 1568 1421 1599 et
1466 1560 1673 1598 Joannem
1705 1560 1952 1599 Juvenalem
1975 1559 2024 1599 de

309 1618 466 1664 Ursinis
496 1618 538 1656 in
567 1619 753 1657 Historia
783 1618 926 1657 Karoli
962 1619 1035 1667 VI,
1064 1634 1105 1670 p.
1136 1619 1200 1667 62,
1231 1619 1293 1658 66.

361 1679 405 1717 Ρ.
442 1678 532 1726 501,
567 1678 634 1729 lig.
671 1678 733 1718 29.
772 1679 1059 1718 OPPROBRIUM
1097 1693 1318 1718 HOMINUM.
1356 1678 1550 1729 Aegidius
1592 1678 1820 1717 Bellamera
1856 1678 1895 1716 in
1932 1692 2022 1729 cap.

308 1737 510 1788 Quoniam
534 1746 680 1786 contra,
705 1738 764 1776 De
790 1738 1097 1789 probationibus
1125 1755 1133 1777 :
1168 1739 1280 1777 Unde
1307 1747 1399 1777 nota
1426 1739 1528 1789 quod
1553 1739 1710 1789 quando
1744 1738 1872 1789 aliqui
1898 1738 2023 1789 parti-

309 1797 461 1835 culares
477 1797 655 1846 alicujus
671 1797 935 1848 professionis
948 1812 1084 1836 eorum
1099 1797 1361 1836 causantibus
1380 1798 1578 1836 demeritis
1595 1806 1784 1836 notantur
1810 1798 1853 1837 in
1871 1799 2023 1837 malum

308 1857 436 1895 taliter
458 1857 565 1895 debet
589 1857 676 1906 fieri
700 1858 802 1907 quod
824 1872 904 1895 non
927 1865 1078 1896 notetur
1102 1857 1193 1908 ipsa
1215 1857 1409 1909 professio
1433 1872 1501 1896 nec
1523 1857 1597 1896 alii
1620 1858 1858 1908 professores
1891 1857 2023 1908 ipsius

310 1908 547 1955 innocentes,
570 1917 623 1954 Et
642 1916 767 1967 paulo
785 1924 881 1966 post
902 1933 909 1955 :
930 1917 982 1955 Et
999 1925 1158 1968 propter
1175 1917 1245 1956 hoc
1262 1926 1554 1968 conqueruntur
1570 1918 1711 1968 fratres
1737 1917 2021 1966 Predicatores,

310 1975 405 2025 quia
429 1975 567 2014 dicunt
589 1984 747 2026 propter
769 1976 995 2026 fatuitatem
1019 1977 1201 2026 magistri
1229 1977 1404 2015 Joannis
1429 1978 1474 2015 de
1492 1977 1750 2015 Montessono
1781 1985 1816 2016 et
1839 1991 2021 2028 quorum-

309 2036 401 2073 dam
433 2035 608 2073 aliorum
638 2036 810 2085 fratrum
841 2036 907 2073 sui
940 2036 1096 2074 ordinis
1128 2036 1229 2074 alios
1260 2037 1403 2086 fratres
1438 2037 1663 2075 innocentes
1691 2051 1737 2075 ac
1771 2036 1956 2088 providos
1988 2045 2024 2075 et

308 2094 492 2132 discretos
517 2103 551 2132 et
576 2094 755 2133 ordinem
781 2110 909 2146 nuper
932 2095 1019 2133 sine
1053 2110 1176 2134 causa
1198 2096 1326 2145 fuisse
1351 2096 1526 2146 afflictos,

361 2154 405 2192 P.
427 2154 516 2202 502,
538 2154 604 2204 lig.
627 2155 662 2193 4.
687 2155 972 2194 OPINIONIBUS
1007 2170 1249 2194 MULTORUM
1281 2169 1557 2194 SANCTORUM.
1581 2156 1736 2194 Eorum
1765 2155 1876 2195 dicta
1896 2155 2021 2195 refert

306 2212 416 2251 idem
443 2213 636 2263 Aegidius
656 2213 698 2251 in
719 2228 808 2264 cap.
831 2214 1090 2265 Conquestus‚
1109 2215 1168 2253 De
1186 2214 1315 2264 seriis,
1337 2223 1597 2254 contestatus
1619 2230 1659 2253 se
1680 2214 1748 2253 illa
1770 2229 1852 2253 non
1872 2229 2020 2265 appro—

310 2272 406 2310 bare
434 2287 506 2311 1100
531 2272 659 2311 etiam
682 2274 915 2324 reprobare.
942 2274 1100 2312 Eadem
1125 2273 1292 2327 omnino
1316 2275 1524 2313 habentur
1546 2274 1589 2313 in
1612 2273 1750 2313 codice
1776 2273 1852 2313 735
1874 2274 2020 2313 biblio-

308 2332 452 2370 thecae
492 2332 750 2371 Colbertinae
770 2332 784 2355 2
821 2332 929 2371 inter
967 2334 1165 2384 opuscula
1201 2333 1402 2373 Bernardi
1440 2333 1653 2373 Guidonis.
1695 2335 1813 2373 Anno
1853 2334 2019 2373 demum

310 2391 572 2431 MDCXLIX
595 2391 722 2430 frater
746 2391 951 2431 Antonius
980 2392 1230 2443 Reginaldus
1256 2393 1408 2432 ordinis
1435 2393 1788 2442 Praedicatorum,
1813 2393 1875 2432 vir
1898 2394 2018 2433 vehe-

309 2450 457 2488 mentis
479 2450 631 2501 ingenii
651 2459 693 2490 et
713 2451 755 2489 in
775 2452 983 2503 theologia
1003 2452 1138 2491 sancti
1159 2453 1340 2491 Thomae
1363 2452 1583 2503 Aquinatis
1611 2453 1791 2491 multum
1816 2461 2018 2500 versatus,

309 2510 478 2548 Tolosae
497 2510 572 2548 sub
593 2510 757 2549 nomine
776 2510 914 2549 fratris
934 2511 1047 2550 Petri
1064 2512 1113 2550 de
1131 2511 1348 2550 Vincentia
1366 2511 1497 2550 edidit
1517 2513 1763 2563 opusculum
1777 2512 1825 2551 de
1841 2511 2018 2550 veritate

308 2569 587 2619 conceptionis
609 2570 756 2608 beatae
777 2570 946 2621 virginis
970 2570 1138 2619 Mariae,
1159 2571 1202 2609 in
1222 2585 1304 2622 quo
1323 2571 1559 2611 referuntur
1579 2571 1711 2609 multa
1731 2579 1901 2622 patrum
1920 2571 2017 2609 alio-

308 2642 480 2678 rumque
505 2637 695 2667 veterum
719 2629 969 2680 scriptorum
992 2630 1233 2668 testimonia
1260 2630 1408 2681 quibus
1433 2631 1633 2682 probetur
1657 2645 1749 2669 eam
1773 2639 2018 2682 conceptam

309 2686 431 2725 fuisse
464 2687 506 2724 in
537 2697 710 2737 peccato
743 2689 942 2739 originali.
979 2690 1234 2740 Opusculum
1266 2691 1343 2729 hoc
1375 2690 1588 2729 academia
1616 2691 1818 2729 Tolosana
1852 2690 2018 2729 decreto

309 2746 407 2783 dato
441 2746 503 2784 die
538 2762 645 2785 nona
680 2748 828 2786 mensis
862 2748 1029 2798 augusti
1061 2749 1248 2798 ejusdem
1279 2749 1378 2786 anni
1419 2749 1673 2800 improbavit
1715 2758 1756 2788 et
1799 2749 2018 2787 damnavit

307 2814 510 2855 tanquam
537 2806 815 2855 temerarium,
846 2808 1151 2856 scandalosum,
1184 2816 1225 2846 et
1248 2808 1328 2846 toti
1354 2809 1558 2847 Ecclesiae
1586 2809 1811 2847 catholicae
1838 2808 2016 2846 maxime

308 2864 565 2912 injuriosum,
599 2874 745 2916 utpote
780 2866 952 2905 decretis
985 2882 1243 2905 summorum
1278 2868 1529 2907 Pontificum
1562 2876 1702 2918 aperte
1745 2876 1786 2906 et
1828 2882 2016 2918 expresse

309 2923 558 2971 oppositum.
594 2925 769 2963 Beatam
802 2940 923 2976 porro
958 2926 1159 2976 virginem
1193 2941 1276 2964 non
1310 2927 1432 2965 fuisse
1477 2935 1722 2977 conceptam
1764 2927 1805 2964 in
1845 2935 2016 2978 peccato

363 3052 389 3082 l.
415 3052 453 3104 l).
488 3052 544 3091 N„
567 3065 633 3086 1115.
658 3054 820 3096 sransgais
846 3054 951 3095 5391,
973 3055 1034 3088 sol.
1060 3055 1101 3087 61
1125 3060 1176 3088 νο.

360 3106 389 3135 2.
419 3104 456 3136 Β.
490 3104 546 3144 N.‚
574 3117 641 3139 ms.
669 3106 765 3139 latin
785 3107 890 3149 4977,
918 3107 980 3140 fol.
1008 3107 1205 3141 188r0-192
1230 3112 1274 3142 1⁸⁰.
