2083 3458
294 214 367 255 [60
446 215 451 221 ’
937 227 1089 252 NOTAE
1126 226 1185 250 AD
1220 224 1348 250 VITAs
1873 208 1997 263 [673]

284 312 425 351 Clerici
449 320 579 359 erant,
606 311 779 361 ideoque
805 324 952 348 causae
977 322 1119 347 eorum
1144 307 1324 358 cognitio
1350 301 1587 357 pertinebat
1612 308 1665 346 ad
1688 307 1846 358 judices
1873 307 1997 346 eccle-

280 372 482 409 siasticos.
510 371 634 409 Dedit
656 370 780 420 igitur
804 370 984 407 Joannes
1008 381 1117 418 papa
1138 367 1309 417 judices,
1335 366 1600 405 Guillelmum
1622 367 1862 417 episcopum
1886 366 2000 405 Sabi-

287 445 465 478 nensem,
494 430 663 468 Petrum
690 429 738 467 de
764 428 995 477 Arrablayo
1020 426 1132 464 tituli
1159 426 1334 464 Sanctae
1362 426 1573 465 Susannae
1598 426 1889 476 presbyterum
1915 439 2000 463 car-

286 490 477 537 dinalem,
508 497 549 527 et
576 487 853 527 Bertrandum
883 487 932 525 de
960 484 1291 539 Montefaventio
1321 485 1541 523 diaconum
1571 485 1747 523 Sanctae
1776 485 1930 523 Mariae
1958 484 2000 522 in

286 549 460 599 Aquiro3
485 548 606 586 Odor.
634 546 852 596 Raynald.,
876 560 940 584 an.
966 545 1080 592 1327,
1109 544 1126 593 ἓ
1148 545 1210 583 44.

339 608 458 645 Anno
485 606 806 654 MCCCXXXV,
835 605 897 643 die
924 619 1013 642 xxn
1041 603 1281 651 decembris,
1309 603 1495 642 condidit
1520 611 1841 650 testamentum3
1869 603 2000 653 cujus,

287 667 348 704 uti
367 681 489 716 supra
508 666 757 713 monuimus,
792 664 906 702 varia
926 664 1159 713 fragmenta
1177 663 1401 713 reperimus
1420 662 1527 701 inter
1546 663 1716 701 schedas
1737 661 1953 701 Oihenarti
1972 662 1996 702 1.

289 727 538 764 Executores
575 740 671 763 vero
707 723 949 762 testamenti
985 722 1047 761 sui
1082 722 1316 760 nominavit
1353 722 1523 760 Petrum
1562 722 1795 772 Hispanum
1831 721 2001 772 presby-

286 794 421 823 terum
447 784 695 823 cardinalem
720 783 832 821 tituli
859 783 1034 821 Sanctae
1060 781 1270 828 Praxedis,
1299 781 1605 831 Neapoleonem
1631 781 1679 819 de
1706 780 1864 819 Ursinis
1889 780 2002 819 tituli

288 844 427 883 Sancti
461 843 630 881 Adriani
663 850 704 881 et
736 842 1013 881 Bertrandum
1047 841 1095 879 de
1129 841 1459 879 Montefaventio
1491 840 1604 879 tituli
1638 841 1813 879 Sanctae
1847 840 2000 879 Mariae

286 904 328 941 in
364 903 518 953 Aquiro
555 902 762 949 diaconos,
797 901 1055 939 Bernardum
1091 900 1330 950 episcopum
1366 900 1601 950 Aquensem
1637 907 1831 950 nepotem
1867 913 2000 947 suum,

285 962 542 1000 Bernardum
579 961 639 1001 de
665 960 969 1010 Novodompno
1007 959 1251 998 canonicum
1285 959 1633 1007 Bellovacensem,
1671 973 1791 997 suum
1822 966 1863 997 et
1899 958 2002 996 sacri

286 1021 432 1071 palatii
466 1020 681 1071 apostolici
715 1020 961 1067 auditorem,
997 1027 1039 1057 et
1073 1019 1244 1057 Petrum
1279 1019 1327 1057 de
1363 1019 1524 1057 Godino
1560 1018 1831 1057 camerarium
1865 1031 2000 1056 suum.

290 1081 394 1118 Hinc
413 1080 455 1117 in
473 1079 643 1118 rubricis
663 1079 810 1129 regesti
829 1078 926 1117 anni
944 1078 1058 1117 tertii
1075 1077 1289 1116 Benedicti
1310 1078 1409 1126 XII,
1430 1092 1518 1128 cap.
1540 1077 1630 1125 312,
1649 1078 1798 1128 legitur
1819 1093 1827 1114 z
1844 1076 2003 1127 Neapo-

282 1139 389 1178 leoni
417 1139 553 1177 Sancti
580 1138 756 1176 Adriani
783 1138 948 1176 diacono
974 1137 1185 1176 cardinali.
1214 1137 1451 1175 Conceditur
1475 1137 1556 1175 sibi
1583 1137 1685 1187 quod
1712 1137 1755 1174 in
1780 1136 2003 1174 executione

284 1198 504 1236 testamenti
530 1198 585 1236 bo.
610 1212 679 1236 me.
710 1197 913 1235 Guillelmi
933 1197 1111 1247 episcopi
1134 1196 1372 1235 Sabinensis
1393 1211 1483 1234 cum
1502 1197 1617 1234 Petro
1639 1197 1683 1234 de
1705 1195 1857 1233 Godino
1878 1195 2004 1246 possit

288 1258 488 1308 procedere
511 1257 554 1294 in
573 1257 754 1295 absentia
774 1257 946 1295 aliorum
966 1265 1213 1294 executorum
1231 1257 1256 1295 2.

340 1317 570 1354 Mortalitas
597 1316 683 1366 ejus
712 1316 830 1354 finita
854 1324 916 1354 est
941 1316 1153 1354 Avenione
1179 1330 1288 1353 anno
1313 1315 1661 1363 MCCCXXXVI,
1689 1315 1766 1362 die,
1792 1314 1853 1352 uti
1879 1313 2003 1364 scrip-

287 1384 377 1413 tum
395 1384 456 1414 est
471 1376 513 1413 in
528 1375 670 1413 Prima
687 1375 767 1413 vita
781 1375 985 1413 Benedicti
1001 1375 1109 1422 XII,
1127 1390 1166 1425 p.
1185 1374 1262 1413 204
1278 1382 1319 1413 et
1334 1374 1377 1412 in
1392 1374 1514 1412 Libro
1531 1374 1835 1423 obligationum,
1854 1381 2003 1424 quarta

283 1435 404 1485 junii,
434 1436 510 1473 hoc
541 1443 615 1482 est,
645 1434 776 1485 pridie
806 1448 935 1473 nonas
965 1434 1070 1484 junii
1085 1433 1112 1473 3.
1159 1434 1292 1482 Quare
1322 1448 1432 1472 error
1462 1441 1537 1481 est,
1575 1448 1658 1471 non
1687 1433 1861 1481 falsitas,
1893 1432 2003 1483 quod

287 1494 542 1544 Augustinus
570 1493 767 1532 Oldoinus
795 1494 849 1545 [p.
877 1493 969 1545 293]
996 1493 1138 1532 scribit
1161 1494 1277 1531 illum
1303 1493 1449 1531 obiisse
1474 1493 1605 1543 pridie
1634 1493 1725 1531 idus
1749 1492 1868 1542 junii.
1897 1492 2003 1540 Quo-

287 1553 398 1591 niam
419 1568 516 1591 vero
538 1561 745 1591 statuerat
764 1553 807 1591 in
827 1568 900 1591 suo
921 1561 1175 1591 testamento
1196 1552 1259 1590 uti
1280 1552 1312 1590 si
1331 1552 1468 1603 ipsum
1490 1552 1746 1602 contingeret
1772 1559 2004 1590 extremum

284 1612 395 1650 diem
423 1612 610 1651 claudere
636 1612 679 1650 in
704 1612 918 1663 provincia
946 1612 1200 1660 Provinciae,
1229 1612 1467 1662 accipiendo
1493 1611 1751 1662 provinciam
1778 1610 2004 1649 secundum

287 1672 579 1710 limitationem
609 1671 761 1710 ordinis
793 1672 1145 1720 Praedicatorum‚
1177 1686 1323 1721 corpus
1354 1685 1474 1709 suum
1504 1671 1743 1721 sepeliretur
1774 1670 1817 1708 in
1845 1669 2005 1708 ecclesia

284 1731 480 1769 ¹dictorum
507 1731 677 1780 fratrum
709 1731 846 1768 Tolose
876 1730 985 1780 infra
1013 1730 1302 1781 presbyterium
1330 1731 1383 1768 ad
1403 1738 1555 1780 partem
1578 1731 1754 1768 dextram
1783 1738 1871 1780 post
1899 1729 2005 1768 sedes

290 1790 576 1837 ministrorum,
615 1790 709 1828 hinc
747 1790 906 1828 factum
944 1798 991 1828 ut
1027 1790 1108 1828 illic
1147 1790 1355 1840 sepultum
1394 1789 1459 1828 sit.
1489 1789 1553 1828 Sic
1590 1789 1699 1828 enim
1728 1789 1856 1827 habet
1883 1796 2004 1827 vetus

286 1849 419 1888 codex
448 1863 521 1887 ms.
555 1850 731 1887 fratrum
752 1849 1091 1888 Praedicatorum
1112 1850 1283 1887 Tolosae
1303 1849 1346 1886 in
1366 1848 1554 1898 Catalogo
1569 1848 1759 1886 Priorum
1779 1847 2002 1898 provincia-

290 1908 389 1946 lium
410 1908 636 1958 provinciae
661 1909 879 1946 Tolosanae
897 1909 913 1932 4
935 1925 942 1946 :
983 1908 1087 1958 Ejus
1108 1923 1250 1959 corpus
1271 1908 1476 1958 requiescit
1507 1908 1551 1945 in
1580 1916 1770 1945 conventu
1795 1907 2004 1952 Tolosano,

287 1967 401 2016 >quod
426 1968 551 2005 etiam
576 1968 775 2018 scriptum
800 1976 862 2006 est
886 1968 927 2005 in
952 1968 1094 2006 Prima
1118 1967 1198 2006 vita
1221 1967 1426 2009 Benedicti
1449 1967 1557 2015 XII,
1583 1982 1622 2017 p.
1649 1967 1737 2005 202.
1766 1967 1831 2004 Ex
1855 1966 2004 2016 quibus

288 2026 535 2064 testimoniis
563 2035 673 2065 certo
701 2035 864 2065 constat
890 2027 976 2065 falli
1001 2027 1232 2065 Antonium
1259 2027 1478 2065 Senensem
1505 2026 1753 2065 scribentem
1778 2026 1894 2063 illum
1920 2039 2004 2064 esse

290 2085 497 2135 sepultum
534 2086 644 2135 apud
682 2086 1149 2136 Montempessulanum.
1187 2086 1375 2124 Vidimus
1413 2094 1554 2124 autem
1590 2100 1663 2123 nos
1701 2085 1798 2123 olim
1834 2085 2004 2123 Tolosae

287 2145 522 2194 sepulcrum
547 2145 634 2194 ejus
661 2160 711 2183 ex
736 2160 940 2184 marmore
966 2146 1161 2193 candido;
1189 2145 1253 2183 cui
1278 2144 1597 2195 superimposita
1623 2152 1686 2182 est
1709 2144 1836 2194 ipsius
1863 2151 2005 2182 statua

288 2219 309 2241 e
338 2218 539 2242 marmore
567 2204 670 2242 item
699 2205 888 2252 candido,
918 2212 959 2243 et
985 2205 1139 2256 pileum
1167 2205 1254 2254 ejus
1282 2204 1456 2242 rubeum
1484 2218 1607 2254 supra
1635 2203 1732 2242 fune
1760 2216 2003 2254 appensum.

346 2263 669 2301 Lucubrationes
713 2263 801 2313 ejus
835 2272 1098 2302 recensentur
1131 2278 1153 2302 a
1186 2264 1491 2302 nomenclatore
1523 2263 1794 2303 cardinalium
1827 2270 1869 2301 et
1901 2261 2002 2302 aliis.

291 2322 436 2359 Nullus
476 2330 616 2360 autem
657 2337 797 2360 eorum
839 2331 1136 2362 commemorat
1176 2331 1407 2361 tractatum
1444 2322 1503 2360 De
1554 2330 1738 2373 potestate
1786 2321 1958 2360 Ecclesie
1976 2321 2005 2369 5,

344 2460 369 2491 l.
402 2459 441 2492 B.
462 2459 518 2499 N.‚
537 2471 604 2493 ms.
624 2460 759 2493 Baluze
778 2460 860 2500 208,
878 2461 902 2494 f.
921 2462 990 2495 324
1008 2465 1058 2494 v0.

342 2513 371 2544 2.
391 2512 512 2549 Vidal,
532 2524 566 2546 n.
587 2514 678 2547 4947
702 2514 832 2556 (bulles
851 2515 901 2546 du
919 2516 938 2548 5
957 2516 1170 2558 septembre
1188 2515 1310 2558 1337).
1340 2534 1388 2537 —
1413 2514 1467 2547 La
1494 2513 1724 2558 liquidation
1742 2514 1786 2546 de
1804 2525 1844 2546 sa
1861 2524 2006 2546 succes-

288 2565 371 2597 sion
392 2566 540 2598 souss'rit
570 2567 631 2599 des
663 2567 872 2601 difficultes.
895 2568 1030 2601 Benoit
1052 2568 1130 2601 XII
1153 2568 1298 2611 obligea
1326 2569 1379 2601 les
1406 2569 1628 2601 executeurs
1658 2566 1963 2600 testamentaires
1985 2566 2006 2599 a

291 2629 511 2659 ccmpcnscr
538 2619 586 2649 los
618 2625 711 2651 torts
741 2620 982 2654 occasionnes
1005 2632 1081 2654 aux
1110 2620 1297 2654 benefices
1329 2632 1400 2663 que
1432 2620 1584 2652 cumula
1609 2620 1640 2652 le
1672 2619 1843 2652 cardinal
1867 2625 1906 2652 et
1934 2630 2005 2663 que

291 2683 346 2701 scs
369 2673 650 2713 representamus
680 2675 849 2715 gererent
880 2674 956 2706 fort
989 2674 1061 2706 mal
1099 2674 1233 2718 (Vidal,
1259 2686 1293 2708 n.
1325 2673 1419 2708 4019
1451 2679 1488 2706 et
1520 2672 1655 2712 Clooes,
1688 2684 1722 2705 n.
1755 2673 1861 2712 1394,
1897 2672 2004 2712 1428,

295 2722 397 2758 1117,
427 2724 527 2765 14:30,
563 2726 665 2769 1506,
695 2726 800 2767 1557,
831 2727 936 2768 1611,
967 2726 1088 2770 1919).

341 2779 372 2809 3.
400 2777 520 2817 Vidal,
549 2785 574 2811 t.
600 2791 636 2818 11,
664 2791 698 2822 p.
726 2781 805 2813 427.

343 2830 372 2862 Ἰἰ,
404 2830 599 2871 Toulousc‚
618 2844 685 2866 ms.
704 2832 785 2873 490,
804 2833 827 2866 f.
846 2834 887 2866 71
908 2837 958 2867 νο.

344 2885 373 2915 Γ),
398 2883 434 2915 Ρ.
471 2884 649 2917 Fournicr
677 2886 772 2918 croit
802 2898 873 2929 que
896 2886 1016 2920 Pierre
1037 2888 1223 2920 Bertrand
1243 2899 1279 2920 se
1301 2893 1448 2931 trompe
1468 2893 1506 2920 et
1526 2899 1597 2930 que
1617 2887 1649 2919 le
1670 2886 1782 2920 traite
1801 2892 1859 2919 est
1878 2886 2006 2930 plutot

295 2935 448 2967 imum-0
466 2938 507 2968 dc
526 2937 645 2970 Picrre
663 2939 705 2971 de
722 2938 756 2971 la
779 2939 870 2972 Palu
890 2939 1152 2983 (Bibliollieque
1166 2941 1206 2973 de
1220 2933 1355 2973 I'Ecole
1371 2941 1429 2973 des
1444 2940 1604 2979 Chartes,
1621 2946 1648 2973 t.
1667 2951 1831 2979 Lxxxw,
1847 2951 1882 2983 p.
1899 2938 1981 2982 120)
1996 2949 2002 2976 ;

299 2987 376 3018 wir
405 3000 449 3018 vn
484 3000 566 3019 scus
598 2991 785 3023 contraire
818 2991 900 3034 Mgr
935 2993 1157 3026 Grabmann
1192 2993 1296 3025 selon
1326 2992 1448 3037 lequel
1481 2992 1511 3024 le
1544 2992 1711 3025 cardinal
1739 2992 1782 3024 de
1817 2991 1942 3024 Godin
1966 2996 2004 3023 et

300 3039 416 3071 rim-‹-
445 3041 487 3071 ‹1‹=
519 3042 549 3072 Ιιι
581 3043 671 3073 l‘alu
698 3044 873 3076 auu-aient
896 3045 988 3079 ecrit
1010 3046 1156 3077 chacun
1183 3057 1235 3077 un
1258 3045 1372 3079 traite
1395 3056 1460 3077 sur
1479 3045 1513 3077 la
1545 3048 1665 3079 meme
1696 3044 1854 3078 matiere
1885 3044 2005 3088 (Kar-

294 3093 397 3125 diaeml
432 3094 647 3128 camelina,-
681 3096 790 3129 Pedri
821 3098 862 3130 de
904 3098 1046 3132 Godino
1081 3100 1157 3132 und
1187 3099 1286 3132 scine
1318 3098 1456 3132 Lectua
1486 3097 1725 3137 leomasina,
1763 3098 1857 3130 dans
1885 3098 2006 3131 Divus
