2083 3458
230 204 314 245 454
872 216 1024 241 NOTAE
1059 216 1119 240 AD
1154 215 1281 240 VITAS
1817 199 1943 255 [939]

233 307 385 345 domini
422 307 530 344 Petri
567 305 673 344 tituli
709 302 852 342 Sancte
887 303 1105 341 Anastasie
1140 303 1357 353 presbyteri
1385 303 1604 341 cardinalis
1635 298 1948 341 vicecancellarii

232 375 363 405 sancte
382 367 559 404 Romane
578 364 750 402 Ecclesie
768 378 837 413 per
852 378 910 401 me
932 362 1215 400 Theodericum
1234 363 1278 400 de
1296 362 1439 412 Nyem,
1455 363 1762 400 abbreviatorem
1782 371 1816 400 et
1833 362 1947 400 subs-

233 426 441 476 criptorem
478 425 698 463 litterarum
734 422 1057 472 apostolicarum,
1098 421 1263 471 fideliter
1300 421 1460 459 extracti
1498 422 1542 459 de
1579 422 1679 459 libro
1717 420 1950 460 cancellarie

235 485 382 534 prefate
408 499 487 522 non
511 483 665 521 modica
690 490 874 520 vetustate
899 495 1062 519 corroso.
1092 481 1146 518 Et
1169 481 1277 518 infra
1304 497 1311 518 :
1337 479 1435 528 Nos,
1462 481 1759 531 Ramnulphus,
1787 481 1949 518 misera-

234 544 339 583 tione
370 544 508 581 divina
538 542 645 580 tituli
677 541 819 579 Sancte
849 541 1085 579 Potentiane
1114 540 1315 590 presbyter
1345 540 1578 588 cardinalis,
1611 555 1747 589 regens
1777 539 1950 590 officium

236 603 467 642 cancellarie
489 610 620 639 sancte
655 614 817 638 romane
839 600 1012 638 Ecclesie
1035 600 1079 637 de
1101 600 1287 637 mandato
1308 599 1555 637 sanctissimi
1580 600 1623 637 in
1642 599 1796 638 Christo
1821 598 1950 649 patris

236 671 270 700 et
290 663 442 700 domini
464 661 587 699 nostri
609 660 762 698 domini
790 659 946 698 Urbani
967 659 1107 697 divina
1127 658 1378 708 providentia
1397 673 1502 708 pape
1521 659 1633 707 sexti,
1655 667 1732 697 etc.
1757 659 1948 697 Ceterum

239 737 288 760 ex
316 722 376 760 his
407 735 511 770 quae
540 734 562 757 a
591 720 708 757 nobis
738 719 849 757 dicta
878 727 976 756 sunt
1004 718 1121 756 facile
1151 718 1284 767 colligi
1312 726 1452 768 potest
1480 732 1612 756 errare
1643 718 1876 756 Frizonium
1905 717 1947 755 in

247 781 379 820 Gallia
394 787 634 830 purpurata,
647 794 684 829 p.
700 778 763 826 87,
777 778 848 816 ubi
864 776 1006 816 scribit
1018 777 1260 827 Gregorium
1274 777 1336 814 XI
1353 777 1530 815 Romam
1542 778 1767 816 abeuntem
1781 777 1948 827 jussisse

239 849 285 879 ut
310 841 455 878 Petrus
481 840 529 878 de
555 839 797 876 Monteruco
823 837 1040 875 cardinalis
1065 837 1177 875 tituli
1204 836 1379 875 Sanctae
1404 837 1663 885 Anastasiae,
1691 851 1814 886 quem
1837 844 1950 875 secat

237 901 279 939 in
310 900 425 947 duos,
456 897 689 937 remaneret
720 897 937 935 Avenioni.

292 960 437 997 Petrus
463 957 673 995 Frizonius
696 955 739 994 in
768 956 901 994 Gallia
922 963 1163 1006 purpurata,
1187 970 1225 1005 p.
1251 955 1341 1002 385,
1366 956 1425 993 ait
1449 956 1701 994 cardinalem
1732 956 1781 994 de
1805 956 1949 993 Turre-

239 1027 420 1057 cremata
440 1018 479 1055 in
503 1017 677 1067 epistola
698 1016 752 1054 ad
773 1030 912 1054 omnes
935 1015 1085 1054 Christi
1109 1015 1246 1053 fideles
1269 1023 1413 1053 notare
1435 1006 1676 1065 Gregoriu'm
1700 1015 1760 1052 XI
1783 1015 1950 1053 deman-

240 1079 356 1116 dasse
388 1076 647 1128 provinciam
678 1075 878 1114 examinis
910 1074 1213 1113 revelationum
1245 1082 1413 1113 sanctae
1439 1074 1641 1124 Brigittae
1672 1073 1951 1113 cardinalibus

239 1138 288 1176 de
312 1136 526 1187 Agrifolio,
551 1134 877 1184 Montismajoris
901 1142 944 1172 et
967 1134 1015 1172 de
1040 1134 1170 1181 Luna,
1195 1148 1356 1172 necnon
1399 1134 1521 1172 Petro
1545 1134 1593 1172 de
1619 1134 1735 1172 Selve
1759 1134 1951 1184 episcopo

240 1195 547 1247 Pampilonensi
570 1193 847 1233 referendario
871 1208 957 1232 suo.
985 1194 1049 1231 Ex
1073 1207 1154 1243 quo
1179 1193 1312 1243 colligi
1336 1193 1454 1232 facile
1477 1201 1617 1244 posset
1639 1193 1753 1232 istud
1776 1193 1951 1231 referen-

239 1256 339 1294 dum
370 1270 456 1294 esse
487 1255 540 1292 ad
572 1254 744 1293 Petrum
775 1253 824 1292 de
856 1253 1098 1291 Monteruco
1130 1252 1395 1300 cardinalem,
1429 1266 1552 1302 quem
1581 1252 1692 1291 idem
1724 1251 1952 1299 Frizonius‚

237 1324 286 1354 ut
313 1324 437 1354 antea
466 1314 659 1361 diximus,
688 1314 792 1352 falso
819 1320 945 1351 vocat
973 1312 1021 1350 de
1051 1312 1181 1359 Selve,
1210 1312 1287 1350 nisi
1315 1312 1631 1351 admoneremus
1660 1312 1817 1350 nullam
1843 1311 1951 1349 illius

237 1375 493 1413 mentionem
510 1374 668 1412 factam
685 1387 770 1411 esse
788 1386 811 1410 a
829 1372 1037 1410 cardinale
1056 1371 1104 1410 de
1123 1371 1451 1418 Turrecremata,
1469 1371 1539 1410 sed
1558 1371 1726 1409 Martini
1745 1371 1794 1409 de
1813 1371 1951 1417 Salva,

238 1435 418 1473 doctoris
445 1433 663 1482 utriusque
688 1432 805 1482 juris,
833 1439 874 1470 et
901 1431 1082 1481 episcopi
1110 1431 1451 1481 Pampilonensis.

292 1494 407 1533 Obiit
441 1492 654 1531 Avenione
688 1506 797 1530 anno
833 1490 1192 1538 MCCCLXXXV,
1228 1490 1291 1529 die
1326 1490 1537 1540 trigesima
1564 1490 1664 1528 maii
1681 1489 1710 1538 1,
1764 1490 1951 1540 sepultus

237 1553 350 1605 apud
385 1552 651 1591 Cartusianos
687 1551 966 1589 Villaenovae.
1004 1550 1203 1600 Magnum
1236 1564 1357 1600 porro
1394 1550 1576 1588 dolorem
1611 1564 1662 1587 eX
1695 1549 1783 1599 ejus
1818 1556 1951 1588 morte

238 1613 472 1663 concepisse
491 1625 645 1662 papam
664 1611 920 1648 Clementem
936 1610 1018 1647 VII
1037 1624 1088 1647 ex
1105 1624 1151 1647 eo
1171 1609 1303 1659 colligi
1322 1617 1461 1659 potest
1480 1609 1591 1659 quod
1611 1609 1792 1647 Joannes
1813 1607 1949 1655 Fabri,

238 1673 454 1723 episcopus
480 1669 757 1717 Carnotensis,
782 1669 961 1707 adnotat
983 1669 1026 1706 in
1049 1683 1122 1706 suo
1143 1668 1288 1706 Diario
1323 1668 1376 1719 [p.
1405 1668 1505 1719 116]
1531 1683 1610 1706 non
1637 1668 1820 1719 potuisse
1844 1682 1885 1706 se
1909 1675 1950 1705 et

241 1740 395 1771 ceteros
420 1730 572 1768 Mariae
594 1729 757 1779 reginae
781 1728 940 1767 Siciliae
964 1728 1215 1775 consiliarios
1247 1728 1359 1765 adire
1382 1728 1435 1765 ad
1457 1742 1552 1766 eum
1581 1736 1752 1778 propter
1773 1735 1950 1765 mortem

221 1790 458 1830 *cardinalis
488 1788 814 1839 Pampilonensis
845 1804 852 1826 ε
882 1788 1033 1837 ,Μανάῃ
1058 1787 1189 1824 XXX
1213 1787 1306 1836 jour
1333 1801 1433 1824 nous
1461 1802 1507 1824 ne
1533 1801 1715 1837 peusmes
1742 1787 1872 1837 parler
1899 1800 1953 1823 au

240 1865 343 1901 pape
370 1864 472 1899 pour
499 1849 538 1886 la
566 1856 664 1886 mort
691 1848 743 1885 du
771 1847 954 1885 cardinal
981 1847 1025 1884 cle
1052 1847 1314 1896 Pampelune.

295 1910 391 1947 Fuit
412 1909 557 1946 Petrus
578 1907 640 1944 vir
660 1915 784 1945 notae
804 1906 987 1956 pietatis,
1008 1914 1056 1943 ut
1075 1906 1202 1944 etiam
1226 1905 1359 1955 colligi
1379 1914 1519 1956 potest
1539 1920 1589 1944 ex
1617 1905 1704 1955 ejus
1725 1902 1952 1956 epitaphio.

241 1969 424 2008 Afferam
442 1976 583 2005 tamen
601 1966 804 2016 insignem
821 1966 959 2003 locum
977 1979 1028 2003 ex
1045 1965 1149 2002 libro
1165 1965 1225 2002 De
1254 1965 1335 2002 vita
1368 1965 1468 2003 beati
1487 1965 1596 2003 Petri
1615 1966 1659 2003 de
1677 1965 1946 2013 Luscemburgr

241 2029 395 2078 scripta
418 2027 469 2064 ab
491 2034 659 2064 auctore
682 2033 906 2063 coaetaneo
928 2033 969 2062 et
991 2024 1238 2071 domestico;
1259 2024 1303 2061 in
1324 2038 1404 2073 quo
1424 2025 1505 2072 ille,
1528 2033 1575 2062 ut
1597 2024 1834 2063 ostenderet
1855 2024 1946 2062 elec·

241 2088 399 2126 tionem
422 2085 643 2125 Clementis
667 2085 748 2122 VII
773 2083 1016 2122 canonicam
1039 2097 1086 2121 ac
1116 2082 1347 2133 legitimam
1370 2083 1508 2131 fuisse,
1532 2084 1592 2121 ait
1613 2084 1656 2121 in
1679 2083 1815 2134 capite
1840 2095 1923 2120 va
1949 2098 1956 2120 :

243 2148 343 2198 Quis
367 2146 474 2183 enirn
494 2159 598 2182 ausu
621 2144 826 2182 temerario
843 2157 1013 2180 asserere
1037 2151 1243 2180 conaretur
1260 2143 1605 2181 reverendissimos
1625 2151 1757 2180 sancte
1775 2141 1958 2180 memorie

244 2215 374 2258 patres
398 2205 562 2243 Petrum
582 2202 938 2253 Pampilonensem
960 2211 994 2240 et
1016 2202 1236 2251 Anglicum
1259 2202 1530 2240 Albanensem
1557 2202 1730 2240 illustres
1761 2202 1960 2252 quondam

245 2265 468 2305 cardinales
497 2262 769 2301 schismaticos
798 2261 972 2300 extitisse
1003 2261 1106 2299 viros
1138 2261 1271 2311 utique
1298 2261 1453 2311 justitie
1483 2270 1597 2311 atque
1625 2261 1864 2308 sanctitatis,
1894 2259 1961 2310 qui

247 2340 368 2376 usque
400 2324 452 2362 ad
482 2337 649 2372 agonem
679 2322 754 2359 sub
787 2321 947 2359 domino
979 2320 1175 2358 Clemente
1207 2320 1508 2370 triumpharunt
1539 2321 1717 2359 eumdem
1751 2335 1885 2357 verum
1918 2320 1961 2357 in

248 2384 384 2424 mortis
417 2382 584 2421 articulo
617 2381 844 2431 profitentes
876 2380 1150 2430 apostolicum.
1186 2378 1305 2417 Absit
1337 2388 1468 2417 autem
1501 2381 1603 2430 quod
1636 2380 1679 2417 in
1712 2380 1791 2429 fine
1825 2380 1959 2416 imme-

249 2458 372 2483 mores
409 2442 607 2480 extiterint
642 2455 711 2478 sue
746 2440 903 2487 salutis,
942 2439 1009 2489 qui
1046 2439 1159 2477 hodie
1195 2439 1437 2489 prefulgidis
1473 2440 1722 2489 resplendent
1753 2437 1961 2476 miraculis

251 2502 445 2554 gloriosis.
1822 2541 1824 2543 .

304 2564 408 2601 Sane
429 2560 695 2599 continuator
715 2558 892 2597 Gallicus
915 2557 1063 2607 Nangii
1083 2557 1097 2580 2
1116 2571 1238 2606 agens
1259 2557 1307 2595 de
1328 2557 1606 2597 declaratione
1632 2557 1789 2596 solenni
1818 2556 1962 2594 adver-

252 2638 318 2662 sus
336 2622 553 2660 Urbanum
570 2620 627 2657 VI
643 2619 767 2657 missa
783 2632 804 2655 a
823 2617 1101 2656 cardinalibus
1119 2614 1187 2666 qui
1204 2625 1323 2655 erant
1338 2616 1550 2666 Anagniae
1567 2617 1618 2654 ad
1634 2632 1700 2655 eos
1718 2617 1787 2666 qui
1802 2630 1962 2655 reman-

253 2689 392 2721 serant
417 2679 634 2726 Avenioni,
659 2679 719 2716 ait
741 2678 841 2715 istos
865 2677 980 2714 illam
1002 2676 1041 2714 in
1070 2676 1259 2714 omnibus
1285 2676 1535 2726 approbasse
1561 2690 1608 2714 ac
1631 2676 1889 2726 prohibuisse
1913 2689 1964 2713 ne

255 2741 344 2791 quis
379 2739 548 2777 Urbano
581 2738 786 2783 obediret,
820 2744 994 2786 excepto
1027 2735 1233 2773 cardinale
1267 2735 1588 2785 Pampilonensi,
1622 2736 1691 2785 qui
1732 2735 1867 2773 adhuc
1907 2734 1963 2772 sic

257 2799 569 2838 deliberandum
595 2797 767 2843 censuit,
793 2803 938 2846 postea
964 2803 1107 2833 tamen
1132 2795 1274 2832 ceteris
1301 2794 1527 2841 consensit3
1553 2797 1706 2844 esccepte'
1730 2795 1763 2832 le
1784 2793 1967 2832 cardinal

257 2861 301 2897 (le
323 2858 585 2907 Pampelune,
610 2856 677 2906 qui
700 2869 855 2893 encores
877 2869 901 2904 y
925 2854 1029 2892 voult
1051 2854 1249 2891 deliberer.
1276 2854 1378 2891 mais
1403 2854 1543 2903 depuis
1568 2854 1597 2891 il
1617 2868 1657 2891 se
1679 2853 1854 2891 consenti
1876 2867 1967 2891 avec

259 2920 311 2955 les
331 2925 472 2955 autres.
498 2916 638 2955 Recte.
663 2914 874 2953 Habemus
895 2914 1005 2952 enim
1024 2913 1242 2963 epistolam
1262 2913 1566 2963 autographam
1587 2913 1638 2950 ab
1658 2913 1747 2963 ipso
1767 2912 1965 2962 scriptam

308 3050 338 3083 1.
364 3050 391 3082 Il
416 3049 458 3082 fit
477 3061 544 3083 son
564 3054 772 3082 testament
790 3048 822 3081 Ie
842 3048 887 3080 10
907 3046 982 3079 mai
1002 3045 1205 3090 precedent
1229 3043 1282 3088 (B.
1306 3044 1363 3084 N.‚
1385 3055 1452 3078 ms.
1474 3044 1611 3078 Baluze
1632 3043 1715 3084 211,
1733 3043 1794 3077 fol.
1812 3044 1856 3077 65
1876 3042 1936 3086 ΓΟ).

310 3103 339 3136 2.
369 3102 530 3135 Grandes
550 3102 762 3145 chroniques
782 3102 823 3134 de
843 3100 994 3139 France,
1017 3100 1073 3133 ed.
1099 3098 1142 3131 R.
1167 3097 1406 3137 Delachenal,
1430 3103 1456 3132 t.
1477 3110 1515 3138 11,
1538 3109 1572 3141 p.
1595 3098 1677 3131 323.
