2083 3458
277 208 357 249 580
924 221 1074 246 NOTAE
1109 222 1169 246 AD
1205 221 1331 246 viTAs
1824 204 1975 260 [1061]

270 308 338 346 lib.
366 307 474 345 XIII
498 307 648 345 Annal.
675 307 804 345 eccles.
830 306 1059 353 Aurelian„
1083 319 1172 356 cap.
1207 320 1292 353 xv1,
1318 305 1509 344 eumdem
1540 307 1600 344 ait
1626 306 1749 344 fuisse
1777 304 1980 343 archidia-

270 381 419 405 conum
450 366 739 405 Solliacensem
770 374 810 403 et
841 365 1086 404 canonicum
1115 365 1157 402 in
1187 365 1370 403 Ecclesia
1400 365 1697 404 Aurelianensi.
1971 411 1974 414 ,

324 426 365 464 Ρ.
398 425 487 468 416,
517 426 582 476 lig.
618 424 676 463 19.
710 425 903 462 MULTUM
935 438 1152 462 RENUENS.
1185 424 1382 462 Testatur
1408 424 1522 462 istud
1549 424 1686 474 ipsum
1715 423 1982 462 continuator

271 485 449 523 Gallicus
468 484 617 533 Nangii
637 484 651 506 1
666 492 757 521 tum
774 484 916 521 vivens
934 484 994 521 his
1014 483 1146 521 verbis
1166 499 1172 520 :
1190 483 1241 521 Et
1255 484 1288 520 le
1303 483 1418 520 lundi
1432 483 1563 521 XXX
1575 484 1667 533 jour
1681 484 1734 521 dii
1749 483 1807 521 dit
1821 482 1920 519 mois
1938 482 1983 519 de

271 544 465 581 decembre
490 544 649 581 eslirent
675 543 787 580 aussi
814 557 959 580 comme
984 557 1060 592 par
1084 543 1124 580 la
1150 542 1233 579 voie
1258 543 1311 580 du
1338 542 1458 580 Sciint
1481 543 1643 592 Esperit
1660 542 1820 580 messire
1845 541 1983 578 Pierre

271 603 428 652 Rogier,
448 605 600 640 nomme
621 603 654 639 le
675 602 860 640 cardinal
879 603 923 639 de
945 602 1146 651 Biaicjort,
1162 617 1228 639 car
1251 602 1281 639 il
1298 602 1412 640 estoit
1433 602 1497 651 fils
1519 602 1571 639 dn
1592 610 1711 639 comte
1733 602 1777 639 de
1795 600 1985 650 Biaufort

270 677 317 699 en
340 662 469 709 Vale'e,
487 671 522 699 et
536 662 649 699 estoit
666 676 786 699 neven
803 662 856 699 du
873 676 978 711 pape
992 661 1168 699 Clement
1188 660 1249 698 VI
1264 661 1332 711 qni
1349 661 1485 699 l'cwoit
1497 661 1575 711 sait
1590 656 1784 699 cardinal.
1804 660 1856 697 Et
1871 659 1985 697 estoit

273 721 454 759 cardinal
481 721 624 768 diacre,
655 721 699 758 de
727 721 856 770 l'czage
885 721 929 757 de
958 729 1148 770 quarante
1176 735 1250 757 ans
1279 735 1329 758 on
1357 720 1532 759 environ.
1563 720 1708 771 Leqiiel
1735 721 1767 757 le
1796 718 1985 757 contredit

274 795 349 818 nne
372 780 492 830 piece,
519 789 553 818 et
577 795 623 817 ne
648 780 795 818 voutoit
817 788 992 829 accepter
1015 780 1054 817 la
1078 779 1156 817 dite
1170 779 1344 818 election.
1363 779 1642 817 Finablement
1661 780 1862 828 l'accepta,
1882 786 1917 815 et
1937 778 1984 827 fn

275 842 427 877 nomme
448 839 632 888 Gregoire
652 839 721 876 XI
739 848 772 877 et
788 839 834 888 jn
852 836 1022 876 coronne'
1037 853 1110 876 aus
1128 839 1322 876 Jacobins
1338 839 1569 888 d’Avignon
1586 840 1619 876 le
1639 838 1855 888 dymanolze
1874 837 1984 875 weille

276 900 319 936 de
333 899 589 949 l'Aparicion
600 899 824 937 ensuivant.
840 899 891 936 Et
905 898 1066 936 messire
1076 898 1181 947 Loys
1195 899 1270 936 dno
1284 898 1478 948 d’Anjou,
1493 898 1593 947 frere
1608 898 1660 935 dn
1675 912 1743 947 roy
1758 898 1802 935 de
1814 897 1981 943 France,

275 960 308 996 le
328 973 442 995 mena
462 959 527 995 des
548 958 743 995 Jacohins
760 958 923 1008 jnsqzies
942 973 996 995 αιι
1015 958 1163 1008 palatis,
1184 966 1266 995 tout
1284 961 1308 995 ὰ
1326 957 1406 1007 pie,
1423 966 1457 995 et
1469 957 1590 995 tenoit
1608 958 1641 995 le
1660 957 1794 995 clieval
1807 957 1860 994 ᾱιι
1879 970 1984 1006 pape

274 1032 349 1067 par
387 1018 420 1055 le
457 1017 580 1067 frain.

328 1077 370 1115 P.
403 1076 491 1124 417,
521 1077 587 1127 lig.
621 1076 655 1114 9.
690 1077 862 1114 PLURES
894 1091 1013 1114 Amos
1045 1082 1246 1124 NUNTIOS,
1280 1076 1390 1115 Pileo
1421 1077 1469 1115 de
1501 1076 1639 1123 Prata,
1672 1075 1904 1114 Guillaume
1935 1074 1983 1111 dc

277 1137 512 1186 Lestrange,
539 1138 694 1185 eveque
715 1137 762 1175 de
785 1136 1047 1186 Carpentras,
1068 1136 1300 1175 Guillaume
1320 1136 1368 1174 de
1395 1136 1451 1173 La
1477 1135 1610 1174 Garde
1630 1144 1670 1173 et
1690 1135 1820 1181 Helie,
1846 1134 1985 1172 arche-

275 1198 406 1245 veque
430 1196 478 1234 de
500 1195 722 1233 Bordeaux
746 1195 938 1245 (Denisse,
962 1195 1023 1232 La
1044 1195 1275 1243 desolation,
1299 1203 1329 1233 t.
1353 1209 1394 1242 11,
1417 1210 1456 1245 p.
1482 1194 1558 1232 576
1581 1203 1621 1233 et
1644 1194 1781 1240 Mirot,
1805 1194 1865 1231 La
1885 1193 1987 1243 poli-

275 1256 379 1305 tique
403 1254 646 1304 pontificale,
675 1270 713 1305 p.
743 1254 822 1304 58).

329 1314 371 1353 P.
397 1314 486 1361 417,
509 1314 576 1364 lig.
602 1314 663 1352 24.
690 1314 863 1352 PETRUs
888 1314 1073 1352 GOMETII
1097 1314 1145 1352 de
1167 1314 1357 1361 Barroso,
1381 1328 1522 1364 nepos,
1546 1322 1592 1351 ut
1616 1314 1795 1360 videtur,
1819 1311 1987 1350 alterius

275 1373 493 1412 cardinalis
528 1374 715 1423 ejusdem
748 1374 925 1412 nominis
962 1387 984 1411 a
1019 1374 1180 1412 Joanne
1217 1373 1347 1411 XXII
1381 1373 1521 1421 creati,
1565 1373 1607 1410 in
1651 1373 1767 1422 cujus
1811 1371 1988 1421 gratiam

274 1433 486 1483 probabile
528 1441 591 1471 est
630 1433 904 1472 Benedictum
947 1432 1033 1470 XII
1073 1433 1143 1471 isti
1185 1433 1406 1471 contulisse
1426 1432 1440 1454 ²
1481 1446 1589 1470 anno
1632 1429 1989 1470 MCCCXXXVII

275 1493 567 1530 canonicatum
582 1501 623 1530 et
643 1492 924 1542 praebendam
942 1492 1148 1531 Ecclesiae
1164 1492 1401 1530 Toletanae.
1421 1492 1483 1530 Sic
1497 1492 1605 1529 enim
1620 1491 1769 1541 legitur
1783 1490 1824 1528 in
1840 1488 1988 1527 Rubri-

276 1552 331 1589 εἰς
360 1552 456 1590 anni
481 1552 594 1590 tertii
618 1552 804 1601 ejusdem
822 1552 1050 1599 Benedicti,
1077 1565 1165 1601 cap.
1191 1566 1267 1589 CD:
1293 1552 1408 1589 Petro
1435 1550 1616 1589 Gometii.
1642 1550 1878 1588 Providetzir
1907 1548 1988 1586 sibi

276 1612 319 1648 de
351 1611 588 1649 canonicatu
629 1619 663 1649 et
705 1611 906 1660 prebenda
935 1611 1110 1649 Ecclesie
1146 1611 1330 1649 Toletane
1370 1610 1616 1649 vacantibus,
1653 1609 1797 1647 Evasit
1840 1607 1986 1647 deinde

273 1670 602 1720 archiepiscopus
632 1670 884 1720 Hispalensis
901 1670 927 1709 3.

328 1730 447 1768 Anno
464 1729 762 1777 MCCCLXXI,
779 1730 842 1768 die
858 1738 1007 1768 octava
1025 1729 1130 1780 junii
1149 1729 1178 1777 4,
1196 1730 1412 1779 Gregorius
1430 1729 1491 1767 XI
1506 1743 1599 1768 eum
1618 1728 1834 1767 absentem
1848 1727 1987 1765 evexit

274 1789 326 1826 acl
366 1789 614 1839 dignitatem
654 1790 885 1829 cardinalis.
929 1790 1076 1827 Postea
1119 1804 1213 1828 vero
1251 1790 1316 1827 ille
1355 1789 1559 1838 ingressus
1598 1789 1689 1835 iter,
1729 1787 1986 1825 Avenionem

276 1849 464 1898 pervenit
497 1849 560 1887 die
592 1849 803 1898 trigesima
835 1849 985 1887 mensis
1019 1848 1212 1887 octobris.
1249 1848 1381 1886 Datus
1414 1849 1448 1886 ei
1480 1856 1569 1885 tum
1604 1855 1666 1885 est
1698 1848 1844 1885 titulus
1876 1860 1986 1896 pres-

276 1908 410 1957 byteri
430 1908 648 1946 cardinalis
670 1908 845 1946 Sanctae
867 1908 1077 1955 Praxedis,
1099 1922 1179 1957 quo
1198 1908 1418 1957 insignitus
1438 1915 1527 1946 erat
1544 1908 1610 1946 ille
1626 1906 1844 1945 cardinalis
1864 1918 1986 1955 quem

275 1981 397 2017 supra
416 1968 650 2006 monuimus
669 1968 799 2005 videri
817 1968 940 2005 fuisse
958 1968 1045 2017 ejus
1063 1976 1273 2017 patruum.
1294 1967 1451 2005 Attulit
1467 1975 1609 2005 autem
1626 1979 1764 2005 secum
1782 1964 1987 2015 quaedam

276 2040 444 2065 munera
469 2041 573 2076 quae
598 2027 813 2074 Henric'us,
837 2041 908 2064 rex
929 2025 1144 2074 Castellae,
1169 2027 1281 2065 misit
1302 2027 1354 2064 ad
1376 2039 1549 2076 papam3
1576 2034 1623 2063 ut
1648 2033 1767 2075 patet
1789 2039 1839 2062 ex
1859 2023 1986 2062 literis

275 2086 362 2134 ejus
384 2086 435 2123 ad
458 2087 649 2124 eumdem
673 2086 911 2133 Henricum,
933 2086 975 2123 in
997 2086 1146 2135 quibus
1167 2086 1226 2124 ita
1247 2086 1397 2135 legitur
1419 2101 1426 2123 :
1452 2085 1586 2123 Jocale
1612 2084 1826 2122 admodum
1845 2082 1987 2133 pretio-

277 2159 377 2192 sum,
408 2145 550 2192 nobile,
579 2154 614 2182 et
642 2145 813 2194 insigne,
843 2146 1016 2195 duosque
1042 2144 1329 2195 pulcherrimos
1360 2158 1476 2195 equos
1503 2144 1608 2193 regie
1635 2142 1908 2193 munificentie
1943 2155 1989 2179 ac

275 2203 454 2241 liberalis
471 2205 692 2242 excellentie
710 2213 772 2242 tue
789 2219 859 2254 per
877 2219 1021 2242 manus
1039 2205 1170 2243 dilecti
1190 2204 1267 2254 filii
1287 2204 1411 2242 nostri
1428 2203 1538 2241 Petri
1557 2203 1663 2241 tituli
1682 2203 1824 2240 Sancte
1840 2202 1988 2239 Praxe-

276 2263 337 2300 dis
365 2264 581 2313 presbyteri
610 2264 830 2302 cardinalis
857 2264 995 2301 animo
1023 2272 1132 2313 grato
1159 2264 1393 2313 recepimnS,
1424 2263 1599 2313 illudque
1628 2262 1670 2299 in
1699 2261 1929 2299 memoriam
1956 2267 1990 2297 et

276 2322 459 2360 honorem
483 2323 583 2371 regii
609 2323 786 2360 nominis
811 2323 1056 2361 intendimus
1080 2322 1304 2372 perenniter
1328 2322 1532 2360 custodire.
1562 2322 1650 2360 Hae
1673 2321 1816 2360 literae
1841 2327 1988 2359 extant

275 2382 386 2431 apud
412 2382 635 2421 Odoricum
660 2382 823 2431 Raynal
861 2396 942 2430 ·1m,
967 2396 1031 2421 an.
1060 2382 1174 2430 1371,
1191 2375 1223 2413 'Q
1246 2382 1281 2421 4.

329 2441 448 2478 Anno
486 2441 823 2490 MCCCLXXIV,
861 2442 925 2480 die
962 2442 1108 2492 quinta
1145 2441 1255 2489 maii,
1294 2441 1511 2490 Gregorius
1550 2440 1623 2488 XI,
1652 2440 1830 2478 condens
1867 2451 1987 2476 suum

278 2508 590 2547 testamentum,
634 2501 803 2539 Petrum
846 2500 1097 2539 cardinalem
1142 2501 1375 2550 Hispanum
1416 2499 1529 2537 tituli
1572 2499 1748 2537 Sanctae
1791 2497 1987 2536 Praxedis

276 2559 381 2597 illius
412 2568 675 2598 executorem
704 2575 789 2598 esse
820 2561 1051 2598 constituit.
1084 2560 1162 2598 Sed
1192 2560 1256 2597 hic
1286 2559 1415 2597 honos
1445 2559 1480 2597 ei
1510 2559 1663 2597 frustra
1693 2557 1774 2595 fuit
1801 2556 1985 2595 habitus.

280 2617 461 2656 Decessit
479 2619 587 2658 enim
604 2620 727 2668 paulo
744 2627 840 2670 post
856 2619 1083 2667 Avenione,
1101 2619 1297 2657 nimirum
1314 2618 1378 2656 die
1401 2617 1580 2658 secunda
1599 2616 1808 2667 sequentis
1836 2615 1993 2654 mensis.

276 2676 393 2725 junii,
422 2685 469 2715 ut
495 2678 554 2715 ait
583 2678 838 2717 Contelorius
877 2678 930 2729 [p.
963 2677 1076 2728 100].
1109 2678 1358 2727 Quanquam
1385 2685 1579 2727 excerpta
1607 2691 1657 2715 ex
1683 2675 1796 2714 libris
1824 2674 1987 2724 Obliga-

327 2830 355 2862 1.
387 2830 550 2863 Grandes
572 2832 783 2875 chroniques
807 2833 848 2865 de
870 2833 1021 2872 France,
1047 2832 1103 2865 ed.
1131 2831 1371 2871 Delachenal,
1397 2838 1422 2864 t.
1447 2844 1485 2871 11,
1510 2843 1545 2875 p.
1572 2830 1741 2863 149-150.

326 2884 356 2915 2.
388 2883 507 2923 Vidal,
537 2895 570 2917 n.
599 2885 692 2918 4283
723 2885 853 2928 (bulles
881 2886 930 2919 du
958 2887 1002 2918 22
1028 2885 1151 2929 juillet
1177 2884 1297 2928 1337).

325 2937 356 2969 3.
388 2936 436 2969 Lc
460 2937 480 2969 4
502 2937 583 2980 juin
606 2938 699 2971 1369
726 2938 872 2981 (Eubel,
897 2939 1128 2978 Hierarehia,
1154 2944 1179 2971 t.
1202 2950 1226 2977 1,
1251 2950 1286 2982 p.
1312 2936 1407 2981 278).
1436 2937 1465 2970 Il
1488 2937 1593 2970 avait
1616 2938 1674 2970 ete
1697 2937 1847 2969 nomme'
1870 2946 1987 2978 aupa-

280 2996 415 3021 ravant
434 2991 575 3032 eveque
597 2991 640 3023 de
660 2990 844 3033 Sigucnza
862 2992 894 3025 le
915 2992 960 3024 14
979 2993 1072 3025 aout
1090 2992 1195 3030 1348,
1218 2991 1261 3024 de
1283 2991 1453 3024 Co'imbre
1473 2990 1504 3023 le
1526 2991 1569 3023 25
1590 2990 1681 3023 aofit
1701 2990 1805 3028 1358,
1836 2988 1879 3021 de
1909 2987 1987 3020 Lis-

282 3042 401 3073 lmnnc
426 3043 455 3073 lc
481 3044 523 3075 23
546 3043 668 3084 juillet
692 3045 784 3077 1364
813 3044 958 3087 (Eubcl,
986 3050 1022 3077 1ιί
1043 3057 1084 3084 3.,
1110 3056 1144 3088 p.
1171 3044 1250 3084 196,
1276 3045 1357 3083 444,
1383 3044 1479 3085 507).

330 3095 360 3126 4.
393 3094 494 3126 Lim-z
523 3096 553 3126 lc·
582 3097 626 3127 30
656 3098 739 3129 mai.
