2083 3458
228 259 309 302 362
879 275 1030 300 NOTAE
1065 274 1125 300 AD
1160 273 1287 299 VITAS
1809 255 1923 312 [853]

231 360 358 399 filiam
393 360 597 399 Guillelmi
634 359 795 409 Rogerii
831 358 985 397 domini
1021 359 1068 397 de
1104 358 1372 405 Chambonio,
1408 366 1574 408 neptem
1621 372 1717 396 vero
1752 357 1932 395 Clemen-

229 420 281 458 tis
300 420 357 457 VI
376 434 522 470 papae,
540 419 616 458 iste
634 419 677 457 in
695 419 870 469 gratiam
887 418 1004 456 istius
1023 417 1276 456 matrimonii
1293 417 1549 455 Bernardum
1568 417 1616 455 de
1635 417 1759 454 Turre
1780 416 1934 454 creavit

228 479 352 529 paulo
376 487 472 529 post
496 478 716 517 diaconum
740 477 989 516 cardinalem
1015 476 1126 515 tituli
1151 476 1291 515 Sancti
1317 476 1542 514 Eustachii.
1671 528 1674 529 γ

283 538 403 576 Anno
430 537 618 588 sequenti
654 537 757 588 prid.
795 552 889 575 non.
922 536 973 587 [4]
1012 536 1163 586 aprilis,
1199 535 1453 586 subscriptus
1488 535 1689 586 reperitur
1722 534 1934 585 privilegio

231 597 341 647 quod
366 597 550 635 Clemens
573 597 631 634 VI
656 596 856 635 concessit
879 595 1060 634 Clarissis
1085 596 1133 633 de
1158 595 1380 633 Manuasca
1403 594 1444 632 in
1469 595 1641 633 dioecesi
1665 593 1934 641 Sistaricensi,

232 657 341 706 quod
376 656 535 696 editum
568 664 629 694 est
662 670 684 693 a
718 655 949 705 Waddingo
967 655 994 693 ¹.

195 713 198 716 ’
284 716 403 754 Anno
427 714 767 762 MCCCXLVIII,
791 714 893 765 prid.
920 715 998 753 kal.
1025 714 1122 753 maii
1150 714 1215 763 [30
1239 713 1373 763 avril],
1400 713 1641 763 subscripsit
1662 713 1790 753 etiam
1812 712 1934 762 privi-

230 775 332 825 legio
351 774 365 797 2
392 775 502 825 quod
526 775 637 820 idem
660 789 768 825 papa
795 775 994 812 concessit
1020 773 1201 812 Clarissis
1228 773 1275 811 de
1304 773 1470 822 Deneyo
1504 773 1546 810 in
1571 772 1743 811 dioecesi
1770 772 1934 809 Eliensi.

232 834 375 872 Edidit
413 834 681 884 'Waddingus

284 894 403 932 Anno
419 894 643 941 MCCCLV,
660 893 723 932 die
739 892 927 931 mercurii
943 901 1090 942 quarta
1106 892 1254 930 mensis
1271 891 1477 939 februarii,
1492 891 1680 929 interfuit
1696 890 1936 929 consistorio

230 953 272 990 in
294 968 374 1003 quo
395 953 545 1003 legatio
570 953 757 992 Romana
779 952 832 990 ad
854 952 1136 991 coronandum
1160 951 1360 989 Karolum
1384 951 1438 988 IV
1459 951 1750 1001 imperatorem
1772 950 1936 988 decreta

231 1021 292 1050 est
311 1014 432 1051 Petro
450 1012 668 1051 Bertrandi
687 1012 735 1050 de
755 1011 1015 1050 Columbario
1034 1011 1224 1061 episcopo
1244 1010 1441 1057 Ostiensi3
1461 1010 1524 1048 cui
1542 1010 1626 1060 ipse
1646 1018 1686 1048 et
1705 1009 1935 1048 Galhardus

231 1072 279 1111 de
300 1073 413 1111 Mota
435 1072 629 1110 diaconus
651 1071 867 1110 cardinalis
889 1071 1064 1110 Sanctae
1085 1070 1233 1108 Luciae
1252 1070 1293 1107 in
1314 1069 1421 1108 silice
1441 1070 1613 1120 pallium
1630 1069 1867 1107 tribuerunt
1887 1069 1936 1108 de

231 1132 395 1182 speciali
431 1131 630 1169 mandato
670 1130 899 1169 Innocentii
935 1130 1007 1177 VI,
1043 1130 1107 1168 die
1144 1129 1319 1180 septima
1355 1128 1539 1178 ejusdem
1575 1128 1737 1167 mensis.
1778 1129 1936 1167 Harum

230 1199 355 1230 testes
381 1199 528 1229 extant
552 1191 654 1228 Acta
676 1204 812 1229 rerum
837 1204 859 1227 a
887 1190 1008 1228 Petro
1034 1189 1239 1227 cardinale
1265 1188 1443 1227 Ostiensi
1466 1196 1558 1227 tum
1584 1196 1804 1238 gestarum,
1832 1202 1936 1238 quae

231 1251 341 1289 edita
365 1259 461 1288 sunt
483 1250 590 1288 inter
612 1249 871 1287 Probationes
893 1248 1079 1286 historiae
1102 1248 1383 1286 Cardinalium
1412 1247 1627 1295 Gallorum,
1649 1262 1687 1298 p.
1714 1247 1789 1285 352
1813 1255 1854 1285 et
1876 1262 1934 1297 sq.

284 1310 402 1348 Anno
425 1309 678 1357 MCCCLXI,
701 1309 764 1347 die
787 1308 932 1358 quinta
954 1308 1102 1346 mensis
1123 1307 1226 1357 julii,
1247 1307 1357 1346 idem
1379 1308 1522 1345 Petrus
1544 1307 1762 1348 Bertrandi
1784 1307 1936 1357 episco-

229 1384 305 1419 pus
338 1369 536 1407 Ostiensis
568 1383 661 1407 eum
692 1367 925 1406 nominavit
954 1367 1061 1406 inter
1092 1375 1329 1405 executores
1360 1366 1602 1405 testamenti
1633 1366 1694 1404 sui
1708 1365 1736 1414 3,
1769 1374 1810 1404 et
1839 1381 1937 1405 mox

231 1429 437 1466 extinctus
462 1436 522 1466 est
546 1428 609 1466 die
633 1442 704 1465 xm
727 1427 913 1476 ejusdem
936 1427 1096 1465 mensis.
1118 1427 1196 1464 Sed
1218 1426 1449 1464 Bernardus
1472 1426 1507 1464 ei
1525 1440 1672 1476 parum
1694 1426 1935 1476 supervixit.

232 1488 346 1526 Obiit
382 1488 490 1526 enim
518 1486 721 1525 Avenioni
750 1486 1015 1536 sequentibus
1045 1485 1228 1523 kalendis
1263 1485 1326 1536 [1]
1359 1485 1522 1535 augusti
1538 1485 1565 1533 4,
1586 1493 1634 1522 ut
1664 1493 1725 1523 est
1763 1485 1804 1522 in
1832 1485 1937 1524 libro

231 1547 541 1596 Obligationum.
586 1546 788 1585 Numerat
828 1560 921 1583 eum
960 1545 1067 1583 inter
1109 1545 1333 1583 cardinales
1375 1559 1421 1583 ea
1463 1552 1713 1595 tempestate
1754 1553 1938 1583 mortuos

234 1607 469 1644 Matthaeus
498 1605 711 1652 Villanius,
740 1605 808 1643 lib.
841 1605 892 1652 X,
924 1619 1009 1654 cap.
1043 1619 1142 1643 LXXI
1174 1604 1404 1654 [Muratori,
1424 1612 1453 1642 t.
1476 1619 1561 1652 xlv,
1583 1604 1656 1642 col.
1679 1603 1794 1654 608}

287 1666 329 1704 P.
353 1665 441 1713 243,
457 1665 523 1715 lig.
543 1665 576 1703 7.
595 1665 877 1702 GUILLERMUS
899 1665 1080 1702 JUDICIS.
1101 1664 1164 1701 Ita
1184 1664 1307 1713 vulgo
1328 1663 1520 1701 scribitur
1538 1664 1614 1701 hoc
1634 1678 1797 1712 nomen,
1818 1677 1937 1714 saepe

234 1725 360 1763 etiam
392 1725 436 1762 de
471 1724 648 1771 Judicia„
680 1723 890 1761 interdum
922 1723 967 1760 de
1002 1722 1243 1761 Judiciaria.
1272 1723 1319 1760 In
1349 1723 1564 1773 parrochia
1598 1723 1779 1772 d’Eyren
1810 1737 1937 1773 prope

237 1784 452 1822 Roserium
477 1783 578 1821 situs
605 1791 666 1821 est
690 1783 802 1820 locus
829 1783 877 1820 de
904 1782 1067 1820 Judicia
1093 1782 1217 1832 vulgo
1243 1782 1281 1819 la
1310 1782 1443 1831 Jugie,
1468 1782 1510 1819 in
1537 1796 1617 1832 quo
1643 1782 1770 1821 etiam
1801 1790 1938 1821 aetate

236 1851 375 1881 nostra
401 1843 613 1881 visebatur
637 1842 759 1880 turris
786 1841 1073 1891 antiquissima
1100 1856 1225 1891 quam
1250 1841 1360 1879 fama
1386 1849 1474 1879 erat
1500 1849 1781 1880 constructam
1806 1856 1890 1880 esse
1916 1856 1939 1879 a

238 1902 511 1941 cardinalibus
546 1902 594 1939 de
628 1901 803 1939 Judicia.
841 1901 888 1938 In
920 1900 1086 1939 ecclesia
1118 1915 1238 1951 porro
1270 1900 1515 1951 parrochiali
1547 1908 1665 1938 extat
1697 1900 1940 1940 etiammum

238 1962 431 2000 sacellum
450 1961 498 1999 de
520 1960 696 2007 Judicia,
716 1960 836 1998 hodie
856 1960 1063 2010 pertinens
1083 1960 1136 1997 ad
1155 1959 1309 1998 nobiles
1330 1960 1378 1998 de
1398 1960 1702 2010 Champagnac,
1723 1960 1792 2010 qui
1812 1960 1939 1998 domi-

238 2021 352 2059 nium
375 2021 494 2058 villae
519 2020 567 2059 de
592 2019 754 2058 Judicia
778 2014 907 2069 nuper
930 2027 1118 2058 emerunt
1140 2033 1162 2057 a
1186 2019 1391 2057 nobilibus
1415 2019 1464 2057 de
1488 2019 1738 2066 Podiovalle,
1762 2019 1815 2057 ad
1839 2033 1939 2069 quos

239 2087 483 2131 pervenerat
506 2087 674 2129 propter
697 2078 1151 2118 matrimonium-unius
1175 2093 1316 2117 eorum
1340 2092 1433 2117 cum
1457 2078 1609 2117 femina
1634 2086 1723 2116 orta
1748 2093 1798 2116 ex
1821 2086 1940 2128 gente

241 2140 289 2177 de
311 2139 486 2186 Judic'ia,
503 2146 550 2176 ut
569 2138 695 2177 etiam
711 2138 856 2188 vulgus
875 2137 981 2175 illius
1001 2137 1240 2188 parrochiae
1255 2137 1385 2185 novit,
1401 2145 1442 2176 et
1461 2152 1533 2175 nos
1553 2138 1677 2188 paulo
1697 2145 1792 2188 post
1807 2145 1940 2176 osten—

241 2198 323 2237 suri
360 2212 513 2236 sumus.

296 2257 534 2295 Guillelmus
556 2271 649 2306 ergo
673 2264 784 2294 ortus
807 2264 868 2294 est
889 2256 931 2294 in
951 2256 1165 2306 parrochia
1188 2256 1368 2305 d'Eyren
1389 2255 1431 2293 in
1453 2255 1625 2294 dioecesi
1647 2256 1941 2304 Lemovicensi,

244 2325 359 2367 patre
384 2316 540 2354 =Jacobo
564 2330 685 2366 quem
709 2315 920 2365 Philippus
944 2316 1015 2362 Vl,
1038 2330 1109 2353 rex
1133 2315 1396 2362 Francorum,
1420 2329 1527 2353 anno
1550 2315 1941 2363 MCCCXXXVIII,

245 2376 472 2414 nobilitatis
511 2375 633 2413 titulo
672 2375 895 2422 decoravit,
923 2382 1055 2413 matre
1095 2374 1309 2413 Guillelma
1345 2374 1532 2424 Rogeria,
1573 2388 1675 2424 quae
1714 2374 1794 2412 fuit
1831 2389 1942 2412 soror

246 2435 463 2473 Clementis
482 2435 539 2472 VI
556 2448 702 2485 papae,
724 2434 805 2471 filia
824 2434 1028 2472 Guillelmi
1047 2433 1209 2483 Rogerii
1230 2433 1445 2481 domicelli,
1468 2447 1590 2483 quem
1608 2441 1771 2471 constat
1788 2433 1942 2472 extinc-

246 2503 336 2533 tum
361 2494 483 2532 fuisse
509 2508 617 2531 anno
643 2493 894 2532 MCCCXIII
921 2507 1000 2542 quo
1021 2493 1236 2531 Guillelma
1261 2493 1303 2530 in
1328 2492 1639 2532 matrimonium
1660 2493 1857 2531 collocata
1883 2500 1945 2531 est

247 2567 339 2591 cum
356 2553 523 2591 Jacobo.
540 2553 603 2591 Sic
618 2553 727 2591 enim
741 2552 888 2602 legitur
902 2552 943 2589 in
961 2552 1164 2590 Veteribus
1177 2552 1275 2589 actis
1290 2552 1342 2589 ad
1354 2566 1417 2590 me
1432 2551 1563 2590 missis
1581 2566 1603 2590 a
1620 2551 1706 2589 viro
1722 2548 1942 2590 clarissimo

248 2613 405 2650 Joanne
424 2611 614 2662 Baptista
636 2611 883 2649 Pradillonio
905 2627 911 2648 :
933 2611 1123 2661 Officialis
1151 2611 1452 2658 Lemovicensz's,
1472 2619 1549 2650 etc.
1573 2626 1580 2648 :
1601 2610 1751 2648 Notum
1774 2611 1945 2660 facimus

246 2673 346 2721 quod
368 2686 473 2708 anno
498 2670 778 2708 MCCCXIII
801 2670 863 2708 die
886 2671 978 2708 lune
1001 2679 1088 2720 post
1109 2671 1251 2720 festum
1287 2670 1390 2708 beate
1414 2670 1654 2719 Magdalene
1682 2669 1748 2720 [23
1771 2669 1944 2720 juillet],

246 2730 464 2767 constitutis
496 2730 659 2767 Geralclo
685 2731 728 2767 de
755 2730 897 2767 Sancto
922 2730 1113 2767 Martiale
1127 2730 1326 2767 domicello
1351 2737 1384 2766 et
1408 2729 1566 2766 domino
1593 2728 1756 2766 Geraldo
1778 2729 1942 2778 d'Agro-

243 2790 362 2838 sollio,
387 2789 522 2836 milite,
537 2789 740 2838 parrochie
763 2790 807 2826 de
830 2788 1137 2838 Champanhaco
1155 2803 1275 2838 prope
1299 2788 1433 2826 villam
1448 2788 1492 2825 de
1514 2788 1552 2825 la
1574 2788 1701 2825 Roche
1723 2796 1756 2825 et
1770 2788 1884 2825 Petro
1906 2789 1944 2825 la

292 2937 322 2967 ¹1.
347 2936 475 2975 ‘liubeL
495 2936 538 2968 Β.
559 2936 615 2975 F.,
637 2943 662 2968 t.
684 2948 732 2975 VI,
752 2948 786 2969 n.
808 2936 887 2969 190.

293 2991 321 3021 2.
351 2989 397 3021 Ut
416 3001 456 3028 3.,
480 3000 513 3022 11.
537 2989 616 3022 455.

291 3042 321 3073 3.
350 3042 386 3073 1³.
414 3042 621 3081 Duchesnc‚
645 3042 808 3075 Histoire
830 3042 870 3074 de
891 3047 969 3075 tous
991 3043 1039 3075 les
1060 3043 1264 3075 cardinaur
1282 3042 1454 3085 hancei-3,
1479 3048 1504 3075 t.
1527 3054 1564 3081 11,
1588 3054 1622 3085 p.
1647 3043 1727 3075 366.

291 3095 321 3126 si.
349 3094 464 3126 lssubvl
499 3094 741 3137 (Hierarchia,
773 3102 798 3128 t.
820 3107 843 3134 1,
866 3107 900 3138 p.
924 3095 981 3139 18)
1007 3097 1128 3128 donne
1150 3095 1184 3127 la
1206 3096 1292 3127 date
1315 3095 1364 3127 du
1386 3096 1404 3128 7
1427 3095 1528 3135 aofit,
1552 3106 1636 3128 sans
1660 3096 1772 3128 doute
1796 3095 1940 3138 d’apres

242 3146 426 3178 Contclori
457 3147 503 3189 (p.
533 3147 604 3190 76).
