<?xml version="1.0" encoding="UTF-8"?>
<!DOCTYPE html PUBLIC "-//W3C//DTD XHTML 1.0 Transitional//EN"
    "http://www.w3.org/TR/xhtml1/DTD/xhtml1-transitional.dtd">
<html xmlns="http://www.w3.org/1999/xhtml" xml:lang="en" lang="en">
 <head>
  <title>
</title>
<meta http-equiv="Content-Type" content="text/html;charset=utf-8" />
  <meta name='ocr-system' content='tesseract 3.04.00' />
  <meta name='ocr-capabilities' content='ocr_page ocr_carea ocr_par ocr_line ocrx_word'/>
</head>
<body>
  <div class='ocr_page' id='page_1' title='image "./vitaepaparumaven02balu_0812.png"; bbox 0 0 2083 3458; ppageno 0'>
   <div class='ocr_carea' id='block_1_1' title="bbox 289 227 1992 300">
    <p class='ocr_par' dir='ltr' id='par_1_1' title="bbox 289 227 1992 300">
     <span class='ocr_line' id='line_1_1' title="bbox 289 227 1992 300; baseline 0 -13"><span class='ocrx_word' id='word_1_1' title='bbox 289 246 370 287; x_wconf 82' lang='grc'>802</span> <span class='ocrx_word' id='word_1_2' title='bbox 412 227 414 231; x_wconf 23' lang='lat'><strong>¹</strong></span> <span class='ocrx_word' id='word_1_3' title='bbox 936 261 1088 286; x_wconf 80' lang='lat' dir='ltr'><strong>NOTAE</strong></span> <span class='ocrx_word' id='word_1_4' title='bbox 1123 261 1183 286; x_wconf 83' lang='lat' dir='ltr'>AD</span> <span class='ocrx_word' id='word_1_5' title='bbox 1217 261 1345 286; x_wconf 79' lang='lat' dir='ltr'>VITAs</span> <span class='ocrx_word' id='word_1_6' title='bbox 1840 245 1992 300; x_wconf 78' lang='grc'><strong>[1283]</strong></span> 
     </span>
    </p>
   </div>
   <div class='ocr_carea' id='block_1_2' title="bbox 281 343 2033 3185">
    <p class='ocr_par' dir='ltr' id='par_1_2' title="bbox 289 343 1999 691">
     <span class='ocr_line' id='line_1_2' title="bbox 289 343 1999 395; baseline -0.001 -12"><span class='ocrx_word' id='word_1_7' title='bbox 289 352 386 383; x_wconf 85' lang='lat' dir='ltr'>sunt</span> <span class='ocrx_word' id='word_1_8' title='bbox 403 344 442 384; x_wconf 91' lang='lat' dir='ltr'>in</span> <span class='ocrx_word' id='word_1_9' title='bbox 479 345 738 383; x_wconf 85' lang='lat' dir='ltr'>celeberrimo</span> <span class='ocrx_word' id='word_1_10' title='bbox 755 352 963 383; x_wconf 81' lang='lat' dir='ltr'>conventu</span> <span class='ocrx_word' id='word_1_11' title='bbox 976 343 1120 382; x_wconf 87' lang='lat' dir='ltr'>habito</span> <span class='ocrx_word' id='word_1_12' title='bbox 1133 344 1244 395; x_wconf 89' lang='lat' dir='ltr'>apud</span> <span class='ocrx_word' id='word_1_13' title='bbox 1260 343 1469 382; x_wconf 84' lang='lat' dir='ltr'>Medinam</span> <span class='ocrx_word' id='word_1_14' title='bbox 1481 353 1754 395; x_wconf 80' lang='lat' dir='ltr'>campestrem</span> <span class='ocrx_word' id='word_1_15' title='bbox 1769 344 1810 382; x_wconf 91' lang='lat' dir='ltr'>in</span> <span class='ocrx_word' id='word_1_16' title='bbox 1825 343 1999 383; x_wconf 91' lang='lat' dir='ltr'>dioecesi</span> 
     </span>
     <span class='ocr_line' id='line_1_3' title="bbox 291 403 1997 454; baseline -0.001 -12"><span class='ocrx_word' id='word_1_17' title='bbox 291 403 607 443; x_wconf 82' lang='lat' dir='ltr'>Salmanticensi</span> <span class='ocrx_word' id='word_1_18' title='bbox 644 418 752 442; x_wconf 88' lang='lat' dir='ltr'>anno</span> <span class='ocrx_word' id='word_1_19' title='bbox 792 403 1098 442; x_wconf 88' lang='lat' dir='ltr'>MCCCLXXX</span> <span class='ocrx_word' id='word_1_20' title='bbox 1137 411 1314 442; x_wconf 80' lang='lat' dir='ltr'>exeunte</span> <span class='ocrx_word' id='word_1_21' title='bbox 1352 411 1394 442; x_wconf 88' lang='lat' dir='ltr'>et</span> <span class='ocrx_word' id='word_1_22' title='bbox 1419 403 1622 454; x_wconf 81' lang='lat' dir='ltr'>prioribus</span> <span class='ocrx_word' id='word_1_23' title='bbox 1662 403 1871 443; x_wconf 88' lang='lat' dir='ltr'>mensibus</span> <span class='ocrx_word' id='word_1_24' title='bbox 1899 403 1997 442; x_wconf 89' lang='lat' dir='ltr'>anni</span> 
     </span>
     <span class='ocr_line' id='line_1_4' title="bbox 292 462 1996 514; baseline 0.001 -14"><span class='ocrx_word' id='word_1_25' title='bbox 292 463 513 512; x_wconf 85' lang='lat' dir='ltr'>sequentis.</span> <span class='ocrx_word' id='word_1_26' title='bbox 534 463 608 502; x_wconf 89' lang='lat' dir='ltr'>Cui</span> <span class='ocrx_word' id='word_1_27' title='bbox 629 463 795 514; x_wconf 85' lang='lat' dir='ltr'>quidem</span> <span class='ocrx_word' id='word_1_28' title='bbox 815 463 1041 502; x_wconf 87' lang='lat' dir='ltr'>conventui</span> <span class='ocrx_word' id='word_1_29' title='bbox 1070 462 1292 501; x_wconf 78' lang='lat' dir='ltr'>interfuere</span> <span class='ocrx_word' id='word_1_30' title='bbox 1322 462 1487 501; x_wconf 90' lang='lat' dir='ltr'>nomine</span> <span class='ocrx_word' id='word_1_31' title='bbox 1508 463 1729 503; x_wconf 88' lang='lat' dir='ltr'>Clementis</span> <span class='ocrx_word' id='word_1_32' title='bbox 1749 464 1830 501; x_wconf 86' lang='lat' dir='ltr'>VII</span> <span class='ocrx_word' id='word_1_33' title='bbox 1851 464 1996 502; x_wconf 90' lang='lat' dir='ltr'>Petrus</span> 
     </span>
     <span class='ocr_line' id='line_1_5' title="bbox 292 522 1995 574; baseline 0.001 -14"><span class='ocrx_word' id='word_1_34' title='bbox 292 522 340 560; x_wconf 90' lang='lat' dir='ltr'>de</span> <span class='ocrx_word' id='word_1_35' title='bbox 367 523 482 560; x_wconf 88' lang='lat' dir='ltr'>Luna</span> <span class='ocrx_word' id='word_1_36' title='bbox 508 522 743 571; x_wconf 88' lang='lat' dir='ltr'>cardinalis,</span> <span class='ocrx_word' id='word_1_37' title='bbox 767 522 932 562; x_wconf 90' lang='lat' dir='ltr'>nomine</span> <span class='ocrx_word' id='word_1_38' title='bbox 956 537 1052 562; x_wconf 84' lang='lat' dir='ltr'>vero</span> <span class='ocrx_word' id='word_1_39' title='bbox 1078 522 1237 560; x_wconf 82' lang='lat' dir='ltr'>Urbani</span> <span class='ocrx_word' id='word_1_40' title='bbox 1261 522 1501 561; x_wconf 89' lang='lat' dir='ltr'>Franciscus</span> <span class='ocrx_word' id='word_1_41' title='bbox 1526 523 1575 561; x_wconf 90' lang='lat' dir='ltr'>de</span> <span class='ocrx_word' id='word_1_42' title='bbox 1600 523 1757 561; x_wconf 90' lang='lat' dir='ltr'>Urbino</span> <span class='ocrx_word' id='word_1_43' title='bbox 1781 522 1995 574; x_wconf 85' lang='lat' dir='ltr'>episcopus</span> 
     </span>
     <span class='ocr_line' id='line_1_6' title="bbox 294 581 1997 633; baseline 0.001 -15"><span class='ocrx_word' id='word_1_44' title='bbox 294 581 550 620; x_wconf 85' lang='lat' dir='ltr'>Faventinus</span> <span class='ocrx_word' id='word_1_45' title='bbox 571 590 613 620; x_wconf 90' lang='lat' dir='ltr'>et</span> <span class='ocrx_word' id='word_1_46' title='bbox 636 582 877 621; x_wconf 88' lang='lat' dir='ltr'>Franciscus</span> <span class='ocrx_word' id='word_1_47' title='bbox 899 582 948 620; x_wconf 90' lang='lat' dir='ltr'>de</span> <span class='ocrx_word' id='word_1_48' title='bbox 970 581 1138 620; x_wconf 85' lang='lat' dir='ltr'>Siclenis</span> <span class='ocrx_word' id='word_1_49' title='bbox 1161 582 1210 620; x_wconf 90' lang='lat' dir='ltr'>de</span> <span class='ocrx_word' id='word_1_50' title='bbox 1233 581 1360 632; x_wconf 90' lang='lat' dir='ltr'>Papia</span> <span class='ocrx_word' id='word_1_51' title='bbox 1385 583 1484 630; x_wconf 88' lang='lat' dir='ltr'>(non</span> <span class='ocrx_word' id='word_1_52' title='bbox 1504 596 1600 620; x_wconf 80' lang='lat' dir='ltr'>vero</span> <span class='ocrx_word' id='word_1_53' title='bbox 1623 582 1671 620; x_wconf 89' lang='lat' dir='ltr'>de</span> <span class='ocrx_word' id='word_1_54' title='bbox 1694 582 1837 620; x_wconf 88' lang='lat' dir='ltr'>Padua</span> <span class='ocrx_word' id='word_1_55' title='bbox 1857 591 1905 620; x_wconf 89' lang='lat' dir='ltr'>ut</span> <span class='ocrx_word' id='word_1_56' title='bbox 1925 597 1997 633; x_wconf 90' lang='lat' dir='ltr'>per</span> 
     </span>
     <span class='ocr_line' id='line_1_7' title="bbox 291 640 1778 691; baseline 0.001 -13"><span class='ocrx_word' id='word_1_57' title='bbox 291 655 468 679; x_wconf 89' lang='lat' dir='ltr'>errorem</span> <span class='ocrx_word' id='word_1_58' title='bbox 488 640 647 680; x_wconf 90' lang='lat' dir='ltr'>dictum</span> <span class='ocrx_word' id='word_1_59' title='bbox 666 650 728 680; x_wconf 87' lang='lat' dir='ltr'>est</span> <span class='ocrx_word' id='word_1_60' title='bbox 748 656 770 679; x_wconf 89' lang='lat' dir='ltr'>a</span> <span class='ocrx_word' id='word_1_61' title='bbox 790 641 973 691; x_wconf 87' lang='lat' dir='ltr'>quodam</span> <span class='ocrx_word' id='word_1_62' title='bbox 993 656 1149 691; x_wconf 88' lang='lat' dir='ltr'>nupero</span> <span class='ocrx_word' id='word_1_63' title='bbox 1169 640 1383 691; x_wconf 77' lang='lat' dir='ltr'>scriptore)</span> <span class='ocrx_word' id='word_1_64' title='bbox 1404 641 1541 691; x_wconf 81' lang='lat' dir='ltr'>legum</span> <span class='ocrx_word' id='word_1_65' title='bbox 1560 641 1778 691; x_wconf 82' lang='lat' dir='ltr'>professor.</span> 
     </span>
    </p>

    <p class='ocr_par' dir='ltr' id='par_1_3' title="bbox 291 699 1997 1108">
     <span class='ocr_line' id='line_1_8' title="bbox 346 699 1996 751; baseline 0.001 -14"><span class='ocrx_word' id='word_1_66' title='bbox 346 701 482 740; x_wconf 89' lang='lat' dir='ltr'>Primo</span> <span class='ocrx_word' id='word_1_67' title='bbox 510 715 603 751; x_wconf 85' lang='lat' dir='ltr'>ergo</span> <span class='ocrx_word' id='word_1_68' title='bbox 631 701 720 740; x_wconf 91' lang='lat' dir='ltr'>loco</span> <span class='ocrx_word' id='word_1_69' title='bbox 747 700 917 751; x_wconf 88' lang='lat' dir='ltr'>ponitur</span> <span class='ocrx_word' id='word_1_70' title='bbox 931 700 973 738; x_wconf 92' lang='lat' dir='ltr'>in</span> <span class='ocrx_word' id='word_1_71' title='bbox 1001 700 1140 739; x_wconf 90' lang='lat' dir='ltr'>codice</span> <span class='ocrx_word' id='word_1_72' title='bbox 1168 700 1236 738; x_wconf 92' lang='lat' dir='ltr'>illo</span> <span class='ocrx_word' id='word_1_73' title='bbox 1265 699 1399 739; x_wconf 88' lang='lat' dir='ltr'>brevis</span> <span class='ocrx_word' id='word_1_74' title='bbox 1429 701 1611 739; x_wconf 87' lang='lat' dir='ltr'>narratio</span> <span class='ocrx_word' id='word_1_75' title='bbox 1640 715 1782 741; x_wconf 89' lang='lat' dir='ltr'>eorum</span> <span class='ocrx_word' id='word_1_76' title='bbox 1810 715 1915 751; x_wconf 89' lang='lat' dir='ltr'>quae</span> <span class='ocrx_word' id='word_1_77' title='bbox 1943 701 1996 738; x_wconf 90' lang='lat' dir='ltr'>ab</span> 
     </span>
     <span class='ocr_line' id='line_1_9' title="bbox 295 751 1996 810; baseline 0.002 -14"><span class='ocrx_word' id='word_1_78' title='bbox 295 759 470 798; x_wconf 87' lang='lat' dir='ltr'>Henrico</span> <span class='ocrx_word' id='word_1_79' title='bbox 500 768 541 799; x_wconf 86' lang='lat' dir='ltr'>et</span> <span class='ocrx_word' id='word_1_80' title='bbox 577 761 736 798; x_wconf 84' lang='lat' dir='ltr'>Joanne</span> <span class='ocrx_word' id='word_1_81' title='bbox 767 760 928 810; x_wconf 80' lang='lat' dir='ltr'>regibus</span> <span class='ocrx_word' id='word_1_82' title='bbox 956 760 1156 798; x_wconf 86' lang='lat' dir='ltr'>Castellae</span> <span class='ocrx_word' id='word_1_83' title='bbox 1183 769 1276 798; x_wconf 88' lang='lat' dir='ltr'>acta</span> <span class='ocrx_word' id='word_1_84' title='bbox 1303 768 1400 799; x_wconf 91' lang='lat' dir='ltr'>sunt</span> <span class='ocrx_word' id='word_1_85' title='bbox 1426 760 1468 798; x_wconf 91' lang='lat' dir='ltr'>in</span> <span class='ocrx_word' id='word_1_86' title='bbox 1497 774 1620 799; x_wconf 90' lang='lat' dir='ltr'>causa</span> <span class='ocrx_word' id='word_1_87' title='bbox 1647 760 1879 800; x_wconf 79' lang='lat' dir='ltr'>schismatis</span> <span class='ocrx_word' id='word_1_88' title='bbox 1898 751 1996 799; x_wconf 76' lang='lat' dir='ltr'>ante</span> 
     </span>
     <span class='ocr_line' id='line_1_10' title="bbox 293 819 1996 870; baseline 0.001 -14"><span class='ocrx_word' id='word_1_89' title='bbox 293 833 417 868; x_wconf 84' lang='lat' dir='ltr'>quam</span> <span class='ocrx_word' id='word_1_90' title='bbox 452 819 727 858; x_wconf 77' lang='lat' dir='ltr'>celebraretur</span> <span class='ocrx_word' id='word_1_91' title='bbox 749 819 825 858; x_wconf 91' lang='lat' dir='ltr'>iste</span> <span class='ocrx_word' id='word_1_92' title='bbox 849 828 1093 867; x_wconf 87' lang='lat' dir='ltr'>conventus,</span> <span class='ocrx_word' id='word_1_93' title='bbox 1116 828 1164 857; x_wconf 91' lang='lat' dir='ltr'>ut</span> <span class='ocrx_word' id='word_1_94' title='bbox 1187 819 1279 858; x_wconf 88' lang='lat' dir='ltr'>sciri</span> <span class='ocrx_word' id='word_1_95' title='bbox 1300 834 1395 858; x_wconf 85' lang='lat' dir='ltr'>vere</span> <span class='ocrx_word' id='word_1_96' title='bbox 1418 828 1557 870; x_wconf 89' lang='lat' dir='ltr'>posset</span> <span class='ocrx_word' id='word_1_97' title='bbox 1590 819 1680 870; x_wconf 85' lang='lat' dir='ltr'>quis</span> <span class='ocrx_word' id='word_1_98' title='bbox 1703 835 1723 858; x_wconf 92' lang='lat' dir='ltr'>e</span> <span class='ocrx_word' id='word_1_99' title='bbox 1754 820 1915 858; x_wconf 88' lang='lat' dir='ltr'>duobus</span> <span class='ocrx_word' id='word_1_100' title='bbox 1947 820 1996 858; x_wconf 92' lang='lat' dir='ltr'>de</span> 
     </span>
     <span class='ocr_line' id='line_1_11' title="bbox 292 878 1997 929; baseline 0.001 -13"><span class='ocrx_word' id='word_1_101' title='bbox 292 892 452 918; x_wconf 89' lang='lat' dir='ltr'>summo</span> <span class='ocrx_word' id='word_1_102' title='bbox 478 879 731 929; x_wconf 88' lang='lat' dir='ltr'>pontificatu</span> <span class='ocrx_word' id='word_1_103' title='bbox 754 878 1100 918; x_wconf 84' lang='lat' dir='ltr'>contendentibus</span> <span class='ocrx_word' id='word_1_104' title='bbox 1123 879 1295 918; x_wconf 83' lang='lat' dir='ltr'>haberet</span> <span class='ocrx_word' id='word_1_105' title='bbox 1315 879 1525 919; x_wconf 87' lang='lat' dir='ltr'>meliorem</span> <span class='ocrx_word' id='word_1_106' title='bbox 1547 893 1727 918; x_wconf 87' lang='lat' dir='ltr'>causam.</span> <span class='ocrx_word' id='word_1_107' title='bbox 1753 880 1886 928; x_wconf 88' lang='lat' dir='ltr'>Quam</span> <span class='ocrx_word' id='word_1_108' title='bbox 1906 894 1997 917; x_wconf 90' lang='lat' dir='ltr'>nar—</span> 
     </span>
     <span class='ocr_line' id='line_1_12' title="bbox 291 937 1996 989; baseline 0.001 -14"><span class='ocrx_word' id='word_1_109' title='bbox 291 937 510 986; x_wconf 87' lang='lat' dir='ltr'>rationem,</span> <span class='ocrx_word' id='word_1_110' title='bbox 537 938 633 989; x_wconf 89' lang='lat' dir='ltr'>quia</span> <span class='ocrx_word' id='word_1_111' title='bbox 654 938 762 977; x_wconf 88' lang='lat' dir='ltr'>basis</span> <span class='ocrx_word' id='word_1_112' title='bbox 791 947 832 977; x_wconf 91' lang='lat' dir='ltr'>et</span> <span class='ocrx_word' id='word_1_113' title='bbox 860 938 1182 978; x_wconf 81' lang='lat' dir='ltr'>fundamentum</span> <span class='ocrx_word' id='word_1_114' title='bbox 1204 947 1266 977; x_wconf 88' lang='lat' dir='ltr'>est</span> <span class='ocrx_word' id='word_1_115' title='bbox 1289 938 1474 978; x_wconf 90' lang='lat' dir='ltr'>omnium</span> <span class='ocrx_word' id='word_1_116' title='bbox 1495 938 1777 987; x_wconf 88' lang='lat' dir='ltr'>dicendorum,</span> <span class='ocrx_word' id='word_1_117' title='bbox 1799 939 1887 977; x_wconf 88' lang='lat' dir='ltr'>heic</span> <span class='ocrx_word' id='word_1_118' title='bbox 1910 939 1996 977; x_wconf 91' lang='lat' dir='ltr'>des-</span> 
     </span>
     <span class='ocr_line' id='line_1_13' title="bbox 292 996 1996 1049; baseline 0.002 -16"><span class='ocrx_word' id='word_1_119' title='bbox 292 996 444 1035; x_wconf 88' lang='lat' dir='ltr'>cribere</span> <span class='ocrx_word' id='word_1_120' title='bbox 485 1012 630 1048; x_wconf 89' lang='lat' dir='ltr'>operae</span> <span class='ocrx_word' id='word_1_121' title='bbox 670 998 851 1049; x_wconf 87' lang='lat' dir='ltr'>pretium</span> <span class='ocrx_word' id='word_1_122' title='bbox 893 998 1144 1046; x_wconf 81' lang='lat' dir='ltr'>existimavi,</span> <span class='ocrx_word' id='word_1_123' title='bbox 1177 998 1366 1048; x_wconf 85' lang='lat' dir='ltr'>quamvis</span> <span class='ocrx_word' id='word_1_124' title='bbox 1408 998 1461 1036; x_wconf 89' lang='lat' dir='ltr'>sit</span> <span class='ocrx_word' id='word_1_125' title='bbox 1502 998 1770 1048; x_wconf 82' lang='lat' dir='ltr'>longiuscula.</span> <span class='ocrx_word' id='word_1_126' title='bbox 1807 998 1869 1037; x_wconf 84' lang='lat' dir='ltr'>Sic</span> <span class='ocrx_word' id='word_1_127' title='bbox 1903 1013 1996 1048; x_wconf 81' lang='lat' dir='ltr'>ergo</span> 
     </span>
     <span class='ocr_line' id='line_1_14' title="bbox 295 1056 1240 1108; baseline 0.003 -15"><span class='ocrx_word' id='word_1_128' title='bbox 295 1056 421 1094; x_wconf 87' lang='lat' dir='ltr'>habet</span> <span class='ocrx_word' id='word_1_129' title='bbox 443 1056 609 1095; x_wconf 88' lang='lat' dir='ltr'>initium</span> <span class='ocrx_word' id='word_1_130' title='bbox 637 1057 754 1096; x_wconf 87' lang='lat' dir='ltr'>istius</span> <span class='ocrx_word' id='word_1_131' title='bbox 788 1057 938 1096; x_wconf 86' lang='lat' dir='ltr'>codicis</span> <span class='ocrx_word' id='word_1_132' title='bbox 982 1058 1065 1108; x_wconf 87' lang='lat' dir='ltr'>[fol.</span> <span class='ocrx_word' id='word_1_133' title='bbox 1102 1058 1121 1096; x_wconf 86' lang='grc'><strong>1</strong></span> <span class='ocrx_word' id='word_1_134' title='bbox 1155 1057 1206 1107; x_wconf 88' lang='lat' dir='ltr'>r0]</span> <span class='ocrx_word' id='word_1_135' title='bbox 1233 1074 1240 1096; x_wconf 91' lang='lat'><strong>:</strong></span> 
     </span>
    </p>

    <p class='ocr_par' dir='ltr' id='par_1_4' title="bbox 281 1116 2033 3185">
     <span class='ocr_line' id='line_1_15' title="bbox 346 1116 1996 1168; baseline 0.001 -14"><span class='ocrx_word' id='word_1_136' title='bbox 346 1130 361 1150; x_wconf 84' lang='lat'>(&lt;</span> <span class='ocrx_word' id='word_1_137' title='bbox 398 1116 444 1154; x_wconf 90' lang='lat' dir='ltr'>IN</span> <span class='ocrx_word' id='word_1_138' title='bbox 480 1117 648 1155; x_wconf 83' lang='lat' dir='ltr'><strong>CHRISTI</strong></span> <span class='ocrx_word' id='word_1_139' title='bbox 684 1132 868 1155; x_wconf 79' lang='lat' dir='ltr'><strong>NOMINE.</strong></span> <span class='ocrx_word' id='word_1_140' title='bbox 905 1117 1049 1156; x_wconf 85' lang='lat' dir='ltr'>Amen.</span> <span class='ocrx_word' id='word_1_141' title='bbox 1090 1117 1238 1168; x_wconf 88' lang='lat' dir='ltr'>Incipit</span> <span class='ocrx_word' id='word_1_142' title='bbox 1271 1117 1403 1168; x_wconf 89' lang='lat' dir='ltr'>prima</span> <span class='ocrx_word' id='word_1_143' title='bbox 1436 1131 1531 1167; x_wconf 86' lang='lat' dir='ltr'>pars</span> <span class='ocrx_word' id='word_1_144' title='bbox 1565 1131 1778 1167; x_wconf 85' lang='lat' dir='ltr'>processus</span> <span class='ocrx_word' id='word_1_145' title='bbox 1813 1117 1914 1155; x_wconf 88' lang='lat' dir='ltr'>facti</span> <span class='ocrx_word' id='word_1_146' title='bbox 1955 1125 1996 1155; x_wconf 83' lang='lat' dir='ltr'>et</span> 
     </span>
     <span class='ocr_line' id='line_1_16' title="bbox 291 1174 1996 1227; baseline 0.001 -15"><span class='ocrx_word' id='word_1_147' title='bbox 291 1174 426 1212; x_wconf 86' lang='lat' dir='ltr'>habiti</span> <span class='ocrx_word' id='word_1_148' title='bbox 446 1190 585 1216; x_wconf 86' lang='lat' dir='ltr'>coram</span> <span class='ocrx_word' id='word_1_149' title='bbox 605 1176 861 1217; x_wconf 83' lang='lat' dir='ltr'>serenissimo</span> <span class='ocrx_word' id='word_1_150' title='bbox 883 1191 929 1215; x_wconf 91' lang='lat' dir='ltr'>ac</span> <span class='ocrx_word' id='word_1_151' title='bbox 949 1176 1299 1227; x_wconf 87' lang='lat' dir='ltr'>preillustrissimo</span> <span class='ocrx_word' id='word_1_152' title='bbox 1320 1176 1503 1227; x_wconf 84' lang='lat' dir='ltr'>principe</span> <span class='ocrx_word' id='word_1_153' title='bbox 1525 1176 1692 1215; x_wconf 89' lang='lat' dir='ltr'>domino</span> <span class='ocrx_word' id='word_1_154' title='bbox 1710 1177 1899 1215; x_wconf 86' lang='lat' dir='ltr'>Johanne</span> <span class='ocrx_word' id='word_1_155' title='bbox 1922 1176 1996 1215; x_wconf 89' lang='lat' dir='ltr'>Dei</span> 
     </span>
     <span class='ocr_line' id='line_1_17' title="bbox 293 1230 1996 1286; baseline 0.001 -15"><span class='ocrx_word' id='word_1_156' title='bbox 293 1237 424 1284; x_wconf 82' lang='lat' dir='ltr'>gratia</span> <span class='ocrx_word' id='word_1_157' title='bbox 446 1235 645 1274; x_wconf 82' lang='lat' dir='ltr'>Castellae</span> <span class='ocrx_word' id='word_1_158' title='bbox 667 1244 708 1274; x_wconf 91' lang='lat' dir='ltr'>et</span> <span class='ocrx_word' id='word_1_159' title='bbox 731 1235 918 1286; x_wconf 83' lang='lat' dir='ltr'>Legionis</span> <span class='ocrx_word' id='word_1_160' title='bbox 940 1251 1031 1286; x_wconf 79' lang='lat' dir='ltr'>rege</span> <span class='ocrx_word' id='word_1_161' title='bbox 1054 1251 1101 1274; x_wconf 90' lang='lat' dir='ltr'>ac</span> <span class='ocrx_word' id='word_1_162' title='bbox 1124 1236 1172 1275; x_wconf 91' lang='lat' dir='ltr'>de</span> <span class='ocrx_word' id='word_1_163' title='bbox 1194 1236 1321 1286; x_wconf 88' lang='lat' dir='ltr'>ipsius</span> <span class='ocrx_word' id='word_1_164' title='bbox 1343 1230 1543 1275; x_wconf 82' lang='lat' dir='ltr'>mandato</span> <span class='ocrx_word' id='word_1_165' title='bbox 1565 1235 1607 1273; x_wconf 92' lang='lat' dir='ltr'>in</span> <span class='ocrx_word' id='word_1_166' title='bbox 1637 1236 1734 1274; x_wconf 82' lang='lat' dir='ltr'>villa</span> <span class='ocrx_word' id='word_1_167' title='bbox 1758 1236 1909 1275; x_wconf 87' lang='lat' dir='ltr'>Metine</span> <span class='ocrx_word' id='word_1_168' title='bbox 1932 1236 1996 1274; x_wconf 85' lang='lat' dir='ltr'>del</span> 
     </span>
     <span class='ocr_line' id='line_1_18' title="bbox 292 1294 1994 1346; baseline 0.001 -15"><span class='ocrx_word' id='word_1_169' title='bbox 292 1307 438 1344; x_wconf 86' lang='lat' dir='ltr'>campo</span> <span class='ocrx_word' id='word_1_170' title='bbox 472 1294 837 1334; x_wconf 88' lang='lat' dir='ltr'>Salamantinensis</span> <span class='ocrx_word' id='word_1_171' title='bbox 872 1295 1043 1336; x_wconf 89' lang='lat' dir='ltr'>diocesis</span> <span class='ocrx_word' id='word_1_172' title='bbox 1078 1297 1125 1334; x_wconf 88' lang='lat' dir='ltr'>de</span> <span class='ocrx_word' id='word_1_173' title='bbox 1158 1304 1199 1334; x_wconf 89' lang='lat' dir='ltr'>et</span> <span class='ocrx_word' id='word_1_174' title='bbox 1232 1310 1353 1346; x_wconf 88' lang='lat' dir='ltr'>super</span> <span class='ocrx_word' id='word_1_175' title='bbox 1385 1303 1528 1334; x_wconf 86' lang='lat' dir='ltr'>exorto</span> <span class='ocrx_word' id='word_1_176' title='bbox 1561 1309 1692 1345; x_wconf 88' lang='lat' dir='ltr'>nuper</span> <span class='ocrx_word' id='word_1_177' title='bbox 1724 1295 1919 1336; x_wconf 88' lang='lat' dir='ltr'>scismate</span> <span class='ocrx_word' id='word_1_178' title='bbox 1952 1295 1994 1333; x_wconf 89' lang='lat' dir='ltr'>in</span> 
     </span>
     <span class='ocr_line' id='line_1_19' title="bbox 294 1352 1995 1406; baseline 0.002 -16"><span class='ocrx_word' id='word_1_179' title='bbox 294 1352 473 1391; x_wconf 86' lang='lat' dir='ltr'>Ecclesia</span> <span class='ocrx_word' id='word_1_180' title='bbox 509 1354 583 1392; x_wconf 90' lang='lat' dir='ltr'>Dei</span> <span class='ocrx_word' id='word_1_181' title='bbox 615 1354 720 1393; x_wconf 90' lang='lat' dir='ltr'>circa</span> <span class='ocrx_word' id='word_1_182' title='bbox 755 1354 973 1394; x_wconf 87' lang='lat' dir='ltr'>electiones</span> <span class='ocrx_word' id='word_1_183' title='bbox 1006 1355 1123 1403; x_wconf 90' lang='lat' dir='ltr'>duas,</span> <span class='ocrx_word' id='word_1_184' title='bbox 1156 1370 1284 1395; x_wconf 90' lang='lat' dir='ltr'>unam</span> <span class='ocrx_word' id='word_1_185' title='bbox 1315 1355 1508 1394; x_wconf 87' lang='lat' dir='ltr'>videlicet</span> <span class='ocrx_word' id='word_1_186' title='bbox 1541 1354 1588 1392; x_wconf 88' lang='lat' dir='ltr'>de</span> <span class='ocrx_word' id='word_1_187' title='bbox 1621 1355 1844 1394; x_wconf 89' lang='lat' dir='ltr'>reverendo</span> <span class='ocrx_word' id='word_1_188' title='bbox 1876 1363 1995 1406; x_wconf 91' lang='lat' dir='ltr'>patre</span> 
     </span>
     <span class='ocr_line' id='line_1_20' title="bbox 291 1412 1993 1465; baseline 0.002 -16"><span class='ocrx_word' id='word_1_189' title='bbox 291 1412 458 1452; x_wconf 87' lang='lat' dir='ltr'>domino</span> <span class='ocrx_word' id='word_1_190' title='bbox 484 1413 776 1453; x_wconf 87' lang='lat' dir='ltr'>Bartholomeo</span> <span class='ocrx_word' id='word_1_191' title='bbox 804 1423 904 1453; x_wconf 89' lang='lat' dir='ltr'>tunc</span> <span class='ocrx_word' id='word_1_192' title='bbox 933 1414 1239 1465; x_wconf 84' lang='lat' dir='ltr'>archiepiscopo</span> <span class='ocrx_word' id='word_1_193' title='bbox 1267 1415 1450 1462; x_wconf 81' lang='lat' dir='ltr'>Barensi,</span> <span class='ocrx_word' id='word_1_194' title='bbox 1479 1414 1702 1453; x_wconf 85' lang='lat' dir='ltr'>secundam</span> <span class='ocrx_word' id='word_1_195' title='bbox 1732 1415 1780 1453; x_wconf 89' lang='lat' dir='ltr'>de</span> <span class='ocrx_word' id='word_1_196' title='bbox 1808 1429 1993 1453; x_wconf 88' lang='lat' dir='ltr'>reveren-</span> 
     </span>
     <span class='ocr_line' id='line_1_21' title="bbox 291 1471 1995 1523; baseline 0.002 -15"><span class='ocrx_word' id='word_1_197' title='bbox 291 1471 456 1510; x_wconf 89' lang='lat' dir='ltr'>dissimo</span> <span class='ocrx_word' id='word_1_198' title='bbox 483 1481 601 1523; x_wconf 88' lang='lat' dir='ltr'>patre</span> <span class='ocrx_word' id='word_1_199' title='bbox 629 1482 670 1512; x_wconf 91' lang='lat' dir='ltr'>et</span> <span class='ocrx_word' id='word_1_200' title='bbox 699 1473 865 1512; x_wconf 89' lang='lat' dir='ltr'>domino</span> <span class='ocrx_word' id='word_1_201' title='bbox 895 1474 1060 1514; x_wconf 88' lang='lat' dir='ltr'>domino</span> <span class='ocrx_word' id='word_1_202' title='bbox 1094 1475 1274 1513; x_wconf 80' lang='lat' dir='ltr'>Roberto</span> <span class='ocrx_word' id='word_1_203' title='bbox 1302 1483 1401 1513; x_wconf 90' lang='lat' dir='ltr'>tunc</span> <span class='ocrx_word' id='word_1_204' title='bbox 1431 1473 1636 1515; x_wconf 86' lang='lat' dir='ltr'>cardinale</span> <span class='ocrx_word' id='word_1_205' title='bbox 1663 1473 1935 1522; x_wconf 86' lang='lat' dir='ltr'>Gebennensi,</span> <span class='ocrx_word' id='word_1_206' title='bbox 1952 1474 1995 1512; x_wconf 92' lang='lat' dir='ltr'>in</span> 
     </span>
     <span class='ocr_line' id='line_1_22' title="bbox 290 1532 1994 1585; baseline 0.002 -17"><span class='ocrx_word' id='word_1_207' title='bbox 290 1545 498 1572; x_wconf 88' lang='lat' dir='ltr'>summum</span> <span class='ocrx_word' id='word_1_208' title='bbox 531 1533 773 1583; x_wconf 88' lang='lat' dir='ltr'>pontificem</span> <span class='ocrx_word' id='word_1_209' title='bbox 807 1548 879 1584; x_wconf 87' lang='lat' dir='ltr'>per</span> <span class='ocrx_word' id='word_1_210' title='bbox 912 1548 1075 1585; x_wconf 91' lang='lat' dir='ltr'>sacrum</span> <span class='ocrx_word' id='word_1_211' title='bbox 1109 1534 1325 1584; x_wconf 83' lang='lat' dir='ltr'>collegium</span> <span class='ocrx_word' id='word_1_212' title='bbox 1358 1532 1792 1574; x_wconf 88' lang='lat' dir='ltr'>reverendissimorum</span> <span class='ocrx_word' id='word_1_213' title='bbox 1826 1542 1994 1584; x_wconf 86' lang='lat' dir='ltr'>patrum</span> 
     </span>
     <span class='ocr_line' id='line_1_23' title="bbox 291 1589 1992 1644; baseline 0.002 -17"><span class='ocrx_word' id='word_1_214' title='bbox 291 1589 551 1641; x_wconf 88' lang='lat' dir='ltr'>dominorum</span> <span class='ocrx_word' id='word_1_215' title='bbox 598 1601 738 1631; x_wconf 90' lang='lat' dir='ltr'>sancte</span> <span class='ocrx_word' id='word_1_216' title='bbox 790 1593 974 1632; x_wconf 85' lang='lat' dir='ltr'>Romane</span> <span class='ocrx_word' id='word_1_217' title='bbox 1025 1593 1202 1632; x_wconf 90' lang='lat' dir='ltr'>Ecclesie</span> <span class='ocrx_word' id='word_1_218' title='bbox 1250 1594 1521 1632; x_wconf 82' lang='lat' dir='ltr'>cardinalium</span> <span class='ocrx_word' id='word_1_219' title='bbox 1569 1593 1809 1641; x_wconf 88' lang='lat' dir='ltr'>celebratas,</span> <span class='ocrx_word' id='word_1_220' title='bbox 1858 1608 1992 1644; x_wconf 87' lang='lat' dir='ltr'>prose·</span> 
     </span>
     <span class='ocr_line' id='line_1_24' title="bbox 291 1650 1993 1704; baseline 0.002 -18"><span class='ocrx_word' id='word_1_221' title='bbox 291 1650 512 1699; x_wconf 89' lang='lat' dir='ltr'>quentibus</span> <span class='ocrx_word' id='word_1_222' title='bbox 553 1652 795 1692; x_wconf 84' lang='lat' dir='ltr'>electionem</span> <span class='ocrx_word' id='word_1_223' title='bbox 834 1652 1012 1702; x_wconf 89' lang='lat' dir='ltr'>primam</span> <span class='ocrx_word' id='word_1_224' title='bbox 1050 1653 1274 1691; x_wconf 88' lang='lat' dir='ltr'>reverendo</span> <span class='ocrx_word' id='word_1_225' title='bbox 1314 1661 1431 1704; x_wconf 85' lang='lat' dir='ltr'>patre</span> <span class='ocrx_word' id='word_1_226' title='bbox 1473 1653 1689 1692; x_wconf 89' lang='lat' dir='ltr'>Francisco</span> <span class='ocrx_word' id='word_1_227' title='bbox 1731 1653 1778 1692; x_wconf 89' lang='lat' dir='ltr'>de</span> <span class='ocrx_word' id='word_1_228' title='bbox 1820 1653 1993 1700; x_wconf 89' lang='lat' dir='ltr'>Urbino,</span> 
     </span>
     <span class='ocr_line' id='line_1_25' title="bbox 292 1709 1991 1763; baseline 0.002 -17"><span class='ocrx_word' id='word_1_229' title='bbox 292 1709 519 1748; x_wconf 85' lang='lat' dir='ltr'>Faventino</span> <span class='ocrx_word' id='word_1_230' title='bbox 534 1710 739 1762; x_wconf 87' lang='lat' dir='ltr'>episcopo,</span> <span class='ocrx_word' id='word_1_231' title='bbox 754 1720 795 1750; x_wconf 86' lang='lat' dir='ltr'>et</span> <span class='ocrx_word' id='word_1_232' title='bbox 810 1712 1035 1751; x_wconf 85' lang='lat' dir='ltr'>venerabili</span> <span class='ocrx_word' id='word_1_233' title='bbox 1051 1713 1137 1750; x_wconf 90' lang='lat' dir='ltr'>viro</span> <span class='ocrx_word' id='word_1_234' title='bbox 1156 1712 1371 1751; x_wconf 88' lang='lat' dir='ltr'>Francisco</span> <span class='ocrx_word' id='word_1_235' title='bbox 1388 1713 1435 1751; x_wconf 94' lang='grc'>(10</span> <span class='ocrx_word' id='word_1_236' title='bbox 1453 1711 1618 1751; x_wconf 85' lang='lat' dir='ltr'>Siclenis</span> <span class='ocrx_word' id='word_1_237' title='bbox 1635 1714 1683 1752; x_wconf 89' lang='lat' dir='ltr'>de</span> <span class='ocrx_word' id='word_1_238' title='bbox 1699 1712 1841 1763; x_wconf 89' lang='lat' dir='ltr'>Papia,</span> <span class='ocrx_word' id='word_1_239' title='bbox 1857 1713 1991 1762; x_wconf 81' lang='lat' dir='ltr'>legum</span> 
     </span>
     <span class='ocr_line' id='line_1_26' title="bbox 292 1768 1991 1823; baseline 0.002 -17"><span class='ocrx_word' id='word_1_240' title='bbox 292 1768 446 1807; x_wconf 81' lang='lat' dir='ltr'>famoso</span> <span class='ocrx_word' id='word_1_241' title='bbox 472 1770 712 1820; x_wconf 77' lang='lat' dir='ltr'>professore,</span> <span class='ocrx_word' id='word_1_242' title='bbox 738 1771 1095 1810; x_wconf 80' lang='lat' dir='ltr'>ambaxiatoribus</span> <span class='ocrx_word' id='word_1_243' title='bbox 1123 1772 1307 1822; x_wconf 88' lang='lat' dir='ltr'>ejusdem</span> <span class='ocrx_word' id='word_1_244' title='bbox 1335 1772 1456 1822; x_wconf 90' lang='lat' dir='ltr'>primi</span> <span class='ocrx_word' id='word_1_245' title='bbox 1481 1770 1614 1821; x_wconf 85' lang='lat' dir='ltr'>electi,</span> <span class='ocrx_word' id='word_1_246' title='bbox 1636 1786 1758 1823; x_wconf 88' lang='lat' dir='ltr'>quem</span> <span class='ocrx_word' id='word_1_247' title='bbox 1784 1771 1991 1811; x_wconf 87' lang='lat' dir='ltr'>sanctissi-</span> 
     </span>
     <span class='ocr_line' id='line_1_27' title="bbox 290 1828 1992 1881; baseline 0.003 -17"><span class='ocrx_word' id='word_1_248' title='bbox 290 1841 400 1865; x_wconf 90' lang='lat' dir='ltr'>mum</span> <span class='ocrx_word' id='word_1_249' title='bbox 436 1828 649 1869; x_wconf 84' lang='lat' dir='ltr'>dominum</span> <span class='ocrx_word' id='word_1_250' title='bbox 684 1831 900 1870; x_wconf 89' lang='lat' dir='ltr'>Urbanum</span> <span class='ocrx_word' id='word_1_251' title='bbox 931 1845 1085 1881; x_wconf 91' lang='lat' dir='ltr'>papam</span> <span class='ocrx_word' id='word_1_252' title='bbox 1117 1840 1283 1870; x_wconf 84' lang='lat' dir='ltr'>sextum</span> <span class='ocrx_word' id='word_1_253' title='bbox 1315 1832 1603 1880; x_wconf 77' lang='lat' dir='ltr'>nominabant,</span> <span class='ocrx_word' id='word_1_254' title='bbox 1638 1832 1863 1871; x_wconf 88' lang='lat' dir='ltr'>secundam</span> <span class='ocrx_word' id='word_1_255' title='bbox 1894 1846 1992 1869; x_wconf 87' lang='lat' dir='ltr'>Vero</span> 
     </span>
     <span class='ocr_line' id='line_1_28' title="bbox 290 1887 1990 1942; baseline 0.002 -18"><span class='ocrx_word' id='word_1_256' title='bbox 290 1887 531 1927; x_wconf 88' lang='lat' dir='ltr'>electionem</span> <span class='ocrx_word' id='word_1_257' title='bbox 551 1898 825 1940; x_wconf 87' lang='lat' dir='ltr'>prosequente</span> <span class='ocrx_word' id='word_1_258' title='bbox 845 1891 1186 1930; x_wconf 87' lang='lat' dir='ltr'>reverendissimo</span> <span class='ocrx_word' id='word_1_259' title='bbox 1206 1891 1247 1929; x_wconf 91' lang='lat' dir='ltr'>in</span> <span class='ocrx_word' id='word_1_260' title='bbox 1269 1891 1428 1930; x_wconf 89' lang='lat' dir='ltr'>Christo</span> <span class='ocrx_word' id='word_1_261' title='bbox 1448 1900 1567 1942; x_wconf 88' lang='lat' dir='ltr'>patre</span> <span class='ocrx_word' id='word_1_262' title='bbox 1583 1901 1624 1931; x_wconf 90' lang='lat' dir='ltr'>et</span> <span class='ocrx_word' id='word_1_263' title='bbox 1642 1891 1808 1930; x_wconf 90' lang='lat' dir='ltr'>domino</span> <span class='ocrx_word' id='word_1_264' title='bbox 1824 1890 1990 1930; x_wconf 91' lang='lat' dir='ltr'>domino</span> 
     </span>
     <span class='ocr_line' id='line_1_29' title="bbox 292 1946 1990 1991; baseline 0.003 -8"><span class='ocrx_word' id='word_1_265' title='bbox 292 1946 411 1984; x_wconf 88' lang='lat' dir='ltr'>Petro</span> <span class='ocrx_word' id='word_1_266' title='bbox 443 1947 490 1985; x_wconf 90' lang='lat' dir='ltr'>de</span> <span class='ocrx_word' id='word_1_267' title='bbox 522 1949 637 1986; x_wconf 87' lang='lat' dir='ltr'>Luna</span> <span class='ocrx_word' id='word_1_268' title='bbox 669 1949 706 1988; x_wconf 88' lang='lat' dir='ltr'>S.</span> <span class='ocrx_word' id='word_1_269' title='bbox 739 1949 864 1988; x_wconf 89' lang='lat' dir='ltr'>Marie</span> <span class='ocrx_word' id='word_1_270' title='bbox 894 1949 936 1988; x_wconf 90' lang='lat' dir='ltr'>in</span> <span class='ocrx_word' id='word_1_271' title='bbox 966 1951 1184 1990; x_wconf 87' lang='lat' dir='ltr'>Cosmedin</span> <span class='ocrx_word' id='word_1_272' title='bbox 1213 1959 1354 1989; x_wconf 87' lang='lat' dir='ltr'>sancte</span> <span class='ocrx_word' id='word_1_273' title='bbox 1389 1951 1572 1991; x_wconf 82' lang='lat' dir='ltr'>Romane</span> <span class='ocrx_word' id='word_1_274' title='bbox 1606 1950 1783 1990; x_wconf 87' lang='lat' dir='ltr'>Ecclesie</span> <span class='ocrx_word' id='word_1_275' title='bbox 1817 1950 1990 1989; x_wconf 90' lang='lat' dir='ltr'>diacono</span> 
     </span>
     <span class='ocr_line' id='line_1_30' title="bbox 289 2005 1990 2062; baseline 0.004 -20"><span class='ocrx_word' id='word_1_276' title='bbox 289 2005 486 2044; x_wconf 88' lang='lat' dir='ltr'>cardinali</span> <span class='ocrx_word' id='word_1_277' title='bbox 516 2017 721 2046; x_wconf 86' lang='lat' dir='ltr'>asserente</span> <span class='ocrx_word' id='word_1_278' title='bbox 752 2024 792 2047; x_wconf 91' lang='lat' dir='ltr'>se</span> <span class='ocrx_word' id='word_1_279' title='bbox 823 2009 1007 2059; x_wconf 80' lang='lat' dir='ltr'>legatum</span> <span class='ocrx_word' id='word_1_280' title='bbox 1038 2010 1137 2048; x_wconf 90' lang='lat' dir='ltr'>dicti</span> <span class='ocrx_word' id='word_1_281' title='bbox 1168 2010 1336 2048; x_wconf 90' lang='lat' dir='ltr'>secundi</span> <span class='ocrx_word' id='word_1_282' title='bbox 1367 2010 1499 2058; x_wconf 87' lang='lat' dir='ltr'>electi,</span> <span class='ocrx_word' id='word_1_283' title='bbox 1531 2026 1654 2062; x_wconf 88' lang='lat' dir='ltr'>quem</span> <span class='ocrx_word' id='word_1_284' title='bbox 1684 2009 1990 2049; x_wconf 88' lang='lat' dir='ltr'>sanctissimum</span> 
     </span>
     <span class='ocr_line' id='line_1_31' title="bbox 289 2064 1991 2120; baseline 0.003 -19"><span class='ocrx_word' id='word_1_285' title='bbox 289 2064 503 2104; x_wconf 89' lang='lat' dir='ltr'>dominum</span> <span class='ocrx_word' id='word_1_286' title='bbox 524 2067 775 2107; x_wconf 89' lang='lat' dir='ltr'>Clementem</span> <span class='ocrx_word' id='word_1_287' title='bbox 797 2082 950 2119; x_wconf 89' lang='lat' dir='ltr'>papam</span> <span class='ocrx_word' id='word_1_288' title='bbox 971 2069 1196 2120; x_wconf 85' lang='lat' dir='ltr'>septimum</span> <span class='ocrx_word' id='word_1_289' title='bbox 1217 2069 1475 2117; x_wconf 85' lang='lat' dir='ltr'>nominabat,</span> <span class='ocrx_word' id='word_1_290' title='bbox 1498 2086 1658 2110; x_wconf 88' lang='lat' dir='ltr'>necnon</span> <span class='ocrx_word' id='word_1_291' title='bbox 1678 2084 1729 2109; x_wconf 78' lang='lat' dir='ltr'>ex</span> <span class='ocrx_word' id='word_1_292' title='bbox 1748 2078 1866 2120; x_wconf 88' lang='lat' dir='ltr'>parte</span> <span class='ocrx_word' id='word_1_293' title='bbox 1887 2068 1991 2107; x_wconf 89' lang='lat' dir='ltr'>sacri</span> 
     </span>
     <span class='ocr_line' id='line_1_32' title="bbox 289 2124 1990 2179; baseline 0.004 -19"><span class='ocrx_word' id='word_1_294' title='bbox 289 2124 445 2173; x_wconf 81' lang='lat' dir='ltr'>collegii</span> <span class='ocrx_word' id='word_1_295' title='bbox 468 2125 728 2165; x_wconf 88' lang='lat' dir='ltr'>dominorum</span> <span class='ocrx_word' id='word_1_296' title='bbox 752 2127 1024 2168; x_wconf 81' lang='lat' dir='ltr'>cardinalium</span> <span class='ocrx_word' id='word_1_297' title='bbox 1046 2129 1098 2166; x_wconf 88' lang='lat' dir='ltr'>ad</span> <span class='ocrx_word' id='word_1_298' title='bbox 1120 2128 1429 2168; x_wconf 87' lang='lat' dir='ltr'>informandum</span> <span class='ocrx_word' id='word_1_299' title='bbox 1453 2129 1612 2170; x_wconf 85' lang='lat' dir='ltr'>dictum</span> <span class='ocrx_word' id='word_1_300' title='bbox 1633 2143 1767 2179; x_wconf 80' lang='lat' dir='ltr'>regem</span> <span class='ocrx_word' id='word_1_301' title='bbox 1791 2128 1990 2169; x_wconf 88' lang='lat' dir='ltr'>Castellae</span> 
     </span>
     <span class='ocr_line' id='line_1_33' title="bbox 289 2183 1989 2239; baseline 0.004 -20"><span class='ocrx_word' id='word_1_302' title='bbox 289 2183 337 2221; x_wconf 90' lang='lat' dir='ltr'>de</span> <span class='ocrx_word' id='word_1_303' title='bbox 360 2192 537 2234; x_wconf 90' lang='lat' dir='ltr'>utraque</span> <span class='ocrx_word' id='word_1_304' title='bbox 560 2186 757 2224; x_wconf 89' lang='lat' dir='ltr'>electione</span> <span class='ocrx_word' id='word_1_305' title='bbox 780 2187 1045 2226; x_wconf 85' lang='lat' dir='ltr'>transmissis.</span> <span class='ocrx_word' id='word_1_306' title='bbox 1072 2188 1125 2225; x_wconf 84' lang='lat' dir='ltr'>Et</span> <span class='ocrx_word' id='word_1_307' title='bbox 1147 2196 1209 2226; x_wconf 88' lang='lat' dir='ltr'>est</span> <span class='ocrx_word' id='word_1_308' title='bbox 1232 2188 1444 2227; x_wconf 91' lang='lat' dir='ltr'>sciendum</span> <span class='ocrx_word' id='word_1_309' title='bbox 1466 2198 1563 2229; x_wconf 84' lang='lat' dir='ltr'>ante</span> <span class='ocrx_word' id='word_1_310' title='bbox 1587 2189 1724 2229; x_wconf 88' lang='lat' dir='ltr'>omnia</span> <span class='ocrx_word' id='word_1_311' title='bbox 1748 2188 1858 2239; x_wconf 86' lang='lat' dir='ltr'>quod</span> <span class='ocrx_word' id='word_1_312' title='bbox 1884 2188 1989 2226; x_wconf 88' lang='lat' dir='ltr'>clare</span> 
     </span>
     <span class='ocr_line' id='line_1_34' title="bbox 289 2242 1989 2300; baseline 0.002 -20"><span class='ocrx_word' id='word_1_313' title='bbox 289 2242 480 2282; x_wconf 86' lang='lat' dir='ltr'>memorie</span> <span class='ocrx_word' id='word_1_314' title='bbox 506 2244 695 2284; x_wconf 90' lang='lat' dir='ltr'>dominus</span> <span class='ocrx_word' id='word_1_315' title='bbox 723 2246 894 2284; x_wconf 87' lang='lat' dir='ltr'>Enricus</span> <span class='ocrx_word' id='word_1_316' title='bbox 919 2261 991 2285; x_wconf 87' lang='lat' dir='ltr'>rex</span> <span class='ocrx_word' id='word_1_317' title='bbox 1016 2248 1189 2286; x_wconf 90' lang='lat' dir='ltr'>Castelle</span> <span class='ocrx_word' id='word_1_318' title='bbox 1214 2256 1255 2286; x_wconf 92' lang='lat' dir='ltr'>et</span> <span class='ocrx_word' id='word_1_319' title='bbox 1281 2247 1467 2298; x_wconf 83' lang='lat' dir='ltr'>Legionis</span> <span class='ocrx_word' id='word_1_320' title='bbox 1491 2258 1610 2300; x_wconf 89' lang='lat' dir='ltr'>pater</span> <span class='ocrx_word' id='word_1_321' title='bbox 1640 2257 1681 2287; x_wconf 87' lang='lat' dir='ltr'>et</span> <span class='ocrx_word' id='word_1_322' title='bbox 1700 2247 1865 2297; x_wconf 57' lang='lat' dir='ltr'>‘genitor</span> <span class='ocrx_word' id='word_1_323' title='bbox 1890 2246 1989 2285; x_wconf 89' lang='lat' dir='ltr'>dicti</span> 
     </span>
     <span class='ocr_line' id='line_1_35' title="bbox 290 2301 1989 2357; baseline 0.004 -20"><span class='ocrx_word' id='word_1_324' title='bbox 290 2301 444 2339; x_wconf 90' lang='lat' dir='ltr'>domini</span> <span class='ocrx_word' id='word_1_325' title='bbox 465 2303 567 2353; x_wconf 83' lang='lat' dir='ltr'>regis</span> <span class='ocrx_word' id='word_1_326' title='bbox 585 2304 786 2343; x_wconf 84' lang='lat' dir='ltr'>Johannis</span> <span class='ocrx_word' id='word_1_327' title='bbox 811 2305 955 2344; x_wconf 88' lang='lat' dir='ltr'>audito</span> <span class='ocrx_word' id='word_1_328' title='bbox 979 2306 1075 2346; x_wconf 87' lang='lat' dir='ltr'>olim</span> <span class='ocrx_word' id='word_1_329' title='bbox 1098 2307 1146 2353; x_wconf 88' lang='lat' dir='ltr'>de</span> <span class='ocrx_word' id='word_1_330' title='bbox 1165 2306 1362 2345; x_wconf 88' lang='lat' dir='ltr'>electione</span> <span class='ocrx_word' id='word_1_331' title='bbox 1380 2307 1501 2357; x_wconf 89' lang='lat' dir='ltr'>primi</span> <span class='ocrx_word' id='word_1_332' title='bbox 1522 2308 1676 2347; x_wconf 88' lang='lat' dir='ltr'>scilicet</span> <span class='ocrx_word' id='word_1_333' title='bbox 1692 2306 1989 2354; x_wconf 78' lang='lat' dir='ltr'>Bartholomei,</span> 
     </span>
     <span class='ocr_line' id='line_1_36' title="bbox 288 2361 1988 2414; baseline 0.004 -17"><span class='ocrx_word' id='word_1_334' title='bbox 288 2368 329 2398; x_wconf 85' lang='lat' dir='ltr'>et</span> <span class='ocrx_word' id='word_1_335' title='bbox 350 2361 647 2412; x_wconf 87' lang='lat' dir='ltr'>subsequenter</span> <span class='ocrx_word' id='word_1_336' title='bbox 668 2364 717 2402; x_wconf 87' lang='lat' dir='ltr'>de</span> <span class='ocrx_word' id='word_1_337' title='bbox 739 2365 1011 2405; x_wconf 89' lang='lat' dir='ltr'>cardinalium</span> <span class='ocrx_word' id='word_1_338' title='bbox 1033 2366 1232 2404; x_wconf 86' lang='lat' dir='ltr'>divisione</span> <span class='ocrx_word' id='word_1_339' title='bbox 1254 2382 1324 2405; x_wconf 89' lang='lat' dir='ltr'>seu</span> <span class='ocrx_word' id='word_1_340' title='bbox 1346 2367 1628 2406; x_wconf 87' lang='lat' dir='ltr'>subtractione</span> <span class='ocrx_word' id='word_1_341' title='bbox 1647 2368 1698 2405; x_wconf 85' lang='lat' dir='ltr'>ab</span> <span class='ocrx_word' id='word_1_342' title='bbox 1725 2367 1806 2414; x_wconf 82' lang='lat' dir='ltr'>illo,</span> <span class='ocrx_word' id='word_1_343' title='bbox 1829 2380 1988 2405; x_wconf 88' lang='lat' dir='ltr'>necnon</span> 
     </span>
     <span class='ocr_line' id='line_1_37' title="bbox 289 2419 1988 2477; baseline 0.005 -21"><span class='ocrx_word' id='word_1_344' title='bbox 289 2419 563 2459; x_wconf 89' lang='lat' dir='ltr'>declaratione</span> <span class='ocrx_word' id='word_1_345' title='bbox 582 2422 692 2461; x_wconf 84' lang='lat' dir='ltr'>facta</span> <span class='ocrx_word' id='word_1_346' title='bbox 711 2439 782 2473; x_wconf 90' lang='lat' dir='ltr'>per</span> <span class='ocrx_word' id='word_1_347' title='bbox 800 2439 865 2462; x_wconf 88' lang='lat' dir='ltr'>eos</span> <span class='ocrx_word' id='word_1_348' title='bbox 886 2424 1069 2474; x_wconf 79' lang='lat' dir='ltr'>Anagnie</span> <span class='ocrx_word' id='word_1_349' title='bbox 1089 2425 1200 2475; x_wconf 88' lang='lat' dir='ltr'>quod</span> <span class='ocrx_word' id='word_1_350' title='bbox 1217 2425 1281 2464; x_wconf 87' lang='lat' dir='ltr'>ille</span> <span class='ocrx_word' id='word_1_351' title='bbox 1299 2425 1454 2476; x_wconf 88' lang='lat' dir='ltr'>primus</span> <span class='ocrx_word' id='word_1_352' title='bbox 1474 2442 1556 2465; x_wconf 93' lang='lat' dir='ltr'>non</span> <span class='ocrx_word' id='word_1_353' title='bbox 1574 2435 1662 2465; x_wconf 90' lang='lat' dir='ltr'>erat</span> <span class='ocrx_word' id='word_1_354' title='bbox 1679 2440 1802 2477; x_wconf 89' lang='lat' dir='ltr'>papa,</span> <span class='ocrx_word' id='word_1_355' title='bbox 1821 2425 1988 2464; x_wconf 81' lang='lat' dir='ltr'>demum</span> 
     </span>
     <span class='ocr_line' id='line_1_38' title="bbox 289 2479 1985 2535; baseline 0.004 -20"><span class='ocrx_word' id='word_1_356' title='bbox 289 2492 383 2516; x_wconf 82' lang='lat' dir='ltr'>vero</span> <span class='ocrx_word' id='word_1_357' title='bbox 407 2479 455 2517; x_wconf 90' lang='lat' dir='ltr'>de</span> <span class='ocrx_word' id='word_1_358' title='bbox 479 2480 675 2520; x_wconf 87' lang='lat' dir='ltr'>electione</span> <span class='ocrx_word' id='word_1_359' title='bbox 698 2482 777 2520; x_wconf 90' lang='lat' dir='ltr'>alia</span> <span class='ocrx_word' id='word_1_360' title='bbox 800 2498 872 2533; x_wconf 89' lang='lat' dir='ltr'>per</span> <span class='ocrx_word' id='word_1_361' title='bbox 894 2484 1059 2522; x_wconf 90' lang='lat' dir='ltr'>eosdem</span> <span class='ocrx_word' id='word_1_362' title='bbox 1082 2485 1307 2523; x_wconf 86' lang='lat' dir='ltr'>cardinales</span> <span class='ocrx_word' id='word_1_363' title='bbox 1333 2485 1486 2524; x_wconf 88' lang='lat' dir='ltr'>Fundis</span> <span class='ocrx_word' id='word_1_364' title='bbox 1511 2487 1716 2524; x_wconf 86' lang='lat' dir='ltr'>celebrata</span> <span class='ocrx_word' id='word_1_365' title='bbox 1741 2485 1789 2523; x_wconf 91' lang='lat' dir='ltr'>de</span> <span class='ocrx_word' id='word_1_366' title='bbox 1812 2498 1985 2535; x_wconf 89' lang='lat' dir='ltr'>persona</span> 
     </span>
     <span class='ocr_line' id='line_1_39' title="bbox 289 2538 1985 2594; baseline 0.004 -20"><span class='ocrx_word' id='word_1_367' title='bbox 289 2538 469 2586; x_wconf 85' lang='lat' dir='ltr'>secundi,</span> <span class='ocrx_word' id='word_1_368' title='bbox 493 2540 647 2578; x_wconf 83' lang='lat' dir='ltr'>scilicet</span> <span class='ocrx_word' id='word_1_369' title='bbox 672 2541 856 2590; x_wconf 82' lang='lat' dir='ltr'>Roberti,</span> <span class='ocrx_word' id='word_1_370' title='bbox 880 2543 1026 2582; x_wconf 79' lang='lat' dir='ltr'>anxius</span> <span class='ocrx_word' id='word_1_371' title='bbox 1049 2552 1091 2582; x_wconf 92' lang='lat' dir='ltr'>et</span> <span class='ocrx_word' id='word_1_372' title='bbox 1112 2545 1330 2594; x_wconf 87' lang='lat' dir='ltr'>perplexus</span> <span class='ocrx_word' id='word_1_373' title='bbox 1354 2544 1463 2583; x_wconf 90' lang='lat' dir='ltr'>idem</span> <span class='ocrx_word' id='word_1_374' title='bbox 1485 2561 1556 2584; x_wconf 82' lang='lat' dir='ltr'>rex</span> <span class='ocrx_word' id='word_1_375' title='bbox 1580 2544 1750 2583; x_wconf 88' lang='lat' dir='ltr'>Enricus</span> <span class='ocrx_word' id='word_1_376' title='bbox 1773 2559 1824 2583; x_wconf 85' lang='lat' dir='ltr'>ex</span> <span class='ocrx_word' id='word_1_377' title='bbox 1845 2543 1985 2593; x_wconf 86' lang='lat' dir='ltr'>hujus-</span> 
     </span>
     <span class='ocr_line' id='line_1_40' title="bbox 289 2596 2033 2656; baseline 0.005 -24"><span class='ocrx_word' id='word_1_378' title='bbox 289 2596 399 2633; x_wconf 86' lang='lat' dir='ltr'>modi</span> <span class='ocrx_word' id='word_1_379' title='bbox 421 2597 660 2638; x_wconf 89' lang='lat' dir='ltr'>diversitate</span> <span class='ocrx_word' id='word_1_380' title='bbox 683 2610 906 2650; x_wconf 79' lang='lat' dir='ltr'>gestorum,</span> <span class='ocrx_word' id='word_1_381' title='bbox 928 2616 974 2640; x_wconf 89' lang='lat' dir='ltr'>ac</span> <span class='ocrx_word' id='word_1_382' title='bbox 997 2602 1144 2641; x_wconf 89' lang='lat' dir='ltr'>dubius</span> <span class='ocrx_word' id='word_1_383' title='bbox 1168 2603 1266 2653; x_wconf 87' lang='lat' dir='ltr'>quid</span> <span class='ocrx_word' id='word_1_384' title='bbox 1288 2603 1328 2642; x_wconf 89' lang='lat' dir='ltr'>in</span> <span class='ocrx_word' id='word_1_385' title='bbox 1350 2604 1425 2641; x_wconf 91' lang='lat' dir='ltr'>hoc</span> <span class='ocrx_word' id='word_1_386' title='bbox 1447 2619 1544 2642; x_wconf 91' lang='lat' dir='ltr'>casu</span> <span class='ocrx_word' id='word_1_387' title='bbox 1564 2603 1736 2655; x_wconf 89' lang='lat' dir='ltr'>ancipiti</span> <span class='ocrx_word' id='word_1_388' title='bbox 1756 2618 1849 2642; x_wconf 91' lang='lat' dir='ltr'>eum</span> <span class='ocrx_word' id='word_1_389' title='bbox 1871 2601 1988 2652; x_wconf 85' lang='lat' dir='ltr'>sequi</span> <span class='ocrx_word' id='word_1_390' title='bbox 2031 2652 2033 2656; x_wconf 26' lang='grc' dir='ltr'><strong><em>ι</em></strong></span> 
     </span>
     <span class='ocr_line' id='line_1_41' title="bbox 290 2655 1986 2713; baseline 0.005 -23"><span class='ocrx_word' id='word_1_391' title='bbox 290 2664 360 2691; x_wconf 85' lang='lat' dir='ltr'>aut</span> <span class='ocrx_word' id='word_1_392' title='bbox 398 2655 527 2695; x_wconf 86' lang='lat' dir='ltr'>facere</span> <span class='ocrx_word' id='word_1_393' title='bbox 566 2668 786 2708; x_wconf 83' lang='lat' dir='ltr'>oporteret,</span> <span class='ocrx_word' id='word_1_394' title='bbox 824 2669 993 2711; x_wconf 88' lang='lat' dir='ltr'>propter</span> <span class='ocrx_word' id='word_1_395' title='bbox 1029 2663 1160 2700; x_wconf 88' lang='lat' dir='ltr'>multa</span> <span class='ocrx_word' id='word_1_396' title='bbox 1199 2677 1275 2712; x_wconf 87' lang='lat' dir='ltr'>que</span> <span class='ocrx_word' id='word_1_397' title='bbox 1314 2664 1598 2711; x_wconf 89' lang='lat' dir='ltr'>occurrebant,</span> <span class='ocrx_word' id='word_1_398' title='bbox 1635 2672 1677 2702; x_wconf 91' lang='lat' dir='ltr'>et</span> <span class='ocrx_word' id='word_1_399' title='bbox 1715 2663 1809 2713; x_wconf 89' lang='lat' dir='ltr'>quia</span> <span class='ocrx_word' id='word_1_400' title='bbox 1848 2660 1986 2711; x_wconf 80' lang='lat' dir='ltr'>magni</span> 
     </span>
     <span class='ocr_line' id='line_1_42' title="bbox 289 2712 1986 2770; baseline 0.005 -20"><span class='ocrx_word' id='word_1_401' title='bbox 289 2712 473 2753; x_wconf 85' lang='lat' dir='ltr'>doctores</span> <span class='ocrx_word' id='word_1_402' title='bbox 506 2716 609 2754; x_wconf 86' lang='lat' dir='ltr'>circa</span> <span class='ocrx_word' id='word_1_403' title='bbox 642 2718 879 2767; x_wconf 88' lang='lat' dir='ltr'>hujusmodi</span> <span class='ocrx_word' id='word_1_404' title='bbox 910 2721 1122 2770; x_wconf 79' lang='lat' dir='ltr'>negotium</span> <span class='ocrx_word' id='word_1_405' title='bbox 1154 2721 1426 2761; x_wconf 84' lang='lat' dir='ltr'>diversimode</span> <span class='ocrx_word' id='word_1_406' title='bbox 1458 2722 1707 2769; x_wconf 87' lang='lat' dir='ltr'>sentiebant,</span> <span class='ocrx_word' id='word_1_407' title='bbox 1739 2721 1872 2760; x_wconf 79' lang='lat' dir='ltr'>voluit</span> <span class='ocrx_word' id='word_1_408' title='bbox 1904 2734 1986 2759; x_wconf 85' lang='lat' dir='ltr'>esse</span> 
     </span>
     <span class='ocr_line' id='line_1_43' title="bbox 290 2771 1985 2834; baseline 0.006 -28"><span class='ocrx_word' id='word_1_409' title='bbox 290 2771 519 2834; x_wconf 73' lang='lat' dir='ltr'>indifferens</span> <span class='ocrx_word' id='word_1_410' title='bbox 544 2775 584 2813; x_wconf 89' lang='lat' dir='ltr'>in</span> <span class='ocrx_word' id='word_1_411' title='bbox 607 2777 682 2815; x_wconf 90' lang='lat' dir='ltr'>hac</span> <span class='ocrx_word' id='word_1_412' title='bbox 705 2787 836 2827; x_wconf 83' lang='lat' dir='ltr'>parte,</span> <span class='ocrx_word' id='word_1_413' title='bbox 860 2788 906 2817; x_wconf 86' lang='lat' dir='ltr'>ut</span> <span class='ocrx_word' id='word_1_414' title='bbox 929 2780 1056 2818; x_wconf 88' lang='lat' dir='ltr'>etiam</span> <span class='ocrx_word' id='word_1_415' title='bbox 1078 2780 1242 2819; x_wconf 89' lang='lat' dir='ltr'>liberius</span> <span class='ocrx_word' id='word_1_416' title='bbox 1277 2781 1486 2831; x_wconf 87' lang='lat' dir='ltr'>inquirens</span> <span class='ocrx_word' id='word_1_417' title='bbox 1510 2781 1558 2820; x_wconf 91' lang='lat' dir='ltr'>de</span> <span class='ocrx_word' id='word_1_418' title='bbox 1591 2797 1631 2820; x_wconf 86' lang='lat' dir='ltr'>re</span> <span class='ocrx_word' id='word_1_419' title='bbox 1655 2790 1767 2831; x_wconf 81' lang='lat' dir='ltr'>gesta</span> <span class='ocrx_word' id='word_1_420' title='bbox 1791 2781 1844 2818; x_wconf 89' lang='lat' dir='ltr'>ad</span> <span class='ocrx_word' id='word_1_421' title='bbox 1874 2779 1985 2829; x_wconf 82' lang='lat' dir='ltr'>agni·</span> 
     </span>
     <span class='ocr_line' id='line_1_44' title="bbox 292 2834 1987 2890; baseline 0.006 -25"><span class='ocrx_word' id='word_1_422' title='bbox 292 2839 439 2868; x_wconf 68' lang='lat' dir='ltr'>tionem</span> <span class='ocrx_word' id='word_1_423' title='bbox 472 2834 658 2873; x_wconf 76' lang='lat' dir='ltr'>veritatis</span> <span class='ocrx_word' id='word_1_424' title='bbox 693 2837 812 2886; x_wconf 86' lang='lat' dir='ltr'>hujus</span> <span class='ocrx_word' id='word_1_425' title='bbox 844 2839 1010 2887; x_wconf 79' lang='lat' dir='ltr'>negotii,</span> <span class='ocrx_word' id='word_1_426' title='bbox 1043 2840 1106 2877; x_wconf 87' lang='lat' dir='ltr'>cui</span> <span class='ocrx_word' id='word_1_427' title='bbox 1137 2840 1395 2888; x_wconf 82' lang='lat' dir='ltr'>intendebat,</span> <span class='ocrx_word' id='word_1_428' title='bbox 1427 2840 1460 2878; x_wconf 92' lang='lat' dir='ltr'>si</span> <span class='ocrx_word' id='word_1_429' title='bbox 1488 2841 1646 2879; x_wconf 82' lang='lat' dir='ltr'>faveret</span> <span class='ocrx_word' id='word_1_430' title='bbox 1674 2840 1814 2878; x_wconf 83' lang='lat' dir='ltr'>divina</span> <span class='ocrx_word' id='word_1_431' title='bbox 1838 2839 1987 2890; x_wconf 83' lang='lat' dir='ltr'>pietas,</span> 
     </span>
     <span class='ocr_line' id='line_1_45' title="bbox 288 2891 1983 2948; baseline 0.008 -26"><span class='ocrx_word' id='word_1_432' title='bbox 288 2891 530 2936; x_wconf 62' lang='lat' dir='ltr'>perveniret.</span> <span class='ocrx_word' id='word_1_433' title='bbox 554 2894 630 2931; x_wconf 78' lang='lat' dir='ltr'>Sed</span> <span class='ocrx_word' id='word_1_434' title='bbox 651 2910 712 2942; x_wconf 82' lang='lat' dir='ltr'>eo,</span> <span class='ocrx_word' id='word_1_435' title='bbox 734 2896 839 2934; x_wconf 85' lang='lat' dir='ltr'>sicut</span> <span class='ocrx_word' id='word_1_436' title='bbox 863 2897 1038 2935; x_wconf 87' lang='lat' dir='ltr'>Domino</span> <span class='ocrx_word' id='word_1_437' title='bbox 1059 2898 1230 2948; x_wconf 86' lang='lat' dir='ltr'>placuit,</span> <span class='ocrx_word' id='word_1_438' title='bbox 1252 2899 1293 2936; x_wconf 91' lang='lat' dir='ltr'>in</span> <span class='ocrx_word' id='word_1_439' title='bbox 1322 2899 1558 2938; x_wconf 88' lang='lat' dir='ltr'>sinceritate</span> <span class='ocrx_word' id='word_1_440' title='bbox 1588 2899 1788 2938; x_wconf 89' lang='lat' dir='ltr'>catholice</span> <span class='ocrx_word' id='word_1_441' title='bbox 1812 2898 1906 2937; x_wconf 81' lang='lat' dir='ltr'>fidei</span> <span class='ocrx_word' id='word_1_442' title='bbox 1935 2897 1983 2935; x_wconf 91' lang='lat' dir='ltr'>de</span> 
     </span>
     <span class='ocr_line' id='line_1_46' title="bbox 289 2947 1981 3008; baseline 0.005 -23"><span class='ocrx_word' id='word_1_443' title='bbox 289 2947 418 2985; x_wconf 65' lang='lat' dir='ltr'>Juvslio</span> <span class='ocrx_word' id='word_1_444' title='bbox 446 2951 622 2999; x_wconf 75' lang='lat' dir='ltr'>sublato,</span> <span class='ocrx_word' id='word_1_445' title='bbox 650 2964 901 2994; x_wconf 76' lang='lat' dir='ltr'>memoratus</span> <span class='ocrx_word' id='word_1_446' title='bbox 930 2957 1118 2995; x_wconf 89' lang='lat' dir='ltr'>dominus</span> <span class='ocrx_word' id='word_1_447' title='bbox 1143 2958 1351 2997; x_wconf 81' lang='lat' dir='ltr'>Johannes</span> <span class='ocrx_word' id='word_1_448' title='bbox 1379 2959 1465 3008; x_wconf 86' lang='lat' dir='ltr'>ejus</span> <span class='ocrx_word' id='word_1_449' title='bbox 1492 2959 1597 2997; x_wconf 91' lang='lat' dir='ltr'>filius</span> <span class='ocrx_word' id='word_1_450' title='bbox 1623 2958 1828 3008; x_wconf 82' lang='lat' dir='ltr'>legitimus</span> <span class='ocrx_word' id='word_1_451' title='bbox 1855 2965 1981 3007; x_wconf 87' lang='lat' dir='ltr'>atque</span> 
     </span>
     <span class='ocr_line' id='line_1_47' title="bbox 285 3005 1975 3068; baseline 0.007 -26"><span class='ocrx_word' id='word_1_452' title='bbox 285 3005 395 3042; x_wconf 60' lang='lat' dir='ltr'>lieres</span> <span class='ocrx_word' id='word_1_453' title='bbox 418 3017 457 3044; x_wconf 60' lang='lat' dir='ltr'>ct</span> <span class='ocrx_word' id='word_1_454' title='bbox 478 3024 684 3049; x_wconf 57' lang='lat' dir='ltr'>fnivesfssor</span> <span class='ocrx_word' id='word_1_455' title='bbox 705 3013 744 3050; x_wconf 88' lang='lat' dir='ltr'>in</span> <span class='ocrx_word' id='word_1_456' title='bbox 765 3028 887 3063; x_wconf 83' lang='lat' dir='ltr'>regno</span> <span class='ocrx_word' id='word_1_457' title='bbox 908 3015 1061 3064; x_wconf 88' lang='lat' dir='ltr'>pariter</span> <span class='ocrx_word' id='word_1_458' title='bbox 1082 3025 1122 3054; x_wconf 82' lang='lat' dir='ltr'>et</span> <span class='ocrx_word' id='word_1_459' title='bbox 1143 3016 1184 3054; x_wconf 91' lang='lat' dir='ltr'>in</span> <span class='ocrx_word' id='word_1_460' title='bbox 1198 3025 1312 3064; x_wconf 83' lang='lat' dir='ltr'>voto,</span> <span class='ocrx_word' id='word_1_461' title='bbox 1329 3018 1428 3055; x_wconf 90' lang='lat' dir='ltr'>dum</span> <span class='ocrx_word' id='word_1_462' title='bbox 1443 3018 1554 3068; x_wconf 87' lang='lat' dir='ltr'>apud</span> <span class='ocrx_word' id='word_1_463' title='bbox 1570 3017 1784 3056; x_wconf 84' lang='lat' dir='ltr'>civitatem</span> <span class='ocrx_word' id='word_1_464' title='bbox 1798 3017 1975 3066; x_wconf 80' lang='lat' dir='ltr'>Burgen-</span> 
     </span>
     <span class='ocr_line' id='line_1_48' title="bbox 282 3066 1974 3126; baseline 0.007 -24"><span class='ocrx_word' id='word_1_465' title='bbox 282 3078 365 3126; x_wconf 45' lang='grc' dir='ltr'>ᾗνξιι</span> <span class='ocrx_word' id='word_1_466' title='bbox 400 3066 626 3116; x_wconf 59' lang='lat' dir='ltr'>solmnpnvs</span> <span class='ocrx_word' id='word_1_467' title='bbox 662 3086 707 3108; x_wconf 70' lang='lat' dir='ltr'>uc</span> <span class='ocrx_word' id='word_1_468' title='bbox 744 3074 946 3121; x_wconf 68' lang='lat' dir='ltr'>generales</span> <span class='ocrx_word' id='word_1_469' title='bbox 983 3075 1112 3113; x_wconf 84' lang='lat' dir='ltr'>curias</span> <span class='ocrx_word' id='word_1_470' title='bbox 1149 3090 1221 3125; x_wconf 90' lang='lat' dir='ltr'>pro</span> <span class='ocrx_word' id='word_1_471' title='bbox 1256 3090 1328 3114; x_wconf 89' lang='lat' dir='ltr'>sua</span> <span class='ocrx_word' id='word_1_472' title='bbox 1365 3076 1470 3115; x_wconf 85' lang='lat' dir='ltr'>felici</span> <span class='ocrx_word' id='word_1_473' title='bbox 1505 3076 1768 3115; x_wconf 86' lang='lat' dir='ltr'>coronatione</span> <span class='ocrx_word' id='word_1_474' title='bbox 1801 3083 1974 3122; x_wconf 85' lang='lat' dir='ltr'>teneret,</span> 
     </span>
     <span class='ocr_line' id='line_1_49' title="bbox 281 3122 1975 3185; baseline 0.008 -29"><span class='ocrx_word' id='word_1_475' title='bbox 281 3122 415 3170; x_wconf 63' lang='lat' dir='ltr'>ibique</span> <span class='ocrx_word' id='word_1_476' title='bbox 451 3125 609 3164; x_wconf 70' lang='lat' dir='ltr'>fecisset</span> <span class='ocrx_word' id='word_1_477' title='bbox 642 3129 846 3169; x_wconf 82' lang='lat' dir='ltr'>introduci</span> <span class='ocrx_word' id='word_1_478' title='bbox 878 3132 989 3170; x_wconf 86' lang='lat' dir='ltr'>istud</span> <span class='ocrx_word' id='word_1_479' title='bbox 1022 3134 1233 3183; x_wconf 81' lang='lat' dir='ltr'>negotium</span> <span class='ocrx_word' id='word_1_480' title='bbox 1266 3135 1306 3172; x_wconf 89' lang='lat' dir='ltr'>in</span> <span class='ocrx_word' id='word_1_481' title='bbox 1339 3135 1543 3185; x_wconf 85' lang='lat' dir='ltr'>presentia</span> <span class='ocrx_word' id='word_1_482' title='bbox 1577 3135 1975 3185; x_wconf 90' lang='lat' dir='ltr'>archiepiscoporum</span> 
     </span>
    </p>
   </div>
  </div>
 </body>
</html>
