2083 3458
101 209 224 263 [802]
626 223 843 249 ΡΑΡΑΒυΜ
879 220 1262 248 AVENloNENsmM
1381 258 1389 271 s
1703 205 1790 247 305·

86 323 247 347 causam
270 322 434 357 regnum
456 307 626 345 Francie
651 307 876 354 invadendi,
902 307 945 344 in
968 321 1040 357 quo
1063 314 1199 356 regnat
1219 306 1389 356 justitia,
1409 306 1451 343 in
1475 320 1547 356 quo
1570 320 1650 356 pax
1672 306 1789 355 viget,

83 367 272 406 securitas
292 367 416 416 floret,
441 366 536 416 fides
557 374 591 403 et
612 365 758 403 devotio
780 373 974 416 ceteraque
999 366 1098 403 bona
1119 365 1254 408 omnia
1274 366 1431 415 pollent.
1455 365 1637 403 Bavarus
1658 373 1788 403 autem

80 427 162 464 vult
194 426 319 475 facere
354 439 476 462 unam
509 424 713 473 fallaciam
749 439 865 474 quam
900 433 1037 462 vocant
1071 423 1189 473 logici
1225 438 1303 461 non
1338 438 1499 462 causam
1534 432 1576 462 ut
1610 438 1782 463 causam.

22 519 23 527 ,
78 485 219 534 Fingit
242 484 347 522 enim
372 498 442 533 pro
467 497 588 521 causa
613 483 713 532 quod
737 483 817 520 vult
841 483 970 520 venire
994 491 1150 533 propter
1175 483 1243 520 hoc
1267 483 1368 532 quod
1391 483 1575 520 dominus
1600 497 1667 521 rex
1691 491 1790 521 tenet

28 557 29 561 ’
79 544 215 595 aliqua
245 558 314 593 que
342 550 436 580 sunt
464 542 508 580 de
535 541 623 591 jure
654 541 826 591 imperii,
858 556 945 579 cum
975 549 1104 579 tamen
1133 556 1253 580 causa
1281 541 1333 579 sit
1360 542 1533 592 pecunia
1562 556 1631 592 per
1659 556 1786 591 regem

81 603 228 653 Anglie
247 602 327 639 sibi
347 600 557 651 promissa,
579 615 667 638 cum
688 608 817 638 tamen
838 601 1022 637 dominus
1042 615 1108 638 rea·
1128 600 1232 638 nihil
1251 608 1376 638 teneat
1397 601 1478 638 nisi
1499 601 1600 650 quod
1615 600 1681 638 sui
1702 615 1785 651 pre-

86 663 310 708 decessores,
343 660 409 710 qui
448 660 610 709 suerunt
647 659 851 709 principes
882 659 1207 696 christianissimi
1237 667 1272 697 et
1307 659 1536 709 justissimi,
1569 668 1786 698 tenuerunt.

87 722 240 760 Verum
261 734 344 758 esse
367 720 441 758 hoc
465 718 575 756 Petri
598 717 761 767 Rogerii
782 718 1066 755 testimonium
1086 726 1204 768 patet
1226 733 1275 756 ex
1297 718 1466 757 Alberto
1488 718 1791 768 Argentinensiy

92 779 267 818 Henrico
302 777 555 824 Rebdorffio,
589 784 630 815 et
662 791 712 815 ex
744 776 982 824 Trithemi0‚
1017 776 1131 826 cujus
1165 791 1210 815 ea
1244 785 1340 814 sunt
1371 777 1496 815 verba
1523 777 1565 815 in
1597 777 1792 815 Chronico

88 837 375 887 Hirsaugiensi
403 837 446 887 [t.
465 851 506 883 11,
522 850 561 886 p.
583 835 671 887 183]
693 851 700 873 :
718 836 837 872 Anno
854 835 970 873 etiam
987 843 1186 885 prenotato
1202 836 1425 873 Ludovicus
1442 836 1536 886 imp.
1562 845 1789 874 conventum

96 897 321 947 principum
357 894 561 934 celebravit
603 895 714 945 apud
749 894 1057 943 Consluentiam,
1095 894 1288 944 oppidum
1332 895 1619 945 archiepiscopi
1659 895 1791 933 Trevi-

97 970 233 994 rorum.
254 956 320 993 Ad
337 970 448 1006 quem
466 954 570 992 venit
585 953 751 1004 propria
770 953 813 990 in
830 967 998 1003 persona
1016 953 1229 990 Eduardus
1248 967 1313 990 rer
1330 953 1477 1002 Anglie
1495 955 1658 991 multam
1675 969 1791 1004 pecu-

98 1015 202 1053 niam
221 1015 398 1065 offerens,
419 1022 453 1052 et
480 1013 680 1063 majorem,
702 1020 743 1049 ut
763 1012 850 1061 fieri
869 1012 974 1058 solet,
997 1011 1057 1048 illi
1085 1012 1314 1061 promittens
1333 1012 1368 1049 si
1389 1012 1518 1049 venire
1545 1021 1614 1050 aut
1644 1013 1791 1051 mittere

95 1074 298 1112 estere-itum
319 1073 466 1122 Anglis
490 1072 533 1109 in
554 1071 753 1109 auoeilium
775 1078 908 1108 contra
929 1085 1055 1119 regem
1084 1070 1285 1108 Gallorum
1307 1071 1545 1119 dignaretur.
1575 1072 1792 1122 Imperator
1844 1101 1847 1103 -

95 1132 302 1183 acceptavit
331 1131 543 1182 pecuniam
571 1130 651 1168 sibi
681 1130 864 1177 oblatam,
896 1138 930 1167 et
959 1129 1141 1179 promisit
1170 1129 1317 1178 Anglis
1347 1138 1522 1179 optatum
1551 1130 1793 1178 subsidium,

97 1192 192 1241 quod
223 1200 352 1229 tamen
385 1205 463 1228 non
497 1190 701 1240 impendit.
735 1189 818 1226 Rea:
851 1188 973 1237 igitur
1006 1188 1219 1225 Eduardus
1251 1196 1285 1225 et
1316 1189 1526 1238 pecuniam
1559 1189 1729 1239 perdidit
1760 1198 1795 1227 et

98 1251 332 1299 promissum
353 1249 580 1287 subsidium
603 1263 680 1285 non
702 1248 861 1298 accepit.
890 1248 994 1285 Item
1017 1247 1239 1285 Chronicon
1261 1247 1568 1296 Rothomagense
1590 1248 1748 1286 editum
1770 1262 1792 1286 a

98 1309 258 1348 Labbeo
287 1309 332 1359 [t.
349 1324 376 1356 1,
393 1323 432 1359 p.
452 1308 552 1358 386]
573 1324 580 1345 :
600 1307 746 1344 Eodem
762 1321 868 1344 anno
885 1321 950 1344 rest
966 1305 1113 1355 Anglie
1129 1320 1305 1356 perverso
1323 1306 1460 1343 ductus
1477 1307 1640 1344 consilio
1656 1307 1797 1356 alligat

97 1382 136 1405 se
167 1383 250 1406 cum
280 1368 476 1406 Ludovico
506 1366 753 1405 schismatico
784 1366 828 1403 de
859 1365 1032 1402 Bavaria
1065 1373 1195 1402 contra
1227 1379 1352 1413 regem
1385 1365 1592 1411 Franciae.
1624 1365 1795 1415 pecunia

100 1427 220 1464 multa
242 1428 345 1466 data.

153 1486 195 1524 P.
224 1485 310 1524 199.
340 1486 406 1535 lig.
439 1485 499 1524 15.
530 1485 744 1523 VICARIUM
778 1483 1062 1521 IMPERIALEM.
1091 1482 1420 1532 Walsinghamus
1451 1483 1498 1521 de
1529 1497 1574 1521 ea
1604 1498 1643 1521 re
1674 1497 1796 1533 agens

98 1544 150 1582 ad
180 1558 331 1582 annum
360 1543 735 1582 MCCCXXXVIII
765 1543 824 1580 ait
855 1558 862 1580 :
893 1543 988 1579 Post
1016 1550 1194 1580 mutuam
1223 1542 1514 1579 collocutionem
1542 1550 1575 1579 et
1603 1542 1798 1592 pristinae

99 1603 444 1652 confoederationis
481 1602 766 1641 renovationem
805 1601 931 1639 dictus
967 1601 1162 1647 Bavarus,
1201 1600 1268 1650 qui
1304 1615 1343 1637 se
1380 1600 1474 1638 dicit
1512 1600 1797 1651 imperatorem,

98 1662 295 1700 constituit
317 1677 443 1712 regem
466 1661 613 1711 Anglie
637 1661 830 1699 vicarium
852 1675 970 1698 suum
1005 1660 1049 1710 [t.
1074 1675 1100 1707 1,
1125 1674 1162 1710 p.
1190 1659 1303 1710 223]
1332 1660 1464 1707 Quam
1489 1660 1539 1698 ob
1563 1674 1648 1698 rem
1670 1660 1796 1698 Bene-

99 1721 231 1759 dictus
264 1721 345 1759 XII
378 1721 619 1759 Eduardum
657 1720 836 1770 graviter
873 1719 1135 1769 reprehendit
1163 1718 1205 1756 in
1242 1718 1368 1756 literis
1399 1719 1451 1757 ad
1490 1733 1582 1757 eum
1621 1718 1797 1769 scriptis,

101 1794 275 1829 quarum
300 1780 485 1819 meminit
506 1779 696 1826 Bzovius‚
718 1793 782 1819 an.
813 1778 927 1825 1338,
956 1778 972 1826 ἓ
1001 1778 1061 1825 16,
1082 1792 1133 1816 ex
1158 1778 1320 1826 Regesto
1345 1777 1548 1825 ls'aticanO,
1572 1792 1675 1827 quae
1702 1792 1798 1815 vero

99 1847 246 1877 extant
287 1840 395 1889 apud
437 1839 627 1878 eumdem
669 1837 1036 1887 Walsinghamum,
1081 1837 1115 1875 ei
1157 1836 1387 1887 exprobans
1432 1837 1541 1886 quod
1585 1836 1799 1874 vicariatus

100 1897 270 1947 officium
303 1913 368 1948 per
401 1906 518 1936 totam
551 1897 842 1935 Alamanniam
874 1904 908 1933 et
947 1896 1202 1933 Germaniam
1235 1910 1280 1933 ac
1313 1895 1518 1933 universas
1551 1903 1585 1933 et
1617 1895 1800 1944 singulas

100 1971 235 1994 earum
260 1957 485 2007 provincias
510 1957 590 1994 sive
616 1964 746 2006 partes
771 1956 822 1993 ab
847 1956 977 1993 eodem
1003 1954 1200 1992 Ludovico
1227 1954 1472 2004 suscepisset
1498 1955 1542 1992 de
1567 1954 1668 2003 sacto
1698 1954 1743 2004 [t.
1771 1968 1798 2000 1,

100 2030 138 2065 p.
157 2015 261 2066 212]
281 2016 396 2064 Quod
419 2016 546 2054 etiam
568 2016 716 2065 legitur
739 2015 782 2052 in
805 2014 977 2065 epistola
1002 2013 1187 2063 ejusdem
1200 2013 1413 2051 Benedicti
1437 2013 1589 2063 scripta
1613 2013 1665 2050 ad
1690 2012 1797 2062 capi-

102 2075 238 2112 tulum
277 2074 477 2113 Ecclesiae
517 2073 796 2121 Leodiensis1‚
828 2087 932 2123 quae
974 2080 1091 2111 extat
1128 2072 1239 2122 apud
1279 2072 1482 2110 Joannem
1522 2071 1799 2118 Hocsemium,

113 2133 158 2183 [t.
189 2133 255 2184 11].
286 2148 325 2184 p.
358 2133 443 2172 450.
473 2134 518 2171 In
549 2148 629 2183 quo
659 2141 796 2171 tamen
829 2132 994 2170 errabat
1014 2131 1262 2170 Benedictus
1281 2131 1307 2170 ².
1339 2131 1568 2169 Vicariatus
1600 2130 1707 2168 enim
1736 2130 1801 2167 ille

100 2191 323 2242 incipiebat
353 2207 376 2230 a
407 2192 586 2240 Colonia,
619 2200 659 2231 et
690 2191 783 2229 hinc
814 2191 1141 2241 protendebatur
1170 2190 1213 2228 in
1244 2189 1432 2236 Galliam,
1465 2197 1511 2226 ut
1543 2190 1661 2227 docet
1692 2188 1799 2227 idem

102 2251 429 2301 Walsinghamus
449 2252 491 2290 in
517 2251 778 2301 Ypodigmate
800 2250 1009 2287 Neustriae
1040 2249 1093 2299 [p.
1116 2248 1230 2299 281]
1254 2249 1401 2287 Postea
1423 2262 1518 2286 vero
1538 2248 1647 2286 idem
1668 2247 1800 2284 Ludo-

101 2310 213 2347 vicus
251 2310 443 2348 Eduardo
478 2310 652 2348 abstulit
687 2310 794 2347 hunc
829 2308 1088 2347 vicariatum.
1127 2308 1287 2345 Extant
1324 2307 1434 2357 apud
1469 2307 1659 2345 eumdem
1694 2306 1800 2343 Wal-

99 2368 360 2419 singhamum
382 2369 522 2407 literae
547 2368 745 2406 Ludovici
770 2368 818 2406 de
842 2382 888 2406 ea
912 2382 966 2415 re,
991 2367 1033 2405 in
1057 2367 1204 2416 quibus
1228 2366 1286 2404 ita
1312 2366 1460 2403 diserte
1484 2365 1682 2415 scriptum
1706 2372 1767 2402 est
1793 2379 1800 2401 :

106 2427 353 2466 Vicariatum
381 2428 453 2465 tibi
481 2442 550 2478 per
578 2442 647 2465 nos
675 2427 928 2465 commissum
955 2440 1001 2464 ex
1021 2425 1153 2464 causis
1182 2439 1404 2462 revocamus
1432 2423 1673 2473 praenotatis
1698 2423 1743 2472 [t.
1773 2437 1801 2468 1,

102 2501 141 2536 p.
179 2486 292 2537 248]
332 2487 449 2535 Quod
484 2501 600 2536 aegre
636 2486 766 2524 ferens
804 2485 1020 2523 Eduardus
1056 2485 1136 2522 ista
1171 2483 1376 2533 rescripsit
1411 2482 1463 2519 ad
1500 2481 1755 2519 Ludovicum
1794 2497 1801 2518 2

110 2545 271 2583 Videtur
293 2545 411 2583 etiam
434 2545 636 2596 aliquibus
660 2545 760 2595 quod
783 2544 971 2582 revocatio
995 2543 1088 2581 dicti
1112 2542 1326 2580 vicariatus
1348 2541 1452 2591 facta
1474 2541 1603 2590 fuerat
1624 2554 1802 2590 praema-

104 2611 198 2642 ture.
229 2604 341 2642 Idem
366 2604 694 2656 Walsinghamus
719 2603 772 2641 ad
796 2617 952 2641 annum
976 2601 1236 2640 MCCCXLII
1273 2600 1317 2650 [t.
1343 2614 1369 2647 Ι,
1394 2614 1432 2650 p.
1461 2599 1560 2649 250]
1587 2599 1634 2637 de
1659 2598 1802 2636 eadem

104 2662 365 2701 revocatione
389 2663 444 2701 sic
467 2663 649 2712 loquitur
675 2678 682 2700 :
707 2662 793 2700 Hoc
816 2676 922 2699 anno
945 2660 1179 2698 Ludovvicus
1203 2660 1246 2696 de
1269 2658 1457 2704 Bavaria,
1482 2657 1548 2708 qui
1572 2672 1611 2695 se
1636 2657 1802 2707 impera-

105 2729 222 2758 torem
254 2721 481 2771 appellavit‚
513 2721 758 2771 foedifragus
790 2728 824 2758 et
854 2720 994 2769 falsus,
1029 2718 1262 2756 vicariatum
1295 2717 1392 2755 citra
1424 2716 1632 2754 Coloniam
1663 2730 1687 2753 a
1719 2729 1805 2764 rege

153 2863 184 2896 1.
210 2864 298 2898 Voir
317 2879 388 2900 une
410 2867 519 2900 lettre
540 2866 743 2900 semblable
766 2866 933 2899 adressee
954 2864 984 2896 le
1007 2864 1050 2896 13
1073 2862 1275 2896 novembre
1293 2861 1385 2894 1338
1407 2861 1428 2893 a
1447 2860 1615 2903 l’eveque
1633 2860 1676 2892 de
1693 2858 1801 2902 Liege

110 2914 283 2958 (Fierens,
307 2920 439 2953 Lettres
461 2921 501 2953 de
521 2920 649 2953 Benoit
669 2919 766 2958 XII,
792 2918 922 2956 Rome,
946 2917 1050 2956 1910,
1074 2928 1109 2949 n.
1134 2915 1229 2958 525).
1428 2958 1439 2965 ,

153 2969 184 3002 2.
210 2971 346 3006 Baluze
370 2985 391 3006 a
415 2979 493 3006 tort
517 2973 560 3005 de
584 2977 778 3005 contester
799 2968 1057 3004 l’affirmation
1081 2969 1124 3001 de
1148 2968 1283 3000 Benoit
1308 2966 1398 2999 XII.
1414 2966 1594 2999 Edouard
1617 2963 1800 2998 s'intitule

105 3021 197 3055 dans
222 3024 284 3057 des
309 3025 489 3070 diplbmes
514 3025 649 3058 vicaire
675 3024 821 3068 general
845 3024 888 3056 de
912 3021 1090 3065 l’Empire
1114 3032 1178 3064 per
1199 3025 1307 3053 totam
1328 3019 1578 3052 Allemaniam
1601 3023 1631 3051 et
1659 3017 1803 3051 Germa-

104 3074 208 3109 niam
230 3077 398 3122 (Deprez,
421 3079 488 3112 Les
507 3078 795 3116 Pre'liminaires,
816 3089 852 3120 p.
875 3075 971 3118 197).
