2083 3458
258 205 310 247 78
905 216 1056 241 NOTAE
1091 214 1151 240 AD
1187 213 1314 239 VITAS
1546 238 1551 240 ,
1837 195 1962 251 [607]

256 306 537 355 dampnaverat
555 302 751 340 occisores.
775 300 853 351 Qui
874 300 944 338 diu
971 299 1116 337 ibidem
1146 297 1357 347 honorifice
1387 305 1526 345 tentus,
1552 296 1595 334 in
1614 296 1838 347 captivitate
1861 295 1964 333 diem

256 364 397 402 clausit
418 371 641 401 eoetremum.
659 361 761 399 Vide
777 360 882 398 infra
901 359 946 410 [t.
969 358 1012 409 1],
1034 373 1073 409 p.
1092 357 1153 395 64.

310 424 352 462 Ρ.
376 422 438 469 29,
459 422 524 471 lig.
548 421 609 460 26.
633 422 906 459 GAVASTONE.
931 419 1006 457 Sur
1025 418 1081 455 les
1103 418 1381 463 evenements,
1403 415 1492 454 voir
1513 415 1575 454 W.
1599 416 1642 454 P.
1668 415 1825 465 Dodge,
1847 414 1962 452 Piers

262 483 465 528 Gaweston.
487 481 680 526 LondreS,
702 479 815 517 1899.

310 542 352 580 Ρ.
384 541 445 587 29,
474 541 539 589 lig.
569 540 631 578 31.
663 540 884 577 OchLUM.
925 537 1014 575 Une
1052 535 1231 585 depeche
1260 534 1445 573 adressee
1483 548 1535 572 au
1574 533 1634 572 roi
1673 533 1898 583 d'Aragon,
1925 533 1960 571 16

256 601 305 639 26
342 600 422 638 mai
451 599 565 646 1308,
593 612 777 637 annonce
807 611 883 647 que
914 595 1099 647 Philippe
1134 594 1169 632 16
1197 594 1269 633 Β61
1296 593 1360 631 fut
1388 601 1703 644 apparemment
1729 607 1824 640 recu
1861 607 1960 631 avec

255 660 477 699 cordialite.
503 659 620 708 Papa
646 658 812 695 multum
831 664 935 705 grate
961 654 1103 704 recepit
1122 667 1211 691 eum
1236 661 1270 690 et
1296 653 1339 690 in
1361 653 1492 703 ipsius
1512 653 1615 702 regis
1640 661 1674 690 et
1693 651 1961 690 cardinalium

252 720 449 770 presentia.
470 718 570 756 dimit
585 718 685 767 quod
701 715 895 766 gaudebat
914 715 958 752 de
974 714 1060 764 ejus
1081 713 1250 751 adventu
1269 712 1427 762 (Finke,
1444 713 1670 762 Papsttum,
1688 720 1718 750 t.
1735 727 1777 759 11,
1794 727 1833 762 p.
1854 711 1958 760 134).

307 780 349 817 P.
373 779 435 826 29,
456 778 522 827 lig.
545 777 607 815 33.
632 778 859 814 PLAsiANo.
884 775 972 812 Une
994 774 1161 823 analyse
1183 772 1232 810 (16
1254 786 1314 810 565
1337 771 1518 810 discours
1540 771 1670 810 existe
1692 771 1794 809 dans
1818 771 1959 818 Finke,

253 853 314 888 op.
340 838 417 884 cit„
441 845 470 874 t.
494 852 534 883 11,
557 851 596 886 p.
622 836 709 883 135,
738 835 824 872 147.

306 898 348 935 P.
376 897 438 944 30,
464 896 529 946 lig.
555 896 591 934 3.
618 895 911 932 ARINGANTES.
940 892 1110 942 D’apres
1135 906 1191 929 un
1216 891 1511 929 ambassadeur
1536 890 1590 928 du
1614 890 1674 928 roi
1700 889 1910 940 d’Aragon
1932 889 1961 927 il

251 958 320 1006 n'y
351 964 419 995 eut
449 970 525 1005 que
552 955 644 1005 cinq
673 954 867 999 discours,
893 954 1118 1003 prononces
1148 965 1222 1002 par
1244 950 1366 989 Gilles
1396 950 1565 997 Aicelin,
1586 949 1709 988 Gilles
1739 949 1788 987 de
1816 949 1959 996 Rome,

252 1031 309 1055 un
329 1018 612 1066 representant
635 1014 703 1052 des
726 1014 889 1059 barons,
911 1012 966 1050 les
989 1011 1176 1060 delegues
1199 1010 1248 1048 de
1269 1010 1308 1047 la
1329 1009 1476 1060 langue
1499 1009 1596 1047 d’o'i'l
1618 1017 1658 1047 et
1681 1009 1730 1047 de
1751 1009 1790 1046 la
1812 1009 1960 1058 langue

251 1075 340 1113 d'oc
362 1075 518 1123 (Finke,
539 1088 599 1123 op.
621 1073 698 1119 cit,
718 1081 808 1119 t.11,
827 1087 866 1122 p.
889 1071 976 1117 147,
998 1070 1103 1119 148).

304 1135 346 1172 P.
370 1134 434 1177 30,
457 1133 522 1182 lig.
546 1133 581 1170 5.
606 1133 919 1170 RESPONDISSE.
943 1131 1000 1167 La
1021 1132 1192 1180 reponse
1215 1129 1270 1166 du
1291 1142 1396 1179 pape
1418 1136 1479 1167 est
1501 1128 1602 1166 dans
1626 1127 1754 1166 Finke
1784 1128 1857 1177 ‘0p.
1881 1126 1959 1174 cit.,

249 1202 278 1232 t.
308 1209 348 1241 11,
369 1209 407 1244 p.
431 1192 631 1241 148-150).

303 1254 345 1291 P.
371 1252 434 1300 30,
459 1252 525 1302 lig.
553 1252 612 1289 14.
640 1252 953 1288 PERSONARUM.
980 1249 1035 1286 La
1060 1248 1205 1286 remise
1230 1247 1279 1286 (16
1303 1247 1341 1285 13
1368 1261 1567 1297 personne
1592 1255 1633 1285 et
1657 1246 1726 1284 des
1751 1246 1865 1284 biens
1891 1245 1960 1284 des

248 1312 469 1363 Templiers
494 1320 565 1349 eut
587 1311 667 1349 lieu
689 1311 724 1348 le
748 1310 795 1348 27
818 1309 908 1359 juin
932 1308 1033 1347 1308
1058 1309 1120 1357 (G.
1140 1307 1353 1354 Lizerand,
1370 1306 1544 1344 Clement
1571 1306 1605 1343 V
1626 1314 1660 1344 et
1681 1305 1874 1356 Philippe
1899 1305 1962 1342 IV

251 1372 282 1409 le
298 1372 382 1419 Bel,
397 1387 437 1422 p.
455 1370 658 1418 440-442).

301 1432 344 1469 Ρ.
362 1432 425 1478 30,
441 1431 507 1480 lig.
524 1430 584 1468 17.
603 1430 896 1476 PENESTRINo,
914 1428 1036 1465 Petro
1052 1426 1101 1465 de
1118 1426 1302 1477 Capella3
1321 1440 1456 1475 quem,
1472 1425 1535 1462 uti
1550 1433 1695 1475 postea
1711 1423 1960 1471 videbimus,

249 1491 432 1529 Clemens
446 1491 479 1528 V
497 1490 593 1528 fecit
611 1489 849 1539 episcopum
868 1486 1183 1526 Praenestinum
1201 1499 1309 1524 anno
1329 1485 1528 1523 MCCCVI
1545 1493 1641 1534 post
1655 1484 1816 1522 obitum
1831 1484 1961 1522 Theo-

247 1550 371 1588 dorici
409 1550 477 1600 qui
513 1549 616 1587 obiit
649 1548 895 1597 Burdigalae
924 1546 1043 1584 initio
1079 1545 1230 1583 mensis
1271 1544 1333 1595 [7]
1363 1544 1589 1582 decembris
1626 1543 1813 1593 ejusdem
1848 1543 1959 1581 anni.

248 1610 421 1648 Causam
450 1623 570 1660 porro
599 1607 926 1658 Templariorum
955 1605 989 1644 ei
1019 1605 1142 1643 fuisse
1173 1604 1435 1643 commissam
1464 1603 1614 1641 docent
1643 1611 1784 1641 vetera
1813 1603 1961 1640 horum

245 1678 480 1720 temporum
515 1675 784 1706 monumenta
820 1666 931 1704 edita
966 1679 988 1702 3
1024 1665 1113 1702 viro
1148 1663 1373 1702 clarissimo
1406 1664 1528 1701 Petro
1565 1663 1752 1701 Puteano
1786 1662 1829 1700 in
1862 1662 1960 1699 His-

246 1729 348 1767 toria
387 1728 703 1778 Templariorum
720 1727 747 1764 1.

302 1789 344 1827 P.
372 1788 434 1835 30,
458 1787 525 1836 lig.
553 1786 614 1824 20.
643 1786 768 1834 QUOD
797 1798 1170 1825 CANONIZARETUR.
1202 1783 1348 1832 Itaque
1374 1781 1523 1832 pietati
1558 1781 1739 1831 Philippi
1768 1781 1838 1828 IV,
1857 1780 1961 1830 regis

251 1848 513 1894 Francorum,
545 1846 696 1884 debent
723 1844 940 1884 Caelestini
972 1843 1082 1893 quod
1113 1857 1255 1881 eorum
1287 1841 1475 1879 conditor
1499 1841 1652 1879 relatus
1674 1848 1736 1879 est
1756 1840 1799 1878 in
1819 1840 1962 1877 album

246 1915 498 1945 sanctorum.
536 1905 765 1943 Confirmat
800 1905 906 1941 hanc
942 1902 1158 1940 historiam
1194 1901 1528 1951 Walsinghamus
1564 1900 1735 1950 loquens
1773 1899 1822 1937 de
1857 1899 1961 1950 peti-

247 1966 430 2004 tionibus
459 1979 558 2015 quas
584 1964 694 2002 idem
721 1963 934 2013 Philippus
962 1970 1053 1999 tum
1080 1961 1178 1999 fecit
1205 1960 1406 1999 Clementi
1433 1960 1481 2007 V,
1507 1960 1616 1998 inter
1642 1973 1743 2009 quas
1770 1966 1962 1997 numerat

248 2024 632 2064 canonizationem2
663 2022 880 2063 Caelestini
904 2039 910 2060 :
938 2022 1060 2059 Petiit
1082 2021 1201 2058 etiam
1231 2028 1457 2058 sanctorum
1483 2019 1654 2068 catologo
1678 2017 1852 2056 adscribi
1881 2018 1961 2067 fra,-

248 2094 343 2123 trem
365 2086 527 2122 Petrum
549 2084 593 2121 de
616 2084 822 2129 Muri-one,
847 2081 914 2131 qui
938 2081 1136 2131 quondam
1156 2080 1237 2129 fuit
1258 2094 1381 2130 papa,
1406 2079 1535 2116 dictus
1550 2077 1771 2116 Celestinus
1798 2077 1833 2115 V
1865 2077 1911 2127 [t.
1934 2092 1961 2125 1,

248 2160 288 2196 p.
315 2143 428 2194 110].
451 2143 637 2193 Papirius
662 2142 874 2180 Massonus
898 2141 941 2178 in
964 2140 1053 2178 vita
1077 2139 1263 2189 ejusdem
1281 2138 1502 2177 Caelestini
1527 2153 1534 2175 ε
1560 2138 1703 2175 Postea
1725 2152 1750 2175 a
1768 2136 1963 2174 Clemente

249 2202 457 2253 Bonisacii
483 2215 712 2248 successore,
739 2208 972 2251 procurante
998 2199 1207 2249 Philippo,
1235 2212 1321 2247 rege
1348 2198 1610 2245 Francorum,
1637 2196 1752 2247 cujus
1781 2196 1964 2234 intererat

252 2262 465 2302 Caelestini
504 2261 731 2299 memoriam
767 2261 819 2298 ad
856 2259 1187 2297 immortalitatem
1224 2256 1457 2304 consecrari,
1488 2256 1532 2294 in
1568 2256 1677 2294 divos
1714 2255 1858 2293 relatus
1894 2263 1961 2293 est.

256 2324 302 2361 In
324 2320 508 2360 Historia
537 2320 815 2359 Universitatis
838 2318 988 2366 Paris„
1008 2326 1038 2356 t.
1062 2333 1119 2365 1v,
1136 2332 1175 2368 p.
1203 2316 1291 2364 167,
1314 2315 1549 2355 referuntur
1572 2323 1766 2365 excerpta
1789 2329 1841 2353 ex
1864 2328 1963 2364 quo-

253 2383 349 2420 dam
384 2388 545 2430 regesto
582 2394 765 2418 camerae
801 2379 1099 2428 Computorum
1136 2376 1261 2414 Paris.
1288 2376 1339 2414 ab
1376 2390 1443 2414 an.
1483 2375 1711 2413 MCCCXII
1746 2388 1875 2424 usque
1911 2373 1963 2411 ad

253 2456 407 2480 annum
440 2439 659 2477 MCCCXV
683 2438 839 2487 :Niger
869 2437 1041 2475 nuncius
1071 2436 1288 2474 cardinalis
1312 2435 1356 2473 de
1385 2435 1593 2484 Pergamo,
1624 2434 1691 2484 qui
1721 2432 1853 2471 attulit
1881 2432 1964 2482 regi

255 2516 354 2538 nova
370 2501 414 2537 de
439 2498 733 2537 canonizatione
749 2497 876 2535 sancti
893 2496 1002 2534 Petri
1020 2497 1063 2533 de
1081 2496 1251 2533 Morono
1267 2509 1372 2545 pape
1389 2493 1575 2543 martyris
1591 2493 1653 2531 die
1669 2492 1722 2531 15
1738 2492 1837 2530 maii
1854 2492 1967 2542 apud
2032 2505 2034 2507 ·

260 2560 406 2597 Villars
427 2558 542 2607 juxta
562 2558 692 2605 Rethe,
713 2571 783 2607 pro
802 2556 853 2595 20
874 2557 1026 2607 floren„
1046 2554 1099 2593 17
1118 2554 1187 2593 lib.
1213 2554 1354 2605 paris.,
1380 2568 1448 2604 per
1471 2567 1610 2602 regem.
1637 2553 1741 2590 Item
1763 2568 1770 2590 :
1792 2552 1964 2590 Bernar-

256 2620 328 2656 dus
353 2620 396 2656 de
421 2617 610 2655 Cossanis
637 2616 864 2654 domicellus
888 2623 922 2653 et
946 2615 1143 2652 Fortonus
1168 2612 1384 2651 hostiarius
1408 2627 1526 2663 pape,
1553 2612 1620 2662 qui
1645 2612 1858 2649 attulerunt
1881 2608 1964 2659 regi

254 2692 353 2715 nova
376 2692 421 2714 ex
444 2685 553 2726 parte
577 2690 680 2726 pape
705 2676 749 2713 de
774 2674 1071 2713 canonizatione
1095 2673 1223 2711 sancti
1248 2672 1357 2710 Petri
1383 2672 1427 2709 de
1454 2672 1624 2709 Morono
1648 2670 1850 2709 dominica
1874 2677 1964 2707 ante

308 2823 339 2854 1.
361 2822 479 2853 Piri-re
499 2822 541 2853 dc
559 2822 592 2853 la
610 2820 784 2863 Chapclle
802 2824 908 2860 recut
923 2829 979 2850 ses
996 2817 1175 2861 pouvoirs
1192 2817 1223 2849 16
1241 2817 1285 2850 13
1301 2816 1426 2860 juillet
1442 2816 1536 2849 1308
1556 2815 1719 2858 (Baluze,
1738 2820 1764 2847 t.
1780 2826 1832 2854 1113
1851 2824 1886 2857 p.
1905 2813 1963 2854 82,

260 2874 311 2907 83'
326 2901 331 2907 .

309 2880 340 2960 1).
370 2929 439 2959 Sur
467 2927 627 2960 Celcstin
654 2927 697 2966 V,
728 2926 808 2958 voir
834 2925 868 2957 J.
900 2924 1141 2964 Hollsteiner‚
1167 2923 1239 2956 Die
1263 2922 1582 2965 Autobiograplzie
1608 2921 1769 2954 Colestin
1799 2919 1841 2960 V,
1871 2919 1965 2952 dans

261 2980 449 3013 [romische
471 2980 760 3022 Quarlalschrist,
784 2986 810 3011 t.
836 2990 934 3010 XXXI
961 2978 1096 3020 (1923),
1120 2989 1155 3020 p.
1181 2977 1290 3009 29-40
1313 2982 1351 3009 et
1375 2976 1432 3009 Fr.
1458 2975 1505 3008 X.
1530 2975 1696 3018 Seppelt,
1721 2974 1967 3006 Monumenta

260 3034 543 3073 (jaelmtinzfana,
578 3034 806 3072 I‘adorborn,
839 3032 945 3069 1921,
966 3037 1004 3064 et
1036 3031 1191 3064 Studien
1220 3041 1302 3062 zum
1332 3029 1538 3072 Pontifilcat
1558 3028 1677 3072 Papst
1707 3027 1887 3060 Co‘lestins
1921 3024 1964 3065 V,

262 3087 396 3126 Berlin,
412 3088 473 3118 1¹11
488 3088 515 3119 1.
