2083 3458
80 257 203 311 [957]
607 272 823 297 PAPARUM
859 271 1242 297 AVENIONENSIUM
1683 253 1764 295 473

68 356 156 394 dius
171 356 396 394 Bellamera
411 356 452 392 in
467 369 553 405 cap.
571 356 838 404 E.rs2a1·te,l)e
850 355 1057 398 scrutinio)
1074 369 1181 392 anno
1196 355 1408 392 millesimo
1424 354 1762 400 CCCLXXVIII,

70 415 132 452 die
169 415 314 464 quinta
351 414 589 461 decembris,
627 429 674 452 ex
711 415 903 463 paralysi,
941 423 987 451 ut
1022 414 1141 452 docet
1179 413 1304 451 frater
1338 413 1677 451 Bartholomaeus
1714 412 1762 450 de

70 474 270 521 Cucurno,
299 473 449 511 ordinis
478 473 653 510 fratrum
682 473 898 519 ΔΝ1111011111117
926 473 967 510 in
993 487 1065 510 sua
1093 472 1367 522 depositione;
1396 472 1463 522 qui
1491 472 1583 509 hinc
1612 471 1764 521 colligit

67 533 172 570 hanc
192 546 368 582 poenam
386 532 442 569 illi
462 546 483 569 a
507 532 591 570 Deo
606 532 843 581 irrogatam,
861 532 954 581 quia
976 532 1107 569 noluit
1126 531 1355 581 transgredi
1374 531 1415 568 in
1435 540 1570 581 partes
1594 530 1762 569 Urbani.

72 592 182 629 Haec
202 599 298 629 sunt
318 591 403 640 ejus
426 591 573 629 verba1
598 607 604 628 :
626 591 682 627 Re
701 605 801 637 vera,
823 591 1020 627 reverendi
1040 590 1292 637 clominirnei,
1314 603 1407 640 quos
1419 590 1527 627 Deus
1543 590 1661 627 tradit
1678 589 1765 626 sais

68 650 380 700 promerentibus
402 650 599 687 demeritis
623 650 665 686 in
691 650 897 698 reprobum
929 663 1088 686 sensum
1119 664 1228 686 ruere
1259 649 1441 698 permisit
1464 649 1506 686 in
1541 647 1767 686 barathrum

69 717 324 759 peccatoram.
353 708 465 758 Quod
487 709 657 758 probant
681 708 866 757 prodigia
889 708 1097 745 subsecuta
1122 717 1253 745 contra
1279 708 1512 755 cardinales,
1538 708 1640 745 sicut
1664 708 1769 744 docet

70 783 172 806 mors
199 767 409 817 inopinata
434 776 546 817 atque
572 767 760 805 terribilis
786 768 982 817 quondam
1009 767 1227 804 cardinalis
1253 768 1296 804 de
1333 767 1490 804 Troana
1520 766 1765 816 (Theroana)

71 828 138 878 qai
159 836 192 865 et
214 827 464 864 Morinensis
484 827 699 873 dicebatur,
722 826 944 864 subtractas
966 827 1010 863 [le
1032 826 1157 863 medio
1180 827 1273 863 (lum
1295 827 1346 863 ad
1366 826 1577 863 concilium
1600 825 1767 862 Avinio-

71 886 221 924 nense2
255 886 430 924 trahebat
463 887 563 923 alios
598 886 818 923 cardinales
853 894 985 922 contra
1019 885 1317 923 sanctissimam
1352 885 1556 922 dominum
1593 892 1767 921 nostram

76 946 284 984 Urbanam
304 945 408 983 inibi
428 953 726 991 commorantes3
748 945 814 994 qai
833 959 896 981 ore
915 945 1088 981 devoluto
1107 945 1159 982 ad
1177 959 1291 981 avares
1310 945 1596 993 paralytz'catas
1615 951 1769 992 repente

71 1005 157 1042 sine
183 1005 324 1042 debitis
349 1004 606 1043 sacramentis
633 1004 907 1053 intempestiva
933 1012 1050 1041 morte
1076 1012 1282 1053 preventus
1308 1012 1372 1042 est.
1403 1003 1514 1053 Quod
1539 1002 1769 1052 prodigiam

72 1079 188 1114 qaam
216 1064 387 1102 terribile
412 1064 533 1113 faerit
560 1064 665 1101 novit
692 1063 842 1110 Avinio
870 1071 958 1101 tota.
990 1062 1029 1100 Si
1056 1063 1136 1100 isto
1164 1063 1481 1112 argumentandi
1510 1077 1652 1111 genere
1681 1061 1768 1098 aliis

72 1138 198 1174 quam
220 1124 471 1173 simplicibus
496 1131 537 1161 et
558 1123 758 1172 imperitis
782 1122 1017 1160 hominibus
1040 1122 1101 1159 uti
1124 1122 1277 1169 liceret,
1302 1122 1503 1171 numquid
1528 1130 1568 1159 et
1591 1136 1662 1158 nos
1687 1134 1768 1158 non

72 1184 282 1233 possemus
308 1183 438 1221 dicere
462 1190 732 1232 aggravatam
757 1182 879 1220 fuisse
903 1195 1073 1233 manum
1099 1181 1263 1218 Domini
1288 1196 1408 1231 super
1433 1180 1695 1218 Franciscum
1720 1178 1770 1216 de

72 1242 388 1281 Thebaldeschis
433 1242 554 1291 vulgo
596 1241 755 1279 dictum
797 1241 1046 1279 cardinalem
1090 1240 1229 1277 Sancti
1274 1240 1397 1287 Petri,
1441 1253 1563 1289 quem
1606 1245 1769 1277 constat

72 1302 273 1341 horrendo
302 1301 445 1339 mortis
474 1316 616 1350 genere
644 1301 858 1347 interiisse,
889 1300 983 1349 quia
1013 1308 1155 1337 contra
1181 1299 1388 1348 justitiam
1417 1307 1457 1337 et
1486 1307 1628 1336 contra
1657 1312 1770 1335 cons-

73 1361 266 1400 cientiam
295 1361 402 1398 solus
433 1360 687 1398 adhaerebat
718 1360 900 1407 Urbano,
932 1373 1054 1408 quem
1084 1358 1206 1397 ceteri
1237 1358 1461 1396 cardinales
1493 1357 1701 1407 putabant
1730 1364 1771 1393 et

72 1421 240 1459 aiebant
265 1420 415 1470 injuria
445 1434 642 1469 occupare
672 1419 818 1457 Sedem
836 1418 1105 1468 apostolicam
1127 1417 1306 1456 ?Nonne
1333 1431 1510 1468 pronum
1537 1424 1643 1455 esset
1670 1415 1772 1454 exis-

70 1481 217 1518 timare
242 1480 333 1518 ideo
358 1479 474 1517 illum
499 1479 744 1517 morientem
769 1478 1036 1516 momordisse
1074 1477 1258 1527 linguam
1291 1491 1422 1524 suam,
1451 1476 1545 1526 quia
1583 1490 1627 1514 ea
1655 1474 1771 1524 quasi

73 1540 236 1583 flabello
260 1538 472 1577 seditionis
497 1553 593 1576 usus
618 1546 706 1576 erat
729 1538 925 1576 adversus
950 1536 1196 1575 veritatem?
1223 1536 1299 1574 Sed
1323 1537 1423 1574 haec
1447 1535 1585 1573 inania
1611 1542 1707 1572 sunt
1731 1541 1771 1571 et

71 1599 242 1637 anilium
260 1598 623 1636 deliramentorum
644 1597 669 1636 3.

126 1659 229 1696 Male
266 1671 360 1696 eum
410 1657 595 1695 nonnulli
644 1656 905 1695 confundunt
942 1669 1034 1693 cum
1072 1655 1241 1705 Aegidio
1276 1653 1538 1693 Β611311161134
1582 1653 1772 1703 episcopo

72 1717 271 1756 Vaut-ensi
297 1725 338 1755 et
365 1716 582 1755 Aniciensi.
613 1717 745 1764 Quare
773 1715 1053 1754 emendandus
1081 1723 1142 1753 est
1168 1716 1360 1764 vulgatus
1388 1728 1410 1751 a
1446 1710 1772 1751 Sammarthanis

72 1776 286 1825 Catalogas
317 1775 591 1825 episcoporum
628 1775 909 1822 Ia'aurensizim,
942 1774 1011 1812 ubi
1043 1774 1150 1812 inter
1188 1774 1399 1824 episcopos
1431 1773 1536 1810 illius
1572 1770 1774 1809 Ecclesiae

72 1843 305 1875 recensetur
339 1835 530 1885 Aegidius
565 1835 741 1872 Aiscelin
766 1842 909 1884 postea
945 1833 1184 1871 Morinensis
1211 1833 1440 1871 cardinalis.
1479 1829 1771 1869 Emendandus

72 1895 227 1946 pariter
254 1894 468 1943 Catalogas
496 1894 770 1943 episcoporum
799 1893 1111 1939 ΛΙονίηεηειῗιινη,
1141 1893 1210 1930 ubi
1239 1893 1439 1942 scriptum
1467 1900 1528 1929 est
1558 1889 1773 1939 Aegidium

74 1954 250 1993 Aiscelin
274 1953 396 1992 fuisse
420 1953 657 2003 episcopum
692 1953 955 1990 Vaurensem.
995 1953 1038 1989 In
1064 1953 1170 1989 hunc
1208 1960 1348 1989 autem
1373 1965 1549 1989 errorem
1573 1964 1653 1986 non
1677 1947 1774 1985 inci-

75 2015 230 2053 dissent
257 2013 565 2051 Sammarthani
584 2011 611 2060 5,
638 2012 669 2050 si
695 2012 978 2049 meminissent
1004 2012 1270 2049 observatum
1296 2025 1318 2048 a
1345 2026 1385 2049 se
1411 2025 1494 2048 esse
1519 2010 1559 2047 in
1587 2008 1775 2055 Catalogo

75 2074 351 2124 episcoporum
382 2071 724 2109 Avenionensi'um
755 2071 972 2120 Aegidium
1005 2071 1275 2108 Bellameram
1295 2069 1310 2092 ⁶
1354 2069 1560 2107 diversum
1607 2081 1690 2105 esse
1723 2065 1773 2102 ab

76 2132 258 2183 Aegidi0‚
285 2131 475 2182 episcopo
501 2131 720 2168 Morinensi
747 2130 951 2168 cardinale
977 2129 1222 2168 Tusculano.

124 2276 155 2309 1.
184 2275 225 2309 B.
247 2274 304 2315 N.‚
327 2286 394 2308 ms.
416 2273 510 2307 latin
532 2272 668 2313 11745,
691 2273 752 2307 fol.
776 2274 820 2307 95
841 2278 886 2307 ΓΟ.

126 2329 156 2362 2.
186 2328 239 2361 La
267 2333 377 2361 tenue
408 2327 518 2360 d'une
549 2327 749 2373 assem'blee
779 2338 823 2359 en
851 2325 1025 2370 Avignon
1055 2338 1074 2359 a
1104 2328 1161 2360 ete
1190 2326 1352 2369 prouvee
1381 2336 1449 2368 par
1478 2323 1521 2357 N.
1553 2321 1676 2354 Valois
1710 2320 1776 2363 (La

76 2382 216 2415 France
236 2386 266 2414 et
287 2381 317 2414 le
343 2380 468 2414 Grand
488 2380 657 2420 Schisme,
683 2386 708 2413 t.
730 2391 753 2420 1,
777 2392 812 2424 p.
837 2379 931 2423 176).

124 2436 157 2469 3.
186 2435 321 2467 Baluze
343 2445 380 2467 se
401 2433 656 2477 laissessegarer
676 2433 721 2466 ici
742 2444 811 2476 par
830 2445 885 2466 ses
908 2433 1077 2476 prejuges
1100 2432 1287 2476 gallicans.

65 2512 69 2516 .
123 2489 156 2522 4.
185 2487 255 2521 Sur
276 2487 385 2520 Gilles
406 2486 562 2530 Aycelin
583 2486 626 2519 de
647 2485 854 2529 Montaigu‚
873 2486 952 2519 voir
972 2485 1096 2518 Val'ois
1122 2485 1160 2528 (t.
1181 2497 1218 2524 11,
1240 2496 1275 2528 p.
1298 2483 1394 2527 471),
1417 2482 1578 2515 Histoire
1610 2481 1650 2513 de
1678 2479 1774 2511 Lan-

77 2542 208 2584 guedoc
231 2543 269 2584 (t.
290 2552 340 2580 Π,
363 2552 399 2583 p.
423 2540 502 2579 690,
525 2540 593 2573 708
614 2545 652 2572 et
672 2539 791 2582 1268),
815 2538 857 2573 O.
880 2539 995 2572 Morel
1031 2538 1097 2581 (La
1119 2538 1251 2580 grande
1270 2536 1508 2573 chancellerie,
1530 2546 1564 2577 p.
1589 2531 1771 2574 241-242),

77 2593 302 2627 Delachenal
325 2592 498 2636 (Histoire
517 2593 557 2625 de
575 2592 722 2626 Charles
743 2592 785 2631 V,
807 2599 833 2625 t.
853 2604 889 2632 11,
911 2604 945 2635 p.
967 2591 1063 2635 470).

125 2647 144 2680 5
173 2646 226 2680 La
245 2646 401 2680 seconde
421 2645 563 2680 edition
583 2646 626 2678 de
645 2646 680 2678 la
706 2645 826 2678 Gallia
853 2645 1052 2678 christiana
1070 2656 1114 2677 ne
1135 2643 1302 2677 contient
1322 2642 1402 2686 plus
1422 2642 1472 2674 les
1492 2651 1631 2673 erreurs
1651 2638 1774 2681 signa-

75 2700 147 2734 1665
167 2711 234 2744 par
252 2699 405 2739 Baluze;
427 2699 507 2732 voir
526 2705 552 2732 t.
573 2710 650 2738 xm,
672 2699 738 2732 col.
760 2699 840 2738 334,
862 2705 888 2731 t.
910 2710 947 2737 x,
969 2697 1035 2731 col.
1058 2697 1160 2730 1561.

125 2754 156 2786 6.
186 2751 296 2786 Gilles
320 2752 520 2785 Bellemere
542 2751 602 2784 fut
633 2753 783 2785 nomme
807 2753 948 2795 eveque
972 2751 1015 2783 de
1050 2745 1203 2782 'Lavaur
1225 2749 1255 2781 16
1280 2749 1300 2781 8
1324 2747 1474 2780 octobre
1498 2746 1600 2784 1383,
1621 2746 1670 2777 du
1688 2744 1768 2786 Puy

76 2806 108 2840 16
133 2807 176 2839 17
203 2805 352 2839 octobre
377 2805 481 2845 1390,
509 2804 722 2848 d’Avignon
745 2805 776 2837 16
802 2804 846 2837 19
871 2804 961 2837 aout
986 2804 1077 2836 1392
1103 2802 1250 2846 (Eubel,
1274 2800 1501 2839 Hierarchia,
1529 2805 1554 2831 t.
1579 2810 1602 2837 1,
1629 2809 1663 2841 p.
1690 2797 1771 2835 518,

80 2859 124 2892 92
143 2865 181 2892 et
199 2858 295 2902 124).
319 2858 348 2891 Il
369 2859 544 2891 demeura
564 2858 655 2890 dans
675 2857 902 2891 l'obedience
923 2858 966 2890 de
988 2855 1252 2889 ClementVII.
1274 2853 1343 2887 Sur
1362 2852 1412 2885 lui
1432 2851 1619 2886 consultez
1639 2850 1682 2884 A.
1701 2849 1772 2881 Fli-

79 2911 194 2944 niaux
216 2911 482 2955 (Contribation
499 2911 521 2943 ὰ
537 2910 708 2944 l'histoire
724 2911 784 2943 des
800 2921 941 2943 sources
958 2910 1007 2942 da
1024 2909 1115 2942 droit
1131 2908 1339 2950 canoniqae.
1358 2906 1426 2938 Les
1444 2905 1637 2938 anciennes
1653 2902 1772 2936 collec-

77 2966 170 2998 tions
191 2965 249 2998 des
268 2964 445 2998 decisions
464 2963 576 2996 Rotae
594 2962 790 3003 Romanae,
808 2963 899 2995 dans
921 2962 1039 2995 Revae
1057 2961 1251 3004 lii-§torique
1265 2960 1306 2992 de
1320 2959 1411 2992 droit
1424 2958 1587 3000 francais
1607 2961 1637 2989 et
1656 2957 1773 2988 etran-

79 3029 148 3061 ger,
164 3018 268 3058 1925,
284 3029 319 3061 p.
337 3015 472 3060 61-93),
488 3015 863 3050 Albanes—Chevalier
880 3014 1020 3058 (Gallia
1047 3014 1244 3048 christiana
1258 3012 1466 3050 novissima,
1483 3016 1508 3044 t.
1526 3021 1588 3049 vn,
1605 3009 1671 3042 col.
1688 3008 1774 3041 463-

77 3070 174 3114 476),
199 3070 242 3104 N.
266 3069 391 3103 Valois
418 3069 456 3113 (t.
477 3081 514 3109 11,
537 3081 572 3113 p.
596 3060 670 3102 473'
685 3075 723 3102 et
745 3075 771 3102 t.
792 3081 842 3108 1v‚
866 3080 900 3111 p.
926 3067 1020 3111 555),
1046 3067 1102 3100 Fr.
1128 3066 1178 3100 Pl.
1202 3062 1502 3099 Bliemetzrieder
1526 3061 1774 3106 (Literarische

77 3123 242 3157 Polemilc
261 3135 307 3156 za
326 3123 472 3165 Beginn
493 3122 552 3155 des
579 3121 731 3155 Grossen
751 3120 1091 3154 Abendliindischen
1114 3118 1307 3158 Schismas,
1324 3117 1477 3155 Vienne,
1501 3115 1605 3154 1909,
1629 3127 1664 3158 p.
1688 3114 1778 3147 32*-
