2083 3458
245 229 325 270 632
893 241 1044 266 NOTAE
1078 241 1139 266 AD
1173 240 1301 266 VITAs
1796 227 1946 282 [1109]

243 327 439 365 Bernardi
468 326 587 363 docet
623 325 664 362 in
701 324 897 362 relatione
915 323 930 346 1
960 337 1085 373 quam
1114 323 1162 362 de
1190 323 1335 362 itinere
1365 339 1440 363 suo
1471 325 1658 364 Romano
1687 326 1783 364 fecit
1812 340 1949 364 coram

245 388 416 433 ζῘοξιιιιῑθ,
455 400 544 434 rege
584 385 795 431 Castellae,
835 383 897 421 die
935 391 1084 433 ‘quarta
1121 383 1271 423 mensis
1310 383 1549 433 decembris,
1587 399 1695 423 anno
1733 385 1947 424 millesimo

244 445 516 492 CCCLXXX,
547 444 657 494 apud
687 443 895 481 Medinam
925 443 973 481 de
1003 443 1158 493 Campo
1189 459 1197 481 ε
1231 443 1282 480 In
1310 443 1513 494 principio
1543 444 1689 482 mensis
1718 445 1948 494 septembris

244 520 311 555 ego
344 504 501 542 ascendi
536 503 733 553 palatium
766 517 836 552 pro
870 502 1029 539 licentia
1062 502 1261 540 recedendi
1294 502 1524 552 optinenda,
1557 512 1591 541 et
1622 504 1786 554 exposui
1820 504 1950 554 primo

244 566 355 602 electo
382 572 518 601 secrete
545 563 651 600 solus
679 577 767 599 cum
793 562 873 599 solo
901 562 997 612 quid
1023 562 1187 599 dicerem
1214 570 1332 599 vestre
1359 563 1463 612 regie
1488 563 1689 601 serenitati
1717 564 1761 601 de
1788 564 1949 601 tenendo

244 624 407 662 concilio
429 637 547 673 super
571 622 644 659 ista
669 621 833 659 materia
854 621 1064 659 scismatis.
1092 621 1183 671 Ipse
1205 622 1407 671 respondit
1430 623 1531 672 quod
1553 623 1705 660 nolebat
1727 623 1829 673 qaod
1850 631 1948 661 tene-

244 692 347 721 retur
368 682 592 727 concilium,
616 681 710 732 quia
731 681 838 719 alius
860 681 927 731 qui
949 689 1003 718 est
1026 681 1069 718 in
1090 681 1291 719 Avinione
1313 681 1525 719 concilium
1547 683 1717 728 nolebat3
1741 690 1775 720 et
1796 682 1950 720 addidit

244 744 344 793 quod
370 742 456 779 licet
483 756 546 779 vos
573 740 765 778 haberetis
795 740 937 778 bonam
965 740 1220 778 intentionem
1247 740 1290 778 in
1317 741 1388 779 hac
1415 750 1536 791 parte,
1565 750 1736 779 attamen
1764 756 1843 779 non
1868 750 1950 779 erat

246 802 396 840 utilitas
419 801 556 851 aliqua
579 809 702 838 tenere
726 800 950 847 concilium,
976 799 1070 850 quia
1093 808 1260 850 tempore
1284 815 1357 851 quo
1383 800 1529 851 incepit
1550 801 1696 838 scisma
1726 801 1946 849 Grecorum,

243 870 277 899 et
300 862 379 911 suit
405 869 680 910 congregatum
707 859 932 907 concilium,
954 868 989 897 et
1014 859 1070 896 ibi
1095 874 1242 909 magna
1264 860 1343 909 suit
1370 860 1575 898 diversitas
1606 861 1704 898 inter
1729 861 1894 898 Latinos
1914 869 1949 898 et

249 922 398 969 Grecos,
425 921 580 959 tandem
604 934 692 957 cum
717 919 859 968 majori
883 919 1108 969 pertinacia
1138 919 1248 957 Greci
1273 928 1480 958 tenuerunt
1502 928 1653 970 partem
1677 935 1794 970 quam
1818 920 1947 971 primo

243 981 433 1019 tenebant.
469 980 519 1018 Et
552 979 747 1028 allegabat
778 978 984 1016 historiam
1026 978 1279 1029 tripartitam.
1317 979 1371 1017 Et
1411 979 1541 1019 mox2
1577 996 1584 1017 :
1621 980 1815 1018 Similiter
1847 980 1949 1018 dixit

243 1041 343 1091 quod
367 1040 513 1089 jactum
544 1038 792 1089 imperatoris
818 1046 853 1076 et
879 1038 1146 1082 cardinalium
1173 1053 1267 1088 quos
1294 1047 1487 1077 creaverat
1514 1039 1597 1089 ipse
1624 1039 1781 1089 primus
1807 1040 1946 1077 electus

242 1108 276 1137 et
304 1108 428 1137 status
459 1113 592 1136 eorum
622 1106 829 1148 poneretur
860 1097 903 1135 in
934 1098 1067 1146 dubio,
1099 1106 1134 1135 et
1164 1099 1265 1148 quod
1296 1098 1402 1136 istud
1432 1099 1617 1136 dominus
1648 1100 1691 1136 de
1722 1099 1946 1136 Alanconio

243 1160 467 1197 nullatenus
497 1158 738 1205 consentiret,
769 1172 858 1207 ymo
888 1158 1071 1195 clamaret
1101 1172 1220 1208 usque
1250 1158 1302 1196 ad
1329 1157 1486 1196 tertium
1515 1159 1651 1196 celum.
1683 1159 1735 1196 Et
1763 1158 1850 1196 licet
1878 1173 1946 1208 ego

241 1218 324 1256 dixi
349 1218 428 1256 sibi
454 1219 555 1268 quod
580 1218 732 1255 utilitas
756 1211 1062 1255 christianitatis
1086 1217 1204 1255 totius
1228 1225 1262 1255 et
1285 1226 1415 1255 sancte
1441 1218 1578 1255 matris
1603 1218 1774 1256 Ecclesie
1799 1218 1947 1256 deberet

241 1278 387 1316 attendi
413 1278 546 1328 potius
573 1292 690 1327 quam
716 1277 917 1326 privatum
942 1277 1187 1314 commodum
1212 1285 1247 1314 et
1280 1277 1434 1327 affectio
1468 1292 1728 1327 personarum
1762 1277 1941 1327 singula-

241 1338 359 1386 rium,
390 1337 473 1387 ipse
502 1346 630 1375 tamen
658 1336 847 1374 remansit
876 1336 919 1374 in
944 1351 1020 1373 sua
1047 1336 1236 1386 opinione
1264 1337 1365 1387 quod
1393 1337 1545 1374 nolebat
1572 1337 1784 1374 concilium
1812 1337 1944 1387 aliquo

242 1398 363 1436 modo,
408 1397 552 1445 Quoad
593 1396 862 1434 Alenconium
900 1396 979 1434 ista
1019 1397 1211 1445 leguntur
1250 1396 1292 1433 in
1332 1396 1475 1435 eadem
1514 1396 1711 1435 relatione
1755 1396 1943 1435 Roderici

240 1455 467 1495 Bernardi3
501 1472 507 1493 :
542 1456 719 1493 Preterea
762 1455 946 1493 dominus
989 1456 1033 1493 de
1064 1455 1288 1493 Alanconio
1321 1455 1423 1493 dixit
1453 1470 1535 1494 una
1567 1456 1628 1493 die
1659 1456 1763 1494 socio
1797 1470 1878 1494 meo
1900 1464 1943 1493 -et

241 1516 359 1554 michi
382 1516 483 1566 quod
505 1515 752 1553 instabamus
773 1515 884 1564 apud
903 1514 1080 1564 primum
1094 1516 1253 1553 electum
1271 1515 1372 1565 quod
1390 1523 1578 1553 teneretur
1594 1516 1806 1553 concilium
1825 1530 1944 1565 super

241 1575 405 1613 materia
431 1574 629 1612 scismatis
656 1582 690 1612 et
718 1574 938 1612 mirabatur
966 1575 1009 1612 de
1039 1574 1152 1611 nobis
1180 1589 1297 1624 quare
1324 1589 1481 1612 eramus
1508 1575 1667 1613 solliciti
1697 1575 1741 1613 de
1769 1574 1848 1614 hoc.
1879 1575 1968 1612 Ad'

241 1635 347 1672 istud
369 1634 644 1684 respondimus
667 1634 767 1683 quod
786 1633 969 1671 dominus
990 1642 1116 1671 noster
1139 1648 1204 1671 rex
1227 1643 1449 1684 preceperat
1474 1634 1586 1672 nobis
1606 1635 1707 1684 quod
1730 1634 1944 1672 diceremus

240 1694 368 1744 primo
394 1694 518 1741 electe,
546 1694 700 1731 credens
726 1694 827 1743 quod
850 1707 919 1743 per
946 1693 1065 1731 istum
1090 1694 1248 1731 modum
1273 1702 1400 1744 posset
1425 1694 1507 1731 tolli
1532 1694 1688 1732 scisma.
1720 1693 1817 1731 Item
1843 1694 1944 1731 dixit

240 1754 353 1791 nobis
381 1754 481 1803 quod
509 1768 587 1790 non
613 1761 693 1790 erat
720 1752 908 1802 possibile
935 1753 1036 1802 quod
1061 1761 1218 1803 poneret
1244 1761 1389 1791 statum
1414 1768 1534 1790 suum
1560 1762 1594 1791 et
1622 1753 1870 1804 imperatoris
1899 1753 1942 1790 in

240 1813 418 1860 dubium,
451 1821 485 1850 et
516 1813 615 1862 quod
645 1812 800 1862 primus
831 1812 969 1849 electus
998 1812 1197 1861 juraverat
1226 1813 1306 1850 sibi
1338 1813 1439 1862 quod
1469 1827 1674 1863 nunquam
1703 1813 1844 1862 faceret
1874 1827 1942 1850 nec

239 1872 468 1910 consentiret
495 1872 595 1921 quod
621 1879 809 1909 teneretur
836 1871 1047 1909 concilium
1071 1886 1191 1921 super
1219 1872 1291 1909 isto
1319 1872 1481 1921 negotio,
1513 1872 1791 1910 Confirmatur
1828 1872 1940 1910 istud

239 1946 289 1970 ex
319 1932 504 1982 epistola,
539 1945 663 1980 quam
696 1931 889 1978 Joannes,
921 1946 992 1969 rex
1024 1932 1235 1979 Castellae,
1262 1931 1424 1982 scripsit
1450 1931 1501 1969 ad
1525 1932 1723 1970 Karolum
1741 1932 1788 1979 V,
1803 1946 1938 1982 regem

240 1991 502 2038 Francorum,
530 2005 636 2028 anno
663 1990 1044 2038 MCCCLXXVIII,
1072 1990 1134 2029 die
1162 2005 1221 2027 xx
1249 1991 1492 2038 decembris3
1518 1991 1561 2028 in
1587 2005 1667 2041 qua
1687 1991 1745 2029 ait
1770 1991 1935 2030 unicum

238 2050 335 2089 mali
362 2050 478 2088 istius
508 2050 733 2088 remedium
762 2050 839 2087 sibi
867 2049 996 2088 videri
1024 2050 1152 2088 totius
1182 2051 1407 2089 catholicae
1436 2051 1564 2101 plebis
1595 2051 1777 2101 generale
1808 2050 1939 2089 conci-

236 2110 348 2148 lium.
370 2110 499 2147 Extat
516 2110 687 2159 epistola
705 2109 772 2146 illa
789 2109 832 2146 in
849 2109 984 2147 codice
999 2107 1077 2146 842
1096 2109 1367 2148 bibliothecae
1398 2110 1435 2148 S.
1456 2110 1629 2148 Victoris
1658 2110 1893 2148 Parisiensis
1909 2108 1936 2148 4.

292 2169 395 2207 Illud
426 2183 588 2218 quoque
618 2168 788 2206 accedat
816 2168 1137 2216 incommodum,
1170 2169 1280 2219 quod
1308 2169 1365 2207 illi
1396 2170 1619 2208 cardinales
1652 2169 1720 2219 qui
1750 2178 1936 2208 auctores

235 2236 351 2266 erant
384 2228 543 2266 concilii
576 2228 821 2275 celebrandi,
854 2228 895 2265 id
929 2221 1004 2276 est,
1042 2228 1149 2276 Itali,
1183 2229 1381 2267 volebant
1413 2244 1497 2267 esse
1530 2229 1734 2279 praesides
1778 2229 1937 2267 concilii

233 2296 274 2326 et
301 2288 344 2325 in
371 2302 417 2326 eo
446 2302 598 2338 papam
627 2287 770 2337 eligere
798 2301 872 2337 pro
901 2302 974 2325 suo
1003 2287 1185 2327 arbitrio.
1220 2288 1335 2326 Istud
1364 2288 1521 2327 dictum
1545 2288 1667 2326 fuisse
1693 2288 1853 2338 publice
1883 2288 1935 2325 ab

234 2347 401 2385 Urbano
419 2347 461 2384 in
479 2347 623 2385 celebri
643 2355 850 2385 conventu
868 2347 1152 2398 episcoporum
1170 2356 1211 2386 et
1228 2356 1472 2397 magnatum
1490 2361 1597 2385 anno
1616 2347 1933 2395 MCCCLXXX,

231 2407 273 2443 in
302 2406 439 2456 vigilia
470 2406 580 2445 beati
611 2406 782 2444 Joannis
811 2406 1040 2457 Baptistae,
1070 2407 1219 2456 legitur
1247 2407 1289 2444 in
1327 2407 1470 2445 eadem
1499 2406 1695 2445 relatione
1746 2406 1934 2445 Roderici

231 2466 427 2504 Bernardi
466 2466 543 2503 his>
567 2466 700 2503 verbis
719 2465 734 2487 ⁵
767 2482 773 2503 :
807 2466 857 2503 Et
888 2465 930 2503 in
962 2466 1039 2515 fine
1069 2466 1355 2516 propositionis
1385 2466 1539 2503 reduxit
1567 2480 1606 2503 se
1633 2467 1684 2504 ad
1713 2466 1933 2504 cardinales

235 2525 405 2572 Italicos,
427 2525 492 2575 qui
513 2533 622 2562 erant
641 2533 732 2562 tunc
753 2525 795 2562 in
815 2525 894 2562 loco
914 2525 981 2575 qui
1001 2525 1145 2563 dicitur
1164 2526 1353 2571 Adversa,
1375 2525 1441 2575 qui
1461 2534 1570 2563 erant
1589 2526 1773 2563 dominus
1793 2526 1934 2563 Petrus

232 2585 275 2621 de
301 2584 502 2621 Florentia
527 2593 560 2622 et
585 2584 769 2622 dominus
795 2584 935 2622 Simon
960 2584 1177 2622 cardinalis
1203 2585 1532 2632 Mediam-ensis,
1558 2593 1592 2622 et
1617 2585 1717 2622 dixit
1741 2585 1842 2634 quod
1867 2584 1933 2621 isti

233 2658 372 2680 novam
400 2644 567 2693 speciem
596 2643 794 2681 scismatis
822 2641 1054 2691 satagebant
1084 2644 1276 2681 inducere.
1310 2643 1417 2681 Nam
1440 2644 1617 2681 volebant
1645 2652 1678 2681 et
1707 2644 1933 2681 nitebantur

230 2703 391 2739 suadere
418 2703 518 2751 quod
542 2711 730 2740 teneretur
756 2703 967 2740 concilium
994 2703 1062 2740 ubi
1099 2703 1178 2752 ipsi
1204 2711 1329 2740 essent
1362 2703 1600 2752 presidentes
1626 2711 1659 2740 et
1692 2710 1933 2740 assumerent

282 2856 308 2887 l.
341 2855 405 2886 Ms.
437 2856 520 2892 ciffi,
550 2856 612 2888 sol.
644 2856 687 2888 ‘19
718 2860 769 2889 ΥΟ.

280 2909 309 2940 2.
341 2908 405 2940 Ms.
437 2909 519 2943 citt»,
549 2909 610 2941 sol.
643 2909 685 2941 20
715 2914 765 2942 vo.

277 2962 312 2993 3.
340 2961 405 2992 ΜΞ.
436 2962 519 2996 cite,
550 2961 609 2994 sol.
640 2963 684 2994 19
715 2967 764 2995 v0.

277 3014 308 3044 sn.
340 3014 377 3045 13.
407 3014 461 3052 N„
491 3027 553 3046 ms.
580 3014 670 3046 latin
696 3015 824 3055 14643,
850 3015 911 3048 sol.
938 3017 1005 3049 125
1028 3021 1061 3048 1¹0
1083 3022 1116 3048 01
1144 3017 1212 3049 188
1235 3021 1278 3056 r0,
1304 3022 1341 3048 ct
1364 3016 1512 3055 Baluze,
1539 3023 1563 3049 t.
1587 3028 1637 3056 1v,
1663 3028 1697 3059 p.
1724 3016 1788 3048 221
1811 3015 1870 3060 (osi
1892 3016 1928 3049 la

230 3066 315 3096 (Ιιιια
345 3067 486 3097 ‹loma-‹-
519 3079 582 3109 μιιι·
608 3067 638 3099 lc
668 3080 733 3100 nis.
763 3075 799 3100 ct
829 3071 1001 3112 accepteo
1030 3081 1098 3112 par
1123 3069 1260 3102 Baluzc
1289 3081 1309 3101 a
1337 3071 1395 3102 etc
1423 3069 1612 3112 corrigec).

278 3120 307 3150 ἶ).
338 3118 377 3151 Β,
404 3119 458 3158 Ν,
485 3132 546 3152 ms.
571 3120 812 3160 1211i1111745,
836 3122 896 3154 fol.
920 3123 963 3155 ‘18
985 3127 1034 3155 ΥΟ.
