2083 3458
285 217 367 259 620
932 230 1084 256 NOTAE
1118 230 1178 255 AD
1212 230 1340 256 VITAS
1833 214 1984 271 [1097]

286 327 320 357 et
335 316 519 369 exposuit
533 316 614 354 sibi
632 316 734 366 quod
751 315 815 353 ille
831 315 879 352 B.
900 328 979 352 non
995 322 1077 352 erat
1092 329 1202 364 papa
1218 321 1252 351 et
1269 314 1370 365 quod
1385 314 1563 353 Ecclesia
1580 315 1755 362 vacabat,
1773 322 1807 352 et
1826 315 1990 364 rogabat

287 392 373 416 eam
404 377 505 427 quod
529 376 685 414 liaberet
706 374 1062 412 recommendatum
1082 374 1262 411 eumdem
1284 373 1538 412 cardinalem.
1566 375 1649 412 Ista
1669 374 1883 412 retulerunt
1903 381 1991 424 post

290 436 430 474 nuncii
463 434 619 473 domine
652 433 798 483 regine.
836 434 949 471 Tunc
981 432 1121 482 regina
1161 433 1364 483 respondit
1405 433 1485 471 sibi
1521 434 1622 483 quod
1659 434 1827 471 multum
1863 434 1989 483 place-

293 497 385 534 bant
399 494 480 532 sibi
499 494 570 531 illa
587 508 658 544 que
674 493 875 540 audiebat,
893 506 935 530 eo
953 493 1055 543 quod
1069 500 1152 530 erat
1172 492 1378 530 certiorata
1401 507 1471 542 per
1495 492 1610 531 illum
1632 493 1875 531 cardinalem
1892 493 1994 543 quod

290 570 369 593 non
393 562 474 592 erat
500 553 564 591 ille
590 568 700 604 papa
724 561 758 590 et
782 552 962 590 Ecclesia
987 552 1161 590 vacabat.
1193 552 1297 590 Item
1322 551 1365 589 in
1391 552 1646 602 depositione
1672 553 1855 591 Thomae
1881 552 1992 591 Gun-

287 613 447 661 disalvi,
471 612 717 651 thesaurarii
741 611 945 651 Ecclesiae
968 612 1325 662 Compostellanae
1343 611 1475 649 :Item
1499 611 1600 650 dixit
1623 612 1726 662 quod
1745 611 1880 650 statim
1906 619 1995 662 post

288 673 523 712 creationem
549 672 645 711 dicti
671 671 779 710 electi
806 671 946 720 regina
973 670 1245 721 Neapolitana
1271 678 1352 709 erat
1379 671 1547 709 multum
1571 685 1647 709 sua
1671 671 1820 718 amica3
1847 679 1882 709 et
1907 670 1993 721 ipse

290 733 396 771 testis
417 732 518 771 vidit
547 739 676 781 gentes
708 731 765 769 ibi
796 731 919 768 Rome
944 730 1043 769 dicte
1075 730 1222 779 regine,
1258 745 1328 780 que
1362 739 1547 769 venerant
1583 732 1637 769 ad
1667 730 1874 769 servitium
1899 729 1994 768 dicti

288 792 395 830 electi
413 799 547 829 contra
564 799 736 829 castrum
755 790 893 828 Sancti
911 789 1071 839 Angeli.
1091 790 1144 828 Et
1159 798 1247 840 post
1264 798 1338 827 tres
1356 804 1507 827 menses
1524 799 1612 840 post
1628 790 1864 829 creationem
1878 804 1995 828 suam

288 851 444 890 audivit
465 851 567 901 quod
589 850 693 889 dicta
715 849 855 899 regina
876 858 959 888 erat
981 849 1149 887 inimica
1172 849 1266 887 dicti
1288 849 1409 897 electi,
1432 864 1504 899 pro
1526 864 1567 887 eo
1590 850 1693 900 quod
1714 849 1997 899 informaverat

290 926 375 949 eam
393 910 613 949 cardinalis
631 910 676 947 de
700 909 863 947 Ursinis
881 910 983 960 quod
1000 909 1127 947 dictus
1144 909 1285 947 electus
1303 923 1383 946 non
1400 917 1482 947 erat
1508 924 1632 960 papa.
1653 909 1797 947 Frater
1816 909 1995 959 Angelus

290 971 476 1010 minister
542 969 739 1019 generalis
805 968 957 1007 ordinis
1023 968 1199 1007 fratrum
1265 968 1484 1016 Minorum,
1548 969 1827 1019 interrogatus
1887 982 1996 1006 anno

292 1029 610 1076 MCCCLXXX,
639 1029 702 1067 die
729 1043 805 1066 x1x
831 1027 1045 1078 februarii,
1068 1042 1190 1078 super
1215 1027 1427 1066 additione
1455 1043 1545 1066 xxv
1572 1042 1688 1067 casus
1714 1028 1837 1079 primi
1863 1027 1996 1074 electi,

290 1090 332 1128 in
351 1103 431 1139 qua
449 1089 651 1139 scriptum
668 1096 732 1126 est
750 1088 959 1127 Joannam
975 1087 1160 1138 reginam
1177 1087 1351 1138 Apuliae
1369 1088 1561 1126 effectam
1578 1103 1663 1126 esse
1680 1087 1891 1126 inimicam
1908 1086 1996 1137 ejus

293 1149 388 1199 quia
408 1148 485 1186 sibi
503 1156 743 1198 suggestum
762 1147 843 1186 fuit
859 1155 1003 1186 contra
1019 1146 1240 1185 veritatem
1258 1147 1368 1196 quod
1381 1147 1514 1186 dictus
1528 1147 1683 1197 primus
1697 1147 1850 1186 electus
1862 1146 1996 1185 inten-

294 1209 420 1247 debat
441 1221 531 1246 eam
551 1207 716 1258 privare
733 1206 845 1246 dicto
859 1221 999 1257 regno,
1014 1206 1228 1257 respondit
1249 1206 1264 1229 1
1282 1221 1322 1244 se
1339 1206 1439 1245 scire
1457 1206 1589 1257 ipsam
1606 1198 1849 1245 esse'lzostem
1865 1205 1998 1256 publi-

293 1283 380 1306 cam
407 1270 452 1305 et‘
469 1275 648 1317 apertam
677 1266 771 1305 dicti
799 1266 1007 1314 Barensis,
1036 1266 1105 1304 sed
1133 1275 1266 1304 utrum
1293 1280 1339 1304 ea:
1367 1280 1489 1304 causa
1518 1275 1619 1304 tacta
1649 1266 1693 1304 in
1721 1266 1901 1313 articulo,
1931 1265 2000 1303 hoc

294 1328 463 1377 ignorat.
486 1326 658 1365 Audivit
677 1335 807 1364 tamen
828 1326 908 1364 dici
929 1326 1032 1376 quod
1051 1325 1155 1364 dicta
1176 1325 1338 1363 domina
1358 1326 1510 1375 regina,
1532 1333 1743 1376 antequam
1762 1333 1858 1363 esset
1878 1324 1999 1363 hostis

293 1386 457 1437 publica
472 1386 566 1424 dicti
582 1385 789 1434 Barensis,
805 1386 928 1424 voluit
940 1385 1040 1423 scire
1055 1401 1079 1423 a
1094 1386 1253 1423 domino
1272 1385 1419 1423 Jacobo
1435 1386 1479 1423 de
1500 1385 1662 1423 Ursinis
1677 1385 1772 1422 olim
1786 1384 1999 1431 cardinali,

294 1447 504 1497 ipsumque
527 1446 609 1483 vive
633 1445 736 1483 vocis
759 1445 916 1483 oraculo
938 1444 1145 1495 requisivit
1168 1444 1210 1482 in
1233 1453 1357 1482 castro
1380 1444 1467 1493 Ovi,
1492 1444 1561 1482 ubi
1585 1444 1689 1483 dicta
1710 1445 1850 1494 regina
1873 1458 1998 1482 mora-

298 1507 422 1553 batur,
453 1506 663 1556 ipsumque
689 1504 893 1555 adjuravit
919 1504 1029 1542 omni
1057 1505 1169 1542 modo
1194 1503 1276 1542 sibi
1303 1504 1489 1554 possibili
1517 1519 1647 1542 coram
1672 1518 1745 1542 suo
1772 1503 1937 1542 consilio
1963 1502 1999 1540 si

295 1565 487 1603 Barensis
507 1573 590 1603 erat
610 1578 722 1602 verus
742 1579 865 1614 papa.
889 1563 968 1615 Qui
990 1564 1176 1602 dominus
1197 1563 1417 1601 cardinalis
1437 1563 1641 1614 respondit
1658 1563 1739 1601 sibi
1762 1563 1805 1601 in
1827 1563 1903 1612 fide
1916 1577 2002 1613 qua

296 1626 498 1663 tenebatur
514 1624 609 1672 sibi,
630 1633 664 1662 et
681 1623 804 1662 nescit
820 1624 895 1661 sub
914 1623 1060 1674 quibus
1077 1623 1173 1661 aliis
1186 1623 1438 1672 juramentis,
1456 1624 1557 1674 quod
1569 1623 1695 1661 dictus
1710 1622 1903 1661 Bar-ensis
1923 1636 2001 1659 non

295 1693 377 1722 erat
395 1699 517 1734 papa.
539 1684 591 1722 Et
608 1698 654 1722 ea:
672 1691 765 1721 tunc
784 1683 924 1732 regina
942 1691 998 1721 est
1014 1684 1149 1733 effecta
1167 1683 1331 1733 publica
1348 1683 1591 1732 persecutrix·
1608 1682 1774 1733 predicti
1793 1681 1998 1720 Barensis.

298 1745 397 1794 Ejus
420 1743 577 1781 itineris
602 1742 867 1793 Neapolitani
889 1742 942 1780 ad
964 1743 1148 1792 reginam
1170 1742 1424 1781 mentionem
1447 1742 1547 1780 facit
1569 1742 1695 1781 etiam
1717 1742 1759 1779 in
1781 1756 1855 1780 sua
1878 1741 2000 1791 depo·

295 1804 442 1842 sitione
464 1803 643 1841 Thomas
666 1802 880 1854 episcopus
904 1802 1139 1840 Lucerinus.
1164 1801 1219 1839 At
1241 1802 1393 1840 ceteris
1408 1801 1597 1840 omnibus
1618 1801 1867 1840 luculentius
1888 1800 2001 1839 istud

296 1863 508 1913 negotium
533 1861 736 1913 expressit
760 1861 802 1899 in
828 1875 901 1900 sua
929 1861 1184 1912 depositione
1214 1861 1405 1899 Nicolaus
1433 1861 1482 1899 de
1507 1861 1756 1908 Brancaciis,
1784 1859 2001 1899 cardinalis

297 1922 558 1970 Cusentinus,
589 1922 651 1960 his
682 1921 818 1960 verbis
837 1921 851 1943 ²
875 1937 882 1959 :
910 1921 1008 1959 Item
1029 1921 1215 1959 dominus
1236 1920 1456 1958 cardinalis
1477 1922 1521 1958 de
1549 1920 1822 1959 Ursiniscum
1841 1927 1938 1957 esset
1960 1919 2003 1956 in

297 1990 421 2020 castro
447 1996 537 2020 cum
562 1981 658 2019 aliis
684 1980 973 2028 cardinalibus,
1001 1980 1164 2018 dom-'na
1190 1980 1330 2030 regina
1355 1981 1576 2030 confidebat
1594 1980 1711 2018 valde
1737 1980 1781 2017 de
1807 1994 1862 2027 eo,
1889 1987 1923 2016 et
1953 1979 2005 2016 ad

299 2041 599 2091 informandum
620 2054 660 2078 se
681 2041 725 2078 de
749 2040 832 2078 illis
853 2054 924 2090 que
946 2040 1178 2078 dicebantur
1200 2041 1243 2078 de
1267 2040 1333 2077 illo
1355 2040 1527 2078 Barensi
1549 2040 1652 2090 quod
1672 2054 1752 2077 non
1772 2046 1871 2077 esset
1891 2051 2002 2076 verus

298 2116 420 2150 papa.
436 2101 493 2138 Et
511 2100 621 2138 misit
638 2114 710 2150 pro
731 2100 798 2137 illo
816 2099 975 2138 domino
994 2100 1038 2137 de
1063 2099 1240 2147 Ursinis,
1259 2107 1294 2137 et
1313 2099 1397 2149 ipse
1417 2099 1489 2137 ivit
1505 2100 1557 2137 ad
1573 2113 1679 2146 eam;
1698 2107 1734 2136 et
1752 2098 1843 2149 ipsa
1861 2097 2004 2147 recepit

297 2175 387 2198 eum
405 2159 632 2209 honorifice,
652 2159 747 2209 quia
764 2167 846 2197 erat
863 2160 907 2197 de
927 2158 1113 2209 fidelitate
1129 2174 1219 2206 sua,
1238 2167 1273 2196 et
1288 2159 1354 2196 sui
1372 2158 1662 2208 consanguinei
1682 2158 1725 2195 in
1742 2157 1900 2195 servitio
1916 2171 2000 2194 suo.

302 2220 413 2257 Tunc
433 2219 524 2269 ipsa
542 2219 705 2257 domina
722 2218 862 2268 regina
881 2219 924 2256 in
941 2218 1143 2269 presentia
1161 2218 1278 2256 istius
1297 2217 1510 2256 Cusentini
1528 2226 1562 2256 et
1580 2217 1732 2255 domini
1752 2216 1941 2255 Nicholai
1959 2217 2003 2253 de

300 2279 471 2328 Neapoli
501 2278 602 2317 dixit
629 2278 801 2328 predicto
829 2278 1040 2325 cardinali,
1068 2278 1250 2327 faciendo
1279 2277 1518 2327 prefationes
1545 2292 1653 2325 suas,
1682 2276 1786 2314 sicut
1814 2276 1905 2327 ipsa
1930 2275 2003 2313 scit

298 2339 436 2386 facere,
459 2338 561 2387 quod
580 2337 782 2376 dicebatur
800 2337 881 2375 sibi
902 2338 1005 2387 quod
1025 2337 1089 2374 ille
1108 2337 1301 2375 Barensis
1322 2351 1402 2374 non
1420 2345 1502 2374 erat
1521 2351 1645 2386 papa,
1666 2344 1702 2374 et
1721 2336 1823 2386 quod
1840 2335 2005 2385 rogabat

299 2412 388 2434 eum
403 2398 505 2446 quod
519 2397 603 2447 ipse
617 2397 758 2435 diceret
769 2396 850 2434 sibi
866 2397 1076 2434 veritatem.
1092 2396 1144 2435 Et
1159 2396 1243 2446 ipse
1257 2396 1476 2434 cardinalis
1491 2395 1666 2445 firmavit
1677 2396 1752 2433 sub
1764 2395 2001 2444 juramento,

303 2457 479 2498 ponendo
505 2471 670 2494 manum
694 2457 746 2494 ad
768 2464 915 2506 pectus,
942 2456 1044 2506 quod
1068 2470 1150 2493 vere
1175 2470 1254 2493 non
1278 2463 1359 2493 erat
1382 2470 1503 2505 papa.
1531 2455 1582 2492 Et
1606 2454 1745 2504 regina
1774 2455 1878 2492 ultra
1903 2453 2004 2491 illud

300 2516 443 2553 revenit
463 2530 627 2553 manum
646 2515 879 2561 cardinalis,
900 2524 934 2553 et
952 2515 996 2552 in
1014 2530 1089 2553 sua
1109 2529 1231 2553 manu
1253 2514 1427 2564 firmavit
1444 2514 1524 2552 sibi
1544 2513 1764 2551 cardinalis
1782 2521 1817 2551 et
1834 2512 2006 2551 asseruit

301 2575 408 2612 istud
427 2576 528 2624 quod
546 2575 698 2612 dicebat
717 2589 798 2612 esse
817 2589 962 2613 verum.
987 2575 1100 2612 Tunc
1118 2574 1245 2624 aliqui
1265 2574 1444 2611 volebant
1463 2574 1565 2623 quod
1583 2573 1722 2623 regina
1739 2572 2005 2623 supplicasset

302 2634 577 2671 cardinalibus
602 2642 643 2671 ut
665 2634 850 2683 eligerent
875 2634 988 2671 illum
1012 2633 1217 2671 dominum
1244 2633 1438 2671 Jacobum
1463 2633 1506 2670 in
1528 2647 1680 2682 papam
1701 2646 1773 2683 pro
1796 2631 2004 2670 evitatione

303 2693 418 2730 istius
435 2693 646 2731 scismatis
666 2693 775 2731 Nam
791 2694 997 2731 credebant
1013 2694 1115 2743 quod
1132 2693 1186 2730 ita
1206 2693 1297 2730 bene
1313 2693 1505 2730 accederet
1519 2700 1695 2742 papatus
1717 2690 1886 2729 Ytalicis
1902 2690 2004 2728 sicut

309 2752 484 2791 Gallicis.
510 2753 561 2790 Et
584 2752 669 2802 ipse
692 2752 889 2802 refutavit,
912 2753 980 2790 sed
1002 2752 1103 2790 dixit
1126 2752 1227 2802 quod
1248 2751 1454 2800 eligeretur
1476 2751 1610 2801 potius
1633 2750 1818 2789 dominus
1841 2750 2002 2787 Floren-

304 2811 423 2849 tinus.
444 2812 495 2848 Et
510 2812 631 2860 frater
649 2811 801 2849 domini
819 2811 1057 2858 Florentini,
1077 2811 1144 2861 qui
1161 2819 1244 2848 erat
1261 2811 1332 2858 ibi,
1351 2811 1516 2860 rogabat
1532 2811 1641 2848 valde
1660 2809 1780 2847 istum
1797 2808 2004 2847 dominum

304 2870 581 2918 Cusentinum,
600 2871 695 2920 quia
710 2871 920 2908 assistebat
937 2870 979 2907 in
996 2869 1161 2908 consilio
1183 2870 1328 2919 regine,
1355 2871 1456 2920 quod
1470 2870 1613 2918 faceret
1630 2868 1881 2918 diligentiam
1903 2867 2005 2918 quod

302 2930 421 2977 frater
443 2943 540 2966 suus
563 2938 659 2967 esset
680 2945 802 2980 papa,
828 2938 860 2967 et
883 2929 1132 2979 promittebat
1156 2930 1279 2966 multa
1304 2929 1370 2966 isti
1393 2937 1427 2966 et
1449 2928 1556 2968 altis.

358 3060 382 3090 ι.
416 3059 479 3091 MS.
505 3060 586 3100 cite,
612 3061 673 3094 sol.
698 3062 767 3094 184
789 3066 832 3095 ro.

355 3113 384 3143 2.
416 3112 479 3145 MS.
508 3112 590 3152 cite,
616 3114 678 3147 fol.
705 3115 749 3146 42
774 3119 824 3147 vo.
