2083 3458
90 213 244 269 [1151]
619 232 834 256 PAPARUM
870 232 1252 257 AVENIONENSIUM
1698 216 1776 256 671

81 313 268 350 avunculi
286 321 320 351 et
337 313 491 362 cognati
510 314 721 364 honorifice
739 323 968 365 (acceperunt
986 324 1019 353 et
1039 315 1082 352 in
1101 315 1236 352 willam
1256 315 1466 364 magnifice
1484 315 1775 364 percluaeerunt.,

81 372 186 411 Tum
211 372 328 410 addit
352 386 419 410 eos
446 373 616 423 benigne
644 374 805 411 auditos
832 389 916 412 esse
942 388 964 411 a
991 389 1094 423 rege.
1124 374 1202 412 Ubi
1229 374 1391 413 interim
1418 388 1537 423 cogor
1563 374 1776 411 observare

83 445 231 469 nomen
262 431 476 469 cardinalis
509 432 775 471 pictaviensis
809 433 1003 472 omissum
1035 448 1118 471 esse
1150 433 1191 470 in
1222 447 1375 483 nupera
1408 433 1590 471 versione
1636 432 1775 482 gallica

81 489 277 539 ejusdem'
299 489 608 529 continuatoris.
646 492 776 529 Extat
809 492 851 529 in
884 492 1021 530 codice
1055 492 1133 530 813
1174 492 1444 530 bibliothecae
1480 491 1735 530 Colbertinae
1762 490 1775 513 ¹

82 548 252 599 epistola
279 549 402 595 Petri,
427 549 605 599 episcopi
631 550 770 589 Sancti
795 550 944 598 Pontii,
969 551 1120 601 scripta
1146 551 1197 588 ad
1221 551 1490 589 Benedictum
1515 550 1577 588 die
1602 550 1776 600 septima

83 607 232 656 martii,
255 622 358 658 quae
379 608 434 646 sic
454 608 598 659 incipit
621 625 627 646 :
651 609 907 647 Sanctissime
927 610 1057 657 Pater,
1079 610 1140 647 die
1160 610 1330 647 secunda
1350 610 1470 659 hujus
1490 610 1635 647 mensis
1656 609 1776 646 domi-

83 681 158 704 nus
183 667 441 705 Penestrinus
468 667 511 705 in
538 668 679 706 Sancto
705 669 834 706 Paulo
860 683 988 706 coram
1014 683 1099 718 rege
1125 676 1158 706 et
1183 668 1355 706 dominis
1381 668 1548 706 ducibus
1573 668 1777 717 proposuit

80 740 126 763 ex
143 734 251 776 parte
268 726 420 775 collegii
439 726 543 764 viam
561 727 730 766 concilii.
752 728 869 775 Quod
888 727 946 765 ait
966 728 1008 765 in
1024 728 1165 766 Sancto
1180 728 1321 774 Paulo,
1340 727 1451 766 istud
1468 727 1777 776 intelligendum

81 793 143 823 est
160 785 208 823 de
226 785 348 823 domo
364 785 472 834 regia
491 786 706 824 Parisiensi
724 801 826 836 quae
845 787 984 825 Sancti
1002 787 1117 824 Pauli
1135 786 1360 833 dicebatur,
1378 801 1460 823 non
1476 800 1572 824 vero
1590 786 1637 824 de
1655 785 1776 824 eccle-

81 843 139 882 sia
159 844 298 882 Sancti
318 844 445 882 Pauli.
1565 894 1568 897 .

135 903 367 942 Cardinales
394 918 487 953 ergo
512 918 731 954 pervenere
767 904 976 942 Lutetiam
994 904 1009 926 2
1041 904 1158 942 initio
1184 918 1291 942 anno
1314 904 1591 942 MCCCXCIX
1615 903 1775 952 illicque

81 975 264 1001 mansere
284 976 411 1012 usque
431 962 483 1000 ad
503 977 683 1002 mensem
701 963 860 1013 junium
885 972 1118 1011 exeuntem,
1137 963 1177 1000 id
1197 972 1271 1011 est,
1288 977 1415 1012 usque
1431 963 1483 1000 ad
1503 963 1652 1000 festum
1672 962 1775 999 nati-

81 1021 223 1060 vitatis
249 1021 382 1060 sancti
409 1022 579 1060 Joannis
606 1022 832 1072 Baptistae.
863 1023 950 1070 Qua
977 1031 1224 1072 tempestate
1251 1037 1301 1060 ex
1320 1036 1365 1059 ea
1391 1022 1489 1059 urbe
1516 1029 1776 1060 excesserunt

80 1088 121 1118 et
136 1094 271 1131 regem
286 1080 417 1119 secuti
431 1089 529 1119 sunt
544 1081 586 1118 in
602 1082 723 1119 variis
740 1081 953 1120 itineribus
972 1095 1075 1132 quae
1093 1081 1268 1119 confecit
1283 1095 1328 1119 ea
1341 1089 1602 1131 tempestate.
1618 1080 1775 1130 Quippe

81 1154 174 1178 cum
194 1140 428 1190 pestilentia
450 1140 601 1190 ubique
622 1141 663 1178 in
684 1141 744 1179 his
766 1141 996 1190 regionibus
1018 1149 1283 1191 grassaretur,
1313 1148 1617 1189 cessassentque
1638 1139 1774 1177 studia

82 1199 292 1238 doctrinae
317 1199 359 1237 in
384 1199 594 1238 academia
622 1199 851 1246 Parisiensi,
878 1214 923 1238 ac
944 1208 1112 1250 propter
1134 1214 1224 1238 eam
1246 1198 1522 1249 pestilentiam
1550 1212 1620 1237 rex
1648 1198 1774 1236 Karo-

83 1259 142 1296 lus
171 1258 229 1296 VI
257 1272 339 1296 una
367 1272 461 1297 cum
489 1259 739 1309 amplissimo
767 1259 894 1298 totius
924 1260 1040 1297 aulae
1069 1259 1269 1297 comitatu
1299 1258 1556 1296 Pontisaram
1584 1257 1774 1307 primum,

84 1317 227 1356 deinde
264 1317 518 1365 Meduntam,
555 1318 798 1365 Vernonem,
834 1326 875 1356 et
910 1318 962 1356 ad
997 1318 1075 1356 alia
1113 1317 1386 1355 Norma11niae
1422 1317 1508 1355 loca
1544 1316 1775 1354 accessisset

84 1376 277 1415 vitandae
301 1376 558 1427 pestilentiae
584 1391 718 1424 causa,
742 1377 916 1416 tandem
939 1378 1245 1426 Rothomagum
1268 1375 1437 1413 advenit
1461 1375 1523 1413 die
1547 1375 1709 1413 sabbati
1734 1388 1774 1411 x1

84 1435 230 1474 mensis
260 1436 450 1483 octobris,
478 1436 639 1486 illicque
668 1436 819 1474 mansit
847 1451 974 1486 usque
1003 1436 1055 1474 ad
1082 1436 1245 1474 initium
1274 1434 1508 1473 decembris.
1538 1435 1640 1471 Tum
1669 1433 1775 1471 enim

86 1495 243 1533 finitam
260 1510 344 1534 esse
360 1509 451 1534 eam
466 1496 764 1540 mortalitatem
780 1495 883 1534 circa
901 1495 1107 1533 Lutetiam
1124 1503 1302 1533 testatur
1318 1494 1578 1532 continuator
1595 1492 1740 1541 Nangii
1761 1492 1776 1514 3

82 1554 353 1593 bibliothecae
375 1555 645 1602 Colbertinae,
668 1555 855 1604 quamvis
878 1554 1088 1593 duraverit
1107 1569 1178 1604 per
1197 1553 1419 1591 triennium
1440 1553 1481 1589 in
1501 1552 1586 1590 aliis
1608 1550 1775 1601 regioni-

82 1614 169 1651 bus.
196 1614 384 1652 Praestat
407 1614 494 1652 heic
516 1614 662 1652 referre
684 1614 916 1664 principum
938 1622 979 1652 et
1001 1622 1243 1663 magnatum
1267 1612 1444 1659 nomina,
1468 1620 1558 1650 tum
1580 1610 1704 1649 etiam
1727 1624 1776 1647 ex

83 1672 221 1711 ordine
243 1673 527 1720 ecclesiastico,
552 1673 620 1724 qui
643 1687 736 1712 cum
756 1688 846 1723 rege
869 1674 945 1711 hoc
966 1673 1043 1711 iter
1073 1673 1347 1718 confecerunt,
1370 1686 1416 1709 eo
1448 1670 1584 1709 ordine
1608 1683 1687 1719 quo
1709 1669 1774 1705 illa

82 1731 312 1771 invenimus
331 1746 521 1782 expressa
539 1732 581 1770 in
600 1732 735 1771 codice
756 1732 860 1770 1424
885 1732 1155 1770 bibliothecae
1183 1730 1437 1769 Colbertinae
1454 1728 1480 1767 4.
1502 1729 1636 1767 Primo
1654 1727 1776 1777 igitur

82 1790 249 1841 ponitur
271 1805 343 1829 rex
370 1791 558 1838 Karolus,
584 1791 728 1830 deinde
754 1806 825 1829 rex
850 1791 1020 1838 Siciliae,
1046 1790 1231 1841 princeps
1257 1789 1500 1827 Tarentinus
1527 1788 1651 1826 frater
1675 1786 1774 1835 ejus,

82 1850 166 1888 dux
195 1850 509 1898 Aurelianensis,
540 1851 625 1888 dux
653 1850 930 1898 Bituricensis‚
962 1850 1046 1888 dux
1074 1849 1347 1899 Burgundiae,
1379 1848 1463 1885 dux
1491 1845 1774 1891 Borbonensis,

83 1909 226 1947 Petrus
248 1909 296 1948 de
319 1909 517 1956 Navarra,
540 1924 672 1948 comes
696 1909 970 1956 Nivernensis,
993 1909 1194 1946 Antonius
1218 1908 1342 1945 frater
1362 1907 1462 1957 ejus,
1484 1920 1615 1945 comes
1638 1903 1775 1942 Sancti

83 1968 211 2016 Pauli,
238 1982 370 2008 comes
397 1969 623 2019 Augiensis,
650 1983 782 2008 comes
817 1969 1173 2017 d’Eustrebergue,
1201 1981 1332 2005 comes
1360 1965 1562 2004 Marchiae
1586 1972 1627 2002 et
1652 1964 1776 2001 frater

82 2027 182 2077 ejus,
208 2042 339 2067 comes
366 2028 637 2075 Clarimontis,
663 2042 795 2066 comes
820 2028 1113 2073 Tancarvillae,
1139 2040 1270 2065 comes
1290 2025 1563 2075 Longavillae,
1588 2021 1774 2060 dominus

82 2087 130 2124 de
153 2086 342 2134 Labret0‚
367 2087 541 2125 Karolus
563 2087 648 2137 ejus
673 2087 792 2134 filius,
814 2086 1002 2124 dominus
1024 2087 1072 2124 de
1095 2085 1369 2132 Chastillione,
1389 2083 1566 2122 Jacobus
1588 2082 1636 2119 de
1660 2079 1774 2118 Hari-

82 2145 205 2193 curia,
230 2146 403 2188 Karolus
423 2146 471 2184 de
492 2147 632 2193 Barro,
655 2146 787 2184 Guido
807 2145 1048 2196 Dalphinus,
1071 2144 1330 2183 cancellarius
1357 2142 1549 2180 Franciae
1574 2154 1666 2179 cum
1685 2147 1774 2177 toto

82 2218 230 2254 magno
258 2205 438 2252 consilio,
467 2205 687 2252 adnm-alis,
718 2205 920 2255 generales
953 2204 1233 2250 financiarum,
1262 2201 1537 2240 thesaurarius
1569 2198 1773 2237 Franciae.

84 2264 145 2301 Ex
174 2264 313 2303 ordine
342 2264 627 2311 ecclesiastico,
660 2278 911 2302 CARDINALIS
942 2264 1249 2309 PICTAVIENSIS,
1279 2260 1493 2299 cardinalis
1524 2259 1571 2297 de
1601 2258 1774 2305 Tureyo,

81 2322 295 2361 cardinalis
326 2323 374 2361 de
407 2323 588 2370 Saluciis,
618 2323 852 2374 patriarcha
884 2321 1197 2368 Alexandrinus,
1228 2317 1519 2370 archiepiscopi
1552 2316 1774 2355 Rothoma-

82 2381 226 2431 gensis,
256 2382 511 2429 Senonensis,
541 2382 787 2429 Auxitanus,
816 2390 857 2420 et
880 2380 1132 2427 Viennensis,
1155 2378 1332 2430 episcopi
1355 2376 1602 2422 Parisiensis,
1627 2375 1773 2412 Carno-

81 2440 219 2489 tensis,
243 2441 540 2488 Noviomensis,
562 2440 879 2488 Attrebatensis,
901 2439 1175 2485 Lexoviensis,
1198 2437 1424 2483 Meldensis‚
1447 2432 1771 2477 Silvanectensis,

83 2499 363 2547 Pictaviensis,
392 2500 770 2547 Autissiodorensis,
799 2498 1118 2549 Andegavensis,
1147 2496 1360 2546 Aquensis,
1388 2493 1592 2545 Aptensis.

133 2559 252 2597 Anno
275 2559 479 2606 MCCCCI,
502 2559 606 2597 circa
628 2573 807 2597 mensem
828 2556 1224 2608 julium,cardinales
1249 2553 1513 2593 pictaviensis
1536 2560 1576 2590 et
1598 2551 1645 2589 de
1662 2550 1772 2588 Salu-

82 2617 150 2656 ciis
173 2618 381 2656 redierunt
404 2617 657 2656 Avenionem
675 2617 701 2656 5.
728 2617 804 2655 Sed
839 2616 1052 2655 cardinalis
1085 2615 1132 2653 de
1156 2615 1358 2663 Thureyo,
1382 2612 1443 2650 uti
1465 2625 1537 2650 suo
1559 2611 1646 2648 loco
1670 2608 1772 2646 dice-

130 2730 162 2763 1.
183 2730 223 2763 B.
247 2730 304 2769 N.,
333 2741 400 2763 ms.
429 2729 525 2762 latin
550 2729 655 2768 1479,
676 2729 738 2762 fol.
760 2730 805 2762 36
823 2733 867 2761 r0.
887 2747 936 2750 —
953 2728 1006 2760 La
1024 2728 1135 2760 lettre
1154 2732 1212 2759 est
1231 2726 1340 2758 datee
1360 2725 1410 2757 du
1428 2724 1472 2756 17
1492 2734 1590 2755 mars
1610 2721 1715 2759 1402,
1735 2725 1772 2752 et

81 2795 157 2816 non
177 2783 226 2816 du
245 2784 264 2816 7
285 2794 384 2815 mars
404 2783 509 2816 1399.
532 2782 570 2815 F.
592 2782 702 2814 Ehrle
721 2782 770 2814 l'a
788 2781 983 2825 imprimee
1004 2781 1096 2812 dans
1116 2779 1253 2812 Archiv
1275 2778 1313 2821 (t.
1336 2789 1397 2816 vn,
1419 2788 1453 2820 p.
1476 2774 1660 2817 204-208).

132 2837 163 2869 2.
188 2836 235 2868 Ils
256 2835 401 2869 etaient
421 2836 441 2867 a
463 2834 566 2868 Paris
586 2846 632 2867 en
651 2834 799 2878 janvier
822 2833 973 2877 (Valois‚
995 2844 1052 2876 op.
1075 2833 1146 2871 cit„
1168 2838 1194 2865 t.
1215 2843 1266 2870 111,
1288 2842 1323 2874 p.
1347 2828 1532 2871 209—210).

130 2889 163 2922 3.
184 2889 391 2932 Bellaguet‚
413 2894 439 2921 t.
459 2900 495 2927 11,
517 2899 551 2931 p.
573 2888 653 2921 697.

129 2942 162 2975 4.
182 2942 223 2974 Β.
246 2941 302 2982 Ν.,
322 2953 389 2974 1115.
410 2940 571 2982 francais
589 2940 694 2980 5391,
714 2940 775 2973 fol.
796 2940 840 2972 65
859 2944 899 2971 v⁰
914 2958 962 2961 —
979 2939 1023 2972 66
1040 2943 1083 2971 r0.

131 2996 163 3028 5.
193 2994 350 3038 D’apres
385 2993 526 3026 Martin
559 2993 762 3036 d'Alpartil
799 2992 868 3034 (ed.
899 2992 936 3024 F.
968 2991 1089 3030 Ehrle,
1117 3002 1152 3033 p.
1180 2989 1262 3031 114)
1291 2989 1371 3021 leur
1394 2993 1524 3020 retour
1547 2992 1613 3019 eut
1636 2985 1709 3018 lieu
1727 2996 1771 3017 en

81 3047 230 3091 janvier
257 3047 362 3079 1401.
392 3040 441 3069 ‘—
466 3046 537 3079 Sur
564 3046 614 3078 les
645 3045 817 3078 missions
846 3044 1019 3087 remplies
1048 3055 1116 3087 par
1145 3042 1216 3075 Gui
1246 3043 1288 3074 de
1319 3041 1506 3080 Malessct,
1530 3039 1611 3072 voir
1637 3038 1774 3071 Archiv

85 3100 126 3143 (t.
153 3112 215 3140 vn,
241 3112 275 3144 p.
303 3100 384 3139 247,
410 3105 498 3132 note
523 3098 572 3142 4).
