2083 3458
63 253 195 308 1334]
560 269 777 295 PAPARUM
812 269 1196 296 AVENIONENSIUM
1680 256 1764 297 849

63 366 189 403 quam
224 351 365 402 reponi
402 360 541 402 posset
576 352 720 392 eodem
755 351 870 392 illum
905 352 1027 392 modo
1063 353 1174 402 loqui
1211 354 1259 391 de
1288 353 1466 392 Martino
1495 355 1542 392 de
1572 355 1692 393 Salva
1715 364 1764 393 ‘et

63 411 275 450 Bonifacio
303 411 351 449 de
377 411 609 459 Amanaffls,
629 411 698 461 qui
720 419 819 449 tunc
842 420 959 449 erant
982 411 1218 450 cardinales.
1244 412 1306 450 Ex
1328 427 1408 463 quo
1426 413 1608 451 fortassis
1633 414 1763 464 colligi

63 479 203 521 posset
228 470 358 518 illum,
383 479 491 508 sorte
517 485 589 508 sua
615 479 872 517 contentum,
897 471 1005 509 hunc
1030 471 1193 509 honoris
1218 472 1389 521 gradum
1411 472 1623 522 respuisse,
1644 482 1690 511 ut
1715 473 1762 511 de

63 544 109 568 eo
140 544 233 568 vere
257 529 336 568 dici
357 529 487 579 possit
513 529 620 579 quod
645 529 792 579 legitur
813 530 854 567 in
878 529 1088 579 epitaphio
1111 530 1295 579 ejusdem
1314 531 1564 569 Bellamerae
1594 548 1600 569 :
1626 531 1767 570 Noluit

63 597 98 626 et
122 589 249 639 potuit
274 603 435 626 romano
461 589 620 626 cardine
644 589 775 638 fungi.
804 589 976 626 Addunt
1002 589 1256 627 Contelorius
1295 590 1348 641 [p.
1371 590 1462 640 185]
1483 599 1523 628 et
1566 591 1762 629 Oldoinus

68 648 115 697 [t.
141 663 183 695 11,
212 648 286 686 eol.
315 647 408 697 C83]
439 647 553 687 illum
581 647 702 686 fuisse
731 647 968 698 episcopum
995 648 1273 687 Tusculanum
1291 649 1319 696 1,
1346 649 1440 699 quia
1475 664 1568 689 eum
1596 650 1765 688 confun-

66 707 220 745 debant
258 722 329 758 per
366 721 542 745 errorem
581 721 673 745 cum
714 708 872 745 Joanne
912 707 959 744 de
1000 707 1191 757 Grangia‚
1235 708 1439 746 cardinale
1483 709 1761 748 Ambianensi.

67 767 187 804 Errat
207 766 307 805 item
326 765 536 804 Ciaconius
558 766 737 804 scribens
758 766 871 803 illum
893 781 976 803 esse
998 767 1207 816 sepultum
1227 767 1268 804 in
1288 767 1453 805 ecclesia
1474 768 1761 806 Avenionensi.

120 825 220 863 Erat
243 825 305 863 ille
332 826 485 864 Romae
511 839 618 863 anno
642 825 1025 873 MCCCLXXVIII,
1051 825 1216 875 quando
1239 826 1429 865 Urbanus
1448 826 1502 864 VI
1532 829 1682 866 electus
1703 836 1764 865 est

63 899 170 935 papa
194 900 265 935 per
288 885 373 922 vim
395 893 436 922 et
459 885 692 934 potentiam
719 885 1014 931 Romanorum,
1038 893 1086 922 ut
1118 893 1298 923 testatur
1329 885 1370 922 in
1402 900 1474 923 sua
1509 886 1762 936 depositione

65 945 243 982 Joannes
277 944 404 981 abbas
439 943 579 982 Sancti
614 943 758 981 Isidori
793 943 1059 994 Hispalensis.
1097 943 1142 981 In
1173 958 1271 982 casu
1302 959 1398 982 vero
1430 945 1599 983 secundi
1631 946 1762 989 electi,

64 1017 152 1054 cap.
177 1018 241 1050 cn,
263 1003 513 1041 adnotatum
534 1011 596 1040 est
615 1002 628 1025 2
651 1003 712 1040 die
735 1011 882 1041 octava
904 1002 1053 1042 mensis
1075 1002 1212 1053 aprilis
1233 1003 1361 1041 talem
1381 1018 1427 1049 ac
1452 1012 1619 1041 tantum
1642 1004 1762 1042 fuisse

63 1077 269 1102 rumorem
316 1071 356 1100 et
403 1063 692 1101 vehementem
740 1061 1073 1109 commotionem,
1123 1061 1428 1110 dissentionem,
1477 1071 1517 1101 et
1564 1063 1765 1101 insultum

63 1121 104 1159 in
123 1122 221 1160 urbe
247 1122 433 1158 Romana
455 1122 555 1171 quod
574 1121 646 1158 alii
668 1121 953 1159 ultramontani
974 1121 1050 1158 viri
1070 1129 1288 1159 constantes
1309 1122 1524 1159 timuerunt
1543 1131 1577 1159 et
1597 1123 1761 1160 credide-

63 1189 155 1218 runt
175 1181 288 1227 mori,
308 1189 465 1230 propter
485 1181 586 1230 quod
605 1180 718 1218 multi
738 1180 894 1230 prelati,
917 1180 1016 1217 inter
1036 1194 1130 1229 quos
1147 1181 1227 1229 snit
1247 1181 1569 1230 archiepiscopus
1589 1182 1761 1219 Eraclia-

63 1240 189 1277 rensis
211 1248 245 1277 et
265 1240 475 1290 episcopus
498 1239 800 1286 Ambianensis‚
823 1247 857 1276 et
879 1239 992 1276 multi
1015 1239 1088 1276 alii
1109 1240 1298 1288 sugerunt
1318 1248 1425 1277 extra
1453 1241 1609 1278 Urbem.
1636 1241 1764 1291 Super

63 1314 144 1349 quo
176 1299 452 1349 interrogatus
486 1299 654 1337 Sancius
687 1298 997 1336 archidiaconus
1031 1298 1078 1336 de
1105 1298 1251 1336 Guiart
1282 1298 1323 1335 in
1356 1299 1533 1337 Ecclesia
1561 1300 1762 1350 Pampilo-

63 1358 177 1397 nensi
206 1358 311 1396 dixit
339 1373 378 1396 se
408 1358 568 1396 credere
598 1359 698 1407 quod
726 1357 1010 1395 ultramontani
1039 1357 1105 1407 qui
1135 1358 1191 1395 ibi
1219 1358 1377 1395 stabant
1402 1358 1520 1396 ctiam
1548 1359 1764 1396 timuerunt

65 1417 188 1455 incidi
208 1432 277 1468 per
295 1417 438 1466 frusta,
460 1426 494 1454 et
513 1417 668 1454 audivit
687 1418 787 1466 quod
808 1417 921 1454 multi
940 1417 1129 1466 sugerunt
1149 1417 1192 1454 cle
1212 1417 1352 1463 Roma,
1373 1417 1596 1467 specialiter
1615 1418 1761 1467 episco-

63 1491 139 1527 pus
157 1477 458 1514 Ambianensis.
483 1476 597 1516 Idem
613 1484 794 1513 testatur
812 1475 1046 1513 Bonifacius
1067 1476 1115 1513 de
1136 1475 1351 1515 Amanatis
1372 1476 1411 1513 in
1430 1476 1760 1526 responsionibus

62 1535 143 1574 suis
166 1536 218 1573 ad
240 1535 433 1574 articulos
458 1550 573 1574 casus
596 1535 717 1585 primi
739 1534 869 1573 electi.

119 1595 218 1645 Ejus
239 1604 386 1633 extant
406 1595 447 1632 in
468 1594 604 1633 codice
622 1593 700 1631 814
719 1594 992 1632 bibliothecae
1013 1593 1270 1632 Colbertinae
1287 1593 1302 1615 ³
1321 1594 1495 1644 allegata
1516 1609 1650 1633 corani
1671 1610 1760 1644 rege

65 1655 264 1692 Castellae
284 1669 358 1705 pro
379 1654 545 1693 domino
566 1654 773 1692 Clemente
794 1653 835 1690 in
855 1653 966 1691 sacto
985 1653 1237 1691 schismatis:
1254 1653 1392 1691 Fuisse
1412 1668 1531 1703 porro
1552 1654 1762 1692 doctorem

63 1713 313 1751 Tolosanum
328 1721 369 1751 et
384 1713 545 1764 publice
562 1713 602 1750 in
618 1712 829 1751 academia
847 1711 1129 1750 Aurelianensi
1144 1712 1462 1762 interpretatum
1480 1728 1563 1751 esse
1579 1713 1709 1762 legem
1724 1713 1760 1759 2,

63 1772 104 1810 ss'.
136 1773 312 1823 Quorum
339 1772 452 1819 bona,
473 1772 592 1809 docet
612 1771 803 1821 Aegidius
823 1772 1064 1818 Bellamera,
1084 1771 1124 1808 in
1143 1785 1230 1822 cap.
1255 1772 1472 1821 Querelam,
1489 1772 1547 1809 De
1569 1772 1761 1809 electione.

67 1832 123 1870 De
143 1832 289 1870 eodem
308 1832 400 1870 vide
422 1846 527 1881 quae
548 1831 756 1878 dicuntur,
776 1845 897 1881 supra
918 1845 958 1881 p.
980 1830 1094 1869 1091.

91 1891 134 1929 P.
155 1891 244 1938 493,
264 1891 330 1940 lig.
352 1891 388 1929 6.
407 1891 568 1929 BERTR.
591 1905 647 1928 DE
668 1891 889 1929 CHANACO.
911 1890 1042 1940 Supra
1061 1904 1101 1940 p.
1124 1889 1224 1928 1086
1245 1889 1401 1928 dictum
1428 1898 1489 1928 est
1508 1890 1615 1927 hunc
1636 1890 1762 1928 caidi-

64 1950 199 1990 nalem
222 1950 344 1988 fuisse
370 1949 499 1988 filium
523 1949 721 1988 Guidonis
746 1949 793 1987 de
818 1950 1022 1996 Chanaco,
1045 1948 1192 1987 nobilis
1215 1949 1263 1987 de
1287 1949 1480 1987 Alassaco
1502 1957 1544 1986 et
1569 1949 1762 1987 Isabellae

64 2009 112 2047 de
144 2009 283 2047 Monte
314 2009 523 2059 Berulphi.

119 2068 316 2116 Quamvis
354 2077 495 2107 autem
532 2076 696 2105 constet
732 2067 847 2105 illum
884 2082 968 2105 6556
1007 2075 1144 2106 ortum
1181 2081 1200 2104 e
1239 2075 1357 2116 gente
1395 2067 1679 2106 Chanacorum
1716 2066 1763 2103 de

65 2127 275 2175 Alassaco‚
296 2141 378 2165 non
398 2127 563 2165 videtur
582 2135 725 2166 tamen
744 2134 866 2164 natus
888 2141 972 2164 esse
993 2126 1034 2163 in
1054 2140 1100 2164 60
1120 2126 1222 2172 loco,
1243 2126 1313 2163 sed
1332 2125 1374 2163 in
1393 2125 1472 2163 alio
1493 2125 1688 2175 quopiam
1713 2126 1765 2162 ad

66 2200 158 2226 eam
185 2195 350 2236 gentem
374 2185 607 2237 pertinente
635 2185 705 2235 qui
731 2194 836 2223 esset
862 2185 903 2222 in
930 2184 1104 2223 dioecesi
1130 2184 1352 2222 Tutelensi.
1382 2184 1540 2234 Quippe
1566 2185 1606 2221 in
1628 2184 1763 2222 codice

66 2243 140 2283 756
162 2245 436 2284 bibliothecae
458 2245 716 2283 Colbertinae
733 2244 748 2267 4
763 2252 910 2282 extant
929 2251 1020 2281 acta
1040 2243 1245 2293 quaedam
1265 2243 1451 2282 confecta
1469 2244 1579 2293 apud
1599 2243 1763 2282 Villam-

65 2319 217 2344 novam
240 2304 536 2342 Avenionensis
561 2303 754 2342 dioecesis
777 2317 885 2341 anno
910 2303 1201 2350 MCCCXLIV,
1226 2302 1288 2340 die
1310 2302 1456 2341 ultima
1481 2302 1584 2351 julii,
1617 2302 1763 2352 quibus

64 2363 254 2402 interfuit
279 2363 533 2402 Bertrandus
561 2363 609 2401 de
637 2363 871 2409 Channaco,
899 2361 1065 2400 clericus
1093 2375 1277 2401 camerae
1305 2361 1460 2400 domini
1485 2375 1630 2412 papae,
1657 2369 1698 2398 et
1723 2360 1762 2397 in

65 2422 367 2472 subscriptione
389 2422 474 2472 ipse
496 2437 536 2460 se
560 2422 680 2460 docet
703 2421 923 2459 oriundum
944 2435 1028 2459 esse
1051 2435 1069 2458 e
1093 2420 1267 2458 dioecesi
1289 2420 1510 2458 Tutelensi.
1534 2420 1603 2457 Ait
1624 2420 1731 2457 enim
1756 2436 1764 2457 :

63 2482 114 2519 Et
130 2496 198 2531 ego
217 2482 462 2519 Bertrandus
480 2482 524 2518 de
543 2478 722 2518 Chen'aco
743 2480 979 2518 Tutellensis
999 2479 1178 2527 diocesis,
1196 2487 1274 2517 ete.

119 2541 256 2578 Prima
285 2541 372 2590 ejus
403 2540 558 2579 mentio
590 2540 766 2577 habetur
794 2539 835 2576 in
865 2539 976 2576 Actis
1005 2537 1287 2576 submissionis
1318 2538 1451 2575 factae
1482 2537 1679 2576 Clementi
1709 2537 1765 2574 VI

65 2613 173 2637 anno
194 2599 472 2637 MCCCXLIV
491 2613 562 2649 per
589 2598 866 2636 Humheitum
895 2597 1135 2647 delphinum
1155 2596 1427 2635 Viennensem
1449 2604 1489 2634 et
1515 2596 1612 2634 alios
1634 2596 1766 2633 Ludo-

64 2658 144 2696 vici
176 2659 229 2696 IV
259 2657 517 2708 imperatoris
547 2658 717 2707 legatos,
746 2656 818 2694 ubi
845 2664 1020 2694 vocatur
1048 2655 1213 2694 clericus
1243 2668 1427 2693 camerae
1455 2654 1611 2692 demini
1637 2654 1768 2692 nostri

62 2731 209 2768 papae,
236 2717 330 2754 vide
358 2716 428 2754 lib.
460 2717 497 2753 Il
527 2716 878 2754 Miscellaneorum
904 2724 1137 2762 nostrorum,
1163 2729 1203 2765 p.
1231 2714 1320 2752 284.

118 2777 275 2814 Eodem
293 2790 416 2822 anno,
436 2775 498 2813 die
516 2775 664 2813 ultima
682 2774 787 2824 julii,
804 2773 994 2812 interfuit
1010 2782 1058 2811 ut
1074 2773 1191 2811 testis
1210 2781 1251 2811 et
1268 2772 1452 2810 notarius
1470 2772 1580 2822 apud
1599 2772 1765 2810 Villam-

112 2926 144 2958 1.
178 2926 337 2968 D’apres
359 2925 478 2958 Eubel
502 2925 571 2968 (op.
592 2927 663 2963 cit.⁷
685 2930 754 2964 t.1‚
775 2936 810 2967 p.
831 2924 889 2967 39>
912 2923 1011 2956 ι16311
1032 2922 1180 2955 Roland
1201 2924 1258 2956 l'ut
1271 2922 1455 2955 transfere
1468 2933 1532 2954 sur
1548 2920 1580 2952 le
1599 2920 1694 2963 siege
1716 2920 1762 2951 de

64 2978 271 3011 Tusculum
292 2990 338 3011 en
360 2979 466 3017 1385,
490 2978 588 3010 Jean
610 2978 654 3010 de
677 2977 873 3020 Lagrange
897 2987 1041 3019 occupa
1064 2988 1102 3008 ce
1124 2977 1246 3009 meme
1267 2975 1364 3018 siege
1387 2986 1432 3007 en
1453 2974 1558 3007 1394.

113 3032 144 3064 2.
175 3031 215 3064 B.
242 3031 299 3071 N.,
322 3043 390 3064 ms.
412 3031 508 3063 latin
530 3030 659 3069 11745,
682 3030 744 3062 sol.
770 3030 834 3062 231
858 3034 902 3063 ΓΟ.
1301 3053 1304 3055 -

110 3085 142 3117 3.
173 3084 213 3117 B.
237 3084 294 3123 N.‚
315 3096 382 3117 ms.
404 3084 499 3116 latin
518 3083 623 3123 1469,
644 3083 706 3115 fol.
727 3083 772 3115 94
791 3082 889 3115 r0-99
909 3086 966 3122 v⁰;
988 3081 1069 3114 voir
1089 3082 1132 3115 N.
1153 3081 1280 3114 Valois
1304 3081 1466 3129 (ομιεὶτη
1488 3085 1513 3112 t.
1532 3091 1570 3119 11,
1590 3090 1625 3113 D.
1645 3078 1743 3122 206).

114 3138 145 3170 4.
176 3137 216 3170 B.
244 3137 301 3177 N„
325 3148 392 3170 ms,
417 3136 511 3169 latin
535 3136 639 3175 4115,
663 3136 725 3168 sol.
750 3135 819 3169 115
842 3140 893 3169 νο.
