2083 3458
116 251 241 306 [826]
645 268 860 292 PAPARUM
898 265 1280 293 AVENJONENSIUM
1722 248 1803 289 331

105 350 273 400 quidem
303 350 414 388 misit
445 351 581 400 quoad
612 351 690 388 alia
721 352 822 399 loca,
855 352 1009 389 nullam
1041 352 1176 401 quoad
1209 350 1400 389 comitem
1433 349 1665 388 Novalium.
1702 349 1807 387 Hinc

89 409 351 462 ‘confirmata
376 409 417 447 in
442 409 579 447 animo
605 423 694 447 meo
720 418 781 447 est
806 410 925 449 lectio
951 424 1075 459 quam
1096 410 1293 448 exhibent
1313 409 1512 447 editiones
1536 408 1742 457 Raynaldi
1767 415 1807 446 et

109 468 389 518 papebrochii.
411 467 488 506 Sed
508 468 703 506 adversus
723 469 827 506 hanc
846 469 1063 507 lectionem
1083 470 1233 518 opponi
1252 476 1391 518 potest
1410 468 1633 505 auctoritas
1652 466 1808 511 Bzovii,

108 527 176 580 qui
198 541 263 565 an.
289 526 402 574 1334,
433 526 449 575 ξ
471 527 507 574 4,
532 527 580 565 de
603 541 648 565 ea
670 542 711 564 re
734 541 855 576 agens
879 528 937 565 ait
960 527 1182 565 cardinales
1206 542 1228 565 a
1252 528 1399 565 comite
1424 526 1619 573 Monasio,
1644 526 1712 575 qui
1735 540 1808 576 pro

106 600 196 635 rege
235 586 416 624 Roberto
451 585 706 635 provinciam
744 586 1050 625 Narbonensem
1087 600 1179 624 cum
1213 586 1383 636 imperio
1419 585 1599 634 regebat,
1633 585 1809 622 reclusos

109 644 230 683 fuisse
251 644 305 694 ¹in
337 645 586 682 monasterio
620 644 967 683 praedicatorum.
1005 645 1122 693 Quod
1157 644 1397 683 confirmare
1432 644 1595 682 videtur
1629 644 1809 681 Joannes

108 703 319 751 Villanius,
342 703 410 741 lib.
432 702 507 750 XI,
530 717 617 753 cap.
636 703 952 752 xx1[Muratori,
976 712 1004 742 t.
1029 718 1113 752 xm,
1135 704 1207 741 col.
1227 702 1330 752 766],
1348 703 1524 741 scribens
1545 702 1633 740 illos
1655 702 1696 739 in
1717 716 1809 740 con-

109 762 213 800 clavi
245 762 420 800 inclusos
453 776 523 812 per
554 762 849 801 seneschallum
883 762 1052 801 Roberti
1083 763 1185 812 regis
1217 762 1259 800 in
1291 761 1518 800 Provincia.
1554 762 1639 811 Ego
1670 769 1812 799 tamen

110 821 370 859 nihilominus
401 821 556 859 retineo
584 820 801 859 lectionem
832 821 979 859 codicis
1011 821 1213 868 Vaticani,
1244 822 1483 871 praesertim
1513 834 1605 858 cum
1634 819 1810 857 Bzovius

108 888 319 918 auctorem
338 879 445 918 illius
466 879 660 918 historiae
681 880 839 918 nullum
860 880 1023 926 referat,
1046 880 1207 918 aberret
1228 888 1368 917 autem
1390 879 1430 917 in
1451 880 1539 917 loco
1561 879 1602 916 in
1624 893 1704 928 quo
1728 893 1811 917 car-

110 938 263 977 dinales
282 938 425 977 inclusi
445 938 623 976 fuerunt.
646 938 699 975 Et
717 952 812 976 sane
834 938 918 976 fieri
938 938 1052 976 facile
1071 940 1209 988 potuit
1227 947 1273 976 ut
1291 947 1331 976 et
1349 938 1621 976 seneschallus
1642 937 1811 975 Roberti

111 1006 151 1036 et
180 1011 312 1036 comes
344 997 540 1035 Novalius
569 1011 658 1035 eam
687 1011 827 1035 curam
854 997 1119 1047 susceperint,
1148 997 1419 1035 seneschallus
1448 997 1696 1034 auctoritate
1725 995 1811 1046 ejus

110 1055 302 1107 principis
325 1057 377 1094 ad
400 1071 521 1106 quem
542 1056 778 1107 pertinebat
800 1056 944 1094 civitas
968 1056 1275 1104 Avenionensis,
1299 1057 1401 1094 alter
1423 1064 1469 1092 ut
1490 1063 1622 1093 rector
1644 1056 1814 1093 comita-

112 1123 177 1153 tus
213 1115 452 1164 Veneyssini
487 1123 560 1153 aut
595 1115 884 1153 mareschallus
920 1115 1053 1153 curiae
1091 1115 1314 1153 Romanae.
1352 1115 1547 1153 Solebant
1581 1114 1689 1153 enim
1723 1122 1814 1151 tum

114 1174 289 1213 Romani
313 1174 533 1212 Pontifices
556 1175 628 1212 has
651 1174 872 1224 dignitates
895 1174 1143 1212 demandare
1166 1174 1266 1212 caris
1289 1174 1382 1222 suis,
1406 1182 1453 1211 ut
1474 1173 1657 1224 pluribus
1680 1187 1814 1211 exem-

110 1233 186 1283 plis
206 1233 477 1272 demonstrari
496 1241 645 1283 potest.
664 1233 726 1271 Sic
744 1233 1015 1282 Raymundus
1033 1232 1235 1270 Guillelmi
1252 1232 1440 1270 dominus
1460 1232 1508 1270 de
1522 1232 1674 1280 Budos,
1690 1245 1815 1282 nepos

112 1292 330 1330 Clementis
354 1292 400 1341 V,
425 1292 503 1330 fuit
525 1292 576 1330 ab
599 1307 645 1330 eo
668 1293 919 1331 constitutus
942 1300 1074 1330 rector
1097 1293 1317 1330 comitatus
1336 1291 1590 1340 Veneyssini‚
1610 1299 1657 1328 ut
1679 1304 1814 1341 supra,

111 1365 150 1401 p.
181 1350 269 1399 620,
299 1351 548 1389 adnotatum
576 1359 649 1389 est.
681 1351 743 1389 Sic
773 1351 976 1389 Arnaldus
1006 1351 1053 1388 de
1083 1350 1274 1398 Trianno,
1306 1350 1593 1388 mareschallus
1622 1358 1663 1388 et
1691 1363 1816 1399 nepos

114 1410 285 1448 Joannis
320 1410 461 1457 XXII,
494 1419 581 1448 erat
612 1418 744 1448 rector
776 1411 996 1448 comitatus
1029 1409 1269 1458 Veneyssini
1300 1424 1407 1447 anno
1439 1408 1738 1455 MCCCXXIV,
1770 1416 1818 1445 ut

113 1469 232 1508 docet
253 1469 354 1508 liber
375 1470 543 1508 Arnaldi
567 1469 786 1508 Camerarii
805 1469 831 1508 ¹.
858 1469 1074 1518 Hugonem
1096 1469 1144 1507 de
1169 1469 1299 1518 Rupe,
1323 1469 1390 1517 qui
1417 1467 1665 1518 Dalphinam
1689 1467 1817 1516 Roge-

112 1528 214 1566 riam
232 1536 399 1578 neptem
415 1542 546 1578 papae
565 1528 783 1566 Clementis
802 1528 859 1565 VI
877 1528 1058 1566 habebat
1076 1542 1258 1576 uxorem,
1279 1528 1400 1565 fuisse
1418 1535 1617 1565 rectorem
1635 1526 1817 1576 ejusdem

113 1587 334 1626 comitatus
363 1596 404 1625 et
432 1588 745 1626 mareschallum
769 1587 902 1625 curiae
928 1587 1138 1625 Romanae
1163 1587 1424 1625 ostendemus
1452 1586 1574 1636 paulo
1601 1585 1719 1632 infra,
1749 1584 1818 1622 ubi

115 1646 332 1684 Clementis
358 1646 414 1684 VI
437 1646 715 1696 genealogiam
737 1646 1031 1685 enarrabimus.
1056 1646 1133 1684 Sed
1159 1645 1267 1684 dicet
1290 1645 1436 1694 aliquis
1460 1652 1623 1694 gentem
1642 1643 1818 1681 Noallio—

114 1719 205 1744 rum
240 1705 425 1743 nondum
461 1705 581 1744 fuisse
617 1705 856 1755 insignitam
892 1705 1013 1743 titulo
1050 1706 1285 1751 comitatus,
1322 1706 1506 1754 adeoque
1542 1703 1819 1742 narrationem

114 1764 228 1802 illam
246 1764 384 1802 referri
405 1765 456 1802 ad
477 1778 567 1803 eam
588 1772 752 1814 gentem
771 1779 853 1802 non
872 1778 1002 1814 posse.
1022 1764 1125 1802 Sane
1146 1772 1193 1801 ut
1213 1778 1356 1802 verum
1376 1772 1438 1801 est
1460 1762 1638 1801 Noallios
1659 1770 1819 1800 nostros

116 1837 197 1860 non
231 1823 353 1861 fuisse
388 1831 478 1861 tum
512 1823 642 1861 dictos
677 1824 859 1871 comites,
895 1823 952 1861 ita
987 1823 1123 1872 negari
1158 1837 1240 1860 non
1272 1831 1411 1873 potest
1445 1821 1543 1871 quin
1576 1822 1653 1859 iste
1687 1836 1819 1860 comes

116 1881 249 1920 dictus
270 1881 405 1930 fuerit,
423 1882 455 1920 si
471 1883 593 1920 modo
612 1882 691 1921 fuit
710 1890 842 1920 rector
862 1883 1083 1920 comitatus
1104 1881 1356 1931 Veynessini.
1379 1881 1485 1919 Nam
1503 1889 1604 1927 tum,
1622 1888 1669 1918 ut
1689 1881 1821 1919 obser·

117 1941 233 1978 vavit
251 1941 543 1980 Bonaventura
564 1941 755 1991 Angelius
776 1941 816 1979 in
836 1941 1018 1979 Historia
1037 1941 1260 1989 Parmensi,
1282 1949 1322 1978 et
1341 1940 1504 1978 aliunde
1525 1940 1664 1978 multis
1689 1953 1822 1978 exem-

116 1999 192 2050 plis
213 2000 373 2038 ostendi
392 2008 543 2050 potest,
567 2000 635 2050 qui
655 2008 783 2039 terras
803 2001 855 2038 ad
874 2001 1105 2039 Romanam
1121 2000 1346 2038 Ecclesiam
1360 1999 1610 2049 pertinentes
1626 1999 1823 2048 regebant

116 2058 280 2097 nomine
305 2073 559 2097 summorum
583 2059 847 2107 Pontificum,
873 2060 1040 2098 comites
1066 2059 1320 2098 dicebantur.
1349 2059 1407 2096 Ea
1430 2072 1550 2108 porro
1574 2065 1821 2107 tempestate

117 2126 163 2155 ut
193 2117 294 2155 illud
326 2132 487 2168 quoque
519 2118 734 2166 addamus,
767 2118 1021 2156 Noalliarum
1061 2118 1249 2156 dominus
1289 2126 1377 2155 erat
1408 2117 1660 2163 Guillelmus,
1702 2129 1821 2166 quem

117 2191 227 2215 anno
250 2176 525 2215 MCCCXLVI
548 2177 670 2216 fuisse
694 2177 957 2228 capitaneum
979 2185 1019 2216 et
1042 2177 1358 2227 gubernatorem
1379 2175 1613 2226 provinciae
1637 2175 1822 2213 Lemovi-

118 2234 245 2273 censis
264 2243 305 2273 et
323 2235 468 2274 obiisse
483 2235 587 2274 circa
606 2250 761 2275 annum
780 2236 1078 2274 MCCCXLVII
1095 2235 1316 2286 reperimus
1334 2235 1376 2272 in
1394 2234 1567 2273 vetustis
1584 2247 1822 2271 monumen-

117 2293 169 2332 tis
192 2293 299 2332 illius
322 2295 466 2344 gentis.
493 2294 658 2333 Patrem
684 2296 886 2334 habuerat
914 2295 1085 2341 Heliam,
1115 2293 1242 2332 filium
1274 2294 1454 2343 Hugonis
1478 2301 1519 2331 et
1543 2293 1688 2331 Luciae
1706 2293 1821 2329 Com-

118 2353 342 2400 bornensis,
368 2362 559 2404 nepotem
592 2369 688 2392 vero
724 2354 832 2392 Petri
851 2363 892 2393 et
921 2353 1074 2393 Helidis
1104 2353 1299 2403 Rogeriae
1333 2352 1483 2390 amitae
1509 2351 1725 2389 Clementis
1750 2351 1819 2389 VI.

114 2427 115 2430 ¹
174 2412 214 2450 P.
245 2411 333 2458 216,
362 2412 428 2462 lig.
457 2412 516 2451 16.
547 2413 727 2451 CENTUM
759 2428 886 2452 MILIA.
919 2414 960 2452 Ρ.
992 2414 1042 2452 Μ.
1072 2414 1363 2461 Baumgarten,
1393 2410 1720 2460 VVahlges-chenlfe
1760 2410 1825 2447 der

118 2470 265 2520 Papste
298 2486 351 2508 an
385 2472 449 2509 des
483 2472 624 2521 heiliga
659 2472 898 2522 Kollegium‚
935 2473 1034 2510 dans
1071 2470 1274 2509 Romi-§che
1308 2469 1622 2520 Quartalsclzrijt,
1657 2476 1686 2506 t.
1735 2483 1823 2505 xxn

121 2529 268 2578 (1908),
295 2544 334 2579 p.
364 2530 424 2569 38.

121 2646 135 2684 f
174 2588 216 2626 P.
247 2588 335 2636 217,
362 2589 429 2639 lig.
459 2589 520 2628 27.
550 2590 720 2629 ΤΗΕΜΑ,
750 2590 800 2628 Ce
828 2604 988 2628 sermon
1016 2590 1143 2628 existe
1172 2588 1271 2626 dans
1299 2588 1334 2625 le
1357 2601 1429 2626 ms.
1465 2586 1680 2624 l=⁷aticanus
1708 2584 1823 2632 4006,

151 2662 160 2683 J
181 2677 188 2685 .
317 2652 347 2686 ⁰.

140 2646 342 2754 ‘lupi-3431&
378 2706 444 2757 lig.
483 2707 516 2746 1.
554 2707 811 2746 MAGISTROS.
833 2709 924 2746 vLes
959 2715 1141 2757 comptes
1178 2706 1225 2744 de
1260 2706 1297 2742 la
1333 2704 1532 2742 Chambre
1568 2703 1824 2754 apostolique

123 2764 251 2803 fixent
276 2765 312 2803 le
340 2766 507 2804 nombre
535 2766 603 2804 des
632 2767 881 2816 theologicus
910 2769 932 2804 a
959 2766 1072 2804 seize.
1105 2766 1207 2802 Leur
1234 2764 1367 2813 sejour
1395 2765 1417 2800 a
1445 2763 1614 2811 Sorgues
1642 2762 1744 2799 dura
1772 2762 1826 2799 du

122 2823 146 2860 4
158 2823 292 2872 juillet
306 2838 358 2861 au
368 2825 392 2862 4
407 2825 637 2874 septembre
651 2825 750 2864 1335
765 2825 913 2875 (Vidal,
926 2825 1061 2862 Notice
1074 2839 1143 2861 sur
1157 2825 1210 2861 les
1224 2836 1370 2860 oeuvres
1386 2823 1437 2859 du
1451 2835 1554 2871 pape
1567 2821 1708 2858 Benoit
1719 2821 1825 2861 XII.

122 2881 223 2920 da'ns
260 2882 389 2920 Reme
423 2884 623 2921 d'histoire
656 2884 953 2933 ecclesia-scissae,
990 2892 1018 2921 t.
1057 2898 1094 2920 vi
1131 2882 1279 2931 (1905),
1314 2896 1352 2930 p.
1391 2880 1494 2928 789).
1533 2880 1585 2917 Le
1621 2879 1743 2917 traite
1779 2879 1827 2917 de

123 2940 271 2978 Benoit
292 2941 376 2979 XII
391 2951 514 2992 parut
533 2946 648 2992 apres
668 2943 706 2981 13
726 2942 1029 2993 promulgation
1048 2941 1144 2979 dela
1166 2939 1438 2978 constitution
1456 2938 1690 2978 Benedictus
1706 2938 1825 2975 Deus.

127 2997 299 3038 Pasteur
333 3000 381 3038 de
417 3000 590 3048 Sarrats,
627 3002 671 3041 O.
695 3002 737 3041 F.
774 3000 1041 3048 M.‚Bernard
1077 2999 1240 3045 Olivier,
1274 2998 1318 3036 O.
1342 2997 1379 3036 S.
1416 2998 1478 3044 A.,
1515 2997 1744 3035 Guillaume
1779 2996 1827 3035 de

176 3125 273 3159 1..B.
302 3125 359 3166 N„
384 3137 451 3160 ms.
477 3125 571 3161 latin
594 3126 699 3167 5181,
724 3126 786 3160 fol.
813 3127 882 3159 112
905 3131 947 3159 r0.
