2083 3458
258 212 336 254 562
914 222 1064 246 NOTAE
1100 221 1159 245 AD
1196 222 1322 246 VITAs
1809 207 1961 263 [1046]

259 308 521 353 Francorum,
543 304 653 354 apud
674 303 898 342 Odoricum
920 303 1200 352 Raynaldum,
1221 317 1286 342 an.
1310 302 1424 352 1379,
1449 304 1464 334 Q
1479 303 1526 341 51
1545 320 1552 342 :
1576 302 1858 342 Nihilominus
1882 302 1965 354 ipsi

254 366 401 404 «lictum
438 364 738 402 sanctissimum
777 371 954 400 nostran
991 362 1230 400 concorditer
1266 370 1301 400 et
1336 364 1524 401 canonice
1560 364 1769 413 elegerunt,
1809 363 1966 401 nemine

254 434 409 474 excepto
433 424 514 461 nisi
539 422 781 469 FlorentinO,
807 422 875 471 qui
897 420 1012 470 elegit
1033 421 1241 459 dominum
1265 421 1403 460 Sancti
1425 422 1548 470 Petri,
1572 431 1606 460 et
1628 423 1784 460 demum
1806 423 1965 460 domino

257 493 386 522 nostro
416 498 485 532 per
514 482 776 520 accessionem
806 481 979 518 accessit.
1845 527 1847 532 Α

309 543 504 582 Testatur
517 542 650 579 Bindo
665 541 776 590 prior
788 540 1035 578 Sanctorum
1051 548 1092 579 et
1107 539 1333 588 familiaris,
1350 549 1397 578 ut
1412 549 1502 578 tum
1516 541 1723 589 dicebant,
1737 556 1806 579 seu
1821 549 1964 579 contu-

256 602 430 641 bernalis
447 601 632 650 ejusdem
648 599 866 638 cardinalis
884 599 1124 647 Florentini,
1140 600 1317 638 noluisse
1331 600 1447 638 illum
1461 601 1594 650 primo
1608 601 1664 639 ire
1680 601 1731 638 ad
1749 600 1965 638 Urbanum

255 676 327 711 pro
351 660 702 700 inthronizatione
728 668 768 697 et
793 673 875 697 non
898 659 1021 697 ivisse
1046 659 1123 697 nisi
1148 667 1351 698 coactum,
1381 659 1494 698 Haec
1519 669 1616 698 sunt
1642 674 1745 712 quae
1772 660 1820 698 de
1854 674 1899 703 ea
1924 674 1966 698 re

255 721 480 759 traduntur
511 720 552 757 in
587 718 844 769 depositione
875 717 1045 756 Bidonis
1087 719 1173 756 sive
1213 717 1411 757 Bindonis
1431 718 1445 741 1
1481 735 1487 756 :
1526 718 1796 768 Interrogatus
1829 720 1873 757 de
1904 719 1966 756 his

254 795 325 830 que
346 788 433 829 post
453 793 652 828 egressum
672 778 869 816 conclavis
891 777 1139 826 contigerunt
1160 777 1262 816 dixit
1282 778 1385 828 quod
1403 778 1487 816 alia
1508 778 1571 816 die
1592 779 1694 828 quod
1716 779 1844 816 dictus
1865 778 1964 816 Bar-

255 829 467 878 tholomeus
493 838 603 876 misit
627 838 680 875 ad
703 837 983 874 Bandarenses
1019 846 1059 874 ut
1084 846 1264 875 vocarent
1295 838 1531 885 cardinales,
1560 838 1627 888 qui
1654 837 1966 876 inthronizarent

255 913 355 947 eum,
388 898 550 936 dicendo
579 897 636 934 eis
667 898 743 934 ista
773 896 901 944 verba,
921 896 973 934 Et
1002 896 1085 933 nisi
1112 896 1274 945 faciatis
1303 911 1366 934 eos
1396 898 1538 945 venire,
1571 897 1697 935 nichil
1719 906 1773 935 est
1800 897 1963 945 factum,

254 967 288 996 et
315 958 417 1008 quod
442 966 535 995 tunc
563 957 715 994 iverant
741 956 818 993 duo
846 955 1126 993 Bandarenses
1153 956 1206 993 acl
1231 956 1438 994 dominum
1465 971 1584 994 suum
1611 956 1903 1003 Florentinum,
1933 965 1966 994 et

255 1018 356 1068 quod
377 1017 562 1054 dixerunt
583 1016 618 1053 ei
642 1016 744 1065 quod
766 1016 867 1053 irent
888 1016 941 1053 ad
961 1015 1161 1064 palatium
1183 1015 1337 1053 domini
1359 1016 1412 1053 ad
1433 1015 1785 1054 inthronizandum
1807 1030 1908 1064 eum,
1933 1024 1967 1053 et

254 1077 356 1127 quod
381 1076 482 1113 idem
508 1076 695 1113 dominus
719 1089 818 1112 suus
843 1074 1032 1112 renuebat
1047 1076 1125 1122 ire,
1152 1084 1187 1112 et
1211 1075 1313 1124 quod
1336 1075 1519 1113 dixerant
1541 1075 1622 1113 sibi
1646 1075 1927 1113 Bandarenses
1952 1089 1965 1112 .·

258 1136 435 1174 Vadatis.
459 1134 569 1182 Nisi,
590 1134 729 1172 sciatis
748 1149 820 1183 pro
839 1143 938 1172 certo
969 1135 1072 1184 quod
1089 1134 1162 1172 erit
1179 1134 1297 1184 pejus
1318 1149 1436 1184 quam
1451 1134 1545 1173 heri.
1566 1134 1617 1172 Et
1634 1143 1727 1172 tunc
1746 1134 1845 1173 vidit
1865 1135 1968 1185 quod

253 1195 439 1233 dominus
457 1209 555 1232 suus
576 1194 647 1232 ivit
663 1194 716 1231 ad
732 1194 905 1231 electum.

310 1255 379 1292 His
412 1262 554 1292 tamen
586 1268 668 1292 non
702 1253 967 1292 obstantibus
1000 1253 1219 1292 cardinalis
1254 1253 1528 1301 Florentinus,
1563 1254 1785 1292 tamenetsi
1821 1253 1964 1301 Italus,

251 1314 437 1353 discessit
467 1313 519 1351 ab
552 1312 735 1360 Urbano,
768 1326 891 1362 quem
922 1312 1024 1351 vitio
1055 1312 1213 1351 sciebat
1243 1314 1433 1361 electum,
1466 1321 1507 1351 et
1536 1321 1748 1352 assecutus
1782 1312 1964 1351 Clemen-

251 1382 335 1411 tem
351 1373 431 1411 VII
446 1373 488 1410 in
505 1373 681 1411 Galliam
698 1372 1011 1410 Narbonensem
1031 1371 1058 1420 2,
1082 1371 1296 1411 Avenione
1320 1372 1548 1421 consenuit,
1564 1372 1838 1411 Benedictum
1855 1371 1964 1409 XIII
2008 1392 2013 1397 -

252 1433 386 1483 elegit,
412 1432 578 1482 illicque
604 1440 793 1470 mortuus
820 1439 895 1469 est.
927 1426 1015 1479 Quo
1042 1440 1184 1469 autem
1210 1431 1334 1470 modo
1359 1431 1440 1470 ista
1467 1431 1693 1479 evenerint,
1723 1431 1812 1481 quis
1839 1431 1965 1470 fuerit

251 1493 350 1530 ordo
372 1484 522 1539 rerum,
547 1492 731 1541 aperiam
753 1491 795 1528 in
818 1490 1109 1540 sequentibus;
1134 1491 1165 1529 si
1189 1490 1300 1541 prius
1325 1505 1523 1530 monuero
1547 1491 1758 1540 objectum
1782 1491 1816 1530 ei
1841 1491 1964 1529 fuisse

249 1551 385 1601 ipsum
401 1552 525 1601 paulo
541 1558 637 1601 post
653 1550 897 1589 electionem
915 1550 1072 1588 Urbani
1090 1550 1138 1588 de
1155 1564 1201 1588 ea
1218 1550 1467 1589 scribentem
1484 1551 1534 1588 ad
1554 1550 1759 1588 Joannem
1777 1550 1963 1597 Pistoris,

248 1618 560 1661 praeceptorem
579 1610 725 1648 domus
745 1609 920 1660 Apuliae
941 1609 1082 1648 Sancti
1101 1609 1286 1657 Antonii,
1307 1611 1523 1660 agnovisse
1542 1607 1785 1649 electionem
1806 1609 1964 1648 Urbani

250 1670 372 1709 fuisse
400 1669 659 1717 concordem,
689 1682 868 1718 eamque
891 1683 932 1707 se
959 1668 1161 1719 peregisse
1190 1669 1372 1719 Spiritus
1399 1669 1538 1707 Sancti
1566 1669 1697 1718 gratia
1724 1669 1961 1718 inspirante.

250 1721 455 1768 Mirabiles
480 1729 569 1767 heic
586 1728 820 1778 triumphos
846 1728 932 1778 agit
953 1728 1152 1767 Odoricus
1175 1728 1432 1777 Raynaldus,
1459 1743 1524 1767 an.
1550 1728 1664 1776 1378,
1696 1729 1712 1777 ξ
1736 1728 1796 1776 17,
1822 1728 1893 1766 ubi
1915 1742 1960 1766 ea

249 1790 422 1838 epistola
450 1789 561 1827 edita
587 1788 803 1838 reperitur.
833 1787 910 1826 Sed
935 1788 1074 1838 accipe
1091 1787 1190 1837 quid
1206 1788 1404 1827 adversus
1421 1802 1512 1826 eam
1527 1788 1709 1838 excipiat
1728 1789 1815 1838 ipse
1831 1787 1962 1826 cardi-

250 1849 350 1886 nalis
386 1848 662 1895 Florentinus,
697 1847 760 1885 vir
792 1847 856 1885 cui
890 1847 999 1888 credi
1032 1846 1156 1885 debet
1189 1847 1292 1886 citra
1326 1861 1490 1886 omnem
1523 1848 1861 1886 controversiam.
1898 1846 1961 1885 Sic

250 1922 342 1958 ergo
366 1907 590 1957 respondet
613 1905 630 1928 3
652 1907 703 1944 ad
727 1906 1073 1956 interrogationes
1105 1907 1338 1957 legatorum
1360 1907 1464 1957 regis
1489 1906 1750 1957 Arragonum
1775 1922 1782 1944 :
1822 1905 1963 1956 Quoad

251 1967 424 2015 primam
444 1967 612 2013 literam,
641 1966 792 2016 inquit,
814 1980 886 2016 que
905 1965 1052 2003 dicitur
1078 1965 1230 2015 scripta
1257 1980 1326 2016 per
1354 1980 1413 2004 me
1434 1966 1725 2013 Florentinum,
1747 1965 1961 2015 respondeo

249 2026 351 2075 quod
374 2026 485 2063 illam
508 2039 715 2075 nunquam
736 2025 825 2073 jeci,
852 2039 919 2062 nec
943 2025 1014 2062 illa
1036 2025 1150 2062 litera
1172 2033 1254 2062 erat
1275 2026 1422 2063 dictata
1443 2025 1496 2063 ad
1517 2026 1677 2063 modum
1705 2039 1846 2063 meum.
1875 2024 1961 2061 Imo

251 2086 344 2134 qiiia
376 2084 736 2129 habebamnotum
769 2084 884 2122 illum
914 2093 1189 2134 preceptorem,
1223 2085 1289 2121 cui
1329 2085 1433 2122 dicta
1472 2085 1586 2123 litera
1626 2085 1772 2122 directa
1799 2084 1959 2130 dicitur,

250 2145 481 2181 [iiidiveram
509 2144 589 2182 dici
618 2144 720 2194 quod
747 2143 897 2181 volebat
924 2143 1056 2181 venire
1083 2144 1136 2181 ad
1162 2144 1328 2192 curiam,
1360 2143 1446 2182 dixi
1474 2144 1635 2181 cuidam
1660 2143 1862 2191 j'amiliari'
1888 2157 1960 2180 suo

251 2203 352 2252 quod
371 2203 555 2241 scriberet
577 2203 677 2241 dicto
699 2202 918 2252 preceptori
942 2217 988 2239 ne
1021 2203 1074 2240 ad
1094 2203 1247 2240 curiam
1282 2203 1440 2251 veniret,
1466 2203 1560 2253 quia
1589 2203 1626 2240 si
1656 2203 1815 2251 veniret,
1848 2202 1960 2252 peni-

248 2270 338 2300 teret
371 2277 470 2300 eum.

304 2322 381 2360 Sed
402 2335 565 2360 rursum
587 2330 735 2360 extant
754 2322 797 2359 in
819 2321 958 2360 codice
977 2319 1054 2359 811
1076 2321 1352 2360 bibliothecae
1375 2321 1648 2370 Colbertinae,
1670 2329 1836 2371 praeter
1856 2321 1958 2370 epis—

250 2382 376 2418 tolam
412 2381 524 2419 illam
561 2381 779 2419 cardinalis
818 2380 1058 2428 Florentini,
1095 2381 1198 2419 aliae
1236 2381 1418 2431 quinque
1453 2395 1475 2419 a
1512 2380 1643 2419 tribus
1681 2379 1958 2419 cardinalibus

250 2441 425 2489 scriptae
449 2438 466 2462 4
497 2440 549 2478 ad
584 2439 814 2487 Urbanum,
856 2440 898 2478 in
932 2440 1081 2489 quibus
1115 2453 1209 2478 eum
1241 2447 1474 2490 agnoscunt
1504 2454 1578 2490 pro
1612 2454 1709 2479 vero
1743 2439 1957 2490 pontifice,

248 2499 371 2536 etiam
390 2507 483 2549 post
505 2500 748 2538 electionem
768 2499 1001 2537 Clementis.
1028 2499 1129 2537 Cum
1151 2514 1245 2549 ergo
1266 2499 1391 2537 iidem
1416 2499 1542 2549 legati
1568 2499 1671 2549 regis
1699 2499 1959 2548 Arragonum

248 2558 334 2606 ejus
350 2559 658 2608 responsionem
673 2559 905 2608 exegissent
920 2559 1056 2607 quoad
1071 2558 1235 2596 easdem
1248 2559 1403 2602 literas,
1417 2558 1632 2608 respondit
1648 2558 1909 2597 Florentinus
1921 2556 1958 2595 5:

250 2617 387 2665 Quoad
412 2617 515 2654 alias
541 2617 675 2655 literas
702 2632 773 2667 que
798 2626 1031 2656 asseruntur
1056 2632 1126 2666 per
1151 2632 1222 2654 nos
1257 2616 1381 2654 simul
1404 2618 1575 2667 scriptas
1600 2618 1814 2667 respondeo
1844 2617 1957 2667 quod,

248 2674 349 2712 sicut
378 2677 575 2714 notorium
602 2685 669 2724 est,
699 2677 833 2726 aliquo
861 2685 1031 2725 tempore
1060 2691 1130 2713 nos
1158 2685 1232 2714 tres
1260 2677 1483 2714 cardinales
1517 2676 1666 2714 Ytalici
1694 2691 1765 2726 pro
1792 2676 1959 2714 tollendo

255 2735 421 2772 [sceleste
443 2736 629 2773 scandalo
652 2744 686 2773 et
715 2736 911 2773 divisione
936 2735 1207 2773 laboravimus
1230 2736 1431 2773 trac-tando
1456 2736 1557 2773 inter
1577 2744 1722 2785 partes,
1747 2744 1781 2773 et
1806 2736 1960 2785 utrique

305 2883 327 2914 Ι,
359 2883 397 2915 Β,
432 2884 487 2921 N„
519 2896 583 2916 nis.
615 2884 709 2916 latin
736 2884 866 2924 11745,
897 2884 958 2918 fol.
990 2886 1034 2918 56
1062 2889 1105 2918 ΓΟ.

301 2937 327 2967 2.
363 2936 407 2967 Lu:
433 2940 476 2968 30
500 2938 711 2979 septembre
737 2939 826 2971 ‘1381
857 2938 1002 2981 (Eubol,
1028 2938 1260 2978 Hierarchia,
1286 2944 1311 2970 1.
1336 2950 1359 2978 1,
1386 2950 1420 2981 p.
1449 2937 1518 2981 221).

299 2990 328 3019 55.
361 2989 398 3020 Β.
428 2989 482 3027 N,
508 3001 573 3021 ms.
600 2990 692 3021 latin
716 2990 820 3030 1470,
846 2991 907 3024 sol.
933 2991 978 3023 42
1001 2996 1033 3023 r0
1055 2997 1093 3024 et
1116 2991 1160 3024 45
1185 2995 1235 3024 νο.

299 3041 328 3072 si.
362 3041 424 3073 Ms.
453 3042 535 3081 cite,
563 3042 623 3075 fol.
650 3044 693 3075 37
721 3048 771 3083 vo,
798 3045 843 3077 38
867 3049 910 3076 ΓΟ.

300 3094 329 3124 5.
365 3094 426 3125 λῖς.
448 3093 529 3133 cite,
550 3095 610 3127 l'ol.
630 3097 674 3127 42
694 3101 732 3127 ΥΟ
749 3103 786 3128 et
803 3097 846 3129 45
866 3102 915 3129 νο.
