2083 3458
74 261 225 316 [1351]
333 257 336 259 Δ
596 277 812 302 PAPARUM
848 276 1233 302 AVENIONENSIUM
1681 260 1763 301 865

62 361 373 399 renuntiationis
400 361 494 399 dicti
523 361 674 399 domini
703 361 838 407 nostri,
868 362 962 398 dum
989 369 1118 399 tamen
1147 361 1325 399 intrusus
1351 361 1443 411 pari
1471 362 1581 398 modo
1608 361 1763 407 cederet,

62 434 132 470 que
155 420 312 470 quidem
336 420 377 458 in
400 421 605 471 principio
635 421 834 458 scismatis
869 435 947 458 non
968 421 1110 470 suisset
1131 422 1321 468 consulta,
1344 421 1412 458 sed
1436 421 1608 470 predicta
1632 421 1762 457 reduc-

61 479 195 527 tionis,
217 494 287 530 que
307 494 376 530 per
394 480 531 517 XVII
550 494 677 517 annos
706 479 937 529 practicata,
959 494 1035 529 qua
1055 494 1133 517 non
1162 480 1337 518 obstante
1357 479 1435 517 hiis
1454 480 1591 517 diebus
1619 479 1764 517 scisma

60 538 204 588 fortius
230 539 444 577 radicatur.
473 539 524 577 Et
549 539 643 589 quia
669 553 738 589 per
765 539 909 576 dictam
935 539 1041 576 viam
1067 539 1307 576 reductionis
1333 539 1496 576 minime
1524 539 1610 589 fieri
1636 545 1764 589 posset

62 598 164 647 quod
191 606 287 636 esset
316 598 491 636 sedativa
520 598 720 635 scismatis
750 606 783 635 et
812 598 1065 648 pacificatrioe
1094 598 1437 646 conscientiarum,
1469 598 1554 635 visa
1578 597 1763 648 temporis

63 657 300 707 prolixitate,
331 657 493 695 omnino
523 658 629 695 viam
658 657 847 695 cessionis
875 657 1086 695 ambarum
1113 657 1290 707 partium
1319 665 1507 707 tanquam
1540 657 1760 704 breviorem,

62 716 292 764 sedativam,
315 716 605 766 pacificantem,
630 716 829 764 veriorem,
852 725 886 754 et
906 717 1142 754 sanctiorem
1163 717 1376 766 approbat3
1400 730 1470 766 pro
1493 716 1608 765 cujus
1630 730 1761 753 execu-

63 774 167 813 tione
197 775 291 813 bone
318 776 376 813 vie
401 776 677 825 reperirentur,
705 777 749 813 de
776 790 944 825 quarum
971 776 1145 825 practica
1172 775 1353 825 diligenti
1379 774 1639 825 supplicavit:
1668 774 1760 812 vide

62 833 188 872 etiam
208 843 238 873 t.
261 850 299 873 vl
321 834 532 885 Spicilegii
559 834 803 873 Dacheriani
823 835 849 882 1,
869 849 909 884 p.
932 835 1019 873 139.

117 894 171 931 At
199 908 292 934 cum
319 894 441 932 duces
468 894 685 933 rediissent
714 894 939 941 Lutetiam,
966 894 1173 944 perlatum
1200 902 1261 932 est
1288 894 1339 931 ad
1366 907 1503 943 regem
1529 908 1612 931 esse
1641 907 1760 942 quos·

63 952 160 992 dam
186 953 396 991 Avenione
423 953 493 1003 qui
519 954 744 991 cardinales
770 954 976 991 retrahere
1003 961 1250 991 conarentur
1275 953 1326 990 ab
1352 966 1397 990 ea
1423 952 1628 990 sententia
1654 960 1694 990 et
1720 951 1760 989 in

63 1011 187 1049 aliam
210 1013 445 1051 transferre.
475 1012 547 1050 His
572 1021 710 1051 motus
735 1027 806 1050 rex
834 1012 1008 1050 Karolus
1032 1012 1260 1062 generalem
1282 1012 1500 1061 epistolam
1523 1010 1684 1061 scripsit
1709 1009 1759 1048 ad

63 1079 201 1109 totum
222 1071 449 1122 collegium,
475 1080 562 1111 tum
582 1072 707 1110 etiam
741 1071 981 1121 singillatim
1001 1072 1052 1109 ad
1074 1084 1410 1121 unumquemque
1431 1084 1585 1117 eorum,
1611 1069 1759 1120 quibus
1782 1063 1788 1075 ’

22 1159 26 1162 -
62 1144 128 1168 eos
154 1131 403 1169 hortabatur
427 1140 474 1169 ut
498 1131 540 1168 in
565 1146 609 1169 ea
638 1131 827 1181 opinione
853 1139 1090 1169 constantes
1116 1138 1251 1168 essent
1276 1144 1402 1180 quam
1426 1129 1640 1167 ediderant
1664 1137 1760 1166 ante

62 1188 286 1228 discessum
312 1190 477 1228 ducum.
507 1191 569 1228 Ad
596 1205 721 1240 quam
747 1190 964 1240 epistolam
986 1189 1001 1212 2
1026 1189 1242 1228 cardinalis
1269 1189 1317 1227 de
1344 1190 1533 1238 Thureyo
1555 1186 1761 1238 rescripsit

62 1247 125 1286 die
153 1248 398 1289 duodecima
427 1249 605 1288 octobris
632 1265 673 1287 se
702 1263 914 1299 nunquam
944 1249 996 1286 ab
1024 1263 1069 1287 ea
1097 1263 1348 1287 recessurum
1378 1261 1682 1298 quamcumque
1711 1246 1760 1284 ob

63 1321 243 1356 causam,
271 1308 456 1358 quinimo
483 1318 625 1358 optare
651 1324 691 1346 se
717 1317 765 1346 ut
790 1308 856 1346 via
884 1308 1073 1346 cessionis
1102 1308 1409 1357 quamprimum
1434 1307 1648 1344 adnitente
1672 1320 1760 1355 rege

62 1367 261 1405 sortiatur
278 1368 473 1407 effectum
491 1382 611 1406 suum
628 1383 702 1418 pro
721 1368 829 1405 bono
848 1376 888 1405 et
907 1382 1005 1417 pace
1024 1376 1191 1405 sanctae
1214 1366 1415 1405 Ecclesiae
1434 1375 1475 1404 et
1491 1366 1620 1403 totius
1640 1364 1761 1403 chris-

61 1425 280 1465 tianitatis.
915 1468 927 1481 .

86 1495 88 1499 '
117 1486 235 1523 Anno
267 1485 578 1533 MCCCXCVII,
610 1501 703 1525 cum
734 1486 840 1523 iden]
872 1485 1089 1524 cardinalis
1119 1486 1289 1524 haberet
1317 1485 1431 1524 litem
1459 1499 1580 1534 super
1607 1497 1762 1534 posses·

63 1544 174 1583 sione
205 1545 421 1595 cujusdam
453 1546 658 1595 prioratus
689 1546 886 1583 adversus
918 1545 1088 1585 fratrem
1120 1546 1323 1584 Joannem
1354 1543 1548 1590 Mercerii,
1580 1552 1620 1580 et
1650 1542 1762 1579 illum

63 1603 225 1642 fecisset
254 1604 371 1643 citari
402 1604 670 1651 Avenionem,
702 1605 813 1654 quod
842 1604 916 1642 iste
947 1604 1111 1642 dicebat
1140 1618 1161 1640 a
1192 1603 1396 1642 cardinale
1425 1603 1583 1641 sactum
1610 1616 1694 1639 esse
1723 1600 1765 1638 in

64 1662 204 1703 odium
233 1678 446 1714 processus
478 1663 697 1714 pendentis
730 1664 769 1700 in
802 1664 911 1701 curia
944 1663 1177 1713 temporali,
1209 1677 1280 1713 per
1310 1670 1513 1701 arrestum
1544 1660 1623 1698 fuit
1655 1661 1782 1697 facta.

62 1721 254 1761 inhibitio
275 1723 386 1762 dicto
407 1723 604 1761 cardinali
625 1724 735 1773 quod
757 1723 931 1761 durante
953 1723 1063 1761 dicta
1085 1736 1206 1760 causa
1225 1720 1490 1772 possessionis
1512 1720 1622 1757 nullo
1643 1718 1764 1758 modo
1791 1730 1796 1739 ¹

62 1780 289 1820 intentaret
317 1797 389 1820 nec
418 1782 615 1833 inciperet
643 1782 898 1832 petitorium,
928 1783 997 1820 sed
1025 1781 1285 1832 permitteret
1311 1779 1604 1831 possessorium
1637 1778 1765 1825 finire,

62 1841 126 1879 vel
145 1841 391 1891 possessioni
413 1842 683 1883 renuntiaret,
706 1842 737 1879 si
761 1842 902 1882 vellet:
928 1842 1045 1879 Joan.
1076 1841 1194 1888 Galli,
1217 1848 1376 1890 quaest.
1401 1853 1588 1878 ecetvm.

116 1900 234 1938 Anno
260 1900 581 1939 MCCCXCVHI
606 1910 700 1951 post
725 1901 983 1951 publicatam
997 1901 1108 1950 apud
1126 1900 1429 1938 villamnovam
1452 1911 1575 1948 supra
1603 1896 1765 1934 Rhoda-

63 1973 161 1999 num
190 1960 518 1998 subtractionem
540 1960 798 1999 obedientiae
819 1960 974 1999 factam
995 1959 1219 1997 Benedicto
1242 1958 1350 1996 XIII
1371 1957 1594 1996 cardinales
1620 1955 1766 1992 XVIII

62 2033 156 2057 eum
180 2019 412 2057 deserentes
440 2019 649 2057 Avenione
676 2027 939 2057 excesserunt
963 2018 1161 2069 postridie
1188 2018 1267 2056 kal.
1296 2017 1350 2067 [2]
1378 2015 1636 2067 septembriS,
1661 2014 1766 2052 inter

64 2092 164 2127 quos
189 2078 310 2116 fuisse
335 2078 565 2128 reperitur3
590 2080 733 2116 Petrus
752 2079 799 2116 de
817 2079 1027 2127 Thureyo3
1047 2078 1198 2124 Surita,
1214 2076 1282 2114 lib.
1308 2076 1370 2114 III
1397 2075 1593 2113 Indicum.
1615 2074 1764 2112 Causas

63 2136 189 2175 etiam
212 2137 274 2175 sui
297 2137 497 2176 discessus
522 2138 675 2187 scripto
699 2138 844 2184 edidit,
871 2151 974 2187 quae.
998 2137 1132 2175 editae
1157 2144 1253 2174 sunt
1277 2135 1387 2186 apud
1412 2133 1632 2173 Odoricum
1659 2132 1765 2181 Ray-

64 2195 249 2243 nalduni,
273 2210 339 2235 an.
366 2196 481 2244 1398,
512 2198 528 2245 ξ
554 2197 614 2235 17.

121 2255 156 2292 Is
180 2255 326 2293 deinde
352 2256 563 2295 Lutetiam
586 2256 735 2293 missus
759 2264 820 2293 est
843 2256 988 2294 eodem
1010 2269 1118 2292 anno
1141 2268 1221 2292 una
1246 2267 1337 2291 cum
1363 2252 1548 2291 Guidone
1572 2251 1620 2288 de
1645 2249 1766 2287 Male-

65 2313 171 2352 sicco
188 2323 228 2352 et
248 2315 428 2353 Amedeo
446 2315 493 2353 de
512 2315 683 2353 Saluciis
703 2314 978 2352 cardinalibus
996 2322 1042 2351 ut
1058 2313 1141 2363 regi
1159 2313 1392 2351 ostenderet
1410 2311 1633 2349 cardinales
1650 2316 1765 2347 extra

67 2372 231 2423 culpam
260 2388 360 2421 esse,
391 2374 453 2411 uti
491 2388 614 2424 supra
646 2389 684 2424 p.
719 2374 817 2411 1151
850 2373 1009 2412 dictum
1038 2381 1100 2410 est
1129 2372 1328 2422 pluribus,
1362 2371 1414 2408 Et
1454 2369 1522 2407 alii
1552 2367 1718 2418 quidem
1747 2381 1766 2404 e

68 2431 198 2470 Gallia
217 2431 492 2470 discesserunt
510 2447 619 2470 anno
640 2432 831 2471 MCCCCI
851 2432 955 2470 circa
975 2445 1156 2470 mensem
1172 2431 1333 2480 julium.
1351 2429 1465 2468 Solus
1485 2426 1700 2466 cardinalis
1719 2425 1767 2464 de

67 2491 257 2540 Thureyo
287 2491 498 2530 remansit.
531 2492 808 2530 Continuator
841 2490 1020 2540 Nangii4
1051 2506 1058 2528 z
1094 2491 1188 2528 Jam
1216 2503 1369 2527 emenso
1397 2496 1543 2538 septem
1573 2485 1769 2523 mensium

65 2550 196 2600 spatio
222 2550 375 2587 domini
402 2550 626 2588 cardinales
652 2550 902 2588 Pictavensis
928 2558 962 2587 et
988 2550 1031 2586 de
1058 2548 1234 2587 Saluciis
1259 2547 1502 2586 Avinionem
1522 2545 1768 2595 repetiemnt,

64 2609 226 2658 fratrem
245 2623 364 2647 suum
385 2609 592 2647 dominum
612 2610 656 2646 de
681 2610 833 2659 Tureyo
854 2609 1042 2646 Parisius
1064 2608 1324 2657 relinquentes
1345 2606 1411 2656 qui
1433 2604 1568 2642 multis
1588 2604 1770 2654 pulsatus

67 2668 251 2718 precibus
284 2668 411 2706 noluit
442 2669 580 2716 redire,
614 2669 794 2718 quamvis
824 2668 939 2705 sciret
969 2668 1110 2717 fratres
1141 2680 1233 2703 suos
1263 2679 1397 2703 omnes
1429 2663 1589 2702 mutatis
1620 2660 1770 2700 animis

66 2726 373 2765 subtractionem
400 2728 608 2777 reprobare
636 2735 670 2764 et
693 2735 879 2776 pacatum
907 2726 987 2763 sibi
1008 2725 1215 2763 dominum
1251 2725 1404 2762 reddere
1434 2722 1559 2760 modis
1586 2720 1771 2758 omnibus

69 2785 261 2835 affectare.

126 2844 264 2882 Fuisse
287 2859 382 2882 eum
406 2844 596 2882 Lutetiae
620 2858 729 2882 anno
751 2844 910 2891 eodem,
934 2843 997 2881 die
1021 2858 1077 2881 xv
1099 2842 1278 2892 augusti,
1301 2841 1450 2880 docent
1470 2840 1610 2878 literae
1633 2836 1772 2876 vendi-

184 2985 391 3028 Bellaguet,
413 2992 439 3019 t.
459 2999 496 3025 11,
518 2998 552 3029 p.
576 2987 656 3020 270.

184 3038 366 3078 Martene‚
387 3050 443 3082 op.
465 3040 536 3078 cit„
558 3045 584 3072 t.
607 3052 669 3079 vn,
690 3040 758 3074 col.
780 3040 861 3074 547.

185 3091 332 3124 Martin
351 3092 391 3125 de
409 3092 603 3136 Alpartils,
624 3093 681 3126 ed.
706 3093 743 3126 F.
768 3093 891 3131 Ehrle,
913 3104 947 3135 p.
969 3093 1026 3125 36.

147 3170 155 3177 .
186 3144 393 3188 Bellaguet‚
413 3151 439 3178 t.
457 3157 509 3185 111,
529 3157 564 3189 p.
584 3146 641 3179 60.

121 2985 153 3176 4*ῳέΨὲ

748 3229 897 3252 BALUZE
926 3221 972 3252 ΙΙ.
996 3238 1044 3242 —
1063 3220 1108 3252 28
