<?xml version="1.0" encoding="UTF-8"?>
<!DOCTYPE html PUBLIC "-//W3C//DTD XHTML 1.0 Transitional//EN"
    "http://www.w3.org/TR/xhtml1/DTD/xhtml1-transitional.dtd">
<html xmlns="http://www.w3.org/1999/xhtml" xml:lang="en" lang="en">
 <head>
  <title>
</title>
<meta http-equiv="Content-Type" content="text/html;charset=utf-8" />
  <meta name='ocr-system' content='tesseract 3.04.00' />
  <meta name='ocr-capabilities' content='ocr_page ocr_carea ocr_par ocr_line ocrx_word'/>
</head>
<body>
  <div class='ocr_page' id='page_1' title='image "./vitaepaparumaven02balu_0521.png"; bbox 0 0 2083 3458; ppageno 0'>
   <div class='ocr_carea' id='block_1_1' title="bbox 103 266 1784 327">
    <p class='ocr_par' dir='ltr' id='par_1_1' title="bbox 103 266 1784 327">
     <span class='ocr_line' id='line_1_1' title="bbox 103 266 1784 327; baseline -0.002 -15"><span class='ocrx_word' id='word_1_1' title='bbox 103 271 228 327; x_wconf 83' lang='lat'>[994]</span> <span class='ocrx_word' id='word_1_2' title='bbox 461 290 463 292; x_wconf 90' lang='grc'><em>·</em></span> <span class='ocrx_word' id='word_1_3' title='bbox 630 285 846 311; x_wconf 83' lang='lat' dir='ltr'><strong>PAPARUM</strong></span> <span class='ocrx_word' id='word_1_4' title='bbox 881 284 1265 310; x_wconf 75' lang='lat' dir='ltr'>AVENJONENsmM</span> <span class='ocrx_word' id='word_1_5' title='bbox 1705 266 1784 309; x_wconf 84' lang='lat'>511</span> 
     </span>
    </p>
   </div>
   <div class='ocr_carea' id='block_1_2' title="bbox 22 365 1784 2662">
    <p class='ocr_par' dir='ltr' id='par_1_2' title="bbox 84 365 1784 710">
     <span class='ocr_line' id='line_1_2' title="bbox 84 365 1784 417; baseline -0.002 -11"><span class='ocrx_word' id='word_1_6' title='bbox 84 368 155 406; x_wconf 89' lang='lat' dir='ltr'>-cui</span> <span class='ocrx_word' id='word_1_7' title='bbox 184 368 283 405; x_wconf 90' lang='lat' dir='ltr'>illud</span> <span class='ocrx_word' id='word_1_8' title='bbox 314 376 407 417; x_wconf 88' lang='lat' dir='ltr'>post</span> <span class='ocrx_word' id='word_1_9' title='bbox 436 375 612 405; x_wconf 87' lang='lat' dir='ltr'>mortem</span> <span class='ocrx_word' id='word_1_10' title='bbox 631 380 747 405; x_wconf 89' lang='lat' dir='ltr'>suam</span> <span class='ocrx_word' id='word_1_11' title='bbox 777 367 973 415; x_wconf 78' lang='lat' dir='ltr'>traderet,</span> <span class='ocrx_word' id='word_1_12' title='bbox 993 367 1158 417; x_wconf 82' lang='lat' dir='ltr'>absque</span> <span class='ocrx_word' id='word_1_13' title='bbox 1189 381 1386 406; x_wconf 89' lang='lat' dir='ltr'>consensu</span> <span class='ocrx_word' id='word_1_14' title='bbox 1417 367 1685 405; x_wconf 82' lang='lat' dir='ltr'>cardinalium</span> <span class='ocrx_word' id='word_1_15' title='bbox 1716 365 1784 415; x_wconf 89' lang='lat' dir='ltr'>qui</span> 
     </span>
     <span class='ocr_line' id='line_1_3' title="bbox 90 425 1783 475; baseline -0.001 -11"><span class='ocrx_word' id='word_1_16' title='bbox 90 434 373 466; x_wconf 78' lang='lat' dir='ltr'><strong>remanserant</strong></span> <span class='ocrx_word' id='word_1_17' title='bbox 395 426 619 473; x_wconf 86' lang='lat' dir='ltr'>Avenione‚</span> <span class='ocrx_word' id='word_1_18' title='bbox 643 426 835 475; x_wconf 75' lang='lat' dir='ltr'>Anglicus</span> <span class='ocrx_word' id='word_1_19' title='bbox 859 435 899 464; x_wconf 90' lang='lat' dir='ltr'>et</span> <span class='ocrx_word' id='word_1_20' title='bbox 923 427 1066 464; x_wconf 86' lang='lat' dir='ltr'>Petrus</span> <span class='ocrx_word' id='word_1_21' title='bbox 1090 426 1138 464; x_wconf 89' lang='lat' dir='ltr'>de</span> <span class='ocrx_word' id='word_1_22' title='bbox 1162 426 1400 464; x_wconf 87' lang='lat' dir='ltr'>Monteruco</span> <span class='ocrx_word' id='word_1_23' title='bbox 1423 426 1638 464; x_wconf 89' lang='lat' dir='ltr'>cardinalis</span> <span class='ocrx_word' id='word_1_24' title='bbox 1662 425 1783 463; x_wconf 82' lang='lat' dir='ltr'>Sanc-</span> 
     </span>
     <span class='ocr_line' id='line_1_4' title="bbox 92 483 1783 534; baseline -0.001 -11"><span class='ocrx_word' id='word_1_25' title='bbox 92 493 160 524; x_wconf 98' lang='lat' dir='ltr'>tae</span> <span class='ocrx_word' id='word_1_26' title='bbox 183 486 425 523; x_wconf 88' lang='lat' dir='ltr'>Anastasiae</span> <span class='ocrx_word' id='word_1_27' title='bbox 450 485 501 522; x_wconf 93' lang='lat' dir='ltr'>ad</span> <span class='ocrx_word' id='word_1_28' title='bbox 525 499 618 523; x_wconf 89' lang='lat' dir='ltr'>eum</span> <span class='ocrx_word' id='word_1_29' title='bbox 642 485 834 534; x_wconf 80' lang='lat' dir='ltr'>scripsere</span> <span class='ocrx_word' id='word_1_30' title='bbox 858 499 965 522; x_wconf 86' lang='lat' dir='ltr'>anno</span> <span class='ocrx_word' id='word_1_31' title='bbox 989 485 1202 523; x_wconf 81' lang='lat' dir='ltr'>millesimo</span> <span class='ocrx_word' id='word_1_32' title='bbox 1227 485 1565 531; x_wconf 82' lang='lat' dir='ltr'><strong>CCCLXXVIII,</strong></span> <span class='ocrx_word' id='word_1_33' title='bbox 1582 484 1644 522; x_wconf 90' lang='lat' dir='ltr'>die</span> <span class='ocrx_word' id='word_1_34' title='bbox 1660 483 1783 522; x_wconf 86' lang='lat' dir='ltr'>tertia</span> 
     </span>
     <span class='ocr_line' id='line_1_5' title="bbox 89 543 1783 594; baseline -0.001 -12"><span class='ocrx_word' id='word_1_35' title='bbox 89 544 271 594; x_wconf 84' lang='lat' dir='ltr'>julii‚uti</span> <span class='ocrx_word' id='word_1_36' title='bbox 298 544 399 582; x_wconf 90' lang='lat' dir='ltr'>illud</span> <span class='ocrx_word' id='word_1_37' title='bbox 428 544 610 582; x_wconf 89' lang='lat' dir='ltr'>traderet</span> <span class='ocrx_word' id='word_1_38' title='bbox 639 544 770 582; x_wconf 92' lang='lat' dir='ltr'>eidem</span> <span class='ocrx_word' id='word_1_39' title='bbox 798 544 1129 590; x_wconf 79' lang='lat' dir='ltr'>Bartholomaeo,</span> <span class='ocrx_word' id='word_1_40' title='bbox 1157 544 1226 593; x_wconf 87' lang='lat' dir='ltr'>qui</span> <span class='ocrx_word' id='word_1_41' title='bbox 1255 552 1353 582; x_wconf 92' lang='lat' dir='ltr'>tunc</span> <span class='ocrx_word' id='word_1_42' title='bbox 1384 544 1574 582; x_wconf 90' lang='lat' dir='ltr'>Urbanus</span> <span class='ocrx_word' id='word_1_43' title='bbox 1592 543 1647 580; x_wconf 87' lang='lat' dir='ltr'>VI</span> <span class='ocrx_word' id='word_1_44' title='bbox 1678 543 1783 580; x_wconf 91' lang='lat' dir='ltr'>dice-</span> 
     </span>
     <span class='ocr_line' id='line_1_6' title="bbox 91 602 1780 644; baseline -0.001 -3"><span class='ocrx_word' id='word_1_45' title='bbox 91 604 226 642; x_wconf 85' lang='lat' dir='ltr'>batur.</span> <span class='ocrx_word' id='word_1_46' title='bbox 260 604 412 641; x_wconf 87' lang='lat' dir='ltr'>Eorum</span> <span class='ocrx_word' id='word_1_47' title='bbox 440 603 581 641; x_wconf 90' lang='lat' dir='ltr'>literae</span> <span class='ocrx_word' id='word_1_48' title='bbox 602 602 615 625; x_wconf 80' lang='lat'>1</span> <span class='ocrx_word' id='word_1_49' title='bbox 645 611 791 640; x_wconf 77' lang='lat' dir='ltr'>extant</span> <span class='ocrx_word' id='word_1_50' title='bbox 819 603 859 639; x_wconf 89' lang='lat' dir='ltr'>in</span> <span class='ocrx_word' id='word_1_51' title='bbox 890 603 1025 644; x_wconf 88' lang='lat' dir='ltr'>codice</span> <span class='ocrx_word' id='word_1_52' title='bbox 1055 602 1133 641; x_wconf 78' lang='grc'>842</span> <span class='ocrx_word' id='word_1_53' title='bbox 1161 603 1299 640; x_wconf 79' lang='lat' dir='ltr'>Sancti</span> <span class='ocrx_word' id='word_1_54' title='bbox 1329 603 1503 640; x_wconf 80' lang='lat' dir='ltr'>Victoris</span> <span class='ocrx_word' id='word_1_55' title='bbox 1532 602 1780 640; x_wconf 87' lang='lat' dir='ltr'>Parisiensis.</span> 
     </span>
     <span class='ocr_line' id='line_1_7' title="bbox 91 661 1245 710; baseline -0.001 -11"><span class='ocrx_word' id='word_1_56' title='bbox 91 662 193 701; x_wconf 90' lang='lat' dir='ltr'>Vide</span> <span class='ocrx_word' id='word_1_57' title='bbox 215 662 341 700; x_wconf 90' lang='lat' dir='ltr'>etiam</span> <span class='ocrx_word' id='word_1_58' title='bbox 365 662 586 700; x_wconf 87' lang='lat' dir='ltr'>Odoricum</span> <span class='ocrx_word' id='word_1_59' title='bbox 612 661 888 710; x_wconf 75' lang='lat' dir='ltr'>Raynaldum,</span> <span class='ocrx_word' id='word_1_60' title='bbox 913 676 976 701; x_wconf 88' lang='lat' dir='ltr'>an.</span> <span class='ocrx_word' id='word_1_61' title='bbox 1004 662 1116 708; x_wconf 73' lang='lat'>1378,</span> <span class='ocrx_word' id='word_1_62' title='bbox 1146 661 1162 709; x_wconf 65' lang='grc' dir='ltr'>ἓ</span> <span class='ocrx_word' id='word_1_63' title='bbox 1185 662 1245 699; x_wconf 73' lang='grc'>24.</span> 
     </span>
    </p>

    <p class='ocr_par' dir='ltr' id='par_1_3' title="bbox 80 720 1783 1598">
     <span class='ocr_line' id='line_1_8' title="bbox 146 720 1782 769; baseline -0.002 -10"><span class='ocrx_word' id='word_1_64' title='bbox 146 722 243 759; x_wconf 89' lang='lat' dir='ltr'>Post</span> <span class='ocrx_word' id='word_1_65' title='bbox 265 721 493 759; x_wconf 85' lang='lat' dir='ltr'>conflatum</span> <span class='ocrx_word' id='word_1_66' title='bbox 515 721 704 767; x_wconf 79' lang='lat' dir='ltr'>schisma,</span> <span class='ocrx_word' id='word_1_67' title='bbox 729 735 822 759; x_wconf 88' lang='lat' dir='ltr'>cum</span> <span class='ocrx_word' id='word_1_68' title='bbox 844 721 1111 759; x_wconf 79' lang='lat' dir='ltr'>intellexisset</span> <span class='ocrx_word' id='word_1_69' title='bbox 1134 721 1325 769; x_wconf 72' lang='lat' dir='ltr'>Anglicus</span> <span class='ocrx_word' id='word_1_70' title='bbox 1349 720 1588 759; x_wconf 86' lang='lat' dir='ltr'>electionem</span> <span class='ocrx_word' id='word_1_71' title='bbox 1610 720 1782 757; x_wconf 88' lang='lat' dir='ltr'>Bartho-</span> 
     </span>
     <span class='ocr_line' id='line_1_9' title="bbox 90 779 1782 827; baseline -0.002 -9"><span class='ocrx_word' id='word_1_72' title='bbox 90 780 238 819; x_wconf 90' lang='lat' dir='ltr'>lomaei</span> <span class='ocrx_word' id='word_1_73' title='bbox 269 781 373 818; x_wconf 85' lang='lat' dir='ltr'>vitio</span> <span class='ocrx_word' id='word_1_74' title='bbox 406 780 560 818; x_wconf 87' lang='lat' dir='ltr'>factam</span> <span class='ocrx_word' id='word_1_75' title='bbox 593 795 690 827; x_wconf 79' lang='lat' dir='ltr'>esse,</span> <span class='ocrx_word' id='word_1_76' title='bbox 724 780 922 817; x_wconf 84' lang='lat' dir='ltr'>Clementi</span> <span class='ocrx_word' id='word_1_77' title='bbox 956 780 1034 816; x_wconf 74' lang='lat' dir='ltr'>VII</span> <span class='ocrx_word' id='word_1_78' title='bbox 1068 780 1190 817; x_wconf 88' lang='lat' dir='ltr'>libere</span> <span class='ocrx_word' id='word_1_79' title='bbox 1223 781 1351 818; x_wconf 86' lang='lat' dir='ltr'>electo</span> <span class='ocrx_word' id='word_1_80' title='bbox 1383 779 1584 825; x_wconf 91' lang='lat' dir='ltr'>adhaesit,</span> <span class='ocrx_word' id='word_1_81' title='bbox 1602 787 1643 817; x_wconf 91' lang='lat' dir='ltr'>et</span> <span class='ocrx_word' id='word_1_82' title='bbox 1675 792 1782 815; x_wconf 88' lang='lat' dir='ltr'>anno</span> 
     </span>
     <span class='ocr_line' id='line_1_10' title="bbox 90 837 1782 889; baseline -0.002 -12"><span class='ocrx_word' id='word_1_83' title='bbox 90 839 455 878; x_wconf 86' lang='lat' dir='ltr'>MCCCLXXXIV</span> <span class='ocrx_word' id='word_1_84' title='bbox 479 839 641 889; x_wconf 87' lang='lat' dir='ltr'>publice</span> <span class='ocrx_word' id='word_1_85' title='bbox 666 838 827 888; x_wconf 85' lang='lat' dir='ltr'>scripsit</span> <span class='ocrx_word' id='word_1_86' title='bbox 850 839 965 877; x_wconf 91' lang='lat' dir='ltr'>illum</span> <span class='ocrx_word' id='word_1_87' title='bbox 990 854 1073 876; x_wconf 85' lang='lat' dir='ltr'>esse</span> <span class='ocrx_word' id='word_1_88' title='bbox 1099 839 1346 878; x_wconf 86' lang='lat' dir='ltr'>credendum</span> <span class='ocrx_word' id='word_1_89' title='bbox 1370 853 1513 876; x_wconf 88' lang='lat' dir='ltr'>Verum</span> <span class='ocrx_word' id='word_1_90' title='bbox 1537 851 1686 888; x_wconf 87' lang='lat' dir='ltr'>papam</span> <span class='ocrx_word' id='word_1_91' title='bbox 1713 837 1782 886; x_wconf 84' lang='lat' dir='ltr'>qui</span> 
     </span>
     <span class='ocr_line' id='line_1_11' title="bbox 89 896 1781 947; baseline -0.002 -11"><span class='ocrx_word' id='word_1_92' title='bbox 89 912 256 937; x_wconf 89' lang='lat' dir='ltr'>assensu</span> <span class='ocrx_word' id='word_1_93' title='bbox 288 898 473 936; x_wconf 90' lang='lat' dir='ltr'>unanimi</span> <span class='ocrx_word' id='word_1_94' title='bbox 506 898 776 947; x_wconf 77' lang='lat' dir='ltr'>cardinalium</span> <span class='ocrx_word' id='word_1_95' title='bbox 809 898 959 935; x_wconf 90' lang='lat' dir='ltr'>electus</span> <span class='ocrx_word' id='word_1_96' title='bbox 994 898 1141 944; x_wconf 84' lang='lat' dir='ltr'>fuerat,</span> <span class='ocrx_word' id='word_1_97' title='bbox 1175 906 1215 935; x_wconf 88' lang='lat' dir='ltr'>et</span> <span class='ocrx_word' id='word_1_98' title='bbox 1248 912 1370 946; x_wconf 83' lang='lat' dir='ltr'>quem</span> <span class='ocrx_word' id='word_1_99' title='bbox 1401 897 1524 935; x_wconf 90' lang='lat' dir='ltr'>iidem</span> <span class='ocrx_word' id='word_1_100' title='bbox 1558 896 1781 934; x_wconf 81' lang='lat' dir='ltr'>cardinales</span> 
     </span>
     <span class='ocr_line' id='line_1_12' title="bbox 88 955 1781 1001; baseline -0.002 -6"><span class='ocrx_word' id='word_1_101' title='bbox 88 958 131 995; x_wconf 92' lang='lat' dir='ltr'>in</span> <span class='ocrx_word' id='word_1_102' title='bbox 151 958 343 996; x_wconf 83' lang='lat' dir='ltr'>extremis</span> <span class='ocrx_word' id='word_1_103' title='bbox 365 957 523 995; x_wconf 91' lang='lat' dir='ltr'>dierum</span> <span class='ocrx_word' id='word_1_104' title='bbox 544 971 724 1001; x_wconf 75' lang='lat' dir='ltr'>suorum,</span> <span class='ocrx_word' id='word_1_105' title='bbox 746 956 817 994; x_wconf 90' lang='lat' dir='ltr'>ubi</span> <span class='ocrx_word' id='word_1_106' title='bbox 838 956 987 994; x_wconf 89' lang='lat' dir='ltr'>nullius</span> <span class='ocrx_word' id='word_1_107' title='bbox 1010 957 1084 994; x_wconf 87' lang='lat' dir='ltr'>nisi</span> <span class='ocrx_word' id='word_1_108' title='bbox 1106 956 1227 994; x_wconf 85' lang='lat' dir='ltr'>solius</span> <span class='ocrx_word' id='word_1_109' title='bbox 1252 957 1325 994; x_wconf 91' lang='lat' dir='ltr'>Dei</span> <span class='ocrx_word' id='word_1_110' title='bbox 1346 957 1536 994; x_wconf 85' lang='lat' dir='ltr'>timorem</span> <span class='ocrx_word' id='word_1_111' title='bbox 1557 955 1781 1001; x_wconf 84' lang='lat' dir='ltr'>habebant,</span> 
     </span>
     <span class='ocr_line' id='line_1_13' title="bbox 80 1015 1782 1065; baseline -0.002 -11"><span class='ocrx_word' id='word_1_112' title='bbox 80 1017 130 1054; x_wconf 90' lang='lat' dir='ltr'>in</span> <span class='ocrx_word' id='word_1_113' title='bbox 151 1017 383 1055; x_wconf 87' lang='lat' dir='ltr'>animarum</span> <span class='ocrx_word' id='word_1_114' title='bbox 404 1030 570 1054; x_wconf 91' lang='lat' dir='ltr'>suarum</span> <span class='ocrx_word' id='word_1_115' title='bbox 592 1016 771 1065; x_wconf 87' lang='lat' dir='ltr'>periculo</span> <span class='ocrx_word' id='word_1_116' title='bbox 797 1016 967 1053; x_wconf 86' lang='lat' dir='ltr'>firmiter</span> <span class='ocrx_word' id='word_1_117' title='bbox 989 1024 1029 1053; x_wconf 86' lang='lat' dir='ltr'>et</span> <span class='ocrx_word' id='word_1_118' title='bbox 1050 1016 1289 1065; x_wconf 88' lang='lat' dir='ltr'>simpliciter</span> <span class='ocrx_word' id='word_1_119' title='bbox 1310 1016 1465 1064; x_wconf 81' lang='lat' dir='ltr'>absque</span> <span class='ocrx_word' id='word_1_120' title='bbox 1488 1015 1782 1064; x_wconf 84' lang='lat' dir='ltr'>cujuscumque</span> 
     </span>
     <span class='ocr_line' id='line_1_14' title="bbox 88 1072 1783 1125; baseline -0.002 -12"><span class='ocrx_word' id='word_1_121' title='bbox 88 1075 373 1114; x_wconf 82' lang='lat' dir='ltr'>haesitationis</span> <span class='ocrx_word' id='word_1_122' title='bbox 414 1076 618 1125; x_wconf 81' lang='lat' dir='ltr'>scrupulo,</span> <span class='ocrx_word' id='word_1_123' title='bbox 650 1076 788 1125; x_wconf 88' lang='lat' dir='ltr'>palam</span> <span class='ocrx_word' id='word_1_124' title='bbox 817 1083 858 1113; x_wconf 90' lang='lat' dir='ltr'>et</span> <span class='ocrx_word' id='word_1_125' title='bbox 897 1075 1058 1124; x_wconf 89' lang='lat' dir='ltr'>publice</span> <span class='ocrx_word' id='word_1_126' title='bbox 1100 1075 1269 1125; x_wconf 69' lang='lat' dir='ltr'>professi</span> <span class='ocrx_word' id='word_1_127' title='bbox 1306 1072 1469 1112; x_wconf 83' lang='lat' dir='ltr'>fuerant</span> <span class='ocrx_word' id='word_1_128' title='bbox 1509 1089 1592 1111; x_wconf 90' lang='lat' dir='ltr'>esse</span> <span class='ocrx_word' id='word_1_129' title='bbox 1635 1073 1783 1111; x_wconf 87' lang='lat' dir='ltr'>Christi</span> 
     </span>
     <span class='ocr_line' id='line_1_15' title="bbox 88 1133 1783 1182; baseline -0.002 -10"><span class='ocrx_word' id='word_1_130' title='bbox 88 1134 288 1173; x_wconf 86' lang='lat' dir='ltr'>vicarium</span> <span class='ocrx_word' id='word_1_131' title='bbox 315 1135 356 1172; x_wconf 90' lang='lat' dir='ltr'>in</span> <span class='ocrx_word' id='word_1_132' title='bbox 385 1135 517 1181; x_wconf 79' lang='lat' dir='ltr'>terris,</span> <span class='ocrx_word' id='word_1_133' title='bbox 556 1148 601 1172; x_wconf 89' lang='lat' dir='ltr'>ac</span> <span class='ocrx_word' id='word_1_134' title='bbox 640 1135 807 1173; x_wconf 90' lang='lat' dir='ltr'>unicum</span> <span class='ocrx_word' id='word_1_135' title='bbox 845 1134 1085 1172; x_wconf 86' lang='lat' dir='ltr'>universalis</span> <span class='ocrx_word' id='word_1_136' title='bbox 1124 1134 1339 1172; x_wconf 86' lang='lat' dir='ltr'>militantis</span> <span class='ocrx_word' id='word_1_137' title='bbox 1381 1133 1582 1171; x_wconf 78' lang='lat' dir='ltr'>Ecclesiae</span> <span class='ocrx_word' id='word_1_138' title='bbox 1621 1140 1783 1182; x_wconf 90' lang='lat' dir='ltr'>patrem</span> 
     </span>
     <span class='ocr_line' id='line_1_16' title="bbox 86 1190 1782 1244; baseline -0.003 -12"><span class='ocrx_word' id='word_1_139' title='bbox 86 1194 354 1244; x_wconf 88' lang='lat' dir='ltr'>praecipuum</span> <span class='ocrx_word' id='word_1_140' title='bbox 383 1202 424 1232; x_wconf 90' lang='lat' dir='ltr'>et</span> <span class='ocrx_word' id='word_1_141' title='bbox 450 1202 670 1243; x_wconf 85' lang='lat' dir='ltr'>pastorem.</span> <span class='ocrx_word' id='word_1_142' title='bbox 702 1193 838 1242; x_wconf 83' lang='lat' dir='ltr'>Magni</span> <span class='ocrx_word' id='word_1_143' title='bbox 867 1201 1008 1232; x_wconf 88' lang='lat' dir='ltr'>autem</span> <span class='ocrx_word' id='word_1_144' title='bbox 1036 1193 1234 1230; x_wconf 86' lang='lat' dir='ltr'>momenti</span> <span class='ocrx_word' id='word_1_145' title='bbox 1263 1201 1351 1230; x_wconf 86' lang='lat' dir='ltr'>erat</span> <span class='ocrx_word' id='word_1_146' title='bbox 1376 1192 1532 1241; x_wconf 67' lang='lat' dir='ltr'>Anglici</span> <span class='ocrx_word' id='word_1_147' title='bbox 1561 1190 1782 1229; x_wconf 87' lang='lat' dir='ltr'>declaratio</span> 
     </span>
     <span class='ocr_line' id='line_1_17' title="bbox 86 1250 1781 1302; baseline -0.002 -12"><span class='ocrx_word' id='word_1_148' title='bbox 86 1267 160 1302; x_wconf 92' lang='lat' dir='ltr'>pro</span> <span class='ocrx_word' id='word_1_149' title='bbox 190 1253 410 1300; x_wconf 86' lang='lat' dir='ltr'>Clemente,</span> <span class='ocrx_word' id='word_1_150' title='bbox 441 1261 488 1290; x_wconf 89' lang='lat' dir='ltr'>ut</span> <span class='ocrx_word' id='word_1_151' title='bbox 522 1253 591 1302; x_wconf 86' lang='lat' dir='ltr'>qui</span> <span class='ocrx_word' id='word_1_152' title='bbox 625 1253 686 1290; x_wconf 76' lang='lat' dir='ltr'>vir</span> <span class='ocrx_word' id='word_1_153' title='bbox 719 1261 824 1291; x_wconf 90' lang='lat' dir='ltr'>esset</span> <span class='ocrx_word' id='word_1_154' title='bbox 858 1260 980 1291; x_wconf 87' lang='lat' dir='ltr'>notae</span> <span class='ocrx_word' id='word_1_155' title='bbox 1015 1252 1196 1301; x_wconf 86' lang='lat' dir='ltr'>pietatis,</span> <span class='ocrx_word' id='word_1_156' title='bbox 1233 1266 1354 1301; x_wconf 80' lang='lat' dir='ltr'>quem</span> <span class='ocrx_word' id='word_1_157' title='bbox 1389 1251 1593 1288; x_wconf 84' lang='lat' dir='ltr'>miraculis</span> <span class='ocrx_word' id='word_1_158' title='bbox 1625 1250 1665 1287; x_wconf 88' lang='lat' dir='ltr'>in</span> <span class='ocrx_word' id='word_1_159' title='bbox 1695 1250 1781 1287; x_wconf 81' lang='lat' dir='ltr'>vita</span> 
     </span>
     <span class='ocr_line' id='line_1_18' title="bbox 82 1309 1783 1361; baseline -0.003 -11"><span class='ocrx_word' id='word_1_160' title='bbox 82 1312 278 1350; x_wconf 89' lang='lat' dir='ltr'>claruisse</span> <span class='ocrx_word' id='word_1_161' title='bbox 315 1320 496 1350; x_wconf 90' lang='lat' dir='ltr'>testatur</span> <span class='ocrx_word' id='word_1_162' title='bbox 536 1312 774 1360; x_wconf 78' lang='lat' dir='ltr'>Aymericus</span> <span class='ocrx_word' id='word_1_163' title='bbox 815 1311 862 1350; x_wconf 92' lang='lat' dir='ltr'>de</span> <span class='ocrx_word' id='word_1_164' title='bbox 907 1312 1100 1360; x_wconf 72' lang='lat' dir='ltr'>Peymco,</span> <span class='ocrx_word' id='word_1_165' title='bbox 1144 1311 1248 1348; x_wconf 88' lang='lat' dir='ltr'>infra</span> <span class='ocrx_word' id='word_1_166' title='bbox 1291 1309 1335 1360; x_wconf 87' lang='lat' dir='ltr'>[t.</span> <span class='ocrx_word' id='word_1_167' title='bbox 1368 1311 1394 1361; x_wconf 85' lang='lat'>1]</span> <span class='ocrx_word' id='word_1_168' title='bbox 1432 1325 1469 1360; x_wconf 87' lang='lat' dir='ltr'>p.</span> <span class='ocrx_word' id='word_1_169' title='bbox 1509 1310 1596 1356; x_wconf 79' lang='lat'>406,</span> <span class='ocrx_word' id='word_1_170' title='bbox 1623 1310 1663 1346; x_wconf 93' lang='lat' dir='ltr'>in</span> <span class='ocrx_word' id='word_1_171' title='bbox 1692 1309 1783 1346; x_wconf 78' lang='lat' dir='ltr'>Vita</span> 
     </span>
     <span class='ocr_line' id='line_1_19' title="bbox 93 1368 1783 1421; baseline -0.002 -12"><span class='ocrx_word' id='word_1_172' title='bbox 93 1371 262 1419; x_wconf 79' lang='lat' dir='ltr'>Urbani,</span> <span class='ocrx_word' id='word_1_173' title='bbox 292 1379 333 1410; x_wconf 86' lang='lat' dir='ltr'>et</span> <span class='ocrx_word' id='word_1_174' title='bbox 362 1371 431 1420; x_wconf 85' lang='lat' dir='ltr'>qui</span> <span class='ocrx_word' id='word_1_175' title='bbox 459 1371 656 1409; x_wconf 87' lang='lat' dir='ltr'>noluisset</span> <span class='ocrx_word' id='word_1_176' title='bbox 687 1371 904 1409; x_wconf 91' lang='lat' dir='ltr'>Clementis</span> <span class='ocrx_word' id='word_1_177' title='bbox 932 1379 1069 1421; x_wconf 88' lang='lat' dir='ltr'>partes</span> <span class='ocrx_word' id='word_1_178' title='bbox 1096 1370 1209 1419; x_wconf 86' lang='lat' dir='ltr'>sequi</span> <span class='ocrx_word' id='word_1_179' title='bbox 1237 1370 1311 1407; x_wconf 90' lang='lat' dir='ltr'>nisi</span> <span class='ocrx_word' id='word_1_180' title='bbox 1337 1370 1371 1407; x_wconf 92' lang='lat' dir='ltr'>ei</span> <span class='ocrx_word' id='word_1_181' title='bbox 1397 1377 1506 1408; x_wconf 83' lang='lat' dir='ltr'>certo</span> <span class='ocrx_word' id='word_1_182' title='bbox 1532 1368 1783 1406; x_wconf 82' lang='lat' dir='ltr'>constitisset</span> 
     </span>
     <span class='ocr_line' id='line_1_20' title="bbox 87 1427 1782 1479; baseline -0.003 -11"><span class='ocrx_word' id='word_1_183' title='bbox 87 1429 174 1479; x_wconf 87' lang='lat' dir='ltr'>ejus</span> <span class='ocrx_word' id='word_1_184' title='bbox 193 1430 433 1469; x_wconf 90' lang='lat' dir='ltr'>electionem</span> <span class='ocrx_word' id='word_1_185' title='bbox 452 1430 574 1468; x_wconf 87' lang='lat' dir='ltr'>fuisse</span> <span class='ocrx_word' id='word_1_186' title='bbox 592 1431 846 1477; x_wconf 84' lang='lat' dir='ltr'>canonicam,</span> <span class='ocrx_word' id='word_1_187' title='bbox 867 1430 1039 1468; x_wconf 85' lang='lat' dir='ltr'>alteram</span> <span class='ocrx_word' id='word_1_188' title='bbox 1057 1438 1198 1467; x_wconf 89' lang='lat' dir='ltr'>contra</span> <span class='ocrx_word' id='word_1_189' title='bbox 1223 1443 1397 1466; x_wconf 92' lang='lat' dir='ltr'>canones</span> <span class='ocrx_word' id='word_1_190' title='bbox 1421 1436 1628 1467; x_wconf 80' lang='lat' dir='ltr'>extortam</span> <span class='ocrx_word' id='word_1_191' title='bbox 1646 1427 1782 1477; x_wconf 89' lang='lat' dir='ltr'>potius</span> 
     </span>
     <span class='ocr_line' id='line_1_21' title="bbox 88 1486 1783 1539; baseline -0.002 -13"><span class='ocrx_word' id='word_1_192' title='bbox 88 1503 213 1538; x_wconf 90' lang='lat' dir='ltr'>quam</span> <span class='ocrx_word' id='word_1_193' title='bbox 244 1489 426 1539; x_wconf 79' lang='lat' dir='ltr'>legitimo</span> <span class='ocrx_word' id='word_1_194' title='bbox 460 1489 599 1527; x_wconf 88' lang='lat' dir='ltr'>ordine</span> <span class='ocrx_word' id='word_1_195' title='bbox 627 1497 850 1539; x_wconf 79' lang='lat' dir='ltr'>peractam,</span> <span class='ocrx_word' id='word_1_196' title='bbox 882 1497 928 1526; x_wconf 89' lang='lat' dir='ltr'>ut</span> <span class='ocrx_word' id='word_1_197' title='bbox 958 1497 1075 1539; x_wconf 88' lang='lat' dir='ltr'>patet</span> <span class='ocrx_word' id='word_1_198' title='bbox 1107 1503 1156 1527; x_wconf 83' lang='lat' dir='ltr'>ex</span> <span class='ocrx_word' id='word_1_199' title='bbox 1177 1488 1415 1526; x_wconf 89' lang='lat' dir='ltr'>testimonio</span> <span class='ocrx_word' id='word_1_200' title='bbox 1437 1487 1644 1536; x_wconf 83' lang='lat' dir='ltr'>scriptoris</span> <span class='ocrx_word' id='word_1_201' title='bbox 1672 1486 1783 1523; x_wconf 80' lang='lat' dir='ltr'>Vitae</span> 
     </span>
     <span class='ocr_line' id='line_1_22' title="bbox 84 1546 1362 1598; baseline 0.001 -13"><span class='ocrx_word' id='word_1_202' title='bbox 84 1548 122 1587; x_wconf 70' lang='grc' dir='ltr'>Ι).</span> <span class='ocrx_word' id='word_1_203' title='bbox 146 1549 255 1586; x_wconf 67' lang='lat' dir='ltr'>Petri</span> <span class='ocrx_word' id='word_1_204' title='bbox 276 1549 321 1586; x_wconf 84' lang='lat' dir='ltr'>de</span> <span class='ocrx_word' id='word_1_205' title='bbox 341 1548 617 1597; x_wconf 69' lang='lat' dir='ltr'>Luxemburgo</span> <span class='ocrx_word' id='word_1_206' title='bbox 643 1563 664 1586; x_wconf 88' lang='lat' dir='ltr'>a</span> <span class='ocrx_word' id='word_1_207' title='bbox 692 1548 808 1586; x_wconf 89' lang='lat' dir='ltr'>nobis</span> <span class='ocrx_word' id='word_1_208' title='bbox 836 1562 957 1598; x_wconf 90' lang='lat' dir='ltr'>supra</span> <span class='ocrx_word' id='word_1_209' title='bbox 985 1548 1180 1596; x_wconf 81' lang='lat' dir='ltr'>adducto,</span> <span class='ocrx_word' id='word_1_210' title='bbox 1208 1562 1245 1598; x_wconf 93' lang='lat' dir='ltr'>p.</span> <span class='ocrx_word' id='word_1_211' title='bbox 1275 1546 1362 1586; x_wconf 79' lang='lat'>939.</span> 
     </span>
    </p>

    <p class='ocr_par' dir='ltr' id='par_1_4' title="bbox 78 1604 1783 2012">
     <span class='ocr_line' id='line_1_23' title="bbox 140 1604 1783 1655; baseline -0.003 -10"><span class='ocrx_word' id='word_1_212' title='bbox 140 1608 259 1645; x_wconf 87' lang='lat' dir='ltr'>Anno</span> <span class='ocrx_word' id='word_1_213' title='bbox 291 1607 631 1655; x_wconf 84' lang='lat' dir='ltr'>MCCCLXXIX,</span> <span class='ocrx_word' id='word_1_214' title='bbox 664 1607 726 1646; x_wconf 92' lang='lat' dir='ltr'>die</span> <span class='ocrx_word' id='word_1_215' title='bbox 758 1622 847 1645; x_wconf 82' lang='lat' dir='ltr'>xxv</span> <span class='ocrx_word' id='word_1_216' title='bbox 879 1607 1027 1645; x_wconf 91' lang='lat' dir='ltr'>mensis</span> <span class='ocrx_word' id='word_1_217' title='bbox 1060 1607 1251 1654; x_wconf 79' lang='lat' dir='ltr'>octobris,</span> <span class='ocrx_word' id='word_1_218' title='bbox 1284 1607 1390 1644; x_wconf 72' lang='lat' dir='ltr'>cives</span> <span class='ocrx_word' id='word_1_219' title='bbox 1424 1604 1783 1654; x_wconf 87' lang='lat' dir='ltr'>Montispessulani</span> 
     </span>
     <span class='ocr_line' id='line_1_24' title="bbox 87 1662 1782 1716; baseline -0.002 -12"><span class='ocrx_word' id='word_1_220' title='bbox 87 1680 254 1716; x_wconf 85' lang='lat' dir='ltr'>gravem</span> <span class='ocrx_word' id='word_1_221' title='bbox 277 1666 521 1705; x_wconf 88' lang='lat' dir='ltr'>seditionem</span> <span class='ocrx_word' id='word_1_222' title='bbox 546 1675 860 1705; x_wconf 87' lang='lat' dir='ltr'>commoverunt</span> <span class='ocrx_word' id='word_1_223' title='bbox 883 1667 1079 1705; x_wconf 77' lang='lat' dir='ltr'>adversus</span> <span class='ocrx_word' id='word_1_224' title='bbox 1104 1667 1312 1704; x_wconf 88' lang='lat' dir='ltr'>ministros</span> <span class='ocrx_word' id='word_1_225' title='bbox 1336 1666 1478 1715; x_wconf 74' lang='lat' dir='ltr'>regios,</span> <span class='ocrx_word' id='word_1_226' title='bbox 1504 1679 1604 1713; x_wconf 82' lang='lat' dir='ltr'>quos</span> <span class='ocrx_word' id='word_1_227' title='bbox 1629 1662 1782 1701; x_wconf 87' lang='lat' dir='ltr'>occide-</span> 
     </span>
     <span class='ocr_line' id='line_1_25' title="bbox 88 1722 1782 1776; baseline -0.003 -13"><span class='ocrx_word' id='word_1_228' title='bbox 88 1734 199 1774; x_wconf 89' lang='lat' dir='ltr'>runt,</span> <span class='ocrx_word' id='word_1_229' title='bbox 222 1734 263 1765; x_wconf 87' lang='lat' dir='ltr'>et</span> <span class='ocrx_word' id='word_1_230' title='bbox 286 1726 487 1764; x_wconf 86' lang='lat' dir='ltr'>cadavera</span> <span class='ocrx_word' id='word_1_231' title='bbox 510 1740 650 1764; x_wconf 92' lang='lat' dir='ltr'>eorum</span> <span class='ocrx_word' id='word_1_232' title='bbox 672 1726 713 1763; x_wconf 93' lang='lat' dir='ltr'>in</span> <span class='ocrx_word' id='word_1_233' title='bbox 735 1734 909 1776; x_wconf 89' lang='lat' dir='ltr'>puteum</span> <span class='ocrx_word' id='word_1_234' title='bbox 931 1726 1206 1776; x_wconf 85' lang='lat' dir='ltr'>projecerunt.</span> <span class='ocrx_word' id='word_1_235' title='bbox 1236 1725 1340 1762; x_wconf 94' lang='lat' dir='ltr'>Hinc</span> <span class='ocrx_word' id='word_1_236' title='bbox 1363 1725 1420 1762; x_wconf 89' lang='lat' dir='ltr'>ira</span> <span class='ocrx_word' id='word_1_237' title='bbox 1442 1724 1530 1774; x_wconf 87' lang='lat' dir='ltr'>jure</span> <span class='ocrx_word' id='word_1_238' title='bbox 1555 1722 1782 1771; x_wconf 83' lang='lat' dir='ltr'>meritoque</span> 
     </span>
     <span class='ocr_line' id='line_1_26' title="bbox 78 1784 1783 1835; baseline -0.003 -13"><span class='ocrx_word' id='word_1_239' title='bbox 78 1784 385 1833; x_wconf 84' lang='lat' dir='ltr'>inflammatus,</span> <span class='ocrx_word' id='word_1_240' title='bbox 402 1785 632 1823; x_wconf 87' lang='lat' dir='ltr'>Ludovicus</span> <span class='ocrx_word' id='word_1_241' title='bbox 650 1785 734 1822; x_wconf 88' lang='lat' dir='ltr'>dux</span> <span class='ocrx_word' id='word_1_242' title='bbox 751 1785 1057 1835; x_wconf 76' lang='lat' dir='ltr'>Andegavensis</span> <span class='ocrx_word' id='word_1_243' title='bbox 1077 1785 1177 1822; x_wconf 90' lang='lat' dir='ltr'>dura</span> <span class='ocrx_word' id='word_1_244' title='bbox 1195 1785 1235 1822; x_wconf 90' lang='lat' dir='ltr'>in</span> <span class='ocrx_word' id='word_1_245' title='bbox 1253 1799 1319 1822; x_wconf 92' lang='lat' dir='ltr'>eos</span> <span class='ocrx_word' id='word_1_246' title='bbox 1337 1784 1500 1830; x_wconf 79' lang='lat' dir='ltr'>statuit,</span> <span class='ocrx_word' id='word_1_247' title='bbox 1520 1796 1623 1831; x_wconf 82' lang='lat' dir='ltr'>quae</span> <span class='ocrx_word' id='word_1_248' title='bbox 1640 1789 1783 1831; x_wconf 85' lang='lat' dir='ltr'>postea</span> 
     </span>
     <span class='ocr_line' id='line_1_27' title="bbox 86 1840 1782 1894; baseline -0.004 -12"><span class='ocrx_word' id='word_1_249' title='bbox 86 1844 276 1893; x_wconf 83' lang='lat' dir='ltr'>mitigata</span> <span class='ocrx_word' id='word_1_250' title='bbox 305 1852 402 1883; x_wconf 90' lang='lat' dir='ltr'>sunt</span> <span class='ocrx_word' id='word_1_251' title='bbox 428 1844 616 1894; x_wconf 86' lang='lat' dir='ltr'>precibus</span> <span class='ocrx_word' id='word_1_252' title='bbox 644 1858 776 1894; x_wconf 90' lang='lat' dir='ltr'>papae</span> <span class='ocrx_word' id='word_1_253' title='bbox 805 1845 1023 1883; x_wconf 90' lang='lat' dir='ltr'>Clementis</span> <span class='ocrx_word' id='word_1_254' title='bbox 1052 1844 1133 1882; x_wconf 87' lang='lat' dir='ltr'>VII</span> <span class='ocrx_word' id='word_1_255' title='bbox 1161 1852 1201 1882; x_wconf 93' lang='lat' dir='ltr'>et</span> <span class='ocrx_word' id='word_1_256' title='bbox 1230 1843 1387 1893; x_wconf 75' lang='lat' dir='ltr'>Anglici</span> <span class='ocrx_word' id='word_1_257' title='bbox 1416 1841 1631 1880; x_wconf 88' lang='lat' dir='ltr'>cardinalis</span> <span class='ocrx_word' id='word_1_258' title='bbox 1661 1840 1782 1877; x_wconf 77' lang='lat' dir='ltr'>Alba-</span> 
     </span>
     <span class='ocr_line' id='line_1_28' title="bbox 86 1899 1783 1954; baseline -0.003 -14"><span class='ocrx_word' id='word_1_259' title='bbox 86 1904 236 1951; x_wconf 85' lang='lat' dir='ltr'>nensis‚</span> <span class='ocrx_word' id='word_1_260' title='bbox 256 1904 325 1953; x_wconf 87' lang='lat' dir='ltr'>qui</span> <span class='ocrx_word' id='word_1_261' title='bbox 343 1912 559 1954; x_wconf 88' lang='lat' dir='ltr'>propterea</span> <span class='ocrx_word' id='word_1_262' title='bbox 579 1911 748 1941; x_wconf 84' lang='lat' dir='ltr'>venerat</span> <span class='ocrx_word' id='word_1_263' title='bbox 767 1903 818 1941; x_wconf 93' lang='lat' dir='ltr'>ad</span> <span class='ocrx_word' id='word_1_264' title='bbox 838 1903 1301 1954; x_wconf 88' lang='lat' dir='ltr'>Montempessulanum.</span> <span class='ocrx_word' id='word_1_265' title='bbox 1324 1902 1424 1940; x_wconf 84' lang='lat' dir='ltr'>Vide</span> <span class='ocrx_word' id='word_1_266' title='bbox 1442 1902 1580 1939; x_wconf 81' lang='lat' dir='ltr'>literas</span> <span class='ocrx_word' id='word_1_267' title='bbox 1599 1899 1783 1949; x_wconf 78' lang='lat' dir='ltr'>ejusdem</span> 
     </span>
     <span class='ocr_line' id='line_1_29' title="bbox 87 1958 1780 2012; baseline -0.001 -13"><span class='ocrx_word' id='word_1_268' title='bbox 87 1962 286 2000; x_wconf 73' lang='lat' dir='ltr'>Ludovici</span> <span class='ocrx_word' id='word_1_269' title='bbox 314 1977 443 2012; x_wconf 91' lang='lat' dir='ltr'>nuper</span> <span class='ocrx_word' id='word_1_270' title='bbox 471 1962 602 2000; x_wconf 89' lang='lat' dir='ltr'>editas</span> <span class='ocrx_word' id='word_1_271' title='bbox 631 1963 738 2001; x_wconf 90' lang='lat' dir='ltr'>inter</span> <span class='ocrx_word' id='word_1_272' title='bbox 766 1963 1025 2000; x_wconf 77' lang='lat' dir='ltr'>Probationes</span> <span class='ocrx_word' id='word_1_273' title='bbox 1053 1963 1265 2000; x_wconf 79' lang='lat' dir='ltr'>annalium</span> <span class='ocrx_word' id='word_1_274' title='bbox 1296 1962 1594 2006; x_wconf 76' lang='lat' dir='ltr'>Tolosanorum,</span> <span class='ocrx_word' id='word_1_275' title='bbox 1624 1974 1661 2008; x_wconf 87' lang='lat' dir='ltr'>p.</span> <span class='ocrx_word' id='word_1_276' title='bbox 1695 1958 1780 1997; x_wconf 83' lang='lat'>101.</span> 
     </span>
    </p>

    <p class='ocr_par' dir='ltr' id='par_1_5' title="bbox 79 2017 1783 2248">
     <span class='ocr_line' id='line_1_30' title="bbox 139 2017 1782 2068; baseline -0.002 -10"><span class='ocrx_word' id='word_1_277' title='bbox 139 2022 451 2060; x_wconf 87' lang='lat' dir='ltr'>Testamentum</span> <span class='ocrx_word' id='word_1_278' title='bbox 482 2021 700 2059; x_wconf 82' lang='lat' dir='ltr'>condidit2</span> <span class='ocrx_word' id='word_1_279' title='bbox 729 2035 837 2059; x_wconf 90' lang='lat' dir='ltr'>anno</span> <span class='ocrx_word' id='word_1_280' title='bbox 869 2021 1294 2068; x_wconf 81' lang='lat' dir='ltr'>MCCCLXXXVIII,</span> <span class='ocrx_word' id='word_1_281' title='bbox 1326 2021 1389 2058; x_wconf 90' lang='lat' dir='ltr'>die</span> <span class='ocrx_word' id='word_1_282' title='bbox 1421 2035 1461 2057; x_wconf 77' lang='lat' dir='ltr'>XI</span> <span class='ocrx_word' id='word_1_283' title='bbox 1493 2018 1643 2068; x_wconf 79' lang='lat' dir='ltr'>apriliS‚</span> <span class='ocrx_word' id='word_1_284' title='bbox 1676 2017 1782 2055; x_wconf 90' lang='lat' dir='ltr'>codi-</span> 
     </span>
     <span class='ocr_line' id='line_1_31' title="bbox 88 2076 1781 2131; baseline -0.003 -12"><span class='ocrx_word' id='word_1_285' title='bbox 88 2081 225 2119; x_wconf 88' lang='lat' dir='ltr'>cillum</span> <span class='ocrx_word' id='word_1_286' title='bbox 249 2081 312 2119; x_wconf 91' lang='lat' dir='ltr'>die</span> <span class='ocrx_word' id='word_1_287' title='bbox 349 2081 505 2119; x_wconf 89' lang='lat' dir='ltr'>decima</span> <span class='ocrx_word' id='word_1_288' title='bbox 542 2089 703 2130; x_wconf 89' lang='lat' dir='ltr'>quarta.</span> <span class='ocrx_word' id='word_1_289' title='bbox 722 2081 775 2118; x_wconf 90' lang='lat' dir='ltr'>Et</span> <span class='ocrx_word' id='word_1_290' title='bbox 811 2081 1033 2130; x_wconf 90' lang='lat' dir='ltr'>quatriduo</span> <span class='ocrx_word' id='word_1_291' title='bbox 1072 2089 1166 2131; x_wconf 88' lang='lat' dir='ltr'>post</span> <span class='ocrx_word' id='word_1_292' title='bbox 1203 2081 1317 2127; x_wconf 80' lang='lat' dir='ltr'>obiit,</span> <span class='ocrx_word' id='word_1_293' title='bbox 1356 2088 1399 2117; x_wconf 93' lang='lat' dir='ltr'>ut</span> <span class='ocrx_word' id='word_1_294' title='bbox 1436 2079 1495 2116; x_wconf 88' lang='lat' dir='ltr'>ait</span> <span class='ocrx_word' id='word_1_295' title='bbox 1527 2076 1781 2115; x_wconf 87' lang='lat' dir='ltr'>Contclorius</span> 
     </span>
     <span class='ocr_line' id='line_1_32' title="bbox 96 2135 1783 2190; baseline -0.004 -12"><span class='ocrx_word' id='word_1_296' title='bbox 96 2139 148 2190; x_wconf 90' lang='lat' dir='ltr'>[p.</span> <span class='ocrx_word' id='word_1_297' title='bbox 174 2140 224 2178; x_wconf 85' lang='lat'>93</span> <span class='ocrx_word' id='word_1_298' title='bbox 237 2139 262 2190; x_wconf 91' lang='lat'>].</span> <span class='ocrx_word' id='word_1_299' title='bbox 289 2140 343 2177; x_wconf 90' lang='lat' dir='ltr'>At</span> <span class='ocrx_word' id='word_1_300' title='bbox 368 2140 409 2178; x_wconf 87' lang='lat' dir='ltr'>in</span> <span class='ocrx_word' id='word_1_301' title='bbox 436 2140 637 2189; x_wconf 86' lang='lat' dir='ltr'>excerptis</span> <span class='ocrx_word' id='word_1_302' title='bbox 664 2155 683 2177; x_wconf 96' lang='lat' dir='ltr'>e</span> <span class='ocrx_word' id='word_1_303' title='bbox 709 2140 814 2178; x_wconf 89' lang='lat' dir='ltr'>libro</span> <span class='ocrx_word' id='word_1_304' title='bbox 840 2139 1137 2189; x_wconf 70' lang='lat' dir='ltr'>Obligationam</span> <span class='ocrx_word' id='word_1_305' title='bbox 1165 2140 1214 2177; x_wconf 89' lang='lat' dir='ltr'>ad</span> <span class='ocrx_word' id='word_1_306' title='bbox 1244 2154 1306 2177; x_wconf 89' lang='lat' dir='ltr'>me</span> <span class='ocrx_word' id='word_1_307' title='bbox 1322 2140 1452 2176; x_wconf 84' lang='lat' dir='ltr'>Roma</span> <span class='ocrx_word' id='word_1_308' title='bbox 1476 2135 1783 2184; x_wconf 79' lang='lat' dir='ltr'>missis,legitur</span> 
     </span>
     <span class='ocr_line' id='line_1_33' title="bbox 79 2198 822 2248; baseline 0.003 -12"><span class='ocrx_word' id='word_1_309' title='bbox 79 2199 231 2238; x_wconf 72' lang='lat' dir='ltr'>vobiisse</span> <span class='ocrx_word' id='word_1_310' title='bbox 251 2198 267 2222; x_wconf 82' lang='lat'>³</span> <span class='ocrx_word' id='word_1_311' title='bbox 285 2199 348 2237; x_wconf 82' lang='lat' dir='ltr'>die</span> <span class='ocrx_word' id='word_1_312' title='bbox 367 2214 439 2237; x_wconf 87' lang='lat' dir='ltr'>xv1</span> <span class='ocrx_word' id='word_1_313' title='bbox 458 2199 642 2248; x_wconf 85' lang='lat' dir='ltr'>ejusdem</span> <span class='ocrx_word' id='word_1_314' title='bbox 661 2199 822 2238; x_wconf 89' lang='lat' dir='ltr'>mensis.</span> 
     </span>
    </p>

    <p class='ocr_par' dir='ltr' id='par_1_6' title="bbox 22 2252 1782 2312">
     <span class='ocr_line' id='line_1_34' title="bbox 22 2252 1782 2312; baseline -0.004 -16"><span class='ocrx_word' id='word_1_315' title='bbox 22 2309 23 2312; x_wconf 11' lang='grc' dir='ltr'><strong>Ἴ</strong></span> <span class='ocrx_word' id='word_1_316' title='bbox 138 2258 354 2307; x_wconf 83' lang='lat' dir='ltr'>Anglicum</span> <span class='ocrx_word' id='word_1_317' title='bbox 385 2258 507 2296; x_wconf 89' lang='lat' dir='ltr'>fuisse</span> <span class='ocrx_word' id='word_1_318' title='bbox 532 2258 733 2297; x_wconf 87' lang='lat' dir='ltr'>decanum</span> <span class='ocrx_word' id='word_1_319' title='bbox 766 2258 1066 2298; x_wconf 86' lang='lat' dir='ltr'>Eboracensem</span> <span class='ocrx_word' id='word_1_320' title='bbox 1095 2272 1140 2295; x_wconf 90' lang='lat' dir='ltr'>ac</span> <span class='ocrx_word' id='word_1_321' title='bbox 1173 2256 1501 2307; x_wconf 76' lang='lat' dir='ltr'>praebendatum</span> <span class='ocrx_word' id='word_1_322' title='bbox 1540 2255 1579 2292; x_wconf 91' lang='lat' dir='ltr'>in</span> <span class='ocrx_word' id='word_1_323' title='bbox 1605 2252 1782 2291; x_wconf 84' lang='lat' dir='ltr'>Ecclesia</span> 
     </span>
    </p>

    <p class='ocr_par' dir='ltr' id='par_1_7' title="bbox 81 2316 1532 2366">
     <span class='ocr_line' id='line_1_35' title="bbox 81 2316 1532 2366; baseline -0.002 -12"><span class='ocrx_word' id='word_1_324' title='bbox 81 2317 280 2355; x_wconf 48' lang='lat' dir='ltr'>‘Wallensi</span> <span class='ocrx_word' id='word_1_325' title='bbox 308 2317 437 2355; x_wconf 86' lang='lat' dir='ltr'>tradit</span> <span class='ocrx_word' id='word_1_326' title='bbox 466 2317 688 2355; x_wconf 85' lang='lat' dir='ltr'>Godwinus</span> <span class='ocrx_word' id='word_1_327' title='bbox 716 2317 757 2355; x_wconf 90' lang='lat' dir='ltr'>in</span> <span class='ocrx_word' id='word_1_328' title='bbox 786 2317 974 2366; x_wconf 79' lang='lat' dir='ltr'>Catalogo</span> <span class='ocrx_word' id='word_1_329' title='bbox 1001 2317 1268 2355; x_wconf 69' lang='lat' dir='ltr'>cardinalium</span> <span class='ocrx_word' id='word_1_330' title='bbox 1297 2316 1532 2364; x_wconf 78' lang='lat' dir='ltr'>Arzgloram.</span> 
     </span>
    </p>

    <p class='ocr_par' dir='ltr' id='par_1_8' title="bbox 80 2370 1782 2662">
     <span class='ocr_line' id='line_1_36' title="bbox 140 2370 1781 2425; baseline -0.005 -12"><span class='ocrx_word' id='word_1_331' title='bbox 140 2376 340 2414; x_wconf 89' lang='lat' dir='ltr'>Patruum</span> <span class='ocrx_word' id='word_1_332' title='bbox 372 2376 519 2413; x_wconf 87' lang='lat' dir='ltr'>habuit</span> <span class='ocrx_word' id='word_1_333' title='bbox 554 2376 817 2414; x_wconf 90' lang='lat' dir='ltr'>Helisiarium</span> <span class='ocrx_word' id='word_1_334' title='bbox 851 2376 1082 2414; x_wconf 89' lang='lat' dir='ltr'>Grimoardi</span> <span class='ocrx_word' id='word_1_335' title='bbox 1114 2376 1291 2425; x_wconf 89' lang='lat' dir='ltr'>priorem</span> <span class='ocrx_word' id='word_1_336' title='bbox 1324 2373 1547 2419; x_wconf 76' lang='lat' dir='ltr'>cartusiae,</span> <span class='ocrx_word' id='word_1_337' title='bbox 1582 2379 1627 2408; x_wconf 92' lang='lat' dir='ltr'>ut</span> <span class='ocrx_word' id='word_1_338' title='bbox 1660 2370 1781 2416; x_wconf 64' lang='lat' dir='ltr'>vulgo</span> 
     </span>
     <span class='ocr_line' id='line_1_37' title="bbox 85 2428 1780 2484; baseline -0.005 -12"><span class='ocrx_word' id='word_1_339' title='bbox 85 2435 260 2473; x_wconf 88' lang='lat' dir='ltr'>tradunt</span> <span class='ocrx_word' id='word_1_340' title='bbox 285 2435 516 2484; x_wconf 86' lang='lat' dir='ltr'>scriptores.</span> <span class='ocrx_word' id='word_1_341' title='bbox 546 2435 749 2473; x_wconf 88' lang='lat' dir='ltr'>Videntur</span> <span class='ocrx_word' id='word_1_342' title='bbox 774 2443 915 2473; x_wconf 89' lang='lat' dir='ltr'>autem</span> <span class='ocrx_word' id='word_1_343' title='bbox 941 2449 1079 2473; x_wconf 87' lang='lat' dir='ltr'>omnes</span> <span class='ocrx_word' id='word_1_344' title='bbox 1107 2435 1308 2484; x_wconf 86' lang='lat' dir='ltr'>accepisse</span> <span class='ocrx_word' id='word_1_345' title='bbox 1335 2448 1384 2471; x_wconf 84' lang='lat' dir='ltr'>ex</span> <span class='ocrx_word' id='word_1_346' title='bbox 1410 2433 1531 2470; x_wconf 89' lang='lat' dir='ltr'>Petro</span> <span class='ocrx_word' id='word_1_347' title='bbox 1560 2428 1780 2474; x_wconf 87' lang='lat' dir='ltr'>Dorlando‚</span> 
     </span>
     <span class='ocr_line' id='line_1_38' title="bbox 80 2490 1782 2544; baseline -0.005 -12"><span class='ocrx_word' id='word_1_348' title='bbox 80 2494 156 2544; x_wconf 24' lang='lat' dir='ltr'>&#39;qui</span> <span class='ocrx_word' id='word_1_349' title='bbox 174 2494 242 2533; x_wconf 87' lang='lat' dir='ltr'>lib.</span> <span class='ocrx_word' id='word_1_350' title='bbox 268 2494 321 2531; x_wconf 88' lang='lat' dir='ltr'>IV</span> <span class='ocrx_word' id='word_1_351' title='bbox 342 2494 486 2533; x_wconf 80' lang='lat' dir='ltr'>Chron.</span> <span class='ocrx_word' id='word_1_352' title='bbox 508 2490 679 2541; x_wconf 63' lang='lat' dir='ltr'>Cartus&#39;„</span> <span class='ocrx_word' id='word_1_353' title='bbox 701 2508 788 2544; x_wconf 87' lang='lat' dir='ltr'>cap.</span> <span class='ocrx_word' id='word_1_354' title='bbox 812 2509 916 2531; x_wconf 81' lang='lat' dir='ltr'>xxm</span> <span class='ocrx_word' id='word_1_355' title='bbox 946 2494 998 2544; x_wconf 85' lang='lat' dir='ltr'>[p.</span> <span class='ocrx_word' id='word_1_356' title='bbox 1022 2494 1137 2544; x_wconf 80' lang='lat'>244]‚</span> <span class='ocrx_word' id='word_1_357' title='bbox 1155 2494 1213 2531; x_wconf 90' lang='lat' dir='ltr'>ait</span> <span class='ocrx_word' id='word_1_358' title='bbox 1233 2492 1480 2530; x_wconf 86' lang='lat' dir='ltr'>cardinalem</span> <span class='ocrx_word' id='word_1_359' title='bbox 1496 2490 1782 2526; x_wconf 81' lang='lat' dir='ltr'>Mimatensem</span> 
     </span>
     <span class='ocr_line' id='line_1_39' title="bbox 86 2549 1781 2602; baseline -0.005 -12"><span class='ocrx_word' id='word_1_360' title='bbox 86 2553 209 2591; x_wconf 80' lang='lat' dir='ltr'>fuisse</span> <span class='ocrx_word' id='word_1_361' title='bbox 232 2553 318 2602; x_wconf 89' lang='lat' dir='ltr'>ejus</span> <span class='ocrx_word' id='word_1_362' title='bbox 342 2561 546 2602; x_wconf 89' lang='lat' dir='ltr'>nepotem.</span> <span class='ocrx_word' id='word_1_363' title='bbox 573 2553 658 2601; x_wconf 82' lang='lat' dir='ltr'>Ego</span> <span class='ocrx_word' id='word_1_364' title='bbox 681 2567 777 2591; x_wconf 91' lang='lat' dir='ltr'>vero</span> <span class='ocrx_word' id='word_1_365' title='bbox 800 2553 990 2602; x_wconf 86' lang='lat' dir='ltr'>nuspiam</span> <span class='ocrx_word' id='word_1_366' title='bbox 1013 2553 1177 2590; x_wconf 79' lang='lat' dir='ltr'>invenio</span> <span class='ocrx_word' id='word_1_367' title='bbox 1200 2551 1415 2601; x_wconf 74' lang='lat' dir='ltr'>Anglicum</span> <span class='ocrx_word' id='word_1_368' title='bbox 1439 2549 1559 2587; x_wconf 82' lang='lat' dir='ltr'>fuisse</span> <span class='ocrx_word' id='word_1_369' title='bbox 1587 2554 1781 2584; x_wconf 81' lang='lat' dir='ltr'>vocatum</span> 
     </span>
     <span class='ocr_line' id='line_1_40' title="bbox 82 2605 1782 2662; baseline -0.006 -11"><span class='ocrx_word' id='word_1_370' title='bbox 82 2613 337 2651; x_wconf 80' lang='lat' dir='ltr'>cardinalem</span> <span class='ocrx_word' id='word_1_371' title='bbox 362 2612 661 2659; x_wconf 77' lang='lat' dir='ltr'>Mimatensem,</span> <span class='ocrx_word' id='word_1_372' title='bbox 687 2627 819 2662; x_wconf 81' lang='lat' dir='ltr'>neque</span> <span class='ocrx_word' id='word_1_373' title='bbox 843 2613 972 2650; x_wconf 92' lang='lat' dir='ltr'>ullum</span> <span class='ocrx_word' id='word_1_374' title='bbox 997 2613 1123 2649; x_wconf 88' lang='lat' dir='ltr'>alium</span> <span class='ocrx_word' id='word_1_375' title='bbox 1147 2626 1218 2661; x_wconf 89' lang='lat' dir='ltr'>per</span> <span class='ocrx_word' id='word_1_376' title='bbox 1242 2625 1284 2649; x_wconf 87' lang='lat' dir='ltr'>ea</span> <span class='ocrx_word' id='word_1_377' title='bbox 1311 2619 1497 2658; x_wconf 87' lang='lat' dir='ltr'>tempora</span> <span class='ocrx_word' id='word_1_378' title='bbox 1523 2620 1648 2657; x_wconf 86' lang='lat' dir='ltr'>quam</span> <span class='ocrx_word' id='word_1_379' title='bbox 1672 2605 1782 2643; x_wconf 88' lang='lat' dir='ltr'>Guil-</span> 
     </span>
    </p>
   </div>
   <div class='ocr_carea' id='block_1_3' title="bbox 78 2777 1784 3190">
    <p class='ocr_par' dir='ltr' id='par_1_9' title="bbox 133 2777 626 2821">
     <span class='ocr_line' id='line_1_41' title="bbox 133 2777 626 2821; baseline 0 -11"><span class='ocrx_word' id='word_1_380' title='bbox 133 2778 165 2811; x_wconf 86' lang='lat'>1.</span> <span class='ocrx_word' id='word_1_381' title='bbox 195 2777 343 2816; x_wconf 85' lang='lat' dir='ltr'>Baluze‚</span> <span class='ocrx_word' id='word_1_382' title='bbox 367 2783 393 2810; x_wconf 86' lang='lat' dir='ltr'>t.</span> <span class='ocrx_word' id='word_1_383' title='bbox 414 2789 465 2817; x_wconf 80' lang='grc' dir='ltr'>ιν,</span> <span class='ocrx_word' id='word_1_384' title='bbox 488 2789 523 2821; x_wconf 91' lang='lat' dir='ltr'>p.</span> <span class='ocrx_word' id='word_1_385' title='bbox 546 2777 626 2810; x_wconf 84' lang='lat'>168.</span> 
     </span>
    </p>

    <p class='ocr_par' dir='ltr' id='par_1_10' title="bbox 133 2830 706 2873">
     <span class='ocr_line' id='line_1_42' title="bbox 133 2830 706 2873; baseline 0 -10"><span class='ocrx_word' id='word_1_386' title='bbox 133 2831 165 2864; x_wconf 87' lang='lat'>2.</span> <span class='ocrx_word' id='word_1_387' title='bbox 195 2830 343 2870; x_wconf 88' lang='lat' dir='ltr'>Baluze‚</span> <span class='ocrx_word' id='word_1_388' title='bbox 364 2836 390 2863; x_wconf 85' lang='lat' dir='ltr'>t.</span> <span class='ocrx_word' id='word_1_389' title='bbox 410 2841 460 2870; x_wconf 80' lang='lat' dir='ltr'>lv,</span> <span class='ocrx_word' id='word_1_390' title='bbox 481 2841 516 2873; x_wconf 93' lang='lat' dir='ltr'>p.</span> <span class='ocrx_word' id='word_1_391' title='bbox 537 2830 706 2864; x_wconf 82' lang='lat'>327-348.</span> 
     </span>
    </p>

    <p class='ocr_par' dir='ltr' id='par_1_11' title="bbox 78 2878 1784 3190">
     <span class='ocr_line' id='line_1_43' title="bbox 131 2878 1782 2926; baseline -0.004 -9"><span class='ocrx_word' id='word_1_392' title='bbox 131 2885 164 2917; x_wconf 87' lang='grc'>3.</span> <span class='ocrx_word' id='word_1_393' title='bbox 193 2883 325 2926; x_wconf 84' lang='lat' dir='ltr'>Anglic</span> <span class='ocrx_word' id='word_1_394' title='bbox 339 2888 494 2915; x_wconf 82' lang='lat' dir='ltr'>mourut</span> <span class='ocrx_word' id='word_1_395' title='bbox 506 2883 537 2916; x_wconf 93' lang='lat' dir='ltr'>le</span> <span class='ocrx_word' id='word_1_396' title='bbox 552 2883 596 2916; x_wconf 89' lang='grc'>13</span> <span class='ocrx_word' id='word_1_397' title='bbox 611 2883 705 2916; x_wconf 86' lang='lat' dir='ltr'>avril</span> <span class='ocrx_word' id='word_1_398' title='bbox 720 2883 866 2926; x_wconf 83' lang='lat' dir='ltr'>d&#39;apres</span> <span class='ocrx_word' id='word_1_399' title='bbox 884 2882 1014 2922; x_wconf 86' lang='lat' dir='ltr'>Eubel,</span> <span class='ocrx_word' id='word_1_400' title='bbox 1030 2882 1260 2920; x_wconf 19' lang='lat' dir='ltr'>Hz&#39;erarchvia,</span> <span class='ocrx_word' id='word_1_401' title='bbox 1277 2888 1302 2915; x_wconf 90' lang='lat' dir='ltr'>t.</span> <span class='ocrx_word' id='word_1_402' title='bbox 1317 2894 1340 2920; x_wconf 92' lang='lat'>1,</span> <span class='ocrx_word' id='word_1_403' title='bbox 1357 2893 1391 2924; x_wconf 90' lang='lat' dir='ltr'>p.</span> <span class='ocrx_word' id='word_1_404' title='bbox 1409 2882 1452 2913; x_wconf 80' lang='lat'>20</span> <span class='ocrx_word' id='word_1_405' title='bbox 1466 2886 1504 2913; x_wconf 84' lang='lat' dir='ltr'>et</span> <span class='ocrx_word' id='word_1_406' title='bbox 1517 2880 1548 2913; x_wconf 88' lang='lat' dir='ltr'>le</span> <span class='ocrx_word' id='word_1_407' title='bbox 1563 2880 1619 2918; x_wconf 84' lang='lat'>16,</span> <span class='ocrx_word' id='word_1_408' title='bbox 1636 2878 1782 2921; x_wconf 80' lang='lat' dir='ltr'>d’apres</span> 
     </span>
     <span class='ocr_line' id='line_1_44' title="bbox 78 2931 1781 2979; baseline -0.004 -10"><span class='ocrx_word' id='word_1_409' title='bbox 78 2936 113 2969; x_wconf 66' lang='lat' dir='ltr'>«le</span> <span class='ocrx_word' id='word_1_410' title='bbox 130 2936 226 2970; x_wconf 67' lang='lat' dir='ltr'>Petit</span> <span class='ocrx_word' id='word_1_411' title='bbox 242 2936 453 2975; x_wconf 82' lang='lat' dir='ltr'>Thalamus,</span> <span class='ocrx_word' id='word_1_412' title='bbox 471 2947 505 2979; x_wconf 88' lang='lat' dir='ltr'>p.</span> <span class='ocrx_word' id='word_1_413' title='bbox 524 2935 604 2968; x_wconf 81' lang='lat'>412.</span> <span class='ocrx_word' id='word_1_414' title='bbox 616 2935 743 2968; x_wconf 87' lang='lat' dir='ltr'>—Sur</span> <span class='ocrx_word' id='word_1_415' title='bbox 758 2935 900 2979; x_wconf 85' lang='lat' dir='ltr'>Anglic,</span> <span class='ocrx_word' id='word_1_416' title='bbox 921 2935 1001 2968; x_wconf 89' lang='lat' dir='ltr'>voir</span> <span class='ocrx_word' id='word_1_417' title='bbox 1015 2935 1178 2968; x_wconf 74' lang='lat' dir='ltr'>Histoire</span> <span class='ocrx_word' id='word_1_418' title='bbox 1189 2936 1230 2968; x_wconf 81' lang='lat' dir='ltr'>de</span> <span class='ocrx_word' id='word_1_419' title='bbox 1240 2934 1456 2977; x_wconf 79' lang='lat' dir='ltr'>Languedoc</span> <span class='ocrx_word' id='word_1_420' title='bbox 1475 2933 1514 2976; x_wconf 88' lang='lat' dir='ltr'>(t.</span> <span class='ocrx_word' id='word_1_421' title='bbox 1530 2945 1583 2972; x_wconf 78' lang='lat' dir='ltr'>ix,</span> <span class='ocrx_word' id='word_1_422' title='bbox 1602 2944 1636 2975; x_wconf 89' lang='lat' dir='ltr'>p.</span> <span class='ocrx_word' id='word_1_423' title='bbox 1655 2931 1781 2974; x_wconf 82' lang='lat'>1194);</span> 
     </span>
     <span class='ocr_line' id='line_1_45' title="bbox 84 2984 1781 3032; baseline -0.002 -10"><span class='ocrx_word' id='word_1_424' title='bbox 84 2988 463 3022; x_wconf 62' lang='lat' dir='ltr'>Albanas-Chevalier</span> <span class='ocrx_word' id='word_1_425' title='bbox 485 2986 560 3032; x_wconf 81' lang='lat' dir='ltr'>(op.</span> <span class='ocrx_word' id='word_1_426' title='bbox 581 2989 651 3028; x_wconf 59' lang='lat' dir='ltr'>cit„</span> <span class='ocrx_word' id='word_1_427' title='bbox 672 2994 698 3021; x_wconf 92' lang='lat' dir='ltr'>t.</span> <span class='ocrx_word' id='word_1_428' title='bbox 720 3000 781 3028; x_wconf 85' lang='lat' dir='ltr'>vn,</span> <span class='ocrx_word' id='word_1_429' title='bbox 802 2990 869 3021; x_wconf 89' lang='lat' dir='ltr'>col.</span> <span class='ocrx_word' id='word_1_430' title='bbox 890 2988 1059 3027; x_wconf 80' lang='lat'><strong>359-417,</strong></span> <span class='ocrx_word' id='word_1_431' title='bbox 1080 2987 1183 3031; x_wconf 84' lang='lat'>433);</span> <span class='ocrx_word' id='word_1_432' title='bbox 1203 2987 1422 3020; x_wconf 85' lang='lat' dir='ltr'>Lecacheux</span> <span class='ocrx_word' id='word_1_433' title='bbox 1445 2986 1491 3029; x_wconf 92' lang='lat' dir='ltr'>(n.</span> <span class='ocrx_word' id='word_1_434' title='bbox 1512 2986 1580 3018; x_wconf 88' lang='grc'>763</span> <span class='ocrx_word' id='word_1_435' title='bbox 1599 2991 1637 3018; x_wconf 88' lang='lat' dir='ltr'>et</span> <span class='ocrx_word' id='word_1_436' title='bbox 1655 2984 1781 3028; x_wconf 85' lang='lat'><strong>1308);</strong></span> 
     </span>
     <span class='ocr_line' id='line_1_46' title="bbox 83 3036 1784 3084; baseline -0.002 -10"><span class='ocrx_word' id='word_1_437' title='bbox 83 3042 124 3075; x_wconf 89' lang='lat' dir='ltr'>B.</span> <span class='ocrx_word' id='word_1_438' title='bbox 148 3042 204 3082; x_wconf 92' lang='grc' dir='ltr'>Ν.,</span> <span class='ocrx_word' id='word_1_439' title='bbox 225 3054 292 3076; x_wconf 89' lang='lat' dir='ltr'>ms.</span> <span class='ocrx_word' id='word_1_440' title='bbox 314 3042 408 3074; x_wconf 87' lang='lat' dir='ltr'>latin</span> <span class='ocrx_word' id='word_1_441' title='bbox 429 3040 534 3080; x_wconf 82' lang='grc'><strong><em>4230,</em></strong></span> <span class='ocrx_word' id='word_1_442' title='bbox 554 3041 617 3074; x_wconf 76' lang='lat' dir='ltr'>fol.</span> <span class='ocrx_word' id='word_1_443' title='bbox 638 3041 708 3074; x_wconf 84' lang='lat'>194</span> <span class='ocrx_word' id='word_1_444' title='bbox 728 3046 784 3081; x_wconf 90' lang='lat' dir='ltr'>v⁰;</span> <span class='ocrx_word' id='word_1_445' title='bbox 808 3041 851 3074; x_wconf 87' lang='lat' dir='ltr'>N.</span> <span class='ocrx_word' id='word_1_446' title='bbox 872 3041 997 3074; x_wconf 89' lang='lat' dir='ltr'>Valois</span> <span class='ocrx_word' id='word_1_447' title='bbox 1022 3041 1062 3083; x_wconf 87' lang='lat' dir='ltr'>(t.</span> <span class='ocrx_word' id='word_1_448' title='bbox 1082 3053 1119 3079; x_wconf 83' lang='lat'>11,</span> <span class='ocrx_word' id='word_1_449' title='bbox 1141 3052 1175 3084; x_wconf 92' lang='lat' dir='ltr'>p.</span> <span class='ocrx_word' id='word_1_450' title='bbox 1197 3040 1299 3084; x_wconf 79' lang='lat'>488);</span> <span class='ocrx_word' id='word_1_451' title='bbox 1323 3040 1450 3073; x_wconf 71' lang='lat' dir='ltr'>Donet</span> <span class='ocrx_word' id='word_1_452' title='bbox 1469 3039 1608 3081; x_wconf 88' lang='lat' dir='ltr'>d&#39;Arcq</span> <span class='ocrx_word' id='word_1_453' title='bbox 1631 3036 1784 3081; x_wconf 81' lang='lat' dir='ltr'>(Collec-</span> 
     </span>
     <span class='ocr_line' id='line_1_47' title="bbox 79 3092 1781 3137; baseline -0.002 -9"><span class='ocrx_word' id='word_1_454' title='bbox 79 3095 159 3128; x_wconf 76' lang='lat' dir='ltr'>tion</span> <span class='ocrx_word' id='word_1_455' title='bbox 181 3096 221 3128; x_wconf 78' lang='lat' dir='ltr'>de</span> <span class='ocrx_word' id='word_1_456' title='bbox 242 3105 383 3134; x_wconf 69' lang='lat' dir='ltr'>sceauae,</span> <span class='ocrx_word' id='word_1_457' title='bbox 408 3100 434 3128; x_wconf 82' lang='lat' dir='ltr'>t.</span> <span class='ocrx_word' id='word_1_458' title='bbox 457 3092 511 3133; x_wconf 80' lang='lat'>111,</span> <span class='ocrx_word' id='word_1_459' title='bbox 535 3105 570 3127; x_wconf 91' lang='lat' dir='ltr'>n.</span> <span class='ocrx_word' id='word_1_460' title='bbox 595 3094 721 3137; x_wconf 85' lang='lat'>6188);</span> <span class='ocrx_word' id='word_1_461' title='bbox 742 3094 785 3127; x_wconf 87' lang='lat' dir='ltr'>R.</span> <span class='ocrx_word' id='word_1_462' title='bbox 811 3093 944 3127; x_wconf 90' lang='lat' dir='ltr'>Michel</span> <span class='ocrx_word' id='word_1_463' title='bbox 970 3094 1075 3137; x_wconf 83' lang='lat' dir='ltr'>(dans</span> <span class='ocrx_word' id='word_1_464' title='bbox 1100 3093 1258 3135; x_wconf 64' lang='lat' dir='ltr'>Congres</span> <span class='ocrx_word' id='word_1_465' title='bbox 1280 3092 1547 3135; x_wconf 67' lang='lat' dir='ltr'>archeologique</span> <span class='ocrx_word' id='word_1_466' title='bbox 1569 3092 1610 3124; x_wconf 85' lang='lat' dir='ltr'>de</span> <span class='ocrx_word' id='word_1_467' title='bbox 1630 3092 1781 3130; x_wconf 83' lang='lat' dir='ltr'>France,</span> 
     </span>
     <span class='ocr_line' id='line_1_48' title="bbox 83 3146 697 3190; baseline 0 -10"><span class='ocrx_word' id='word_1_468' title='bbox 83 3147 199 3188; x_wconf 90' lang='lat' dir='ltr'>Paris,</span> <span class='ocrx_word' id='word_1_469' title='bbox 221 3148 326 3187; x_wconf 87' lang='lat'><strong>1910,</strong></span> <span class='ocrx_word' id='word_1_470' title='bbox 349 3153 375 3180; x_wconf 88' lang='lat' dir='ltr'>t.</span> <span class='ocrx_word' id='word_1_471' title='bbox 395 3159 433 3186; x_wconf 87' lang='lat'>11,</span> <span class='ocrx_word' id='word_1_472' title='bbox 455 3158 489 3190; x_wconf 92' lang='lat' dir='ltr'>p.</span> <span class='ocrx_word' id='word_1_473' title='bbox 512 3146 697 3190; x_wconf 85' lang='lat'>360-369).</span> 
     </span>
    </p>
   </div>
  </div>
 </body>
</html>
