2083 3458
100 250 223 307 [950]
267 279 270 281 -
625 268 841 294 PAPARUM
876 267 1258 295 AVENIONENSIUM
1701 256 1783 298 465

142 350 185 389 Ρ.
209 339 299 398 323,
321 351 388 400 lig.
413 350 475 388 24.
501 351 762 389 OsTIENsssM.
781 352 833 390 Le
855 353 1059 402 capitaine
1078 352 1231 391 effectis
1252 354 1403 393 semble
1421 356 1535 393 avoir
1559 358 1621 394 ete
1644 357 1781 406 plutot

89 410 201 447 Juan
220 409 455 447 Fernandez
476 410 524 447 de
547 410 722 447 Heredia
745 410 934 459 (Denifle,
958 419 997 448 ut
1014 426 1060 458 s.,
1081 427 1118 461 p.
1140 411 1245 460 397).
1267 436 1269 438 v

143 468 186 506 P.
210 468 299 516 323,
321 468 386 517 lig.
412 468 472 506 26.
500 468 785 507 DIMISERUNT.
812 469 908 507 Vers
932 470 969 507 la
994 470 1050 507 fin
1073 471 1120 508 de
1144 485 1249 509 mars
1276 471 1389 520 1361,
1413 477 1529 523 apres
1552 475 1668 512 avoir
1688 490 1781 522 recu

92 526 233 565 14.5OO
255 526 391 565 florins
413 527 501 564 d⁷0r
522 527 712 576 (Denifle,
735 536 775 565 ut
793 542 838 575 3.,
860 543 897 578 p.
920 528 1025 577 398).

144 586 186 624 P.
220 585 308 634 323,
341 586 407 635 lig.
441 585 502 624 30.
538 586 680 624 GAsro
715 600 853 624 COMES
887 587 1008 625 FUX1.
1050 588 1167 625 Vetus
1198 588 1408 627 chronicon
1438 590 1479 628 in
1512 592 1648 630 codiee
1680 592 1784 631 6476

90 644 362 683 bibliothecae
395 644 685 683 Colbertinae1
719 661 725 682 :
758 645 878 683 Anno
910 645 1222 684 MCCCLVIII
1251 648 1355 686 circa
1377 649 1520 697 festum
1551 651 1785 701 Epiphanie

97 703 214 741 Gasto
236 718 360 741 comes
383 703 492 741 Fuaei
516 703 664 753 incepit
686 718 867 752 guerram
891 713 1023 742 contra
1047 720 1172 754 regem
1197 706 1365 744 Francie
1387 717 1421 746 et
1442 722 1608 756 regnum
1630 710 1728 760 ejus,
1753 721 1786 750 et

92 762 196 801 venit
221 777 340 813 usque
363 763 415 800 ad
437 763 565 800 locum
588 763 632 800 de
655 763 873 812 Altarippa
897 772 930 801 et
953 764 997 801 de
1022 764 1168 802 Sancta
1197 765 1368 814 Gavella,
1394 782 1464 817 que
1484 769 1660 806 comburi
1682 770 1784 819 fecit.

146 821 189 860 P.
208 821 297 869 324,
316 821 381 871 lig.
401 821 436 860 5.
458 821 714 859 RICHARDUS
733 822 1052 869 ARMACHANUS,
1074 823 1178 861 filius
1200 824 1422 875 Radulphi,
1441 828 1563 876 vulgo
1583 828 1647 877 fitz
1663 829 1786 879 Raus.

95 881 211 919 Unde
239 880 405 930 quidam
434 895 528 919 eum
552 895 624 931 per
650 895 826 918 errorem
848 890 999 919 vocant
1020 882 1273 922 Richardum
1300 884 1557 924 Fitzrasium.
1581 887 1704 926 Ortus
1727 897 1788 928 est

95 940 353 978 Dundalkiae
384 939 644 977 celeberrimo
676 939 896 978 Hiberniae
928 941 1098 990 oppido,
1130 942 1199 979 ubi
1229 942 1430 993 hodieque
1461 945 1577 983 aiunt
1607 947 1788 985 natalem

96 999 182 1048 ejus
206 999 314 1037 diem
337 1013 497 1037 summa
520 999 785 1037 veneratione
810 999 898 1046 coli,
922 999 1059 1049 ibique
1095 1000 1305 1040 basilicam
1327 1011 1467 1041 extare
1499 1004 1584 1053 ejus
1625 1005 1789 1045 nomine

95 1066 389 1096 consecratam.
410 1058 504 1095 Fuit
519 1058 699 1108 primum
714 1057 1024 1096 archidiaconus
1040 1059 1368 1108 Lichefeldensis,
1386 1062 1530 1101 deinde
1549 1064 1790 1104 Oxoniensis

96 1117 298 1167 gymnasii
325 1131 508 1155 summus
537 1117 814 1164 cancellarius,
844 1131 889 1155 ac
917 1118 1085 1155 tandem
1114 1119 1441 1170 archiepiscopus
1470 1122 1752 1163 Armachanus
1783 1141 1790 1163 ε

95 1177 275 1214 Annales
302 1175 535 1224 Hiberniae,
566 1189 630 1214 an.
663 1176 777 1223 1337,
807 1185 847 1214 et
874 1177 1035 1224 Baleus,
1074 1186 1229 1216 centur.
1271 1194 1307 1225 V,
1339 1193 1426 1229 cap.
1458 1195 1600 1220 xcxw.
1639 1182 1792 1221 Mendi-

96 1236 279 1273 cantium
312 1234 523 1285 privilegia
556 1235 691 1273 valide
723 1235 966 1284 exagitavit,
1001 1236 1052 1273 ob
1084 1236 1123 1273 id
1158 1236 1250 1274 odia
1283 1252 1423 1277 eorum
1454 1241 1713 1289 promeritus,
1747 1251 1794 1280 ut

97 1302 214 1344 patet
236 1309 286 1332 ex
304 1293 537 1343 Defensorio
560 1293 798 1332 Curatorum
821 1309 903 1332 non
925 1296 1047 1333 semel
1071 1296 1182 1333 edito
1202 1295 1228 1343 ²,
1253 1297 1368 1346 cujus
1393 1298 1473 1336 duo
1497 1307 1636 1338 vetera
1659 1315 1793 1339 exem—

99 1354 228 1404 plaria
255 1367 348 1391 mss.
372 1361 519 1391 extant
542 1353 732 1391 Lutetiae
753 1353 794 1390 in
817 1353 1067 1392 bibliotheca
1090 1355 1229 1392 Sancti
1253 1356 1428 1394 Victoris
1439 1358 1465 1396 3.
1491 1358 1660 1408 Scripsit
1680 1375 1794 1410 prae-

100 1421 210 1451 terea
242 1413 438 1450 adversus
471 1426 536 1450 eos
570 1420 799 1450 tractatum
827 1412 886 1449 De
916 1413 1123 1451 audientia
1166 1414 1471 1464 confessionum,
1506 1432 1625 1466 quem
1663 1419 1795 1458 habeo

100 1487 172 1510 ms.
190 1472 232 1509 in
247 1472 374 1510 veteri
392 1470 560 1510 codice4.
580 1471 723 1509 Edidit
738 1472 864 1509 etiam
876 1473 1174 1510 tractatumDe
1189 1474 1486 1523 quaestionibus
1498 1476 1796 1526 Armenorum5,

102 1531 198 1569 olim
220 1530 386 1580 quidem
407 1530 579 1578 editum,
602 1530 672 1568 sed
695 1531 810 1580 cujus
834 1531 914 1568 duo
936 1539 1077 1569 vetera
1096 1533 1346 1582 exemplaria
1369 1535 1569 1573 mss.'vidi
1594 1536 1797 1585 Lutetiae,

101 1604 231 1628 unum
246 1590 289 1627 in
306 1589 556 1627 bibliotheca
575 1590 611 1628 S.
633 1590 825 1628 Germani
844 1590 892 1628 de
915 1590 1062 1638 pratis,
1082 1591 1193 1629 aliud
1218 1593 1329 1641 apud
1355 1593 1553 1631 Sanctum
1576 1595 1796 1635 Victorem.

103 1649 216 1688 Obiit
234 1648 444 1687 Avenione
462 1662 570 1686 anno
588 1648 801 1687 millesimo
820 1649 1005 1697 CCCLX,
1025 1650 1088 1688 die
1108 1665 1178 1688 xvl
1198 1651 1436 1700 decembris,
1453 1653 1629 1703 indeque
1652 1669 1798 1705 corpus

105 1708 190 1758 ejus
214 1707 495 1745 Dundalkiam
515 1708 765 1746 translatum
785 1717 846 1746 est
867 1723 962 1746 cura
984 1709 1182 1759 Stephani
1203 1711 1381 1761 episcopi
1404 1712 1565 1760 Midiae,
1585 1721 1631 1750 ut
1651 1714 1801 1752 docent

110 1767 259 1805 Vetusti
286 1767 452 1804 annales
478 1767 700 1804 Hiberniae
726 1767 825 1805 editi
853 1782 875 1805 a
903 1768 1123 1807 Camdeno.
1152 1769 1406 1819 Waddingus
1433 1779 1573 1810 tamen
1594 1786 1657 1810 an.
1686 1772 1799 1819 1357,

112 1827 128 1876 ἓ
151 1826 174 1865 8
198 1825 243 1875 [t.
270 1841 352 1873 v111,
376 1840 414 1876 p.
442 1825 541 1876 129]
565 1826 708 1864 scribit
731 1841 824 1864 eum
847 1827 889 1864 in
912 1827 1123 1866 montibus
1150 1828 1396 1868 Hannoniae
1428 1830 1523 1867 fatis
1558 1832 1801 1870 concessisse

98 1886 169 1924 >die
193 1900 264 1923 xv1
289 1884 514 1923 decembris
539 1899 648 1923 anno
673 1885 913 1924 MCCCLIX
937 1887 1000 1924 vel
1031 1887 1232 1937 sequenti.
1260 1888 1460 1927 Henricus
1491 1904 1586 1928 vero
1613 1890 1661 1928 de
1689 1890 1802 1940 Kny-

107 1945 235 1995 ghton
260 1944 302 1982 in
328 1944 431 1982 libro
463 1944 516 1981 IV
541 1944 600 1981 De
633 1945 835 1982 eventibus
861 1945 1048 1995 Angliae,
1076 1961 1114 1996 p.
1146 1946 1232 1994 115,
1262 1956 1437 1986 mortem
1464 1944 1550 1998 ejus
1581 1949 1621 1986 in
1649 1963 1805 1987 annum

108 2003 346 2042 MCCCLXI
373 2002 562 2041 incidisse
591 2003 732 2042 tradit.
764 2004 998 2042 Sanctorum
1026 2006 1200 2055 catalogo
1228 2007 1484 2057 adscriptum
1511 2016 1653 2057 postea
1683 2009 1805 2047 fuisse

108 2062 250 2102 scribit
276 2062 424 2100 Baleus
453 2070 662 2101 auctorem
692 2071 855 2101 secutus
886 2064 1090 2103 ,Ioannem
1118 2065 1293 2103 Rossum
1322 2066 1610 2105 Varvicensem
1637 2066 1678 2104 in
1703 2067 1806 2105 libro

105 2122 165 2159 De
193 2121 408 2159 academiis
437 2121 700 2161 Britannicis,
732 2122 976 2171 Agitaverat
994 2123 1009 2145 ⁶
1038 2138 1134 2162 sane
1163 2125 1397 2163 Bonifacius
1434 2126 1490 2162 IX
1522 2126 1570 2164 de
1596 2126 1807 2164 referendo

157 2280 188 2313 1.
217 2279 257 2312 Β.
286 2279 342 2319 N.,
368 2291 434 2313 ms.
460 2280 554 2313 latin
578 2279 687 2318 4381,
713 2281 774 2315 fol.
801 2283 869 2315 125
895 2286 944 2316 v⁰.
969 2301 1017 2306 -—
1039 2282 1128 2316 Voir
1151 2295 1213 2316 sur
1236 2284 1284 2317 les
1310 2285 1560 2324 evenements,
1584 2285 1744 2318 Histoire
1767 2286 1808 2318 de

109 2332 323 2375 Languedoc
344 2333 381 2376 (t.
401 2345 454 2372 lx,
470 2345 505 2377 p.
528 2335 607 2373 686,
625 2335 792 2374 698-699,
809 2336 888 2375 710,
906 2342 943 2368 et
963 2342 988 2369 t.
1005 2348 1042 2375 x,
1058 2336 1224 2376 Preuves,
1241 2337 1307 2370 col.
1326 2338 1555 2381 1152-1‘153).
1571 2338 1619 2371 Le
1637 2339 1746 2372 traite
1762 2339 1805 2371 de

109 2385 197 2429 paix
219 2397 255 2418 se
278 2387 427 2419 conclut
448 2387 479 2420 le
502 2387 521 2419 7
544 2387 664 2430 juillet
686 2388 778 2421 1360
804 2388 977 2431 (Histoire
998 2390 1039 2422 de
1058 2389 1283 2431 Languedoc,
1309 2396 1334 2423 t.
1359 2402 1396 2428 x,
1420 2390 1585 2429 Preuves,
1608 2392 1672 2424 col.
1698 2392 1808 2425 1183-

111 2439 236 2482 1186);
261 2438 342 2472 voir
363 2439 461 2472 aussi
485 2439 629 2473 Denifle
657 2440 723 2484 (La
745 2442 950 2481 desolation,
976 2449 1001 2475 t.
1024 2454 1060 2481 11,
1086 2455 1120 2486 p.
1147 2443 1328 2484 264-268).

161 2492 191 2525 2.
222 2491 262 2525 E.
290 2492 434 2532 Brown,
462 2492 676 2527 Fasciculus
700 2506 818 2527 rerum
850 2496 1125 2538 expetendarum
1151 2501 1181 2528 et
1203 2496 1471 2539 fugiendarum,
1500 2496 1673 2536 Londms,
1702 2498 1806 2536 1690,

115 2551 140 2578 t.
166 2556 203 2584 11,
231 2556 265 2588 p.
293 2545 461 2579 466—486.

165 2598 197 2630 3.
220 2598 261 2630 B.
287 2598 343 2638 N.,
367 2610 433 2631 ms.
456 2598 551 2631 latin
574 2598 702 2639 13079,
724 2599 787 2633 fol.
811 2601 880 2633 184
894 2603 938 2633 r0.

167 2651 199 2683 4.
223 2651 263 2683 B.
289 2650 346 2690 N.,
369 2663 436 2684 ms.
459 2651 555 2684 latin
576 2652 705 2693 14580,
726 2653 790 2686 fol.
814 2654 857 2686 65
875 2660 927 2686 ν’).

168 2705 199 2737 5.
222 2703 262 2737 B.
288 2704 344 2743 N.,
368 2716 453 2751 mss.
476 2703 589 2738 latins
610 2705 738 2746 12438,
763 2705 882 2739 14578
901 2713 938 2739 et
961 2706 1088 2740 15974.

164 2757 195 2790 6.
224 2757 360 2790 Baluze
385 2768 405 2789 a
427 2758 531 2791 reuni
553 2759 603 2791 les
627 2765 732 2792 notes
756 2760 947 2793 suivantes
970 2761 1303 2803 surl'areheveque
1329 2761 1533 2804 d’Armagh
1551 2774 1557 2793 :
1575 2760 1812 2795 Continuator

115 2809 303 2853 Radulphi
319 2810 521 2844 Castrensis
548 2811 599 2853 [Β.
620 2811 676 2852 N.,
694 2823 761 2846 ms.
778 2813 871 2845 latin
889 2812 996 2851 4922,
1015 2813 1075 2846 fol.
1094 2814 1161 2846 185
1179 2814 1305 2846 v0-186
1321 2813 1374 2856 ΓΟ]
1394 2826 1399 2845 :

167 2862 229 2895 An
263 2861 359 2895 1358
391 2863 471 2896 Hoc
491 2875 588 2896 anno
617 2875 753 2907 magna
774 2866 1012 2899 controversia
1039 2876 1157 2898 coram
1187 2877 1327 2899 summo
1358 2866 1530 2908 pontifice
1550 2866 1697 2899 inolevit
1719 2867 1810 2899 inter

106 2915 334 2958 ,magistrum
361 2915 562 2949 Ricardum
591 2916 711 2959 filium
737 2916 938 2961 Rudalphi,
963 2918 1155 2960 primatem
1183 2918 1372 2958 Hibernie,
1403 2924 1434 2951 et
1454 2920 1586 2952 clerum
1609 2919 1648 2952 in
1668 2919 1811 2962 Anglia

118 2979 161 3001 ea:
192 2980 267 3001 una
293 2974 394 3010 parte
423 2974 454 3001 et
482 2975 635 3012 quatuor
663 2970 807 3004 ordines
838 2971 1125 3005 mendicantium
1151 2982 1193 3004 er
1224 2972 1335 3004 altera
1364 2982 1473 3014 super
1499 2978 1595 3005 statu
1623 2978 1653 3005 et
1685 2973 1828 3015 regula*

119 3022 334 3054 eorumdem.

171 3074 232 3107 An
252 3074 357 3107 1360.
381 3073 517 3106 Eodem
535 3087 632 3108 anno
650 3075 741 3109 obiit
755 3076 1012 3110 Armachanus
1027 3077 1210 3118 predictus
1225 3077 1406 3110 Avinioni
1421 3077 1478 3110 die
1491 3077 1607 3111 sancti
1621 3077 1814 3111 Edmundi

110 3126 216 3170 regis
239 3139 251 3169 ,·
271 3127 377 3170 cujus
396 3139 478 3160 ossa
499 3129 703 3161 succedente
722 3135 877 3171 tempore
899 3130 937 3162 in
967 3129 1188 3162 Hiberniam
1210 3136 1293 3163 sunt
1318 3131 1432 3164 delata
1455 3136 1484 3163 et
1504 3131 1606 3172 apud
1621 3130 1811 3172 Dundalk,
