2083 3458
266 220 347 261 324
910 231 1061 256 NOTAE
1096 231 1156 256 AD
1192 230 1319 255 vers
1849 213 1976 270 [820]

270 336 339 371 que
369 320 506 357 «liebus
535 318 620 356 suis
651 331 729 354 non
755 317 837 353 Deo
865 316 932 352 sed
961 314 1107 352 mundo
1145 314 1342 352 militavit.
1375 313 1454 352 Cui
1492 314 1743 364 replicationi
1780 314 1983 365 respondit

271 380 454 418 dominus
484 376 701 415 cardinalis
732 376 775 413 in
803 375 868 412 hec
897 374 1011 411 verba
1042 387 1054 410 .·
1085 373 1235 421 Frater,
1267 388 1331 410 vos
1360 373 1578 411 Alemanni
1601 373 1858 412 consuevistis
1887 374 1982 411 tales

270 439 473 489 episcopos
499 436 638 474 habere
664 435 731 485 qui
756 442 849 472 sunt
875 432 1004 482 magis
1030 432 1169 470 usitati
1194 441 1229 470 et
1253 432 1401 482 experti
1429 432 1470 470 in
1501 432 1610 470 bellis
1636 447 1754 483 quam
1781 432 1824 470 in
1849 431 1985 481 libris,-

271 507 303 535 et
334 498 416 534 ideo
446 510 524 533 non
550 494 655 544 facio
684 495 727 531 de
756 493 824 530 hoc
851 491 1144 539 conscientiam,
1176 492 1277 542 quod
1305 492 1347 529 in
1376 491 1627 529 Alamannia
1655 492 1767 530 miles
1795 491 1983 530 monacho

272 557 474 607 prefertur.
505 554 582 592 Sed
608 553 822 591 monachus
850 550 1114 588 nihilominus
1143 550 1283 589 iterum
1310 550 1516 601 replicavit
1541 551 1674 589 dicens
1702 565 1715 589 .·
1738 551 1858 589 Pater
1884 565 1983 589 reve-

272 614 517 661 rendissime,
534 627 666 650 verum
687 620 752 649 est.
782 611 923 660 Utique
944 610 1168 647 Alamanni
1190 618 1471 648 consueverunt
1491 611 1586 648 tales
1606 610 1810 661 episcopos
1831 609 1983 648 habere.

274 675 349 713 Sed
375 682 505 711 tamen
530 671 640 710 scitis
667 670 855 709 causam?
880 669 931 707 Et
957 669 1159 719 respondit
1186 669 1372 707 dominus
1399 669 1618 707 cardinalis
1646 683 1658 707 .·
1687 669 1796 707 Certe
1823 669 1989 707 libenter

270 734 420 771 scirem.
447 732 525 770 Cui
549 730 763 768 monachus
787 744 799 766 .·
824 728 959 766 Causa
982 743 1100 778 quare
1123 729 1217 766 tales
1240 728 1379 766 habere
1402 728 1676 766 consuevimus
1699 737 1753 767 est
1775 728 1870 778 quia
1893 729 1990 766 tales

272 793 384 830 curia
413 792 595 829 Romana
626 789 739 827 nobis
769 789 861 826 dare
890 787 1101 826 consuevit.
1133 787 1328 838 Alioquin
1358 803 1396 825 re
1426 802 1515 826 vera
1544 802 1612 826 nec
1642 803 1748 826 unus
1778 787 1990 826 illiteratus

273 866 342 902 pro
368 851 504 901 aliqua
528 848 771 900 promotione
797 847 867 885 tali
893 847 945 885 ad
970 846 1123 885 curiam
1149 847 1371 885 declinaret.
1400 847 1485 897 Quo
1511 847 1623 885 verbo
1649 846 1835 885 dominus
1861 846 1986 884 cardi-

274 910 378 948 nalis
400 909 598 958 submisso
622 908 749 958 capite
773 915 961 957 tanquam
985 921 1237 956 repercussus
1260 906 1462 957 respondit
1492 907 1695 944 submissa
1726 921 1812 944 voce
1836 920 1848 943 .·
1872 906 1988 944 Forte

273 984 404 1008 verum
429 968 541 1006 dicis.
570 967 646 1006 Sed
668 980 739 1017 pro
765 974 862 1004 certo
886 965 1038 1003 resilire
1063 980 1142 1003 non
1166 980 1328 1016 possum
1353 980 1424 1016 pro
1449 980 1555 1004 nunc
1578 981 1603 1004 a
1626 965 1821 1016 promisso
1846 965 1891 1003 de
1915 979 1991 1016 quo

275 1030 391 1067 doleo.

326 1088 368 1126 P.
393 1087 481 1135 206,
504 1086 570 1136 lig.
588 1085 649 1124 20.
672 1086 943 1123 BERNARDUS
968 1099 1023 1121 DE
1047 1082 1195 1122 ALBIA.
1213 1084 1420 1123 Oriundus
1436 1099 1455 1123 e
1479 1084 1652 1123 dioecesi
1674 1083 1990 1134 Appamiarum,

273 1156 318 1185 ut
340 1146 461 1185 isthic
483 1145 683 1196 scriptum
704 1138 777 1183 est.
808 1143 1063 1182 Bertrandus
1088 1143 1226 1182 Helias
1246 1143 1289 1181 in
1312 1143 1496 1181 Historia
1517 1143 1767 1181 Fuzrensium
1788 1143 1988 1191 comitum,

274 1207 341 1244 fol.
365 1205 427 1253 55,
450 1219 543 1243 eum
564 1218 716 1243 vocans
738 1203 951 1242 literatum
973 1202 1340 1253 doctissimumque
1355 1202 1504 1251 virum,
1524 1202 1846 1254 Appamiensem
1866 1202 1989 1241 domo

275 1265 397 1303 fuisse
428 1264 609 1315 scripsit;
637 1277 759 1314 quem
790 1263 919 1301 secuti
950 1270 1048 1300 sunt
1080 1261 1469 1301 Sammarthaniin
1494 1262 1683 1312 Catalogo
1714 1261 1991 1312 episcoporum

275 1323 601 1362 Ruthenensium.
636 1322 692 1360 At
723 1322 765 1360 in
796 1321 927 1360 veteri
969 1321 1205 1372 genealogia
1238 1336 1312 1360 ms.
1354 1336 1496 1372 regum
1530 1322 1795 1369 Francorum,
1828 1320 1871 1359 in
1910 1335 1991 1371 qua

275 1391 537 1422 recensentur
555 1381 780 1421 cardinales
800 1396 845 1420 ea
863 1388 1114 1431 tempestate
1134 1381 1273 1429 creati,
1293 1380 1444 1419 dieitur
1462 1389 1575 1419 ortus
1595 1382 1639 1418 de
1656 1389 1780 1419 castro
1798 1379 1992 1418 Fuxensi.

275 1442 479 1481 Antonius
510 1441 719 1480 Bonaldus
753 1440 788 1479 ei
821 1440 1112 1479 Savardunum
1144 1440 1344 1491 oppidum
1364 1440 1512 1478 tribuit
1540 1454 1614 1491 pro
1645 1439 1796 1491 patria.
1819 1439 1993 1478 Michael

277 1517 372 1540 vero
395 1501 673 1548 Carbonellus‚
694 1500 764 1538 lib.
792 1500 869 1548 III,
893 1514 981 1550 cap.
1006 1514 1121 1547 xv111,
1145 1499 1287 1538 scribit
1307 1507 1470 1550 patrem
1492 1499 1579 1550 ejus
1600 1499 1723 1538 fuisse
1745 1499 1992 1537 Catalanum

279 1577 298 1600 e
325 1560 619 1600 vicecomitatu
645 1559 909 1598 Cardonensi.

333 1620 452 1658 Anno
489 1618 820 1658 MCCCXXXVI
857 1618 991 1657 factus
1029 1618 1123 1657 est1
1161 1618 1375 1669 episcopus
1415 1618 1707 1666 Ruthenensis,
1745 1626 1787 1657 et
1822 1617 1865 1655 in
1901 1631 1993 1656 eam

280 1680 424 1718 urbem
452 1679 621 1717 solemni
648 1692 801 1729 pompa
829 1677 1018 1716 invectus
1046 1686 1108 1716 est
1136 1677 1200 1716 die
1229 1692 1287 1715 xv
1314 1677 1464 1716 mensis
1493 1677 1658 1728 augusti
1676 1677 1703 1715 ².

334 1739 453 1776 Anno
481 1737 834 1776 MCCCXXXVII
862 1737 1008 1775 missus
1037 1736 1129 1775 est3
1154 1737 1195 1774 in
1225 1735 1471 1788 Hispaniam
1498 1738 1550 1775 ad
1578 1736 1855 1775 conciliandos
1881 1750 1997 1786 reges

284 1798 482 1836 Castellae
504 1805 545 1835 et
566 1796 823 1842 Lusitaniae3
848 1796 971 1835 Odor.
997 1796 1218 1846 Raynald.,
1241 1811 1307 1835 an.
1332 1796 1446 1844 1337,
1476 1796 1493 1845 ἓ
1515 1795 1564 1834 25
1586 1805 1627 1836 et
1649 1796 1764 1844 1338,
1787 1796 1804 1845 ἓ
1826 1795 1889 1834 50.

236 1872 238 1874 ·
336 1857 455 1894 Anno
484 1856 875 1904 MCCCXXXVIII,
905 1855 968 1894 die
998 1870 1100 1894 xv111
1128 1855 1368 1904 decembris,
1398 1855 1478 1893 fuit
1505 1856 1639 1894 factus
1667 1855 1884 1906 presbyter
1911 1868 1998 1893 car-

284 1916 443 1954 dinalis.
476 1916 578 1953 Erat
606 1915 766 1963 absens,
797 1915 992 1952 nimirum
1020 1914 1063 1953 in
1090 1915 1294 1964 legatione
1326 1914 1563 1965 Hispanica.
1596 1915 1703 1953 Puto
1733 1922 1875 1953 autem
1903 1927 1999 1952 eum

285 1975 464 2013 abfuisse
497 1974 625 2013 etiam
655 1982 841 2024 tempore
875 1974 1019 2013 mortis
1051 1974 1265 2013 Benedicti
1301 1974 1399 2022 XII,
1434 1974 1619 2024 adeoque
1652 1974 1824 2013 titulum
1857 1972 1998 2012 Sancti.

286 2034 442 2083 Cyriaci
461 2033 502 2071 in
520 2034 703 2072 Thermis
719 2033 910 2072 habuisse
929 2048 951 2072 a
970 2034 1179 2072 Clemente
1197 2033 1268 2082 VI,
1288 2048 1371 2071 non
1388 2048 1520 2072 veroa
1537 2032 1762 2072 Benedicto
1775 2032 1802 2071 4.
1839 2032 2000 2082 Quippe

287 2093 398 2143 apud
425 2093 671 2131 Michaelum
696 2093 997 2141 Carbonellum,
1023 2092 1093 2130 lib.
1125 2093 1178 2140 II,
1206 2107 1294 2143 cap.
1322 2107 1440 2141 xxw,
1468 2101 1508 2131 et
1533 2092 1575 2131 in
1603 2091 1813 2130 Indicibus
1838 2091 2002 2130 Suritae

286 2152 455 2202 legimus
481 2152 596 2190 illum
621 2166 729 2190 anno
756 2151 1092 2190 MCCCXXXIX
1126 2152 1261 2190 adhuc
1285 2152 1327 2190 in
1355 2151 1554 2202 Hispania
1580 2151 1703 2190 fuisse
1736 2165 1875 2190 mense
1898 2150 2002 2201 julio

338 2308 369 2339 «1.
392 2306 441 2339 Le
461 2307 502 2340 31
524 2306 672 2350 janvier
691 2307 785 2341 1366
808 2306 942 2350 (Vidal,
964 2319 998 2340 n.
1022 2307 1142 2350 2506).
1164 2306 1235 2340 Sur
1252 2318 1308 2340 ses
1328 2306 1526 2347 benefiees,
1548 2306 1691 2347 Mollat,
1713 2318 1747 2340 n.
1769 2307 1898 2340 45014.

340 2361 370 2393 2.
399 2360 521 2393 Gallia
540 2360 750 2399 christiana,
773 2366 799 2394 t.
819 2372 857 2400 11,
880 2361 946 2394 col.
971 2361 1051 2394 217.

340 2415 371 2446 3.
396 2413 500 2446 Muni
522 2413 566 2446 de
586 2413 715 2446 lettres
739 2414 783 2446 de
804 2413 982 2457 pouvoirs
1005 2414 1133 2447 datees
1156 2414 1206 2446 du
1227 2414 1273 2447 16
1292 2413 1375 2457 juin
1396 2414 1488 2447 1337
1515 2413 1649 2456 (Vidal,
1674 2413 1805 2453 Closes,
1828 2425 1863 2447 n.
1886 2413 1998 2447 1364-

294 2467 413 2510 1369),
441 2466 464 2498 il
491 2467 560 2499 dut
585 2467 704 2510 partir
730 2479 811 2499 vers
836 2467 868 2500 le
895 2468 951 2506 26,
979 2478 1042 2500 car
1066 2478 1105 2500 ce
1130 2466 1269 2510 jour-la
1294 2478 1346 2500 un
1370 2466 1630 2499 saus-conduit
1654 2466 1706 2499 lui
1740 2466 1835 2500 etait
1860 2466 2001 2500 delivre

298 2520 430 2561 (Vidal,
454 2519 584 2559 Closes,
605 2532 640 2553 n.
662 2520 783 2564 1379).
806 2520 855 2553 Le
876 2532 993 2553 nonce
1013 2532 1049 2553 se
1069 2520 1194 2553 rendit
1214 2520 1372 2553 d’abord
1391 2531 1437 2552 en
1458 2519 1647 2563 Portugal,
1668 2519 1751 2563 puis
1771 2531 1817 2552 en
1837 2519 1999 2553 Castille.

299 2574 327 2605 11
346 2573 480 2605 reussit
500 2573 520 2605 a
539 2572 629 2606 faire
648 2573 771 2616 signer
790 2575 852 2606 des
873 2575 995 2607 treves
1020 2573 1153 2616 (Vidal,
1176 2573 1306 2613 Closae,
1328 2585 1362 2606 11.
1384 2573 1602 2612 1618-1622,
1624 2573 1728 2613 1790,
1750 2573 1855 2613 1841,
1876 2573 2000 2617 1842).

301 2626 356 2658 En
376 2626 468 2659 1338
488 2632 526 2659 et
545 2626 649 2666 1339,
672 2638 719 2659 011
738 2627 769 2659 le
790 2633 924 2660 trouve
945 2628 1084 2670 occupe
1104 2627 1125 2658 a
1144 2626 1299 2660 retablir
1317 2626 1497 2659 l’entente
1518 2633 1621 2659 entre
1644 2626 1765 2659 Pierre
1784 2626 1816 2659 le
1838 2626 1944 2659 Cruel
1963 2632 2001 2659 et

298 2691 337 2711 sa
364 2679 500 2712 semme
531 2679 664 2722 (Vidal,
694 2679 888 2724 Closeshn.
918 2680 1024 2720 1846,
1053 2680 1158 2719 1847,
1188 2679 1309 2723 2302),
1337 2691 1384 2712 en
1410 2681 1530 2712 meme
1558 2685 1681 2723 temps
1709 2679 1953 2723 qu’applique
1981 2679 2002 2712 a

300 2732 468 2771 nemu-ier
492 2743 543 2762 un
568 2733 679 2766 traite
705 2734 748 2766 dc
773 2733 862 2776 paix
886 2739 990 2766 entre
1015 2734 1050 2766 la
1076 2733 1224 2766 Castille
1249 2739 1287 2766 et
1310 2733 1342 2765 le
1369 2733 1548 2776 Pol-tuga]
1576 2733 1622 2776 (n.
1650 2733 1754 2772 1936,
1783 2733 2002 2772 2003-2006,

302 2786 517 2825 Mla—2149,
536 2786 638 2825 2216,
656 2786 760 2825 2300,
778 2787 881 2826 2302,
900 2786 1003 2826 2469,
1018 2786 1136 2829 2470).
1152 2786 1181 2818 Il
1195 2798 1239 2818 ne
1254 2785 1379 2818 revint
1392 2797 1437 2818 en
1449 2786 1625 2829 Avignon
1640 2797 1711 2830 que
1725 2786 1756 2818 le
1771 2786 1790 2818 2
1803 2786 1895 2819 aofit
1909 2785 2002 2819 1339

306 2838 438 2877 (Vidnl,
467 2845 489 2871 1.
514 2851 549 2877 11,
576 2851 608 2881 p.
635 2839 731 2882 431).
757 2839 828 2872 Sur
849 2850 889 2872 sa
913 2839 1077 2879 mission,
1103 2838 1183 2872 voir
1206 2839 1247 2872 G.
1275 2838 1441 2872 Daumet
1467 2831 1597 2882 (E'tude
1617 2850 1681 2872 sur
1703 2839 1885 2872 l’alliance
1906 2839 1948 2872 de
1969 2838 2005 2872 la

307 2891 443 2922 [france
458 2897 487 2923 el
504 2892 594 2924 dela
609 2891 767 2932 Cas-lille,
787 2892 901 2932 Paris,
919 2893 1024 2933 1898,
1043 2904 1077 2936 p.
1096 2892 1185 2936 3-6).

355 2944 382 2976 ἰ.
406 2944 432 2975 11
452 2951 556 2983 repul
574 2944 604 2976 le,
627 2945 709 2977 titre
738 2946 781 2977 dc
800 2945 1111 2989 Saint-Cyriaque
1130 2945 1161 2978 le
1181 2946 1200 2978 2
1219 2945 1310 2978 aofit
1328 2945 1420 2978 1339
1443 2945 1576 2988 (Vidal,
1597 2951 1622 2979 t.
1640 2957 1677 2985 11,
1697 2957 1731 2989 p.
1752 2944 1849 2989 431).
1868 2945 2005 2978 Baluzc

304 2997 430 3037 ajoute
454 3009 459 3027 ;
486 2997 637 3029 Frustra
657 2998 840 3041 scriptum
861 3010 881 3031 a
902 3011 959 3031 me
981 3005 1038 3032 est
1063 2998 1292 3032 cardinalem
1314 2998 1597 3032 Ruthenensem
1618 2998 1729 3032 fuisse
1748 2997 1788 3031 in
1810 2997 2006 3043 Hyspania

306 3062 346 3078 ι-«ι
377 3055 539 3091 ιι-ηψοιπ-
566 3062 640 3092 quo
669 3050 894 3084 Benedictus
922 3052 1000 3085 XII
1026 3052 1201 3091 excessit3
1229 3051 1367 3095 quippe.
1393 3063 1439 3084 ex
1466 3051 1582 3084 veteri
1609 3051 1782 3084 chronico
1810 3051 2006 3084 Flandriae

310 3102 355 3143 (p.
382 3102 454 3143 167)
477 3109 620 3135 constal
642 3103 745 3135 illum
762 3104 872 3137 luisse
899 3105 1144 3149 praecipuum
1160 3110 1355 3137 auctorem
1378 3104 1568 3138 electionis
1587 3104 1786 3137 Clementis
1803 3116 1922 3149 papae
1940 3104 2006 3138 VI.
