2083 3458
261 230 343 271 676
912 243 1063 268 NOTAE
1099 243 1159 267 AD
1193 242 1321 267 VITAS
1510 272 1515 279 ,
1816 226 1967 282 [1156]

265 328 386 366 fuisse
416 342 462 365 eo
489 335 674 376 tempore
704 340 785 375 quo
807 325 1149 363 Bartholomaeus
1173 324 1501 375 archiepiscopus
1523 325 1711 364 Barensis
1733 325 1884 364 electus
1908 333 1971 363 est

263 401 386 438 papa,
408 386 470 424 uti
490 394 634 436 postea
657 385 851 423 dicemus.

319 446 488 485 Inte1im
514 446 613 483 dum
640 444 856 483 cardinalis
884 444 1171 482 Ambianensis
1198 443 1344 481 dabat
1355 457 1518 494 operam
1546 444 1780 483 sarciendae
1807 458 1971 482 concor-

264 506 352 544 diae
378 506 484 543 inter
509 504 746 555 Gregoriuni
773 518 925 554 papam
951 512 992 542 et
1018 503 1288 550 Florentinos,
1315 503 1488 553 contigit
1512 518 1562 541 ex
1585 504 1661 542 hac
1686 503 1774 541 vita
1799 503 1971 553 migrare

264 565 453 604 eumdem
487 564 745 614 Gregorium3
780 564 895 613 cujus
928 571 1104 602 mortem
1138 571 1295 613 quanta
1327 562 1520 601 scandala
1553 563 1772 602 subsecuta
1805 562 1971 610 fuerint,

263 633 365 675 quot
388 624 495 664 mala
518 623 561 661 in
585 623 809 662 Ecclesiam
833 631 1021 661 sanctam
1047 622 1121 661 Dei
1143 623 1322 669 invecta,
1347 622 1445 660 satis
1468 622 1598 672 liquet
1620 638 1670 661 ex
1693 622 1971 662 monumentis

261 684 424 722 illorum
451 692 699 733 temporum.
731 683 825 720 Non
851 682 958 720 vidit
986 697 1116 732 neque
1146 690 1338 732 expertus
1367 690 1429 720 est
1457 682 1743 720 Ambianensis
1773 673 1903 720 minas
1932 690 1974 720 et
1999 684 2001 687 ’

262 743 503 783 violentiam
529 742 671 793 populi
699 742 890 790 Romani,
919 742 1014 791 quia
1041 750 1129 780 erat
1155 742 1314 780 absens.
1347 741 1477 789 Istud,
1506 742 1694 791 quamvis
1722 750 1877 780 certum
1906 741 1972 788 sit,

264 802 519 842 confirmabo
547 811 691 841 tamen
718 801 958 841 testimonio
988 801 1124 839 fratris
1157 801 1328 839 =loannis
1359 801 1407 839 de
1438 801 1699 847 Monteson03
1732 801 1802 851 qui
1830 800 1899 839 lib.
1934 801 1973 838 ΙΙ

259 863 318 900 De
339 862 547 900 schismate
564 861 592 909 1,
617 875 705 912 cap.
730 876 799 909 vn,
823 875 1066 899 enumerans
1090 876 1177 898 xvn
1199 861 1423 899 cardinales
1448 861 1517 910 qui
1538 861 1579 898 in
1600 861 1718 899 Italia
1740 869 1857 899 erant
1871 864 1974 898 tem-

263 937 359 973 pore
379 921 522 960 mortis
543 920 739 971 Gregorii,
758 921 876 958 addit
897 937 903 958 :
925 921 1069 958 Omnes
1089 920 1154 958 isti
1176 921 1419 958 intraverunt
1436 921 1625 968 conclave,
1645 928 1798 970 excepto
1816 919 1974 958 domino

262 980 543 1028 Ambiwzensi,
578 981 644 1031 qui
675 980 804 1030 fuerat
836 980 983 1018 missus
1014 981 1066 1018 ad
1096 980 1344 1018 tractandum
1374 995 1510 1030 pacem
1542 980 1863 1017 Florentinorum
1906 993 1976 1029 per

264 1041 410 1079 dictum
453 1040 697 1089 Gregorium.
734 1040 847 1079 Idem
883 1040 925 1077 in
955 1039 1233 1090 Correptorio2
1270 1048 1413 1078 contra
1448 1039 1666 1090 epistolam
1698 1038 1973 1086 fundamenti,

264 1115 352 1151 cap.
371 1115 410 1138 vr
429 1116 435 1138 z
454 1100 665 1138 Notorium
680 1107 735 1137 est
751 1099 793 1137 in
808 1094 885 1137 tbta
905 1099 1042 1137 Ytalia
1057 1100 1158 1149 quod
1172 1108 1340 1149 tempore
1355 1099 1490 1136 mortis
1502 1099 1595 1137 dicti
1611 1099 1763 1136 domini
1781 1098 1974 1148 Gregorii,

264 1169 297 1198 et
324 1168 492 1210 tempore
521 1174 593 1209 quo
621 1159 751 1197 electio
780 1159 932 1197 domini
967 1159 1121 1197 Urbani
1150 1159 1315 1209 predicti
1342 1159 1421 1208 fuit
1447 1159 1564 1207 facta,
1594 1159 1780 1196 dominus
1807 1158 1974 1196 Ambia-

265 1219 412 1267 nensis,
436 1219 501 1269 qui
522 1234 648 1269 supra
671 1219 874 1256 Johannes
895 1219 1001 1256 tituli
1023 1219 1160 1257 Sancti
1182 1218 1367 1256 llffarcelli
1389 1218 1546 1265 dicitur,
1569 1233 1648 1255 non
1668 1227 1750 1256 erat
1771 1218 1814 1255 in
1833 1218 1973 1264 Roma,

263 1294 351 1330 ymo
377 1279 497 1317 iverat
520 1279 572 1316 ad
595 1279 843 1316 tractandum
866 1293 1003 1328 pacem
1028 1278 1127 1316 inter
1150 1278 1368 1315 Ecclesiam
1392 1286 1426 1316 et
1449 1278 1698 1315 Florentinos
1730 1278 1841 1328 apud
1875 1277 1969 1314 Tus-

267 1339 382 1385 ciam,
413 1353 480 1375 nec
509 1338 613 1376 venit
639 1338 807 1376 Romam
836 1352 956 1388 usque
984 1346 1071 1388 post
1099 1337 1387 1376 coronationem
1416 1336 1509 1375 dicti
1538 1337 1690 1375 domini
1726 1332 1890 1375 Urbanix
1909 1351 1977 1387 per

266 1399 407 1436 multos
427 1398 521 1436 dieS.
547 1398 593 1435 In
613 1397 868 1448 depositione
901 1397 1100 1448 Stephani
1120 1397 1300 1448 episcopi
1319 1396 1534 1436 Tudertini
1553 1397 1821 1435 nominantur
1851 1396 1978 1435 etiam

267 1457 492 1496 cardinales
515 1457 584 1506 qui
603 1465 694 1494 tum
713 1456 882 1507 ingressi
901 1465 998 1495 sunt
1017 1457 1059 1494 in
1079 1457 1286 1504 conclave,
1307 1465 1348 1495 et
1366 1464 1510 1507 postea
1530 1456 1698 1495 additur
1718 1456 1734 1479 3
1753 1472 1760 1494 :
1778 1456 1978 1493 Dominus

266 1531 351 1555 vero
372 1516 662 1554 Ambianensis
683 1525 764 1554 erat
786 1516 828 1554 in
848 1516 961 1554 Pisis
977 1531 1048 1566 pro
1065 1531 1159 1566 pace
1178 1516 1496 1554 Florentinorum
1516 1516 1718 1554 tractanda
1735 1516 1778 1553 de
1795 1516 1980 1553 mandato

268 1576 419 1614 domini
454 1576 497 1614 G.
526 1575 760 1626 supradicti.
791 1576 885 1614 Non
911 1576 1143 1614 interfuisse
1172 1576 1287 1615 illum
1315 1575 1571 1614 coronationi
1599 1575 1757 1613 Urbani
1785 1576 1979 1613 observat

269 1650 432 1686 quoque
462 1635 638 1673 Alvarus
669 1635 836 1673 Martini
855 1635 883 1683 4,
913 1635 956 1673 in
986 1649 1066 1685 qua
1097 1635 1156 1673 ait
1186 1635 1307 1673 fuisse
1339 1635 1577 1682 cardinales,
1608 1635 1776 1685 exceptis
1807 1634 1980 1672 dominis

269 1695 542 1733 cardinalibus
560 1694 626 1745 qui
643 1703 753 1732 erant
768 1695 965 1732 Avinioni
982 1704 1016 1733 et
1032 1695 1190 1733 domino
1207 1695 1486 1742 Ambianensi,
1506 1695 1585 1745 qui,
1605 1703 1646 1732 ut
1662 1695 1783 1742 oredo,
1803 1695 1979 1732 nondum

271 1763 424 1793 venerat
442 1755 486 1791 de
504 1769 578 1792 sua
597 1754 752 1803 legatia.

322 1814 386 1851 Ex
402 1813 536 1852 verbis
554 1814 734 1852 Thomae
753 1813 1050 1863 Walsinghami
1079 1814 1123 1864 [t.
1142 1829 1167 1861 i,
1185 1829 1224 1864 p.
1243 1813 1343 1863 381]
1367 1813 1499 1863 colligi
1520 1822 1659 1864 potest
1680 1814 1764 1863 jam
1785 1822 1875 1851 tum
1893 1827 1976 1851 car-

271 1873 396 1910 dinali
430 1873 697 1912 Ambianensi
731 1882 963 1924 suspectam
999 1873 1129 1912 visam
1165 1888 1249 1911 esse
1284 1873 1525 1912 electionem
1561 1873 1730 1911 Urbani.
1766 1873 1836 1910 Ait
1869 1872 1979 1911 enim

270 1932 385 1971 illum
417 1932 610 1971 statuisse
641 1946 799 1971 moram
831 1933 962 1971 facere
993 1932 1035 1970 in
1067 1932 1236 1971 civitate
1269 1933 1431 1980 Pisana,
1465 1933 1582 1970 donec
1613 1947 1713 1970 nova
1743 1932 1926 1982 reciperet
1955 1946 1980 1969 a

270 1991 463 2041 fratribus
491 2000 560 2029 aut
588 2007 613 2030 a
641 2007 762 2042 papa.
795 1992 872 2030 Sed
904 1992 1210 2042 Urbanus,''qui
1240 1992 1338 2030 satis
1369 1992 1625 2042 intelligebat
1656 2001 1857 2042 quantum
1889 2006 1909 2030 e
1938 2006 1979 2029 re

270 2051 434 2102 publica
456 2060 678 2101 peteretur,
700 2052 814 2089 illum
837 2051 1028 2090 evocavit
1052 2052 1241 2090 Romam.
1266 2052 1343 2090 Sed
1362 2060 1508 2102 expost,
1531 2051 1667 2101 inquit
1688 2051 1796 2090 idem
1822 2059 1980 2098 auctor,

273 2111 316 2148 in
339 2110 440 2148 brevi
460 2111 645 2161 apicibus
664 2111 811 2149 accitus
830 2106 1057 2161 apostolicis
1075 2111 1300 2162 properavit
1319 2112 1370 2149 ad
1388 2111 1553 2149 curiam.
1579 2112 1625 2149 In
1647 2111 1832 2149 Tractatu
1851 2110 1981 2160 primo

274 2170 445 2208 Joannis
481 2170 529 2209 de
566 2170 750 2220 Lignano
785 2171 1035 2211 adnotatum
1069 2179 1131 2209 est
1164 2171 1280 2210 illum
1314 2171 1528 2209 advenisse
1565 2170 1741 2209 Romam
1777 2170 1839 2208 die
1876 2183 1979 2207 xxlv

271 2229 421 2268 mensis
450 2229 586 2279 aprilis
618 2246 625 2267 z
659 2230 755 2267 Item
784 2231 885 2280 quod
911 2230 1088 2280 prefatus
1116 2230 1333 2268 cardinalis
1361 2230 1649 2268 Ambianensis
1677 2230 1813 2267 habita
1840 2228 1981 2266 notitia

271 2303 339 2326 seu
361 2288 585 2326 indubitata
605 2289 828 2327 credulitate
848 2290 891 2327 de
912 2290 1013 2340 ipsis
1032 2290 1231 2340 predictis,
1253 2298 1294 2327 ut
1312 2298 1366 2327 est
1385 2290 1544 2337 dictum,
1566 2289 1687 2327 voluit
1705 2297 1738 2326 et
1756 2287 1982 2339 properavit

273 2348 402 2386 venire
420 2363 489 2385 seu
508 2348 631 2386 redire
650 2350 701 2386 ad
726 2349 869 2387 Urbem
888 2357 922 2387 et
940 2350 1163 2387 Romanam
1182 2349 1335 2387 curiam
1353 2349 1561 2399 predictas,
1581 2357 1615 2386 et
1634 2349 1789 2386 tandem
1809 2347 1912 2386 venit
1930 2347 1982 2385 ad

280 2408 423 2445 Urbem
450 2407 511 2445 die
538 2423 642 2445 xxiv
670 2408 763 2446 dicti
791 2409 949 2456 mensis,
977 2417 1011 2446 et
1038 2409 1081 2446 in
1108 2408 1342 2446 monasterio
1371 2408 1507 2446 Sancti
1533 2408 1657 2446 Pauli
1683 2422 1804 2458 prope
1837 2407 1980 2445 Urbem

275 2467 484 2517 applicuit,
510 2481 554 2504 ac
580 2467 725 2505 ibidem
751 2468 820 2505 illa
844 2468 906 2506 die
931 2468 1075 2518 quievit
1098 2477 1131 2506 et
1155 2468 1403 2517 pernoctavit.
1433 2468 1544 2506 Haec
1568 2467 1656 2518 ipsa
1680 2467 1823 2505 iisdem
1854 2466 1979 2504 ferme

274 2526 407 2564 verbis
435 2526 641 2564 habentur
667 2527 708 2564 in
735 2527 855 2565 Facto
883 2527 1029 2566 Jacobi
1056 2528 1104 2566 de
1134 2528 1236 2566 Seva
1255 2527 1284 2574 5,
1312 2541 1351 2577 p.
1381 2527 1469 2574 502,
1498 2535 1538 2565 et
1565 2527 1607 2564 in
1633 2527 1752 2564 Facto
1779 2525 1902 2565 misso
1929 2524 1980 2562 ad

276 2599 410 2635 regem
429 2586 626 2624 Castellae
644 2601 716 2637 per
731 2587 1095 2626 Bartholomaeum
1113 2587 1224 2637 apud
1243 2586 1464 2625 Odoricum
1483 2586 1761 2636 Raynaldum‚
1780 2599 1845 2623 an.
1866 2584 1983 2632 1378,

329 2704 405 2742 Sed
429 2704 507 2742 ista
532 2719 582 2742 ex
605 2705 778 2743 adverso
801 2714 990 2756 pugnant
1014 2719 1104 2744 cum
1130 2705 1363 2743 narratione
1388 2704 1696 2754 Walsinghami.
1723 2703 1881 2754 Quippe
1904 2702 1982 2741 iste

324 2854 355 2885 1.
379 2853 424 2885 Ce
446 2854 526 2886 doit
546 2856 623 2887 etre
643 2855 674 2887 le
697 2855 890 2888 Tractatus
912 2855 1190 2898 informatorius
1211 2856 1251 2888 de
1269 2856 1438 2888 electione
1456 2855 1561 2898 Pape
1580 2866 1651 2898 que
1672 2854 1844 2888 contient
1862 2854 1894 2887 lc
1911 2865 1980 2888 ms,

277 2905 372 2937 latin
391 2907 592 2947 1466‚s01.,
614 2909 785 2948 611-707,
807 2908 904 2941 dela
922 2909 962 2941 B.
985 2909 1028 2942 N.

326 2959 355 2991 2.
388 2959 427 2992 B.
452 2960 509 3000 N„
530 2972 597 2993 ms.
619 2961 714 2993 latin
734 2962 838 3001 1466,
860 2961 921 2995 fol.
944 2963 1114 2995 707—807.

324 3013 355 3044 3.
388 3012 426 3044 B.
456 3013 512 3052 N.‚
538 3025 605 3046 ms.
631 3014 726 3047 latin
750 3015 880 3055 11745,
905 3015 968 3048 fol.
994 3016 1038 3048 75
1062 3020 1105 3048 r0.

325 3066 355 3097 4.
388 3065 454 3098 Ms.
481 3066 564 3106 cite,
590 3067 651 3100 sol.
678 3068 746 3101 107
770 3072 813 3101 ΓΟ.

326 3119 355 3150 5.
387 3118 560 3159 Bulaeus,
586 3120 756 3153 Historia
783 3121 1043 3154 Universitatis
1065 3121 1306 3161 Parisiensis,
1332 3127 1358 3154 t.
1381 3133 1432 3154 IV.
