2083 3458
70 243 199 297 [834]
600 258 815 283 PAPARUM
852 254 1235 282 AVENIONENSIUM
1674 240 1753 280 341

57 356 154 392 ergo
186 341 296 379 fuere
327 339 442 378 liberi
476 340 659 390 Hugonis
692 340 739 379 de
774 341 890 390 Rupe
922 348 963 378 et
996 339 1223 390 Dalphinae
1258 338 1452 388 Rogeriae
1485 338 1571 388 ejus
1604 339 1753 386 uxoris,

58 401 240 438 ,Ioannes
296 399 502 446 nimirum,
561 399 771 445 Geraldus‚
828 400 985 446 Petrus,
1041 406 1082 436 et
1140 398 1355 449 Dalphina.
1413 398 1591 436 Joannes
1647 411 1754 436 anno

61 458 403 497 MCCCLXXVII
421 465 565 507 captus
592 457 671 495 fuit
686 457 726 495 in
744 458 923 507 quodam
940 458 1044 496 bello
1061 456 1308 507 Aquitanico
1332 470 1354 494 a
1382 456 1547 506 capitali
1563 456 1755 494 Boiorum

58 525 103 556 et
123 517 165 555 in
188 516 378 567 Angliam
400 516 604 554 abductus
627 516 668 553 in
691 516 991 566 captivitatem.
1017 516 1213 554 Geraldus
1237 530 1332 554 vero
1355 515 1497 553 eodem
1520 529 1628 553 anno
1652 516 1754 553 obti-

61 576 152 614 nuit
177 575 503 626 praeceptoriam
521 575 742 612 Brundusii
767 575 808 612 in
834 590 956 625 regno
980 575 1266 624 Neapolitano,
1287 582 1334 612 ut
1354 574 1473 612 docet
1494 573 1601 612 idem
1628 574 1755 612 codex

58 635 327 686 epistolarum
357 633 551 683 Gregorii.
585 634 705 671 Hunc
735 634 956 672 Geraldum
986 633 1200 684 Gregorius
1231 632 1511 672 destinaverat
1540 647 1755 683 aggregare

63 693 228 744 collegio
257 692 539 740 cardinalium,
568 700 617 730 ut
644 692 792 742 legitur
821 692 862 730 in
892 693 1010 730 Facto
1041 692 1150 742 quod
1181 692 1360 730 Jacobus
1391 692 1438 730 de
1469 692 1572 730 Seva
1602 692 1756 730 misisse

59 752 212 791 dicitur
239 752 291 790 ad
322 751 645 790 Universitatem
675 750 943 790 Parisiensem
970 751 1011 789 in
1040 751 1157 788 initio
1186 750 1435 797 schismatis;
1461 750 1530 788 ubi
1559 750 1757 801 scriptum

63 820 124 850 est
150 811 355 851 Joannem
381 811 429 848 de
456 811 611 858 Crosso,
640 810 902 848 Guillelmum
929 811 976 848 de
1004 809 1211 859 Agrifolio‚
1239 817 1280 847 et
1305 809 1535 848 Guidonem
1561 809 1609 847 de
1636 809 1756 848 Male-

59 870 168 908 -sicco
197 869 421 908 cardinales
452 869 701 920 supplicasse
723 869 890 907 Urbano
911 869 967 906 VI
990 876 1171 907 recenter
1196 869 1324 906 electo
1347 876 1394 906 ut
1420 867 1462 906 in
1490 868 1757 906 cardinalium

62 943 279 967 numerum
294 928 462 967 referret
490 928 532 966 in
557 928 690 978 prima
704 927 895 965 creatione
921 927 1186 965 cardinalium
1214 941 1337 964 unum
1362 941 1494 964 eorum
1521 927 1756 976 consangui-

64 1002 192 1036 neum,
219 1001 330 1038 quem
353 987 480 1025 dictus
503 986 687 1025 dominus
717 986 928 1036 Gregorius
950 986 1074 1035 jacere
1100 986 1332 1032 intendebat,
1359 986 1531 1029 videlicet
1555 986 1759 1035 quemdam

61 1047 194 1097 filium
222 1045 374 1084 domini
399 1046 588 1095 Hugonis
624 1046 668 1083 de
702 1046 817 1095 Rupe
851 1045 1004 1092 militis,
1041 1052 1215 1094 nepotem
1250 1045 1343 1082 dicti
1378 1045 1573 1094 quondam
1608 1045 1759 1082 domini

69 1105 259 1155 Gregorii.
284 1105 395 1144 Ilaec
417 1105 542 1143 verba
561 1104 765 1155 descripta
786 1119 836 1143 ex
860 1104 996 1142 codice
1016 1103 1094 1141 842
1125 1103 1264 1141 Sancti
1283 1103 1457 1141 Victoris
1493 1103 1727 1142 Parisiensis
1745 1102 1759 1125 ¹

60 1172 211 1203 extant
244 1164 285 1202 in
309 1172 423 1203 tomo
450 1163 826 1214 quartoHistoriae
856 1162 1135 1201 Universitatis
1160 1162 1307 1209 Paris,
1329 1177 1367 1212 p.
1392 1162 1479 1200 498.
1509 1162 1609 1200 Vide
1635 1162 1760 1200 etiam

64 1224 231 1261 Factum
277 1224 447 1262 missum
499 1223 581 1273 regi
626 1223 824 1261 Castellae
863 1237 934 1272 per
976 1222 1342 1259 Bartholomaeum
1386 1221 1496 1271 apud
1540 1221 1761 1259 Odoricum

66 1282 344 1332 Raynaldum,
373 1297 437 1321 an.
467 1282 581 1329 1378,
615 1282 631 1330 5
658 1281 707 1320 93
733 1289 775 1320 et
800 1296 908 1319 anno
936 1281 1050 1328 1397,
1084 1281 1100 1329 ξ
1128 1281 1188 1319 11.

121 1342 232 1379 Inter
254 1341 576 1392 consanguineos
601 1341 819 1379 Clementis
844 1340 1012 1378 omissos
1036 1340 1088 1377 ab
1111 1339 1157 1377 iis
1183 1339 1252 1389 qui
1276 1339 1324 1377 de
1348 1339 1466 1376 rebus
1490 1338 1606 1376 istius
1632 1339 1761 1387 gentis

64 1408 300 1439 tractarunt
321 1400 522 1451 reperitur
548 1400 767 1438 Durandus
790 1399 1003 1450 episcopus
1028 1397 1354 1444 Conseranensis,
1379 1412 1500 1447 quem
1524 1397 1645 1435 fuisse
1670 1412 1761 1435 con—

63 1459 335 1509 sanguineum
358 1473 597 1510 germanum
620 1459 804 1508 ejusdem
827 1457 1045 1497 Clementis
1069 1458 1218 1496 docent
1247 1456 1381 1494 literae
1406 1456 1578 1494 Joannis
1611 1456 1763 1494 comitis

64 1517 395 1557 Armaniacensis
422 1519 544 1557 datae
572 1519 741 1556 Tolosae
769 1532 877 1556 anno
906 1517 1196 1564 MCCCXLVI,
1225 1516 1288 1554 die
1318 1530 1389 1553 xvl
1418 1515 1594 1553 octobris
1612 1515 1639 1553 ².

120 1578 163 1616 P.
186 1577 274 1625 241,
294 1578 360 1628 lig.
382 1578 417 1616 3.
441 1578 650 1616 ELECTUS.
673 1578 746 1616 Les
768 1576 992 1615 cardinaux
1013 1576 1189 1613 Annibal
1210 1576 1258 1613 de
1278 1575 1458 1613 Ceccano
1483 1582 1524 1612 et
1545 1574 1763 1623 Raymond

68 1636 116 1674 de
141 1636 317 1686 Fargues
340 1636 616 1683 annoncaient
638 1651 690 1674 au
712 1636 772 1674 roi
795 1636 1075 1686 d’Angleterre
1098 1634 1300 1673 l’election
1323 1648 1372 1672 en
1397 1648 1459 1671 ces
1492 1641 1638 1671 termes
1659 1649 1665 1670 :
1689 1633 1764 1669 Die

66 1695 206 1733 martis
225 1703 313 1733 ante
331 1695 474 1745 festum
493 1695 751 1733 Ascensionis
768 1694 989 1741 Dominice,
1011 1694 1072 1732 die
1091 1693 1256 1744 septimo
1277 1692 1422 1730 mensis
1443 1692 1540 1729 maii
1561 1691 1763 1741 presentis,

70 1754 177 1792 nullo
201 1755 421 1804 precedente
446 1762 610 1793 tractatu
634 1754 701 1792 sed
720 1755 804 1792 sola
830 1753 1092 1804 inspiratione
1117 1752 1296 1790 divina...
1323 1751 1501 1789 Clemens
1533 1751 1591 1788 ΙἸ
1610 1751 1653 1788 de
1678 1765 1764 1787 con-

69 1813 202 1851 cordia
227 1813 344 1851 totius
370 1813 522 1863 collegii
547 1813 626 1863 suit
651 1814 703 1851 ad
727 1813 880 1864 apicem
906 1813 1024 1851 totius
1049 1812 1290 1862 apostolatus
1324 1818 1553 1860 assumptus
1580 1810 1763 1859 (Rymer,

70 1880 98 1911 t.
120 1871 176 1920 114,
196 1887 236 1923 p.
260 1872 353 1920 1233
375 1873 464 1911 voir
483 1873 590 1911 aussi
614 1873 783 1923 Deiprez,
803 1886 843 1911 n.
865 1872 901 1919 4,
923 1880 964 1910 et
984 1872 1038 1909 les
1060 1870 1374 1917 Preliminaires,
1395 1884 1433 1920 p.
1456 1868 1658 1914 389-392).

124 1931 166 1969 P.
187 1931 276 1978 241,
294 1931 360 1982 lig.
380 1931 416 1970 5.
436 1932 708 1970 CORONATUS.
730 1932 861 1969 Extat
885 1931 924 1968 in
946 1930 1082 1969 codice
1100 1944 1173 1968 ms.
1202 1942 1436 1967 sermonum
1462 1927 1680 1966 Clementis
1708 1927 1763 1963 Vl

67 1997 112 2028 et
139 1989 180 2027 in
209 1997 324 2028 tomo
355 1998 503 2041 quarto
533 1990 629 2029 maii
658 1990 931 2038 Bdlandiani,
961 2004 1000 2040 p.
1033 1989 1121 2036 578,
1153 1987 1315 2027 collatio
1345 2002 1416 2038 per
1445 2001 1538 2025 eum
1562 1986 1671 2024 facta
1702 1985 1764 2023 die

71 2063 172 2086 xvm
203 2049 300 2087 maii
328 2049 369 2087 in
399 2049 639 2089 recitatione
676 2064 887 2100 processus
917 2063 991 2099 pro
1031 2047 1340 2086 canonizatione
1371 2045 1502 2084 sancti
1536 2045 1684 2083 lvonis.
1720 2044 1765 2082 In

72 2107 318 2147 collatione3
344 2116 484 2147 autem
510 2108 579 2146 illa
607 2108 662 2147 sic
688 2108 871 2158 loquitur
896 2108 1005 2146 idem
1033 2107 1215 2145 Clemens
1245 2122 1252 2144 ε
1281 2106 1331 2143 Et
1355 2105 1450 2154 sorte
1478 2119 1555 2142 non
1582 2118 1675 2141 casu
1701 2104 1767 2140 sed

70 2166 210 2204 divina
233 2167 526 2217 dispensatione
547 2167 696 2217 factum
718 2176 772 2205 est
796 2175 836 2205 ut
860 2166 958 2205 mihi
983 2167 1089 2204 istud
1112 2165 1310 2215 negotium
1336 2171 1562 2202 servaretur.
1592 2163 1641 2200 Et
1667 2162 1765 2199 ratio

73 2225 222 2263 videtur
243 2226 376 2276 prima
399 2234 440 2264 ut
458 2226 552 2277 quia
574 2227 653 2264 dua:
667 2226 877 2264 Britannie
901 2226 1103 2264 Johannes
1117 2239 1162 2262 ea:
1183 2232 1292 2274 parte
1314 2223 1440 2273 patris
1460 2222 1570 2259 Brito
1593 2229 1647 2258 est
1667 2229 1701 2258 et
1722 2234 1767 2257 ea·

70 2292 181 2334 parte
206 2285 343 2323 matris
366 2285 654 2323 Lemovicensis
677 2294 770 2333 erat,
796 2285 907 2322 Brito
937 2285 1019 2322 Yvo
1043 2284 1170 2333 Helops
1194 2297 1262 2333 per
1285 2296 1434 2332 papam
1458 2280 1766 2318 Lemovicensem

72 2351 296 2382 sanctorum
318 2344 490 2394 catalogo
512 2344 771 2383 adscribatur.
797 2344 990 2391 Secunda,
1014 2343 1119 2393 quia,
1143 2350 1183 2379 ut
1204 2356 1249 2379 ex
1268 2339 1554 2391 processucolli
1559 2339 1676 2387 gitur,
1699 2338 1767 2375 iste

71 2402 258 2441 dominus
286 2403 369 2440 Yvo
392 2417 499 2441 anno
521 2403 634 2441 etatis
656 2418 725 2441 sue
749 2402 1073 2453 quinquagesimo
1097 2409 1131 2439 et
1152 2401 1264 2438 XIX
1288 2399 1349 2437 die
1374 2398 1472 2436 maii
1496 2405 1700 2435 coronatur
1725 2396 1767 2433 in

72 2460 182 2507 celis3
198 2475 267 2510 ego
285 2469 414 2500 autem
432 2477 538 2500 anno
556 2462 668 2500 etatis
687 2475 766 2500 mee
785 2461 1110 2512 quinquagesimo
1128 2460 1179 2497 ad
1195 2467 1340 2497 statum
1360 2458 1490 2504 istum,
1506 2456 1591 2494 licet
1606 2455 1766 2501 invitus,

71 2528 302 2570 assumptus
328 2521 442 2558 XIX
469 2521 531 2559 die
559 2521 705 2559 mensis
734 2521 832 2559 maii
853 2528 1058 2558 coronatus
1076 2519 1150 2568 sui.
1175 2519 1325 2555 Errant
1348 2523 1487 2554 autem
1506 2515 1768 2553 vehementer

74 2578 144 2628 qui
175 2579 360 2617 scribunt
392 2587 634 2619 coronatum
665 2594 759 2619 eum
791 2579 912 2618 fuisse
945 2593 967 2617 a
1001 2577 1203 2616 cardinale
1238 2575 1508 2625 Neapoleone‚
1542 2587 1663 2623 quem
1696 2586 1766 2610 nos

74 2652 196 2688 supra
224 2653 263 2688 p.
294 2637 370 2676 600
400 2638 652 2678 ostendimus
681 2647 892 2678 mortuum
921 2652 1004 2676 esse
1034 2644 1129 2674 ante
1160 2649 1284 2685 quam
1313 2635 1494 2671 Clemens
1527 2632 1640 2670 fieret
1669 2645 1767 2681 pon-

71 2696 175 2734 tifex
195 2696 222 2736 4.

121 2857 153 2890 1.
176 2856 217 2890 B.
244 2856 301 2897 N.‚
325 2868 393 2890 ms.
416 2856 511 2889 latin
532 2855 662 2896 14643,
687 2856 748 2889 fol.
774 2856 843 2889 176
867 2858 917 2887 W.

123 2910 154 2943 2.
176 2909 265 2943 Voir
285 2910 306 2941 a
324 2909 557 2953 l'appendice
578 2909 609 2942 le
631 2909 783 2942 tableau
805 2906 1068 2951 genealogique
1091 2905 1152 2937 des
1175 2904 1297 2946 Roger
1318 2903 1364 2935 οὺ
1389 2907 1475 2935 sont
1507 2900 1685 2943 corrigecs
1719 2900 1767 2933 les

72 2962 300 2996 indications
330 2963 374 2995 de
402 2963 551 2995 Baluze.

121 3016 154 3049 3.
183 3015 446 3059 Bibliotheque
469 3013 841 3053 Sainte-Genevieve‚
865 3024 932 3045 ms.
956 3010 1037 3050 240,
1060 3010 1122 3043 fol.
1147 3010 1211 3042 531
1236 3013 1279 3041 ΓΟ.

123 3069 155 3102 4.
177 3068 226 3101 Le
245 3072 542 3102 couronnement
560 3073 626 3100 eut
643 3067 716 3100 lieu
736 3067 828 3099 dans
847 3064 984 3108 l'eglise
1005 3064 1067 3096 des
1088 3062 1301 3095 Precheurs.
1323 3060 1391 3093 Les
1411 3059 1504 3092 fetes
1524 3058 1587 3103 qui
1606 3059 1636 3092 le
1656 3058 1770 3091 suivi—

73 3127 156 3154 rent
179 3121 307 3155 furent
329 3120 544 3164 grandioses
572 3119 749 3162 (Schafer,
773 3118 949 3152 Benedilct
971 3116 1068 3155 XII,
1093 3127 1127 3159 p.
1153 3113 1337 3157 184-191).
