2083 3458
37 149 162 205 [600]
380 163 384 170 ’
568 163 786 189 PAPARUM
820 161 1207 188 AVENIONENSIUM
1682 146 1735 187 69

28 263 99 300 pas
122 247 236 286 avoir
256 249 320 285 ete
339 261 356 281 «
375 245 532 285 temoin
552 246 729 284 oculaire
752 261 803 284 ou
824 245 1068 284 auriculaire
1088 261 1103 281 ))
1135 253 1303 284 raconte
1324 260 1380 284 un
1401 245 1477 284 fait
1498 247 1567 296 qui
1599 250 1734 296 par-ait

28 306 398 346 invraisemblable.
424 306 487 343 En
511 304 625 352 1308,
650 305 750 343 dans
774 320 853 343 une
877 305 997 355 eglise
1020 305 1069 343 de
1093 305 1220 352 Paris,
1242 305 1278 343 le
1301 305 1429 355 grand
1451 308 1597 343 maitre
1619 319 1731 343 mon-

28 375 92 405 tra
120 368 142 404 3
169 366 369 414 Berenger
399 364 544 403 Fredol
572 372 613 402 et
641 366 663 401 3
695 354 869 403 Etienne
900 365 948 402 de
978 364 1099 413 Suisy
1126 379 1141 398 «
1169 378 1229 402 ses
1268 365 1469 402 membres
1498 364 1733 411 decharnes,

29 425 203 465 excories
227 432 268 462 et
291 423 448 462 souilles
472 438 546 474 par
567 424 623 461 les
646 423 917 461 instruments
943 424 992 462 de
1021 431 1192 470 torture,
1217 438 1276 461 ses
1301 438 1343 461 os
1367 425 1389 461 a
1413 437 1468 461 nu
1491 438 1517 461 ›>.
1547 424 1577 460 Il
1600 423 1735 461 aurait

29 485 89 523 dit
113 499 120 521 ε
152 484 267 529 Veus,
291 497 463 533 senyors,
488 497 609 532 quens
633 497 686 520 na
707 483 760 531 set
783 483 850 521 dir
873 498 913 529 co
937 483 1049 533 quals
1083 497 1137 520 an
1160 483 1290 532 volgut
1316 482 1472 529 Finke,
1509 483 1733 532 Pap-mum,

28 552 58 582 t.
85 558 126 590 11,
155 557 193 593 p.
224 542 328 589 117).
360 541 461 579 Mais
490 556 547 579 un
575 541 784 589 memoire,
813 544 1018 592 peut-&tre
1047 541 1147 580 ecrit
1174 556 1248 592 par
1277 542 1470 592 Nogmet,
1499 542 1671 592 pretend
1699 543 1734 580 le

29 601 227 642 contraire
255 617 262 639 :
291 601 413 646 Petiit
436 600 653 651 aliquando
685 609 725 638 ut
751 608 1000 650 torqueretur,
1021 615 1068 639 ne
1097 601 1238 650 fratres
1261 601 1327 638 sui
1352 601 1522 639 dicerent
1545 601 1647 650 quod
1672 615 1735 639 eos

27 661 239 700 liberaliter
265 659 518 698 destruxisset
545 659 704 709 (Finke,
734 659 846 706 ibid„
874 668 904 698 t.
932 675 973 707 11,
1001 675 1039 710 p.
1070 660 1174 709 102).
1204 659 1434 699 Guillaume
1461 660 1510 698 de
1538 659 1736 699 Plaisians

28 720 184 758 affirma
199 733 343 758 encore
360 719 462 757 dans
478 719 514 757 le
532 718 772 757 consistoire
790 719 844 756 du
861 719 910 757 29
927 719 1009 757 mai
1026 719 1127 757 1308
1145 735 1152 757 ;
1173 719 1265 769 Ipse
1279 719 1386 757 enim
1401 719 1586 769 magister
1600 727 1736 769 sponte

27 787 61 817 et
81 779 168 817 sine
190 778 392 816 tormentis
415 778 550 816 omnia
573 778 774 827 consessus
795 778 925 827 fuerat
949 778 1106 826 *Finka
1133 779 1244 826 ibid,
1268 786 1298 818 t.
1321 793 1363 826 11,
1378 794 1418 829 p.
1438 778 1543 828 143).
1566 778 1736 816 D’autre

27 846 134 889 part,
153 852 290 876 aucun
309 837 533 875 document
552 837 695 875 officie]
712 851 762 875 ne
781 837 945 887 specifie
965 837 1065 887 qu'il
1082 838 1193 875 subit
1211 838 1249 875 13
1267 845 1438 877 torture.
1459 838 1525 876 Un
1544 837 1737 876 memoire

27 897 232 947 juridique
276 897 418 943 Finke,
443 904 474 934 t.
498 911 541 943 11,
566 911 606 946 p.
634 895 740 944 102),
765 896 844 934 cite
868 897 958 947 plus
983 897 1099 944 haut,
1123 897 1223 935 livre
1247 899 1452 947 peut-&tre
1475 897 1510 935 le
1535 904 1664 935 secret
1687 897 1736 935 de

27 956 238 994 l’attitude
258 956 307 994 de
328 955 451 993 Molai
470 971 477 993 :
499 955 602 993 Cum
620 955 806 1005 magister
826 956 1278 1006 Templariorumsemel
1293 956 1451 1006 publice
1467 956 1520 994 sit
1536 956 1736 1004 confessus

26 1030 66 1053 se
83 1015 165 1065 sore
184 1029 294 1052 reum
316 1014 358 1052 in
378 1014 459 1052 hiis
479 1015 524 1052 de
544 1014 688 1064 quibus
708 1023 915 1052 accusatus
933 1015 1025 1065 suit,
1046 1023 1080 1053 et
1098 1023 1232 1066 postea
1251 1015 1352 1053 dixit
1370 1010 1410 1053 se
1429 1016 1497 1053 hoc
1516 1015 1737 1064 confessum

25 1075 106 1124 jore
134 1082 237 1112 metu
264 1088 374 1124 pene.
406 1073 447 1112 Si
474 1074 509 1112 le
539 1074 668 1124 grand
697 1077 843 1112 maitre
872 1089 922 1112 ne
951 1074 1016 1112 fut
1043 1089 1115 1124 pas
1145 1074 1297 1113 soumis
1326 1077 1348 1112 3
1376 1075 1414 1112 13
1443 1082 1615 1121 torture,
1643 1074 1671 1112 il
1698 1075 1735 1112 la

26 1134 198 1172 redouta
234 1133 670 1171 vraisemblablement
705 1147 758 1171 au
792 1132 912 1184 point
948 1134 1145 1172 d’avouer
1180 1134 1249 1172 des
1285 1134 1428 1172 crimes
1463 1133 1736 1183 imaginaires.

27 1192 178 1231 Villani
196 1193 348 1231 semble
366 1192 586 1242 l'indiquer
606 1198 617 1230 :'
636 1192 793 1242 Impero
810 1193 876 1230 che
892 1207 961 1243 per
976 1208 1108 1243 paura
1125 1193 1165 1231 di
1183 1201 1368 1231 tormento
1385 1207 1403 1230 e
1420 1207 1489 1243 per
1505 1193 1538 1230 le
1555 1192 1738 1242 lusinghe

28 1252 88 1290 del
108 1266 219 1302 papa
242 1266 260 1289 e
284 1252 345 1289 del
366 1266 405 1289 re
428 1251 469 1289 di
493 1251 670 1289 Francia
694 1251 738 1289 in
759 1252 899 1290 alcune
919 1248 1032 1302 parte
1053 1253 1206 1290 t'havea
1224 1252 1321 1302 fatto
1343 1253 1561 1301 conjessare
1582 1252 1738 1300 (Istorie

31 1311 273 1358 Fiorentine,
296 1311 321 1349 1.
346 1311 466 1358 VIII,
490 1325 579 1361 cap.
604 1325 709 1358 xcn3
733 1311 948 1359 Muratori‚
970 1320 1000 1350 t.
1025 1326 1112 1359 xm,
1135 1312 1209 1350 601.
1232 1311 1341 1360 430).

82 1371 126 1409 Ρ.
147 1370 209 1417 23,
227 1370 297 1420 lig.
319 1369 380 1408 12.
401 1370 487 1408 SUB
509 1384 711 1408 CAPELLA.
733 1371 787 1409 Le
804 1371 953 1409 recueil
978 1371 1046 1409 des
1066 1371 1174 1410 Olim
1196 1379 1240 1409 tt.
1258 1386 1300 1419 11,
1320 1386 1358 1409 n.
1380 1386 1435 1418 XI,
1454 1385 1494 1421 p.
1515 1370 1605 1419 599)
1625 1371 1739 1421 place

30 1429 64 1467 le
82 1429 162 1468 lieu
183 1430 238 1467 du
257 1429 440 1480 supplice
461 1429 504 1467 in
524 1429 658 1467 insula
676 1430 856 1467 existenti
877 1430 920 1468 in
940 1430 1064 1481 fluvio
1084 1430 1371 1500 Secaneffuxta
1389 1430 1569 1480 pointam
1585 1429 1739 1479 sardini

30 1489 165 1536 nostri,
188 1488 288 1526 inter
305 1488 516 1538 jardinum
537 1497 726 1536 nostrum,
747 1503 793 1527 ecc
813 1504 895 1528 una
913 1497 1023 1540 parte
1043 1489 1137 1528 dicti
1158 1489 1288 1540 fluvii,
1309 1498 1343 1527 et
1362 1490 1520 1527 domum
1540 1488 1739 1538 religioso-

29 1562 117 1586 rum
138 1548 311 1586 virorum
342 1548 512 1597 fratrum
535 1548 579 1586 O.
605 1548 646 1586 S.
671 1548 721 1586 A.
746 1548 1056 1596 Parisiensium,
1080 1563 1126 1587 ex
1147 1549 1269 1587 altera
1289 1557 1399 1599 parte
1420 1548 1515 1586 dicti
1538 1548 1667 1599 fluvii.
1685 1549 1738 1587 Le

29 1607 319 1645 continuateur
343 1607 392 1645 de
418 1607 572 1657 Nangis
599 1615 644 1655 gt.
668 1622 694 1655 1,
719 1622 758 1658 p.
784 1608 876 1657 403)
902 1608 1036 1647 donne
1059 1609 1097 1647 la
1122 1611 1254 1647 11161116
1281 1607 1522 1647 indication.
1549 1608 1740 1657 Geoffroy

28 1666 76 1704 de
99 1666 228 1714 Paris,
251 1666 321 1716 qui
342 1666 407 1704 fut
428 1666 598 1714 te'moin,
620 1667 732 1717 parle
753 1667 802 1705 de
822 1667 903 1706 l’ile
924 1668 993 1706 des
1016 1667 1188 1706 Javiaus
1212 1668 1281 1706 «Η.
1304 1668 1367 1714 F.‚
1388 1675 1419 1706 t.
1443 1681 1547 1714 xxn,
1568 1682 1608 1717 p.
1632 1667 1738 1715 144).

30 1725 145 1764 Cette
170 1725 223 1764 ile
249 1725 314 1763 fut
337 1725 477 1764 reunie
495 1728 517 1764 3
544 1726 640 1764 66116
666 1726 715 1764 de
739 1726 778 1764 la
804 1726 904 1764 Cite.
932 1727 1014 1765 Son
1038 1727 1339 1778 emplaeement
1363 1726 1452 1764 doit
1476 1728 1561 1764 etre
1587 1728 1740 1776 occupe

30 1784 321 1823 actuellement
349 1799 423 1835 par
450 1785 489 1823 la
518 1785 633 1835 place
665 1785 884 1836 Dauphine
914 1794 954 1824 et
983 1786 1018 1824 le
1047 1786 1284 1838 terre-plein
1314 1786 1368 1824 du
1398 1785 1648 1824 Pont-Neuf.
1676 1785 1740 1822 Du

28 1844 129 1882 recit
150 1843 444 1883 circonstancie
460 1844 509 1882 de
532 1844 726 1893 Geoffroy
740 1845 789 1883 de
812 1845 926 1883 Paris
947 1845 975 1883 il
991 1846 1185 1884 convient
1206 1846 1255 1884 de
1276 1845 1523 1896 rapprocher
1538 1844 1640 1883 celui
1662 1858 1740 1894 que

27 1902 206 1941 Boccace
226 1903 359 1941 tenait
379 1903 428 1941 de
446 1904 485 1941 13
505 1904 663 1942 bouche
684 1904 732 1942 de
752 1918 825 1942 son
845 1908 939 1955 pere
960 1904 1030 1954 qui
1049 1905 1196 1943 assista
1215 1919 1268 1943 au
1287 1904 1469 1955 supplice
1493 1904 1563 1941 'De
1581 1904 1741 1941 casibus

29 1962 202 2000 virorum
222 1962 453 2009 illustrium,
472 1962 543 2001 lib.
569 1963 643 2010 IX,
664 1977 753 2013 cap.
776 1978 866 2011 xxl,
886 1979 925 2014 p.
949 1964 1053 2013 162).

83 2021 126 2071 P.
146 2021 209 2069 23,
227 2021 294 2072 lig.
316 2021 377 2060 16.
401 2022 696 2060 INSEPULTUM.
717 2022 903 2061 Clement
922 2023 955 2060 V
974 2031 1142 2061 mourut
1158 2024 1193 2062 le
1212 2023 1262 2061 20
1279 2023 1383 2061 avril
1402 2022 1517 2069 1314,
1537 2024 1559 2060 a
1579 2023 1740 2071 Roque-

31 2094 170 2118 maure
211 2081 337 2129 Gard)
364 2096 371 2118 ε
393 2081 595 2119 Dominus
617 2081 798 2119 Clemens
826 2082 860 2119 V
881 2082 1042 2120 decessit
1064 2082 1126 2120 die
1147 2082 1305 2120 sabbati
1329 2082 1372 2119 in
1393 2096 1538 2119 aurora
1560 2082 1617 2119 vel
1638 2081 1741 2119 circa

29 2139 207 2189 proximo
234 2147 323 2177 ante
349 2140 493 2189 festum
523 2140 624 2178 beati
658 2140 817 2190 Georgii
845 2142 956 2191 apud
982 2142 1241 2180 Rocamoram
1271 2141 1491 2191 {Avignom
1520 2155 1593 2178 ms.
1621 2140 1739 2187 1706,

31 2197 58 2236 f.
83 2198 133 2236 26
154 2203 211 2246 r0;
237 2199 483 2237 ceremonial
507 2199 555 2237 de
581 2200 758 2250 Jacques
785 2199 1071 2250 Stefaneschi).
1097 2201 1178 2239 Son
1203 2198 1319 2251 corps
1343 2214 1393 2238 ne
1416 2207 1525 2238 resta
1550 2213 1622 2250 pas
1647 2214 1740 2237 sans

32 2257 253 2308 sepulture,
282 2257 386 2296 mais
415 2257 480 2296 fut
507 2261 743 2309 transporte
772 2261 794 2297 a
826 2260 988 2307 Uzeste‚
1016 2263 1107 2311 pres
1136 2259 1399 2298 Villandraut
1429 2258 1656 2308 (Gironde).
1686 2258 1740 2297 Le

31 2316 304 2367 chroniqueur
326 2316 456 2368 Pepin
476 2325 671 2368 rapporte
695 2318 796 2368 qu’il
817 2318 884 2356 fut
905 2321 928 2357 a
951 2319 1059 2357 demi
1080 2319 1195 2358 brfile
1216 2333 1291 2370 par
1311 2319 1350 2357 la
1372 2318 1495 2357 chute
1518 2317 1568 2356 de
1590 2317 1738 2367 cierges

33 2374 184 2414 durant
202 2390 282 2414 une
300 2375 393 2413 nuit
414 2376 643 2425 (Muratori,
662 2385 692 2416 t.
711 2392 772 2425 1x,
792 2378 867 2416 col.
890 2377 995 2427 751).

85 2435 128 2474 Ρ.
150 2434 213 2483 24,
232 2434 302 2485 lig.
324 2434 359 2474 5.
381 2436 496 2473 Tul-:s
519 2450 681 2474 Prionos
704 2450 826 2475 vmos
855 2437 1051 2475 nimirum
1083 2437 1254 2476 fratrem
1283 2436 1515 2476 Guidonem
1544 2436 1740 2474 abbatem

30 2493 267 2532 monasterii
284 2494 465 2533 Belliloci
484 2494 528 2533 in
552 2494 728 2534 dioecesi
748 2495 1008 2542 virdunensi,
1026 2497 1195 2535 Petrum
1215 2497 1264 2535 de
1285 2494 1572 2534 Montechiello
1599 2494 1739 2533 sacris-

29 2559 117 2591 tam
142 2552 333 2592 ecclesiae
362 2553 655 2602 Narbonensis,
683 2562 725 2593 et
752 2555 962 2594 Andream
990 2556 1039 2594 de
1067 2556 1258 2606 Hugugio
1282 2554 1526 2594 canonicum
1549 2553 1739 2592 Catalau-

31 2624 210 2659 nensem,
242 2619 290 2649 ut
323 2612 476 2651 docent
506 2612 650 2652 literae
682 2613 954 2652 cardinalium
986 2615 1039 2653 ad
1063 2615 1341 2654 Bertrandum
1373 2614 1550 2652 electum
1570 2626 1737 2663 papam,

32 2669 167 2709 editae
182 2671 233 2709 ab
250 2671 425 2710 Odorico
443 2672 660 2722 Raynaldo
678 2672 705 2710 ¹.
721 2673 845 2711 Porro
860 2674 1029 2712 Petrum
1041 2674 1090 2713 de
1103 2672 1405 2720 Montechiello‚
1420 2679 1469 2709 ut
1483 2672 1559 2710 hoc
1575 2685 1739 2722 quoque

81 2841 113 2872 1.
129 2839 262 2879 Mansi,
279 2844 306 2871 t.
323 2851 418 2880 xxv,
434 2840 502 2872 col.
519 2838 600 2871 127.
617 2857 665 2861 —
679 2839 747 2873 Les
762 2841 1053 2874 ambassadeurs
1068 2841 1265 2884 aragonais
1281 2845 1540 2884 annoncerent
1551 2841 1583 2874 le
1600 2841 1734 2884 depart

31 2894 93 2927 des
112 2902 318 2937 messagers
336 2904 382 2926 en
399 2904 458 2926 ces
477 2898 614 2925 termes
635 2905 641 2924 :
662 2893 702 2925 N
705 2894 807 2927 uncii
825 2905 915 2934 vero,
935 2894 998 2938 qui
1015 2898 1248 2938 portaverunt
1266 2894 1454 2935 decretum,
1472 2895 1622 2938 fuerunt
1638 2899 1708 2926 tres
1724 2905 1735 2926 :

31 2957 127 2980 unus
141 2951 192 2979 est
206 2945 380 2988 magister
395 2947 435 2980 in
450 2944 627 2987 theologia
642 2949 673 2978 et
688 2952 739 2980 est
753 2947 951 2980 monachus
966 2947 1072 2990 niger
1082 2952 1114 2980 et
1128 2947 1242 2980 abbas
1259 2949 1470 2982 monasterii
1486 2949 1527 2981 de
1541 2947 1739 2988 Belloloco;

31 2999 128 3033 aluis
146 3005 197 3032 est
215 3000 466 3033 thesaurarius
485 3009 581 3042 pape
586 3007 600 3040 ‚⁶
612 3000 739 3033 tertius
758 3006 809 3033 est
826 3001 1079 3034 thesaurarius
1097 3001 1357 3034 cardinalium.
1378 3002 1426 3034 Et
1443 3005 1664 3035 recesserunt
1683 3000 1741 3033 die

30 3051 174 3086 sabbati
193 3060 276 3086 XIII
305 3053 377 3092 kal,
397 3052 497 3096 julii.
519 3052 568 3085 Et
596 3051 803 3087 habuerunt
820 3054 889 3087 sub
907 3053 1114 3097 juramento
1137 3060 1190 3086 XL
1210 3054 1285 3087 dies
1304 3055 1354 3087 ad
1371 3055 1533 3088 eundum
1552 3059 1584 3087 et
1602 3053 1651 3086 ad
1669 3054 1740 3097 pli-
