2083 3458
283 218 364 257 270
930 227 1082 253 NOTAE
1117 227 1177 252 AD
1212 226 1339 251 VITAS
1862 211 1988 266 [774]

282 315 519 365 Aymericus
536 314 570 352 ei
585 313 815 364 praefectus
832 310 955 349 fuerit
970 308 1158 359 sequenti
1172 323 1310 347 mense
1327 308 1545 357 decembri,
1560 308 1647 358 jam
1662 316 1828 348 constat
1841 320 1988 349 vacare

283 390 361 413 uon
386 373 568 424 potuisse
593 373 700 410 ultra
726 371 906 421 quinque
931 383 1101 408 menses.

338 435 451 471 Anno
485 430 826 478 MCCCXXXIV,
862 429 925 467 die
957 428 1080 467 tertia
1114 426 1352 475 decembris,
1388 427 1567 466 Joannes
1603 427 1732 465 XXII
1765 441 1859 466 eum
1891 442 1985 466 cum

281 493 422 532 ceteris
439 491 711 530 cardinalibus
730 488 919 528 evocavit
936 495 983 525 ut
1000 486 1162 525 audiret
1179 485 1499 525 declarationem
1517 500 1642 537 quam
1657 486 1744 538 ipse
1761 486 1983 526 moriturus

283 554 410 591 [acere
455 551 690 589 decreverat
742 548 845 586 circa
897 546 1130 597 opinionem
1174 545 1223 584 de
1264 544 1421 584 visione
1463 545 1656 585 beatifica
1694 553 1932 585 sanctorum
1950 547 1983 593 13

281 611 440 650 Odoric.
471 609 689 659 Raynald.,
717 622 780 646 an.
810 606 924 653 1334,
957 606 973 654 ἓ
999 605 1060 644 36.

333 670 494 707 Mortuo
515 682 610 706 vero
627 667 769 706 eodem
788 665 998 716 pontifice,
1015 678 1108 702 cum
1125 663 1349 703 cardinales
1364 663 1533 714 ingressi
1547 672 1683 703 essent
1703 664 1897 704 conclave
1915 679 1988 715 pro

280 728 463 777 eligendo
493 740 734 774 successore,
765 725 876 764 scissi
906 732 1002 762 sunt
1029 723 1071 761 in
1100 723 1234 761 varias
1263 731 1416 774 partes,
1447 737 1622 774 quarum
1649 723 1770 762 unius
1799 723 1987 775 princeps

281 777 356 825 fust
382 785 677 835 Talayrandus,
703 783 869 822 alterius
895 784 1074 821 Joannes
1100 782 1148 821 de
1173 782 1385 832 Columna,
1409 791 1457 820 ut
1480 782 1656 823 videtur.
1683 783 1868 821 Obscura
1891 791 1989 823 sunt

279 847 386 885 enim
407 846 531 884 verba
556 844 726 883 ,Ioannis
745 842 925 891 Villanii,
945 842 1015 881 lib.
1041 842 1116 890 XI,
1133 856 1221 892 cap.
1241 856 1316 880 XXI
1337 841 1564 892 [Muratori,
1586 850 1616 881 t.
1641 857 1726 892 xm,
1743 842 1816 882 col.
1840 841 1930 892 766]
1948 850 1990 881 et

279 906 442 943 aliunde
465 903 660 942 illustrari
684 917 766 941 non
789 909 978 952 possunt,
1005 915 1098 940 cum
1121 901 1154 940 is
1180 901 1287 940 solus
1311 902 1463 940 referat
1488 915 1578 940 eam
1602 901 1818 940 historiam
1837 901 1862 940 ².

330 966 447 1002 Auno
468 962 810 1010 MCCCXXXVI,
831 975 924 1000 cum
939 960 1188 999 Benedictus
1209 960 1295 998 XII
1315 975 1476 999 crucem
1492 961 1772 1011 praedicasset
1790 961 1987 1000 adversus

276 1024 460 1061 inimicos
485 1022 740 1061 Christianae
763 1020 979 1070 religionis,
1005 1035 1077 1058 rex
1101 1020 1353 1058 Francorum
1377 1028 1418 1058 et
1441 1020 1510 1058 alii
1534 1020 1603 1070 qui
1625 1028 1718 1058 tum
1741 1028 1859 1059 erant
1882 1020 1987 1059 Ave-

278 1083 387 1121 nioni
413 1080 682 1131 crucesignati
706 1088 815 1128 sunt,
841 1094 888 1118 ac
910 1080 1123 1130 praeterea
1147 1080 1268 1118 multi
1291 1079 1361 1118 alii
1384 1079 1461 1118 viri
1484 1079 1729 1118 nobilissimi
1752 1087 1793 1118 et
1818 1079 1984 1131 quidam

277 1142 514 1188 cardinales,
540 1140 647 1178 inter
673 1154 774 1190 quos
800 1139 1066 1187 Froissartus,
1089 1147 1119 1177 t.
1144 1138 1189 1187 12,
1211 1154 1251 1189 p.
1275 1138 1362 1188 116,
1389 1139 1578 1177 nominat
1596 1139 1985 1189 Petragoricensem.

278 1202 335 1239 Ea
360 1200 568 1239 occasione
592 1198 876 1249 Talayrandus
901 1198 1118 1237 Guillelmo
1142 1198 1191 1237 de
1212 1198 1442 1247 Baldensel,
1465 1198 1594 1237 nobili
1616 1198 1834 1248 Germano,
1857 1197 1987 1249 impo-

275 1261 357 1298 suit
372 1260 554 1298 laborem
573 1258 934 1297 describendarum
951 1271 1092 1296 earum
1108 1257 1321 1308 regionum
1339 1272 1443 1308 quae
1460 1258 1583 1308 vulgo
1602 1257 1819 1296 orientales
1835 1272 1987 1297 vocan-

276 1327 343 1357 tur
371 1328 411 1357 ct
439 1318 658 1366 Asiaticae,
687 1317 906 1368 praecipue
933 1331 1030 1355 vero
1059 1316 1207 1356 Terrae
1235 1324 1414 1355 sanctae.
1440 1316 1504 1355 Sic
1532 1316 1641 1355 enim
1666 1316 1816 1367 legitur
1842 1316 1886 1355 in
1906 1316 1986 1356 fine

277 1378 405 1429 operis
435 1377 546 1428 apud
568 1377 792 1416 Henricum
813 1376 1034 1426 Canisium,
1055 1384 1085 1415 t.
1106 1391 1149 1415 1v
1168 1376 1367 1414 Lectionis
1386 1376 1585 1426 antiquae,
1613 1391 1653 1427 p.
1682 1375 1758 1414 357
1780 1392 1787 1414 :
1809 1376 1988 1427 Explicit

274 1446 459 1476 tractatus
485 1437 529 1475 de
556 1436 794 1487 quibusdam
820 1434 1097 1474 ultramarinis
1123 1435 1306 1486 partibus
1332 1443 1366 1473 et
1390 1435 1604 1486 praecipue
1630 1436 1674 1473 de
1699 1437 1819 1473 Terra
1835 1443 1985 1484 sancta,

273 1496 507 1546 compilatus
530 1509 598 1546 per
622 1495 792 1533 nobilem
814 1495 944 1533 virum
974 1494 1215 1533 Guilelmum
1238 1495 1282 1533 de
1303 1495 1531 1533 Boldensele
1554 1495 1606 1533 ad
1628 1494 1863 1533 instantiam
1885 1509 1986 1533 reve-

273 1556 383 1593 rendi
407 1556 533 1605 patris
557 1563 590 1593 et
610 1554 762 1592 domini
786 1554 938 1592 domini
961 1554 1234 1604 Tlialayrancli
1258 1553 1503 1604 Petragorici
1527 1553 1633 1592 tituli
1651 1554 1789 1592 Sancti
1808 1553 1918 1592 Petri
1935 1554 1987 1593 ad

276 1615 430 1652 vincula
454 1614 668 1664 presbyteri
691 1613 908 1652 cardinalis
938 1628 1044 1651 anno
1066 1612 1181 1653 1336.
1207 1614 1338 1652 Extat
1358 1613 1401 1652 in
1423 1613 1560 1652 codice
1582 1612 1687 1652 8392
1710 1613 1986 1652 bibliothecae

275 1673 437 1724 regiae3
473 1674 605 1711 versio
644 1673 839 1711 Francica
867 1673 989 1723 hujus
1028 1673 1173 1723 operis,
1200 1673 1243 1711 in
1271 1672 1387 1722 cujus
1417 1673 1525 1712 calce
1560 1673 1620 1711 ita
1648 1672 1849 1723 scriptum
1885 1681 1948 1712 est
1976 1688 1983 1711 :

275 1733 451 1783 Explicit
474 1748 548 1770 uns
572 1732 721 1771 traitie's
745 1733 788 1770 de
811 1733 850 1770 la
868 1734 981 1770 Terre
1002 1733 1151 1770 saincte
1173 1741 1207 1770 et
1228 1747 1350 1782 aussy
1365 1746 1414 1770 en
1434 1731 1562 1783 partie
1585 1732 1629 1770 de
1646 1732 1791 1782 Egipte
1811 1731 1893 1782 fais
1911 1746 1987 1782 par

275 1793 384 1830 noble
414 1792 563 1830 homme
594 1792 807 1830 Monsieur
842 1791 1069 1830 Guillaume
1110 1792 1154 1829 de
1183 1792 1394 1840 Boldesele,
1426 1791 1617 1830 chevalier
1646 1791 1690 1829 de
1719 1791 1983 1841 Allemaigne,

273 1854 297 1889 a
323 1852 360 1889 la
385 1860 552 1902 requeste
578 1851 621 1889 de
655 1859 729 1889 tres
763 1859 931 1889 reperent
954 1850 1139 1901 seigneur
1164 1851 1377 1889 Monsieur
1405 1851 1650 1901 Thalayrant
1680 1851 1724 1888 de
1749 1850 1984 1900 Pierregort,

275 1910 454 1949 cardinal
470 1925 523 1948 au
542 1910 656 1949 titelle
676 1910 793 1949 Saint
806 1910 942 1948 Pierre
959 1925 985 1948 a
1002 1910 1174 1959 vincula,
1192 1910 1274 1960 sais
1292 1910 1375 1948 l’an
1390 1910 1434 1948 de
1453 1924 1564 1960 grace
1583 1910 1655 1948 mil
1667 1909 1983 1959 CCCXXXVI,

273 1970 434 2007 environ
457 1970 493 2007 la
509 1969 799 2018 Pentliecouste,
815 1978 848 2008 et
870 1970 1056 2008 translate
1077 1984 1153 2020 par
1164 1969 1264 2019 frere
1281 1969 1412 2007 Jehan
1431 1969 1466 2007 αἶ’
1477 1969 1541 2020 Yp
1545 1983 1613 2020 pre
1635 1969 1786 2007 moisne
1807 1969 1852 2007 de
1868 1968 1984 2007 Saint

274 2028 411 2066 Bertin
432 2043 479 2066 en
502 2029 617 2077 Saigzt
637 2029 800 2078 Aumer,
822 2029 906 2067 l’an
926 2030 970 2067 de
992 2043 1103 2078 grace
1124 2029 1195 2067 mil
1215 2028 1381 2067 CCCLI
1400 2029 1604 2079 acomplis.
1621 2028 1744 2080 Apud
1761 2028 1982 2077 Canisium,

274 2096 320 2126 ut
338 2088 379 2125 id
400 2102 561 2138 quoque
581 2089 784 2136 moneam,
799 2103 838 2138 p.
862 2088 949 2137 103,
964 2088 1113 2138 legitur
1134 2104 1141 2126 :
1163 2090 1213 2126 Et
1231 2102 1310 2126 uno
1332 2087 1488 2126 brachio
1506 2087 1607 2142 ejus,
1622 2102 1694 2138 quo
1713 2087 1874 2137 attingit
1886 2087 1984 2125 His-

273 2147 440 2196 paniam
458 2155 492 2185 et
509 2147 687 2185 strictum
702 2147 922 2185 Demorach
940 2147 1153 2197 vulgariter
1171 2147 1328 2187 dicitur.
1351 2147 1481 2196 Quem
1499 2147 1636 2185 locum
1655 2146 1711 2186 sic
1731 2146 1983 2197 distinguen-

274 2206 370 2243 dum
392 2214 432 2244 et
450 2206 827 2256 interpungendum
847 2221 931 2245 esse
952 2215 1090 2246 censet
1108 2206 1218 2245 idem
1238 2206 1437 2255 Canisius,
1452 2221 1491 2257 p.
1511 2206 1601 2254 337,
1618 2220 1690 2256 quo
1707 2205 1868 2255 attingit
1885 2205 1983 2244 His-

273 2265 439 2314 paniam
470 2273 503 2303 et
532 2265 709 2303 strictum
727 2266 947 2304 Demorach
977 2266 1191 2316 vulgariter
1212 2265 1369 2315 dicitur,
1393 2273 1428 2304 et
1445 2265 1664 2303 Demorach
1683 2264 1983 2315 interpretatur

271 2324 329 2361 De
356 2324 569 2373 Affay'orica.
598 2324 751 2363 Verum
776 2339 828 2363 ex
851 2325 981 2363 veteri
1006 2325 1193 2364 versione
1228 2325 1347 2364 facile
1373 2324 1577 2375 colligitur
1610 2324 1874 2363 retinendum
1899 2338 1984 2363 esse

274 2383 457 2421 ordinem
490 2384 559 2433 qui
591 2392 777 2422 servatus
810 2392 872 2422 est
902 2384 944 2422 in
976 2384 1155 2423 editione
1185 2384 1291 2424 libri.
1325 2383 1472 2434 Agitur
1504 2383 1612 2422 enim
1642 2383 1765 2422 isthic
1796 2383 1846 2422 de
1877 2383 1982 2422 freto

275 2442 480 2480 Gaditano
502 2442 609 2481 inter
635 2442 879 2493 Hispaniam
903 2451 944 2482 et
966 2457 1057 2482 earn
1079 2451 1243 2494 partem
1268 2443 1430 2482 Africae
1454 2457 1559 2493 quae
1580 2442 1722 2481 subest
1743 2456 1827 2492 regi
1850 2442 1982 2480 Maro-

276 2501 399 2539 chiae.
422 2500 554 2549 Quare
573 2501 726 2552 optime
752 2502 978 2540 monachus
995 2502 1258 2541 Bertinianus
1282 2502 1422 2551 vertit,
1441 2501 1513 2540 cils
1533 2501 1621 2540 braz
1642 2516 1667 2539 a
1689 2515 1781 2539 nom
1801 2501 1835 2539 le
1851 2499 1983 2539 estroit

274 2560 317 2596 tle
339 2559 516 2599 llffaroch.
544 2560 601 2598 De
624 2561 700 2599 hoc
722 2575 841 2611 opere
863 2561 1033 2611 ejusque
1055 2570 1223 2600 auctore
1245 2561 1301 2601 sic
1320 2560 1470 2612 legitur
1490 2560 1533 2598 in
1554 2560 1748 2599 Chronico
1769 2558 1981 2598 Mindensi

275 2618 383 2667 apud
402 2618 667 2657 Meibomium
680 2620 694 2642 4
713 2636 720 2658 :
736 2620 813 2657 Per
830 2620 932 2658 idem
947 2628 1100 2671 tempus
1116 2620 1201 2659 Otto
1217 2621 1261 2658 de
1276 2620 1477 2659 Rienhusz
1496 2620 1540 2658 de
1563 2627 1752 2658 conventu
1770 2619 1821 2657 M
1824 2618 1982 2657 indensi

276 2677 462 2724 recedens,
489 2692 701 2728 nomenque
724 2693 843 2717 suum
867 2687 1038 2727 mutans,
1063 2679 1320 2717 Wilhelmum
1343 2679 1388 2717 de
1410 2679 1661 2717 Boldensleve
1683 2692 1723 2716 se
1747 2677 1979 2718 nominavit.

276 2734 338 2772 Ex
357 2743 463 2785 parte
482 2736 587 2774 enim
608 2737 757 2785 matris,
780 2752 876 2788 quae
896 2746 977 2776 erat
996 2738 1040 2776 de
1060 2751 1195 2787 genere
1216 2738 1375 2777 illorum
1388 2738 1432 2776 de
1445 2738 1711 2786 Boldensleve,
1727 2737 1874 2775 nobilis
1887 2743 1982 2776 erat.

336 2884 362 2915 1.
386 2883 530 2917 Donisse
550 2890 588 2917 et
608 2884 815 2926 Chatelain,
837 2885 1124 2927 Chartularium,
1146 2893 1172 2920 t.
1192 2899 1229 2928 11,
1251 2899 1287 2922 n.
1309 2888 1390 2928 987,
1411 2899 1447 2932 p.
1469 2887 1550 2921 440.

334 2940 362 2968 2.
394 2936 462 2968 Sur
489 2936 675 2970 l’clection
704 2938 747 2971 de
775 2938 911 2972 Benoit
938 2939 1029 2980 XII,
1059 2939 1141 2973 voir
1169 2940 1215 2974 K.
1245 2940 1367 2974 Jacob
1399 2940 1567 2984 (Studien
1592 2939 1678 2973 uber
1713 2939 1832 2984 Papst
1865 2939 1981 2973 Bene-

283 2988 358 3020 ‹Iilcl
380 2988 477 3028 XII,
502 2989 635 3029 Berlin,
661 2990 765 3031 1910,
791 3003 825 3035 p.
851 2991 987 3036 20—23).

331 3044 362 3072 15.
392 3040 430 3073 Β.
457 3041 512 3075 Ν..
535 3054 600 3075 ms.
623 3043 783 3085 francais
803 3043 908 3085 2810,
929 3045 953 3078 f.
976 3046 1045 3078 132
1067 3050 1116 3078 v0.

330 3094 361 3125 4.
391 3094 522 3126 Iterum
552 3094 860 3137 Germanicarum,
884 3103 909 3131 t.
932 3110 955 3137 1,
980 3109 1014 3141 p.
1039 3099 1118 3132 567.
