2083 3458
94 248 247 305 [1426]
620 267 836 292 PAPARUM
871 266 1256 291 AVENIONENSIUM
1696 248 1779 289 385

83 349 252 387 fratrem
269 348 409 387 fuisse.
429 349 465 387 Is
488 364 581 399 ergo
597 349 874 388 Guischardus
896 350 936 388 in
959 349 1270 388 matrimonium
1287 349 1434 386 habuit
1452 349 1638 387 Matham
1656 347 1780 385 filiam

87 408 255 446 Imberti
277 408 325 446 de
341 408 540 455 Marchia3
564 422 614 446 ex
635 422 715 457 qua
738 409 878 457 genuit
895 408 1056 447 Heliam
1077 408 1273 446 maritum
1288 408 1533 457 Superanae,
1554 407 1781 445 Imbertum

81 474 390 516 praeceptorem
413 467 558 505 domus
582 467 751 505 militiae
776 467 933 517 Templi
957 467 1005 505 de
1030 467 1250 514 Paulhaco,
1273 474 1315 505 et
1339 466 1639 504 Guischardum
1664 479 1782 503 cano-

82 525 219 563 nicum
244 525 659 575 Augustodunensem
683 534 723 563 et
748 526 1278 564 Ahentimonasteriensem.
1307 525 1446 563 Heliae
1471 533 1511 563 et
1536 525 1783 574 Superanae‚

84 598 208 633 quam
237 584 270 622 is
301 584 421 622 duxit
459 598 567 622 anno
599 584 805 622 MCCLIX
843 593 937 634 post
976 593 1150 623 mortem
1181 584 1424 622 Guischardi
1457 583 1586 634 patris
1612 583 1686 629 sui,
1713 582 1783 621 filii

84 642 195 681 fuere
218 642 494 681 Guischardus
523 643 561 680 II
584 651 625 681 et
650 643 800 681 Helias.
828 643 903 680 Hic
927 643 1203 681 Guischardus
1226 642 1302 680 sibi
1324 643 1488 680 vinculo
1509 642 1636 691 jugali
1659 641 1784 679 socia-

84 701 158 749 vit,
181 709 229 739 ut
249 709 372 740 antea
396 702 493 748 dixi,
514 702 860 751 consanguineam
879 716 995 739 suam
1015 702 1186 741 Mariam
1209 702 1257 740 de
1273 701 1517 740 Combornio
1542 701 1668 738 filiam
1690 700 1784 738 Gui-

84 760 201 798 donis
220 761 472 799 vicecomitis
493 761 818 800 Combornensis.
842 761 914 807 Ea,
935 769 1096 810 praeter
1115 768 1248 799 cetera
1269 761 1388 807 bona,
1406 760 1605 798 ditionem
1623 773 1785 809 quoque

85 819 423 869 Treignacensem
449 820 596 857 habuit
623 819 663 857 in
692 819 800 857 dote.
832 819 965 867 Quam
994 820 1044 857 ob
1073 833 1238 857 causam
1267 819 1456 868 deinceps
1483 819 1585 868 ipsa,
1614 818 1786 857 maritus

85 878 187 927 ejus,
209 886 250 916 et
271 879 423 928 posteri
445 893 585 917 eorum
607 893 646 916 se
668 886 924 916 vocaverunt
946 878 1131 917 dominos
1154 878 1378 927 Treignaci.
1402 877 1678 915 Guischardus
1711 876 1787 914 iste

86 937 270 975 condidit
302 945 601 976 testamentum
633 951 741 974 anno
774 937 956 974 MCCCII
987 937 1028 974 in
1070 951 1149 986 quo
1173 937 1231 974 ita
1264 937 1413 974 statuit
1441 937 1489 974 de
1521 950 1686 986 corpore
1715 949 1788 973 suo

86 996 318 1046 sepeliendo
342 1012 349 1033 :
372 996 490 1045 Eligo
509 996 755 1046 sepulturam
777 996 820 1033 in
840 996 1000 1033 ecclesia
1012 996 1181 1044 fratrum
1201 996 1410 1032 lWinorum
1431 996 1475 1032 de
1493 995 1724 1032 Donzenaco
1747 993 1789 1031 in

87 1055 265 1104 sepulcro
296 1063 505 1105 parentum
537 1068 727 1102 meorum,·
759 1063 792 1092 et
823 1055 905 1092 volo
932 1069 1073 1104 corpus
1106 1069 1234 1091 meum
1258 1055 1351 1092 illuc
1375 1054 1529 1103 deferri,
1556 1054 1790 1102 ubicumque

89 1114 293 1162 contigerit
325 1128 383 1151 me
424 1114 534 1152 mori.
572 1114 745 1152 Factum
778 1114 818 1150 id
860 1113 982 1151 fuisse
1016 1113 1169 1151 evincit
1210 1121 1525 1153 testamentuni
1553 1112 1658 1150 filiae
1703 1112 1790 1160 ejus

90 1173 255 1211 Mathae
276 1173 434 1210 factum
453 1187 560 1210 anno
581 1173 881 1211 MCCCLXVII
901 1172 941 1209 in
962 1186 1042 1221 quo
1062 1172 1116 1210 sic
1136 1172 1283 1221 legitur
1305 1188 1311 1209 :
1333 1172 1449 1220 Etigo
1476 1172 1720 1220 sepulturam
1749 1170 1792 1207 in

88 1231 249 1269 ecclesia
278 1232 447 1280 fratrum
478 1232 689 1269 Minorum
720 1232 764 1269 de
791 1232 1036 1278 Donzenaco,
1071 1231 1139 1268 ubi
1171 1239 1280 1280 pater
1311 1245 1418 1268 meus
1449 1239 1503 1267 est
1538 1229 1701 1279 positus,
1738 1229 1792 1266 Et

89 1298 230 1329 tamen
258 1291 535 1328 Guischardus
554 1291 648 1328 Vin
676 1305 748 1328 suo
775 1298 1028 1328 testamento
1056 1290 1207 1339 scripto
1235 1304 1342 1327 anno
1367 1289 1656 1336 MCCCLXVI,
1678 1302 1793 1325 suam

90 1349 202 1398 elegit
230 1350 474 1399 sepulturam
509 1349 551 1386 in
588 1350 698 1387 domo
727 1364 795 1387 seu
825 1350 1004 1399 prioratu
1035 1350 1078 1386 de
1113 1349 1352 1386 Vinhareria
1381 1363 1501 1398 prope
1530 1347 1794 1396 Treignacum

91 1408 244 1446 ordinis
259 1408 395 1446 Sancti
411 1408 592 1458 Sepulcri
615 1408 978 1458 Jherosolymitani,
996 1408 1090 1458 quia
1104 1408 1168 1445 avi
1186 1416 1219 1445 et
1233 1408 1370 1457 proavi
1388 1407 1473 1456 ejus
1490 1415 1523 1444 et
1541 1407 1671 1456 ipsius
1686 1413 1795 1455 pater

93 1467 149 1504 ibi
164 1467 385 1505 habuerunt
397 1468 654 1518 sepulturam.
675 1468 848 1506 Videtur
866 1475 1006 1505 autem
1021 1482 1105 1505 esse
1126 1480 1273 1516 magna
1288 1465 1560 1516 repugnantia
1575 1466 1681 1503 inter
1695 1465 1794 1502 11300

93 1526 173 1564 duo
197 1534 463 1566 testamenta.
492 1527 650 1577 Quippe
677 1526 953 1564 Guischardus
983 1526 1021 1563 ΙΙ
1047 1526 1105 1563 ait
1129 1526 1361 1575 sepulcrum
1384 1533 1604 1575 parentum
1629 1537 1795 1561 suorum

92 1600 177 1624 esse
207 1586 318 1636 apud
352 1586 642 1625 Donzenacum
671 1586 712 1623 in
743 1586 910 1624 ecclesia
941 1585 1117 1624 fratrum
1148 1585 1364 1622 Minorum.
1398 1585 1548 1621 Contra
1581 1583 1795 1621 Guischar-

93 1644 168 1682 dus
189 1645 222 1682 V
242 1645 362 1683 docet
382 1659 480 1683 avos
501 1653 542 1683 et
560 1659 736 1695 proavos
756 1659 863 1691 suos,
883 1644 922 1682 in
945 1658 1120 1694 quorum
1140 1658 1356 1682 numerum
1375 1643 1459 1681 sine
1480 1643 1604 1680 dubio
1625 1642 1797 1679 veniunt

94 1703 370 1741 Guischardus
394 1704 433 1741 II
453 1712 493 1742 et
511 1712 630 1754 pater
647 1704 734 1753 ejus
756 1703 908 1749 Helias,
929 1704 1109 1753 sepultos
1130 1717 1214 1741 esse
1233 1703 1344 1752 apud
1363 1701 1658 1739 Vinhareriam.
1681 1701 1796 1737 Tem-

92 1776 167 1812 pus
184 1763 326 1800 mortis
340 1763 583 1801 Guischardi
599 1763 637 1800 II
653 1777 734 1800 non
749 1771 810 1800 est
822 1762 1034 1812 proditum
1052 1761 1270 1800 memoriae
1282 1762 1505 1799 literarum.
1517 1760 1619 1797 Illud
1632 1767 1796 1797 tantum

98 1821 262 1868 scimus,
290 1822 438 1860 vixisse
466 1836 559 1860 eum
587 1822 721 1860 adhuc
749 1836 857 1859 anno
886 1821 1141 1868 MCCCXIV,
1170 1821 1233 1858 die
1263 1835 1321 1857 xx
1350 1820 1598 1865 novembris,
1627 1833 1706 1868 qua
1736 1817 1799 1857 die

98 1888 327 1918 tractatum
354 1881 433 1918 fuit
459 1880 770 1930 matrimonium
799 1881 963 1918 Mathae
994 1880 1098 1918 filiae
1126 1879 1212 1929 ejus
1241 1894 1333 1917 cum
1362 1879 1517 1916 Eblone
1549 1878 1629 1915 filio
1660 1876 1799 1915 Heliae

99 1939 259 1978 comitis
280 1940 639 1978 Ventedornensis.
664 1940 893 1978 Defunctus
915 1947 1055 1977 autem
1075 1947 1164 1977 erat
1184 1953 1291 1976 anno
1314 1937 1594 1983 MCCCXXX,
1616 1945 1663 1974 ut
1683 1943 1800 1986 patet

99 2012 147 2036 ex
179 1998 439 2048 pactionibus
470 2014 516 2037 eo
546 2009 654 2037 anno
685 1999 897 2037 conventis
929 1998 992 2036 die
1023 1998 1187 2035 sabbati
1217 2005 1313 2035 ante
1343 1998 1495 2035 festum
1526 1994 1801 2033 conversionis

100 2057 232 2095 sancti
259 2057 373 2095 Pauli
400 2057 466 2107 [20
489 2057 672 2107 janvier]
699 2057 806 2095 inter
831 2058 1041 2097 dominam
1067 2056 1239 2094 Mariam
1264 2057 1312 2094 de
1339 2055 1583 2094 Combornio
1617 2054 1800 2091 relictam

101 2116 255 2153 domini
292 2116 534 2154 Guischardi
571 2117 618 2155 de
656 2116 901 2155 Combornio
937 2116 1077 2154 militis
1113 2124 1154 2154 et
1192 2116 1392 2155 Eblonem
1427 2128 1679 2162 uxoremque
1715 2111 1802 2161 ejus

101 2175 299 2214 Matham.
336 2176 463 2213 Maria
496 2190 592 2213 sane
626 2183 837 2226 supererat
870 2189 977 2213 311110
1012 2174 1355 2220 MCCCXXXVI,
1391 2188 1470 2222 quo
1503 2179 1802 2210 testamentum

101 2234 286 2272 condidit
314 2243 462 2284 quarta
489 2235 553 2272 die
579 2234 773 2272 introitus
802 2234 950 2272 mensis
978 2233 1128 2283 aprilis.
1160 2233 1292 2271 Liberi
1319 2247 1460 2270 eorum
1488 2232 1597 2269 fuere
1622 2231 1800 2268 ι1031111105

100 2292 410 2343 primogenitus,
446 2294 515 2343 qui
549 2294 779 2331 vocabatur
811 2293 937 2331 etiam
971 2293 1263 2338 Guischardus,
1298 2299 1498 2335 mortuus,
1533 2298 1580 2327 ut
1612 2289 1803 2335 arbitror,

101 2352 256 2401 absque
276 2352 426 2399 liberis,
451 2353 728 2390 Guischardus
759 2353 876 2399 alter,
900 2352 969 2401 qui
1001 2351 1261 2389 continuavit
1292 2349 1583 2399 genealogiam,
1607 2347 1802 2385 Archam-

101 2410 247 2449 baldus
271 2411 459 2450 dominus
483 2412 531 2450 de
556 2412 683 2449 Podio
706 2411 872 2457 Moaldi,
896 2410 1028 2448 Guido
1052 2409 1270 2447 canonicus
1295 2408 1532 2454 Aeduensis,
1557 2421 1678 2456 quem
1700 2413 1803 2455 puto

102 2469 224 2508 fuisse
262 2470 387 2508 etiam
425 2471 663 2520 episcopum
702 2470 1048 2513 Lemovicensem,
1090 2469 1230 2505 Matha
1270 2475 1399 2517 nupta
1438 2466 1616 2516 primum
1656 2462 1803 2501 Ebloni

101 2528 441 2576 Ventedornensi,
461 2529 607 2568 deinde
624 2529 763 2567 Bruno
782 2529 948 2567 domino
968 2528 1016 2566 de
1036 2527 1228 2573 Claviers,
1248 2527 1456 2576 Superana
1476 2539 1579 2562 uxor
1599 2521 1804 2572 Raynaldi

103 2587 151 2625 de
168 2588 304 2626 Borno
322 2588 477 2627 domini
495 2589 543 2626 de
562 2588 772 2635 Altoforti,
791 2596 832 2626 et
848 2588 1030 2625 Blancha
1049 2601 1152 2624 uxor
1170 2585 1340 2623 Joannis
1360 2585 1408 2622 de
1428 2584 1666 2621 Janalhaeo.
1688 2581 1803 2619 Guis-

102 2647 278 2685 chardus
306 2647 368 2684 ΙΙΙ
392 2647 471 2684 fuit
494 2647 747 2686 matrimonii
769 2646 966 2684 societate
990 2645 1235 2694 conjunctus
1260 2658 1353 2682 cum
1374 2643 1555 2680 Blaneha
1579 2640 1805 2679 Ventedor-

103 2705 217 2743 nensi
242 2705 323 2743 filia
347 2706 510 2743 Geraldi
532 2706 686 2743 domini
709 2706 757 2743 de
782 2706 1039 2750 Donzenaco,
1063 2712 1109 2740 ut
1131 2703 1334 2751 colligitur
1355 2716 1404 2740 ex
1425 2701 1700 2739 instrumento
1724 2711 1805 2747 quo

105 2764 381 2802 Guischardus
403 2765 436 2801 V
456 2764 543 2814 ejus
564 2779 688 2814 nepos
709 2779 816 2802 anno
838 2763 1041 2801 MCCCIX
1061 2761 1282 2810 assignavit
1300 2759 1504 2797 conventui
1523 2759 1691 2808 fratrum
1711 2757 1805 2794 Pre-

105 2823 322 2861 dicatorum
351 2822 468 2860 Brive
497 2831 649 2861 centum
677 2823 823 2860 solidos
852 2830 1037 2871 perpetuo
1067 2820 1272 2857 renduales
1302 2833 1395 2868 quos
1423 2826 1559 2868 potens
1597 2825 1630 2854 et
1660 2815 1806 2853 nobilis

105 2882 267 2921 domina
292 2882 471 2919 Blancha
496 2883 540 2919 cle
570 2882 812 2919 Venthodoro
838 2881 1034 2930 quondam
1059 2879 1150 2916 avia
1174 2893 1249 2915 sua
1274 2877 1435 2914 domina
1460 2877 1504 2913 cle
1531 2875 1748 2924 Treignaco
1773 2881 1807 2911 et

105 2943 150 2980 de
176 2940 349 2978 'Chiraco
380 2941 504 2978 eidem
536 2940 741 2978 conventui
773 2941 966 2988 legaverat
998 2938 1041 2975 in
1072 2951 1143 2974 suo
1175 2944 1398 2973 testamento
1430 2950 1501 2984 pro
1532 2932 1806 2972 anniversario

104 2999 297 3050 faciendo.
320 2999 432 3039 Idem
452 2999 494 3036 in
515 3014 588 3037 suo
608 3006 861 3037 testamento
883 2997 993 3034 facto
1011 3010 1118 3036 311110
1141 2994 1416 3033 MCCCLXVI
1437 2993 1624 3032 eamdem
1645 3004 1806 3029 rursum

106 3065 230 3098 vocat
251 3058 390 3097 aviam
412 3072 541 3096 suam.
567 3057 809 3096 Guischardi
832 3070 925 3105 ergo
953 3055 1015 3092 III
1039 3062 1080 3093 et
1101 3054 1307 3092 Blanchae
1322 3051 1668 3090 Ventedornensis
1701 3049 1806 3087 filius

106 3118 186 3157 fuit
212 3117 489 3155 Guischardus
519 3116 572 3154 IV
598 3116 771 3154 maritus
800 3114 954 3153 Helidis
981 3113 1030 3151 de
1055 3113 1193 3159 Bessa,
1221 3126 1324 3161 quae
1350 3125 1458 3149 anno
1484 3109 1745 3148 MCCCXLII
1772 3107 1808 3147 ei

775 3204 937 3227 BALUZE.
965 3194 1002 3226 11
1027 3210 1077 3216 ——-
1103 3194 1144 3225 13
