2083 3458
261 225 344 267 370
917 235 1069 262 NOTAE
1104 235 1164 260 AD
1199 234 1327 261 VITAs
1846 216 1968 273 [861]

262 325 552 375 arripiendum,
579 331 720 361 tamen
748 321 843 371 quia
869 335 930 358 res
958 320 1145 369 urgebat,
1172 319 1248 357 iste
1276 319 1337 356 die
1363 319 1593 356 duodecima
1618 326 1705 369 post
1738 318 1841 356 diem
1874 331 1976 355 suae
2018 326 2025 380 [J

224 378 228 380 l
262 384 486 435 publicatae
510 381 719 431 legationis
745 381 815 418 iter
838 394 957 417 suum
981 378 1168 428 arripuit,
1194 386 1241 415 ut
1266 378 1386 416 docet
1411 377 1513 416 Ordo
1538 378 1744 415 Romanus
1769 377 1902 415 editus
1927 376 1970 414 in
2014 383 2018 417 ff

2013 418 2016 458 1

264 453 377 482 tomo
403 442 581 481 seeundo
607 440 744 478 sslusei
772 439 918 486 Italici,
944 453 982 489 p.
1010 437 1098 476 442.
1126 437 1296 475 Missum
1321 445 1462 476 autem
1486 452 1580 476 eum
1604 437 1727 475 fuisse
1753 437 1804 474 ad
1829 450 1969 486 preces
2010 461 2013 477 ,ι

266 503 411 542 Jacobi
440 501 542 551 regis
574 496 864 549 Majoricarum
892 497 1022 548 reperi
1050 497 1092 535 in
1117 496 1324 535 veteribus
1346 496 1503 535 schedis
1526 511 1571 535 eo
1597 504 1781 546 tempore
1805 494 1971 545 scriptis.
2007 479 2011 560 l

265 577 368 613 quae
387 561 497 611 apud
515 575 578 599 me
597 567 705 597 sunt.
727 557 913 596 Excessit
929 557 1070 606 itaque
1089 556 1299 594 Avenione
1318 555 1381 594 die
1399 555 1594 605 vigesima
1611 555 1729 605 junii,
1747 562 1788 593 et
1805 567 1966 594 summa
2008 562 2009 573 ¹

264 622 471 660 celeritate
492 618 710 658 conficiens
728 617 819 665 iter,
838 616 1110 654 Barcinonem
1130 616 1181 653 ad
1200 629 1336 665 regem
1356 615 1613 665 Arragonum
1631 613 1820 665 pervenit
1840 613 1903 652 die
1923 627 1966 650 XI

262 680 366 731 julii,
392 688 438 717 ut
464 678 604 717 scribit
629 677 802 715 Michael
827 676 1104 723 Carbonellus,
1129 674 1198 713 lib.
1229 675 1306 721 III,
1333 688 1420 724 cap.
1449 689 1489 713 x,
1517 674 1581 712 Sic
1605 674 1732 712 etiam
1755 673 1797 710 in
1820 672 1969 711 iisdem
2001 703 2002 708 ,

264 739 421 778 schedis
438 737 659 784 veteribus,
676 736 718 774 in
735 736 883 785 quibus
899 736 958 773 ita
974 735 1152 772 habetur
1169 750 1176 771 :
1195 734 1451 771 Postmodum
1467 733 1528 771 die
1544 733 1693 770 veneris
1711 732 1913 770 intitulata
1933 731 1967 769 V
2003 726 2004 731 ¹

266 800 354 837 idus
380 798 468 848 [11]
493 796 588 847 julii
612 810 718 833 anno
740 795 912 845 predicto
935 794 1165 831 reverendus
1189 793 1233 830 in
1255 792 1410 830 Christo
1444 801 1554 843 pater
1576 792 1806 830 Bernardus
1829 791 1969 829 divina

264 856 511 909 providentia
535 856 641 894 tituli
667 854 803 893 Sancti
824 853 985 903 Cyriaci
1012 853 1055 890 in
1077 852 1257 890 Thermis
1280 852 1479 902 presbyter
1503 851 1720 890 cardinalis
1746 850 1892 888 missus
1917 850 1975 887 ad·
2020 852 2021 877 ἒ

265 917 503 968 presentiam
530 915 623 953 dicti
652 914 804 952 domini
832 913 935 962 regis
962 927 1030 962 per
1057 911 1263 949 dominum
1290 926 1440 962 papam
1475 911 1697 961 comparuit
1722 925 1853 948 coram
1880 909 1973 960 ipso
2020 909 2021 912 ’

265 977 423 1015 domino
453 989 538 1024 rege
570 974 612 1012 in
642 973 792 1024 palatio
822 973 928 1022 regio
958 970 1222 1018 Barchinone,
1241 979 1275 1008 et
1298 971 1534 1021 presentavit
1554 970 1678 1008 eidem
1698 969 1856 1008 domino
1887 968 1970 1017 regi

264 1036 475 1086 quamdam
495 1042 642 1072 cartam
661 1046 963 1083 pergameneam
986 1031 1092 1080 bulla
1112 1030 1264 1068 domini
1281 1045 1383 1080 pape
1401 1030 1610 1077 munitam,
1629 1029 1743 1079 cujus
1764 1037 1870 1067 tenor
1890 1036 1975 1066 tam>

262 1096 347 1145 jam
376 1109 501 1144 supra
532 1107 649 1144 quam
679 1092 741 1130 hic
773 1090 942 1129 insertus
973 1091 1158 1128 mandato
1189 1090 1281 1127 dicti
1313 1089 1464 1127 domini
1495 1089 1598 1138 regis
1627 1088 1803 1139 sequitur
1834 1087 1877 1125 in
1907 1086 1975 1124 his-

264 1154 402 1192 verbis.
426 1153 618 1199 Clemens,
640 1152 862 1202 episcopus,
883 1164 1029 1198 servus,
1051 1158 1116 1188 etc.
1141 1150 1195 1187 Et
1215 1157 1309 1200 post
1330 1149 1579 1199 descriptam
1599 1162 1689 1187 eam
1710 1148 1866 1186 bullam
1885 1154 1969 1184 sta—

263 1214 339 1253 tim
371 1213 556 1263 sequitur
589 1228 597 1249 2
631 1211 720 1261 Qua
751 1211 907 1260 quidem
938 1217 1045 1247 carta
1075 1208 1216 1259 papali
1247 1216 1469 1258 presentata
1499 1207 1650 1258 prefato
1682 1206 1840 1245 domino
1871 1205 1972 1255 regi,

264 1274 365 1311 idem
402 1272 587 1310 dominus
624 1269 841 1308 cardinalis
877 1269 1104 1319 exponendo
1140 1268 1373 1319 legationem
1408 1282 1524 1305 suam
1561 1267 1605 1304 in
1640 1266 1839 1317 presentia
1874 1264 1970 1303 dicti

263 1332 415 1370 domini
442 1331 545 1381 regis
571 1330 682 1368 verbo
709 1338 834 1377 tenus,
863 1336 1092 1378 congregato
1118 1327 1342 1365 honorabili
1369 1326 1533 1364 consilio
1560 1326 1653 1364 dieti
1686 1325 1839 1363 domini
1865 1324 1974 1373 regis

264 1392 471 1442 proposuit
500 1390 633 1440 plures
656 1390 827 1426 rationes
859 1382 1093 1434 inductivas,
1118 1395 1158 1424 ut
1189 1386 1290 1424 idem
1321 1384 1506 1424 dominus
1536 1400 1602 1423 rex
1630 1385 1895 1435 supersederet
1925 1383 1973 1420 in

263 1451 485 1489 executione
513 1450 668 1499 incepta
693 1463 761 1498 per
786 1461 877 1485 eum
902 1455 1035 1485 contra
1053 1446 1233 1484 inclitum
1263 1445 1457 1483 Jacobum
1477 1445 1521 1483 de
1547 1444 1762 1495 Majoricis
1782 1457 1970 1481 memora-

266 1519 360 1558 tum,
387 1518 421 1547 et
447 1509 548 1560 quod
572 1509 802 1557 dignaretur
826 1507 951 1544 eidem
971 1506 1118 1544 Jacobo
1144 1506 1188 1543 de
1214 1505 1428 1554 Majoricis
1454 1504 1629 1542 misereri
1644 1504 1720 1541 Dei
1748 1503 1909 1550 intuitu,
1936 1509 1975 1539 et

266 1570 312 1607 ob
332 1569 586 1607 reverentiam
605 1567 756 1605 domini
774 1566 922 1604 summi
941 1565 1144 1616 pontificis
1163 1573 1197 1602 et
1214 1579 1386 1602 amorem
1405 1563 1536 1614 ipsius
1554 1563 1707 1601 domini
1738 1561 1975 1609 cardinalis,

266 1644 354 1667 cum
377 1628 460 1679 ipse
481 1627 666 1665 dominus
687 1625 904 1664 cardinalis
927 1625 1150 1671 intenderet,
1174 1632 1215 1661 ut
1235 1624 1398 1671 dicebat,
1420 1631 1582 1661 tractare
1602 1622 1849 1661 concordiam
1871 1621 1977 1658 inter

268 1689 401 1738 ipsum
428 1687 634 1725 dominum
659 1700 786 1735 regem
811 1693 845 1722 et
872 1684 1006 1734 ipsum
1033 1684 1214 1721 inclitum
1243 1683 1437 1721 Jacobum
1464 1683 1507 1720 de
1534 1681 1761 1732 Majorieis,
1790 1681 1845 1719 ita
1871 1680 1977 1730 quod

268 1748 369 1785 idem
390 1747 549 1784 inclitus
572 1745 744 1783 „Iacobus
765 1744 938 1794 firmaret
955 1743 1029 1781 sub
1047 1751 1148 1781 certa
1164 1742 1293 1792 forma
1312 1742 1355 1779 in
1373 1756 1485 1792 posse
1504 1742 1678 1792 ejusdem
1697 1740 1848 1778 domini
1867 1739 1976 1788 regis

267 1807 502 1856 Aragonum
524 1806 567 1843 de
588 1805 740 1842 directe.
759 1803 1018 1842 Constitutae
1040 1810 1137 1840 sunt
1164 1802 1305 1851 itaque
1326 1801 1514 1839 induciae
1537 1815 1666 1851 usque
1688 1800 1740 1838 ad
1762 1799 1870 1839 diem
1891 1799 1976 1849 pri-

266 1880 377 1904 mam
408 1865 556 1903 mensis
588 1863 685 1901 maii
714 1871 806 1902 tum
837 1861 1064 1912 sequentis3
1097 1875 1198 1911 quas
1230 1876 1311 1898 non
1342 1875 1523 1898 servasse
1556 1860 1760 1898 Jacobum
1791 1858 1976 1909 graviter

267 1925 377 1975 apud
400 1938 552 1975 papam
575 1932 616 1961 et
636 1924 745 1960 hunc
765 1922 1022 1960 Bernardum
1045 1920 1293 1959 cardinalem
1316 1928 1563 1969 conquestus
1586 1927 1648 1957 est
1668 1934 1740 1957 rex
1762 1918 1907 1957 Petrus
1928 1917 1975 1954 in

265 1984 391 2022 literis
418 1984 469 2021 ad
496 1998 561 2021 eos
588 1982 763 2032 seriptis,
791 1995 894 2031 quae
920 1988 1067 2019 extant
1090 1979 1129 2017 in
1156 1979 1301 2017 iisdem
1326 1979 1534 2017 veteribus
1560 1978 1730 2017 schedis.
1759 1977 1822 2016 Sic
1846 1977 1973 2027 igitur

267 2044 400 2094 sopita
433 2041 739 2093 quodammodo
771 2041 846 2078 hac
868 2033 1035 2078 turbida
1058 2047 1322 2089 tempestate,
1344 2038 1576 2076 Bernardus
1604 2037 1819 2076 cardinalis
1849 2036 1977 2074 rediit

267 2103 526 2149 Avinionem,
542 2101 612 2139 ubi
628 2115 721 2140 eum
736 2100 858 2138 fuisse
871 2115 912 2137 iv
928 2099 1018 2137 idus
1035 2097 1116 2148 [10]
1136 2097 1378 2148 septembris
1394 2105 1603 2135 testantur
1617 2097 1784 2136 eaedem
1798 2096 1976 2134 schedae

267 2170 438 2200 veteres.
468 2160 696 2199 Confecisse
725 2167 865 2197 autem
885 2158 962 2196 iter
983 2157 1187 2196 celerrime
1213 2157 1306 2195 hine
1333 2157 1463 2206 liquet
1485 2157 1594 2206 quod
1622 2156 1795 2194 Michael
1823 2155 1976 2194 Carbo-

267 2222 409 2268 nellus,
435 2220 504 2259 lib.
537 2220 613 2267 III,
641 2234 727 2269 cap.
757 2233 860 2266 xxn,
887 2226 1067 2256 testatur
1091 2217 1207 2254 illum
1232 2216 1354 2254 fuisse
1382 2216 1516 2254 adhuc
1541 2215 1652 2266 apud
1679 2214 1973 2265 perpinianum

269 2281 331 2319 die
356 2295 429 2317 xix
454 2279 602 2319 mensis
626 2278 803 2328 augusti.
830 2278 960 2314 Extat
981 2277 1088 2315 inter
1111 2290 1315 2314 sermones
1334 2275 1347 2297 1
1372 2274 1590 2313 Clementis
1614 2274 1671 2312 VI
1695 2274 1847 2312 collatio
1868 2273 1980 2323 facta,

267 2355 336 2389 per
359 2340 536 2377 eumdem
561 2338 766 2376 dominum
791 2351 941 2387 papam
968 2336 1010 2373 in
1035 2336 1161 2373 reditu
1186 2334 1232 2373 Β.
1260 2335 1365 2372 tituli
1392 2334 1528 2372 Sancti
1554 2334 1715 2384 Cyriaci
1740 2333 1977 2380 cardinalis,v

269 2399 309 2436 id
333 2407 407 2445 est,
430 2398 471 2436 in
493 2398 629 2436 reditu
652 2412 674 2435 a
696 2396 899 2446 legatione
925 2395 1161 2445 Hispanica.

310 2459 362 2496 P.
392 2458 480 2505 245,
506 2457 573 2507 lig.
602 2456 637 2494 9.
668 2456 862 2493 NUNrios
890 2468 1119 2492 MISERANT.
1145 2452 1300 2491 Extat2
1321 2453 1428 2491 inter
1449 2466 1653 2491 sermones
1673 2451 1891 2490 Clementis
1913 2450 1973 2488 VI

267 2517 487 2566 Responsio
525 2516 630 2566 jacta
668 2514 862 2553 Romanis
900 2528 969 2564 per
1008 2513 1212 2551 dominum
1252 2512 1487 2549 Clementem
1524 2525 1675 2561 papam
1719 2510 1779 2548 VI
1817 2510 1979 2560 quando

268 2576 453 2613 concessit
487 2574 776 2623 indulgentiam
811 2573 1027 2622 generalem
1060 2572 1180 2609 Rome
1215 2574 1257 2608 in
1290 2585 1396 2608 anno
1429 2570 1754 2620 quinquagesimo
1787 2576 1979 2619 perpetuo

269 2636 511 2673 duraturam.
543 2634 692 2684 Incipit
718 2649 725 2671 :
749 2633 938 2670 Desidero
963 2646 1027 2668 vos
1052 2632 1189 2668 videre.
1222 2630 1330 2667 Infra
1356 2644 1452 2667 vero
1477 2629 1532 2667 sic
1557 2628 1781 2678 alloquitur
1805 2627 1974 2666 nuntios

270 2694 550 2732 Romanorum
569 2692 585 2715 3
605 2709 611 2731 :
637 2693 726 2739 Vos,
745 2692 931 2737 Romani,
950 2690 1111 2727 venistis
1127 2698 1160 2727 et
1176 2688 1441 2739 proposuistis
1458 2703 1586 2725 coram
1604 2688 1717 2725 nobis
1734 2695 1767 2725 et
1781 2686 1981 2737 fratribus·

272 2753 414 2790 nostris
437 2768 503 2789 sea:
525 2767 596 2802 pro
629 2760 738 2801 parte
761 2750 942 2788 omnium
964 2750 1247 2787 Romanorum.
1275 2748 1412 2785 Primo
1436 2747 1598 2784 venistis
1629 2747 1681 2784 ad
1713 2746 1983 2784 exhibendum>

270 2812 523 2849 reverentiam
546 2812 721 2860 filialem,
743 2810 911 2847 secundo
932 2809 983 2846 ad
1002 2808 1212 2858 petendum
1233 2807 1388 2844 veniam
1409 2806 1663 2856 paternalem,
1685 2805 1793 2843 tertio
1811 2804 1862 2842 ad
1880 2804 1983 2842 noti—

272 2870 473 2918 ficandum
500 2870 665 2908 letitiam
693 2869 967 2915 universalem,
996 2875 1130 2917 quarto
1157 2867 1208 2904 ad
1233 2866 1515 2916 postulandum
1543 2873 1716 2903 nostram
1743 2863 1988 2914 presentiam

324 3027 348 3057 l.
376 3025 634 3067 llibliotlu'quc
657 3022 1029 3062 Sainte-Genevieve‚
1053 3034 1118 3054 ms.
1142 3020 1224 3060 240,
1246 3020 1307 3053 fol.
1332 3021 1376 3054 68
1397 3024 1439 3052 1·⁰.

320 3078 349 3110 2.
384 3078 641 3120 llildiollulouc
670 3075 1042 3115 Sainte-Genevieve,
1071 3087 1137 3107 ms.
1166 3073 1247 3113 240,
1276 3073 1338 3106 sol.
1368 3073 1435 3105 ‘147
1464 3075 1514 3105 νο.

319 3134 349 3162 23.
379 3131 424 3162 U!
444 3142 484 3166 3.,
508 3132 567 3163 l'ol.
592 3131 660 3162 ‘150
681 3135 723 3162 ΓΟ.
