<?xml version="1.0" encoding="UTF-8"?>
<!DOCTYPE html PUBLIC "-//W3C//DTD XHTML 1.0 Transitional//EN"
    "http://www.w3.org/TR/xhtml1/DTD/xhtml1-transitional.dtd">
<html xmlns="http://www.w3.org/1999/xhtml" xml:lang="en" lang="en">
 <head>
  <title>
</title>
<meta http-equiv="Content-Type" content="text/html;charset=utf-8" />
  <meta name='ocr-system' content='tesseract 3.04.00' />
  <meta name='ocr-capabilities' content='ocr_page ocr_carea ocr_par ocr_line ocrx_word'/>
</head>
<body>
  <div class='ocr_page' id='page_1' title='image "./vitaepaparumaven02balu_0193.png"; bbox 0 0 2083 3458; ppageno 0'>
   <div class='ocr_carea' id='block_1_1' title="bbox 57 199 1746 254">
    <p class='ocr_par' dir='ltr' id='par_1_1' title="bbox 57 199 1746 254">
     <span class='ocr_line' id='line_1_1' title="bbox 57 199 1746 254; baseline 0.003 -15"><span class='ocrx_word' id='word_1_1' title='bbox 57 199 181 254; x_wconf 67' lang='lat'>[692]</span> <span class='ocrx_word' id='word_1_2' title='bbox 586 215 801 242; x_wconf 73' lang='lat' dir='ltr'>PAPARUM</span> <span class='ocrx_word' id='word_1_3' title='bbox 839 216 1222 243; x_wconf 70' lang='lat' dir='ltr'>AVENIONENSIUM</span> <span class='ocrx_word' id='word_1_4' title='bbox 1666 204 1746 245; x_wconf 81' lang='grc'>183</span> 
     </span>
    </p>
   </div>
   <div class='ocr_carea' id='block_1_2' title="bbox 29 298 1743 2820">
    <p class='ocr_par' dir='ltr' id='par_1_2' title="bbox 36 298 1743 1160">
     <span class='ocr_line' id='line_1_2' title="bbox 43 298 1741 350; baseline 0.004 -15"><span class='ocrx_word' id='word_1_5' title='bbox 43 298 196 336; x_wconf 83' lang='lat' dir='ltr'><em>tandem</em></span> <span class='ocrx_word' id='word_1_6' title='bbox 216 311 293 334; x_wconf 87' lang='lat' dir='ltr'><em>non</em></span> <span class='ocrx_word' id='word_1_7' title='bbox 313 298 483 335; x_wconf 82' lang='lat' dir='ltr'><em>tulerunt</em></span> <span class='ocrx_word' id='word_1_8' title='bbox 503 298 676 348; x_wconf 84' lang='lat' dir='ltr'><em>impune.</em></span> <span class='ocrx_word' id='word_1_9' title='bbox 703 300 813 339; x_wconf 80' lang='lat' dir='ltr'><em>Idem</em></span> <span class='ocrx_word' id='word_1_10' title='bbox 832 301 873 339; x_wconf 86' lang='lat' dir='ltr'><em>in</em></span> <span class='ocrx_word' id='word_1_11' title='bbox 901 301 1087 350; x_wconf 81' lang='lat' dir='ltr'><em>Catalogo</em></span> <span class='ocrx_word' id='word_1_12' title='bbox 1106 301 1293 338; x_wconf 85' lang='lat' dir='ltr'><em>Priorum</em></span> <span class='ocrx_word' id='word_1_13' title='bbox 1321 301 1574 340; x_wconf 77' lang='lat' dir='ltr'><em>Albiensium</em></span> <span class='ocrx_word' id='word_1_14' title='bbox 1592 312 1741 342; x_wconf 83' lang='lat' dir='ltr'><em>retrac-</em></span> 
     </span>
     <span class='ocr_line' id='line_1_3' title="bbox 42 356 1739 411; baseline 0.004 -18"><span class='ocrx_word' id='word_1_15' title='bbox 42 365 133 394; x_wconf 85' lang='lat' dir='ltr'><em>tans</em></span> <span class='ocrx_word' id='word_1_16' title='bbox 154 357 258 394; x_wconf 79' lang='lat' dir='ltr'><em>hanc</em></span> <span class='ocrx_word' id='word_1_17' title='bbox 280 370 445 394; x_wconf 80' lang='lat' dir='ltr'><em>causam</em></span> <span class='ocrx_word' id='word_1_18' title='bbox 465 356 524 394; x_wconf 84' lang='lat' dir='ltr'><em>ait</em></span> <span class='ocrx_word' id='word_1_19' title='bbox 545 356 553 378; x_wconf 84' lang='lat'>¹</span> <span class='ocrx_word' id='word_1_20' title='bbox 579 373 585 394; x_wconf 90' lang='lat'>:</span> <span class='ocrx_word' id='word_1_21' title='bbox 614 358 728 395; x_wconf 83' lang='lat' dir='ltr'><em>Finis</em></span> <span class='ocrx_word' id='word_1_22' title='bbox 749 374 832 396; x_wconf 82' lang='lat' dir='ltr'><em>vero</em></span> <span class='ocrx_word' id='word_1_23' title='bbox 853 368 1139 409; x_wconf 73' lang='lat' dir='ltr'><em>persecutorum</em></span> <span class='ocrx_word' id='word_1_24' title='bbox 1158 360 1336 408; x_wconf 77' lang='lat' dir='ltr'><em>confusio</em></span> <span class='ocrx_word' id='word_1_25' title='bbox 1355 369 1388 398; x_wconf 89' lang='lat' dir='ltr'><em>et</em></span> <span class='ocrx_word' id='word_1_26' title='bbox 1409 360 1631 409; x_wconf 77' lang='lat' dir='ltr'><em>ignominia</em></span> <span class='ocrx_word' id='word_1_27' title='bbox 1649 362 1739 411; x_wconf 75' lang='lat' dir='ltr'><em>suit.</em></span> 
     </span>
     <span class='ocr_line' id='line_1_4' title="bbox 42 415 1743 468; baseline 0.003 -16"><span class='ocrx_word' id='word_1_28' title='bbox 42 416 147 453; x_wconf 77' lang='lat' dir='ltr'><em>Nam</em></span> <span class='ocrx_word' id='word_1_29' title='bbox 175 415 440 453; x_wconf 76' lang='lat' dir='ltr'><em>vicedominus</em></span> <span class='ocrx_word' id='word_1_30' title='bbox 467 415 754 455; x_wconf 78' lang='lat' dir='ltr'><em>Ambianensis</em></span> <span class='ocrx_word' id='word_1_31' title='bbox 781 419 956 468; x_wconf 75' lang='lat' dir='ltr'><em>prefatus</em></span> <span class='ocrx_word' id='word_1_32' title='bbox 982 419 1113 456; x_wconf 85' lang='lat' dir='ltr'><em>eadem</em></span> <span class='ocrx_word' id='word_1_33' title='bbox 1140 419 1201 456; x_wconf 84' lang='lat' dir='ltr'><em>die</em></span> <span class='ocrx_word' id='word_1_34' title='bbox 1227 434 1303 468; x_wconf 79' lang='lat' dir='ltr'><em>qua</em></span> <span class='ocrx_word' id='word_1_35' title='bbox 1328 420 1743 459; x_wconf 58' lang='lat' dir='ltr'><em>excommunicationis</em></span> 
     </span>
     <span class='ocr_line' id='line_1_5' title="bbox 40 474 1741 528; baseline 0.003 -17"><span class='ocrx_word' id='word_1_36' title='bbox 40 474 229 512; x_wconf 84' lang='lat' dir='ltr'><em>sententia</em></span> <span class='ocrx_word' id='word_1_37' title='bbox 253 482 383 511; x_wconf 82' lang='lat' dir='ltr'><em>contra</em></span> <span class='ocrx_word' id='word_1_38' title='bbox 409 474 542 523; x_wconf 89' lang='lat' dir='ltr'><em>ipsum</em></span> <span class='ocrx_word' id='word_1_39' title='bbox 573 474 701 523; x_wconf 72' lang='lat' dir='ltr'><em>fuerat</em></span> <span class='ocrx_word' id='word_1_40' title='bbox 724 477 925 525; x_wconf 83' lang='lat' dir='ltr'><em>publicata</em></span> <span class='ocrx_word' id='word_1_41' title='bbox 956 492 1061 514; x_wconf 80' lang='lat' dir='ltr'><em>anno</em></span> <span class='ocrx_word' id='word_1_42' title='bbox 1087 478 1254 515; x_wconf 86' lang='lat' dir='ltr'><em>revoluto</em></span> <span class='ocrx_word' id='word_1_43' title='bbox 1275 478 1332 515; x_wconf 87' lang='lat' dir='ltr'><em>sic</em></span> <span class='ocrx_word' id='word_1_44' title='bbox 1354 493 1561 528; x_wconf 82' lang='lat' dir='ltr'><em>percussus</em></span> <span class='ocrx_word' id='word_1_45' title='bbox 1583 480 1741 517; x_wconf 83' lang='lat' dir='ltr'><em>anathe-</em></span> 
     </span>
     <span class='ocr_line' id='line_1_6' title="bbox 42 533 1740 585; baseline 0.004 -15"><span class='ocrx_word' id='word_1_46' title='bbox 42 542 152 579; x_wconf 82' lang='lat' dir='ltr'><em>mate,</em></span> <span class='ocrx_word' id='word_1_47' title='bbox 180 541 368 582; x_wconf 82' lang='lat' dir='ltr'><em>tanquam</em></span> <span class='ocrx_word' id='word_1_48' title='bbox 393 533 510 582; x_wconf 79' lang='lat' dir='ltr'><em>officii</em></span> <span class='ocrx_word' id='word_1_49' title='bbox 537 534 712 571; x_wconf 81' lang='lat' dir='ltr'><em>notorius</em></span> <span class='ocrx_word' id='word_1_50' title='bbox 739 536 959 585; x_wconf 75' lang='lat' dir='ltr'><em>impeditor,</em></span> <span class='ocrx_word' id='word_1_51' title='bbox 988 536 1137 573; x_wconf 86' lang='lat' dir='ltr'><em>interiit</em></span> <span class='ocrx_word' id='word_1_52' title='bbox 1163 536 1205 573; x_wconf 90' lang='lat' dir='ltr'><em>in</em></span> <span class='ocrx_word' id='word_1_53' title='bbox 1231 544 1331 574; x_wconf 83' lang='lat' dir='ltr'><em>terra</em></span> <span class='ocrx_word' id='word_1_54' title='bbox 1356 537 1499 581; x_wconf 79' lang='lat' dir='ltr'><em>aliena,</em></span> <span class='ocrx_word' id='word_1_55' title='bbox 1526 538 1672 576; x_wconf 83' lang='lat' dir='ltr'><em>scilicet</em></span> <span class='ocrx_word' id='word_1_56' title='bbox 1697 539 1740 576; x_wconf 89' lang='lat' dir='ltr'><em>in.</em></span> 
     </span>
     <span class='ocr_line' id='line_1_7' title="bbox 41 591 1742 646; baseline 0.004 -18"><span class='ocrx_word' id='word_1_57' title='bbox 41 592 215 629; x_wconf 80' lang='lat' dir='ltr'><em>Abrucio</em></span> <span class='ocrx_word' id='word_1_58' title='bbox 246 592 289 628; x_wconf 88' lang='lat' dir='ltr'><em>in</em></span> <span class='ocrx_word' id='word_1_59' title='bbox 319 606 435 640; x_wconf 77' lang='lat' dir='ltr'><em>regno</em></span> <span class='ocrx_word' id='word_1_60' title='bbox 466 591 615 633; x_wconf 79' lang='lat' dir='ltr'><em>Sicilie,</em></span> <span class='ocrx_word' id='word_1_61' title='bbox 646 593 732 630; x_wconf 78' lang='lat' dir='ltr'><em>sine</em></span> <span class='ocrx_word' id='word_1_62' title='bbox 761 595 896 631; x_wconf 83' lang='lat' dir='ltr'><em>clerico</em></span> <span class='ocrx_word' id='word_1_63' title='bbox 925 603 959 632; x_wconf 90' lang='lat' dir='ltr'><em>et</em></span> <span class='ocrx_word' id='word_1_64' title='bbox 987 595 1073 631; x_wconf 85' lang='lat' dir='ltr'><em>sine</em></span> <span class='ocrx_word' id='word_1_65' title='bbox 1102 596 1293 632; x_wconf 82' lang='lat' dir='ltr'><em>sacerdote</em></span> <span class='ocrx_word' id='word_1_66' title='bbox 1321 604 1355 633; x_wconf 83' lang='lat' dir='ltr'><em>et</em></span> <span class='ocrx_word' id='word_1_67' title='bbox 1382 595 1468 633; x_wconf 88' lang='lat' dir='ltr'><em>sine</em></span> <span class='ocrx_word' id='word_1_68' title='bbox 1497 597 1742 646; x_wconf 81' lang='lat' dir='ltr'><em>perceptione</em></span> 
     </span>
     <span class='ocr_line' id='line_1_8' title="bbox 38 650 1737 702; baseline 0.004 -15"><span class='ocrx_word' id='word_1_69' title='bbox 38 658 371 688; x_wconf 84' lang='lat' dir='ltr'><em>sacramentorum</em></span> <span class='ocrx_word' id='word_1_70' title='bbox 396 650 567 688; x_wconf 88' lang='lat' dir='ltr'><em>Ecclesie</em></span> <span class='ocrx_word' id='word_1_71' title='bbox 592 666 698 688; x_wconf 73' lang='lat' dir='ltr'><em>(inno</em></span> <span class='ocrx_word' id='word_1_72' title='bbox 720 653 886 690; x_wconf 85' lang='lat' dir='ltr'><em>Domini</em></span> <span class='ocrx_word' id='word_1_73' title='bbox 914 653 1146 700; x_wconf 71' lang='lat' dir='ltr'><em>MCCCIV,</em></span> <span class='ocrx_word' id='word_1_74' title='bbox 1175 653 1218 690; x_wconf 90' lang='lat' dir='ltr'><em>in</em></span> <span class='ocrx_word' id='word_1_75' title='bbox 1241 653 1336 702; x_wconf 75' lang='lat' dir='ltr'><em>sesto</em></span> <span class='ocrx_word' id='word_1_76' title='bbox 1361 655 1487 692; x_wconf 85' lang='lat' dir='ltr'><em>sancti</em></span> <span class='ocrx_word' id='word_1_77' title='bbox 1513 655 1737 693; x_wconf 60' lang='lat' dir='ltr'><em>AIicliaelis.</em></span> 
     </span>
     <span class='ocr_line' id='line_1_9' title="bbox 40 709 1741 763; baseline 0.004 -17"><span class='ocrx_word' id='word_1_78' title='bbox 40 709 355 747; x_wconf 67' lang='lat' dir='ltr'><em>Archidiaconus</em></span> <span class='ocrx_word' id='word_1_79' title='bbox 377 723 474 755; x_wconf 86' lang='lat' dir='ltr'><em>vero,</em></span> <span class='ocrx_word' id='word_1_80' title='bbox 497 711 741 759; x_wconf 86' lang='lat' dir='ltr'><em>postmodum</em></span> <span class='ocrx_word' id='word_1_81' title='bbox 763 711 890 760; x_wconf 77' lang='lat' dir='ltr'><em>factus</em></span> <span class='ocrx_word' id='word_1_82' title='bbox 905 712 1114 761; x_wconf 83' lang='lat' dir='ltr'><em>episcopus</em></span> <span class='ocrx_word' id='word_1_83' title='bbox 1135 712 1384 755; x_wconf 83' lang='lat' dir='ltr'><em>Biterrensis,</em></span> <span class='ocrx_word' id='word_1_84' title='bbox 1407 714 1515 762; x_wconf 86' lang='lat' dir='ltr'><em>lepra</em></span> <span class='ocrx_word' id='word_1_85' title='bbox 1532 728 1741 763; x_wconf 85' lang='lat' dir='ltr'><em>percussus</em></span> 
     </span>
     <span class='ocr_line' id='line_1_10' title="bbox 41 767 1741 820; baseline 0.002 -14"><span class='ocrx_word' id='word_1_86' title='bbox 41 777 81 806; x_wconf 92' lang='lat' dir='ltr'><em>ut</em></span> <span class='ocrx_word' id='word_1_87' title='bbox 109 767 236 817; x_wconf 74' lang='lat' dir='ltr'><em>Gyesi,</em></span> <span class='ocrx_word' id='word_1_88' title='bbox 261 782 346 805; x_wconf 87' lang='lat' dir='ltr'><em>cum</em></span> <span class='ocrx_word' id='word_1_89' title='bbox 372 768 441 805; x_wconf 84' lang='lat' dir='ltr'><em>tali</em></span> <span class='ocrx_word' id='word_1_90' title='bbox 464 769 671 818; x_wconf 86' lang='lat' dir='ltr'><em>obprobrio</em></span> <span class='ocrx_word' id='word_1_91' title='bbox 695 770 792 807; x_wconf 85' lang='lat' dir='ltr'><em>obiit</em></span> <span class='ocrx_word' id='word_1_92' title='bbox 813 771 870 808; x_wconf 89' lang='lat' dir='ltr'><em>sic</em></span> <span class='ocrx_word' id='word_1_93' title='bbox 892 771 1068 820; x_wconf 82' lang='lat' dir='ltr'><em>leprosus</em></span> <span class='ocrx_word' id='word_1_94' title='bbox 1090 785 1196 808; x_wconf 82' lang='lat' dir='ltr'><em>anno</em></span> <span class='ocrx_word' id='word_1_95' title='bbox 1214 771 1380 808; x_wconf 78' lang='lat' dir='ltr'><em>Domini</em></span> <span class='ocrx_word' id='word_1_96' title='bbox 1405 771 1629 809; x_wconf 76' lang='lat' dir='ltr'><em>MCCCIX</em></span> <span class='ocrx_word' id='word_1_97' title='bbox 1651 782 1741 810; x_wconf 82' lang='lat' dir='ltr'><em>ante</em></span> 
     </span>
     <span class='ocr_line' id='line_1_11' title="bbox 39 826 1736 879; baseline 0.003 -15"><span class='ocrx_word' id='word_1_98' title='bbox 39 828 298 865; x_wconf 79' lang='lat' dir='ltr'><em>Pentecosten.</em></span> <span class='ocrx_word' id='word_1_99' title='bbox 323 827 378 864; x_wconf 79' lang='lat' dir='ltr'><em>At</em></span> <span class='ocrx_word' id='word_1_100' title='bbox 399 827 441 864; x_wconf 92' lang='lat' dir='ltr'><em>in</em></span> <span class='ocrx_word' id='word_1_101' title='bbox 461 842 650 877; x_wconf 80' lang='lat' dir='ltr'><em>processu</em></span> <span class='ocrx_word' id='word_1_102' title='bbox 671 829 684 850; x_wconf 79' lang='lat'><em>²</em></span> <span class='ocrx_word' id='word_1_103' title='bbox 706 829 901 866; x_wconf 70' lang='lat' dir='ltr'><em>Bernardi</em></span> <span class='ocrx_word' id='word_1_104' title='bbox 924 829 1107 867; x_wconf 87' lang='lat' dir='ltr'><em>Delitiosi</em></span> <span class='ocrx_word' id='word_1_105' title='bbox 1126 826 1324 879; x_wconf 81' lang='lat' dir='ltr'><em>scriptum</em></span> <span class='ocrx_word' id='word_1_106' title='bbox 1345 838 1406 868; x_wconf 87' lang='lat' dir='ltr'><em>est</em></span> <span class='ocrx_word' id='word_1_107' title='bbox 1427 831 1615 869; x_wconf 83' lang='lat' dir='ltr'><em>eumdem</em></span> <span class='ocrx_word' id='word_1_108' title='bbox 1642 832 1736 870; x_wconf 85' lang='lat' dir='ltr'><em>Ber·</em></span> 
     </span>
     <span class='ocr_line' id='line_1_12' title="bbox 39 885 1736 937; baseline 0.004 -15"><span class='ocrx_word' id='word_1_109' title='bbox 39 886 212 923; x_wconf 82' lang='lat' dir='ltr'><em>nardum</em></span> <span class='ocrx_word' id='word_1_110' title='bbox 234 885 380 923; x_wconf 77' lang='lat' dir='ltr'><em>dixisse</em></span> <span class='ocrx_word' id='word_1_111' title='bbox 401 885 443 923; x_wconf 87' lang='lat' dir='ltr'><em>in</em></span> <span class='ocrx_word' id='word_1_112' title='bbox 463 887 643 935; x_wconf 83' lang='lat' dir='ltr'><em>quodam</em></span> <span class='ocrx_word' id='word_1_113' title='bbox 664 902 847 926; x_wconf 83' lang='lat' dir='ltr'><em>sermone</em></span> <span class='ocrx_word' id='word_1_114' title='bbox 862 889 962 937; x_wconf 83' lang='lat' dir='ltr'><em>quod</em></span> <span class='ocrx_word' id='word_1_115' title='bbox 982 888 1246 925; x_wconf 70' lang='lat' dir='ltr'><em>vicedominus</em></span> <span class='ocrx_word' id='word_1_116' title='bbox 1266 897 1346 926; x_wconf 87' lang='lat' dir='ltr'><em>erat</em></span> <span class='ocrx_word' id='word_1_117' title='bbox 1366 897 1539 927; x_wconf 87' lang='lat' dir='ltr'><em>mortuus</em></span> <span class='ocrx_word' id='word_1_118' title='bbox 1563 890 1606 928; x_wconf 86' lang='lat' dir='ltr'><em>in</em></span> <span class='ocrx_word' id='word_1_119' title='bbox 1625 891 1736 928; x_wconf 87' lang='lat' dir='ltr'><em>curia-</em></span> 
     </span>
     <span class='ocr_line' id='line_1_13' title="bbox 38 945 1737 996; baseline 0.003 -15"><span class='ocrx_word' id='word_1_120' title='bbox 38 959 201 982; x_wconf 86' lang='lat' dir='ltr'><em>romana</em></span> <span class='ocrx_word' id='word_1_121' title='bbox 218 945 480 994; x_wconf 79' lang='lat' dir='ltr'><em>prosequendo</em></span> <span class='ocrx_word' id='word_1_122' title='bbox 498 960 630 983; x_wconf 85' lang='lat' dir='ltr'><em>eorum</em></span> <span class='ocrx_word' id='word_1_123' title='bbox 648 947 846 995; x_wconf 83' lang='lat' dir='ltr'><em>negotium</em></span> <span class='ocrx_word' id='word_1_124' title='bbox 863 955 896 984; x_wconf 86' lang='lat' dir='ltr'><em>et</em></span> <span class='ocrx_word' id='word_1_125' title='bbox 911 948 1088 996; x_wconf 84' lang='lat' dir='ltr'><em>sepultus</em></span> <span class='ocrx_word' id='word_1_126' title='bbox 1111 947 1154 984; x_wconf 88' lang='lat' dir='ltr'><em>in</em></span> <span class='ocrx_word' id='word_1_127' title='bbox 1171 948 1337 996; x_wconf 81' lang='lat' dir='ltr'><em>quodam</em></span> <span class='ocrx_word' id='word_1_128' title='bbox 1359 949 1590 986; x_wconf 82' lang='lat' dir='ltr'><em>monasterio</em></span> <span class='ocrx_word' id='word_1_129' title='bbox 1608 957 1737 987; x_wconf 78' lang='lat' dir='ltr'><em>vocato</em></span> 
     </span>
     <span class='ocr_line' id='line_1_14' title="bbox 38 1003 1735 1052; baseline 0.003 -12"><span class='ocrx_word' id='word_1_130' title='bbox 38 1004 82 1041; x_wconf 86' lang='lat' dir='ltr'><em>de</em></span> <span class='ocrx_word' id='word_1_131' title='bbox 101 1003 246 1041; x_wconf 80' lang='lat' dir='ltr'><em>Sancta</em></span> <span class='ocrx_word' id='word_1_132' title='bbox 269 1003 454 1042; x_wconf 69' lang='lat' dir='ltr'><em>Victoria.</em></span> <span class='ocrx_word' id='word_1_133' title='bbox 472 1004 791 1043; x_wconf 79' lang='lat' dir='ltr'><em>Archidiaconus</em></span> <span class='ocrx_word' id='word_1_134' title='bbox 811 1014 950 1043; x_wconf 83' lang='lat' dir='ltr'><em>autem</em></span> <span class='ocrx_word' id='word_1_135' title='bbox 968 1006 1046 1052; x_wconf 81' lang='lat' dir='ltr'><em>ille,</em></span> <span class='ocrx_word' id='word_1_136' title='bbox 1066 1013 1113 1043; x_wconf 89' lang='lat' dir='ltr'><em>ut</em></span> <span class='ocrx_word' id='word_1_137' title='bbox 1136 1006 1254 1043; x_wconf 82' lang='lat' dir='ltr'><em>docet</em></span> <span class='ocrx_word' id='word_1_138' title='bbox 1268 1006 1376 1044; x_wconf 90' lang='lat' dir='ltr'><em>idem</em></span> <span class='ocrx_word' id='word_1_139' title='bbox 1391 1007 1620 1045; x_wconf 84' lang='lat' dir='ltr'><em>Bernardus</em></span> <span class='ocrx_word' id='word_1_140' title='bbox 1641 1008 1735 1045; x_wconf 90' lang='lat' dir='ltr'><em>Gui-</em></span> 
     </span>
     <span class='ocr_line' id='line_1_15' title="bbox 37 1062 1737 1114; baseline 0.003 -15"><span class='ocrx_word' id='word_1_141' title='bbox 37 1062 152 1100; x_wconf 84' lang='lat' dir='ltr'><em>donis</em></span> <span class='ocrx_word' id='word_1_142' title='bbox 171 1062 198 1109; x_wconf 79' lang='lat'><em>3,</em></span> <span class='ocrx_word' id='word_1_143' title='bbox 221 1070 309 1101; x_wconf 85' lang='lat' dir='ltr'><em>erat</em></span> <span class='ocrx_word' id='word_1_144' title='bbox 331 1062 552 1101; x_wconf 81' lang='lat' dir='ltr'><em>Riclzardus</em></span> <span class='ocrx_word' id='word_1_145' title='bbox 577 1064 739 1113; x_wconf 70' lang='lat' dir='ltr'><em>Nepotis</em></span> <span class='ocrx_word' id='word_1_146' title='bbox 762 1079 1018 1111; x_wconf 85' lang='lat' dir='ltr'><em>normannus,</em></span> <span class='ocrx_word' id='word_1_147' title='bbox 1041 1064 1342 1102; x_wconf 66' lang='lat' dir='ltr'><em>cwchidiaconus</em></span> <span class='ocrx_word' id='word_1_148' title='bbox 1363 1066 1479 1114; x_wconf 75' lang='lat' dir='ltr'><em>Algie</em></span> <span class='ocrx_word' id='word_1_149' title='bbox 1501 1066 1544 1104; x_wconf 86' lang='lat' dir='ltr'><em>in</em></span> <span class='ocrx_word' id='word_1_150' title='bbox 1562 1067 1737 1104; x_wconf 82' lang='lat' dir='ltr'><em>Ecclesia</em></span> 
     </span>
     <span class='ocr_line' id='line_1_16' title="bbox 36 1121 278 1160; baseline 0.008 -2"><span class='ocrx_word' id='word_1_151' title='bbox 36 1121 278 1160; x_wconf 69' lang='lat' dir='ltr'><em>Lexoviensi.</em></span> 
     </span>
    </p>

    <p class='ocr_par' dir='ltr' id='par_1_3' title="bbox 34 1179 1737 1585">
     <span class='ocr_line' id='line_1_17' title="bbox 90 1179 1732 1232; baseline 0.002 -15"><span class='ocrx_word' id='word_1_152' title='bbox 90 1181 132 1218; x_wconf 90' lang='lat' dir='ltr'><em>P.</em></span> <span class='ocrx_word' id='word_1_153' title='bbox 167 1180 254 1227; x_wconf 82' lang='lat'><em>117,</em></span> <span class='ocrx_word' id='word_1_154' title='bbox 284 1179 349 1229; x_wconf 73' lang='lat' dir='ltr'><em>lig.</em></span> <span class='ocrx_word' id='word_1_155' title='bbox 382 1180 442 1218; x_wconf 82' lang='grc'><em>22.</em></span> <span class='ocrx_word' id='word_1_156' title='bbox 476 1181 606 1219; x_wconf 82' lang='lat' dir='ltr'><em>OssnT.</em></span> <span class='ocrx_word' id='word_1_157' title='bbox 640 1181 792 1231; x_wconf 75' lang='lat' dir='ltr'><em>Angelo</em></span> <span class='ocrx_word' id='word_1_158' title='bbox 825 1181 873 1219; x_wconf 83' lang='lat' dir='ltr'><em>de</em></span> <span class='ocrx_word' id='word_1_159' title='bbox 903 1182 1070 1220; x_wconf 78' lang='lat' dir='ltr'><em>Clareno</em></span> <span class='ocrx_word' id='word_1_160' title='bbox 1100 1196 1200 1219; x_wconf 88' lang='lat' dir='ltr'><em>nous</em></span> <span class='ocrx_word' id='word_1_161' title='bbox 1231 1183 1414 1232; x_wconf 81' lang='lat' dir='ltr'><em>apprend</em></span> <span class='ocrx_word' id='word_1_162' title='bbox 1445 1197 1521 1232; x_wconf 86' lang='lat' dir='ltr'><em>que</em></span> <span class='ocrx_word' id='word_1_163' title='bbox 1551 1184 1732 1222; x_wconf 83' lang='lat' dir='ltr'><em>Bernard</em></span> 
     </span>
     <span class='ocr_line' id='line_1_18' title="bbox 38 1239 1735 1290; baseline 0.003 -14"><span class='ocrx_word' id='word_1_164' title='bbox 38 1239 245 1277; x_wconf 76' lang='lat' dir='ltr'><em>Delicieux</em></span> <span class='ocrx_word' id='word_1_165' title='bbox 268 1247 433 1277; x_wconf 81' lang='lat' dir='ltr'><em>mourut</em></span> <span class='ocrx_word' id='word_1_166' title='bbox 457 1240 497 1277; x_wconf 86' lang='lat' dir='ltr'><em>in</em></span> <span class='ocrx_word' id='word_1_167' title='bbox 530 1240 729 1278; x_wconf 83' lang='lat' dir='ltr'><em>artissimo</em></span> <span class='ocrx_word' id='word_1_168' title='bbox 761 1255 948 1279; x_wconf 83' lang='lat' dir='ltr'><em>carcere...</em></span> <span class='ocrx_word' id='word_1_169' title='bbox 974 1240 1081 1289; x_wconf 77' lang='lat' dir='ltr'><em>infra</em></span> <span class='ocrx_word' id='word_1_170' title='bbox 1102 1255 1248 1290; x_wconf 89' lang='lat' dir='ltr'><em>paucos</em></span> <span class='ocrx_word' id='word_1_171' title='bbox 1280 1256 1427 1278; x_wconf 84' lang='lat' dir='ltr'><em>menses</em></span> <span class='ocrx_word' id='word_1_172' title='bbox 1459 1242 1632 1289; x_wconf 79' lang='lat' dir='ltr'><em>(Archiv,</em></span> <span class='ocrx_word' id='word_1_173' title='bbox 1655 1251 1684 1281; x_wconf 87' lang='lat' dir='ltr'><em>t.</em></span> <span class='ocrx_word' id='word_1_174' title='bbox 1708 1258 1735 1290; x_wconf 75' lang='grc' dir='ltr'>Ι,</span> 
     </span>
     <span class='ocr_line' id='line_1_19' title="bbox 35 1297 1737 1348; baseline 0.002 -12"><span class='ocrx_word' id='word_1_175' title='bbox 35 1313 73 1348; x_wconf 88' lang='lat' dir='ltr'><em>p.</em></span> <span class='ocrx_word' id='word_1_176' title='bbox 95 1297 199 1341; x_wconf 72' lang='grc'>148).</span> <span class='ocrx_word' id='word_1_177' title='bbox 216 1298 387 1336; x_wconf 70' lang='lat' dir='ltr'><em>L&#39;etude</em></span> <span class='ocrx_word' id='word_1_178' title='bbox 406 1312 482 1347; x_wconf 86' lang='lat' dir='ltr'><em>que</em></span> <span class='ocrx_word' id='word_1_179' title='bbox 497 1298 588 1337; x_wconf 84' lang='lat' dir='ltr'><em>luia</em></span> <span class='ocrx_word' id='word_1_180' title='bbox 601 1302 814 1337; x_wconf 75' lang='lat' dir='ltr'><em>consacree</em></span> <span class='ocrx_word' id='word_1_181' title='bbox 828 1300 878 1337; x_wconf 84' lang='lat' dir='ltr'><em>M.</em></span> <span class='ocrx_word' id='word_1_182' title='bbox 895 1300 942 1337; x_wconf 83' lang='lat' dir='ltr'><em>de</em></span> <span class='ocrx_word' id='word_1_183' title='bbox 960 1299 1221 1338; x_wconf 84' lang='lat' dir='ltr'><em>Dmitrewski</em></span> <span class='ocrx_word' id='word_1_184' title='bbox 1237 1300 1318 1339; x_wconf 71' lang='lat' dir='ltr'><em>sFr.</em></span> <span class='ocrx_word' id='word_1_185' title='bbox 1338 1300 1518 1338; x_wconf 73' lang='lat' dir='ltr'><em>Bet-nard</em></span> <span class='ocrx_word' id='word_1_186' title='bbox 1530 1301 1737 1340; x_wconf 65' lang='lat' dir='ltr'><em>Delicieuoe</em></span> 
     </span>
     <span class='ocr_line' id='line_1_20' title="bbox 35 1357 1732 1409; baseline 0.002 -15"><span class='ocrx_word' id='word_1_187' title='bbox 35 1357 199 1395; x_wconf 60' lang='lat' dir='ltr'><em>O.F.ssl.</em></span> <span class='ocrx_word' id='word_1_188' title='bbox 231 1357 284 1394; x_wconf 81' lang='lat' dir='ltr'><em>Sa</em></span> <span class='ocrx_word' id='word_1_189' title='bbox 311 1358 403 1394; x_wconf 80' lang='lat' dir='ltr'><em>lutte</em></span> <span class='ocrx_word' id='word_1_190' title='bbox 430 1366 556 1395; x_wconf 88' lang='lat' dir='ltr'><em>contre</em></span> <span class='ocrx_word' id='word_1_191' title='bbox 583 1358 850 1408; x_wconf 80' lang='lat' dir='ltr'><em>l&#39;inquisition</em></span> <span class='ocrx_word' id='word_1_192' title='bbox 878 1359 922 1396; x_wconf 88' lang='lat' dir='ltr'><em>de</em></span> <span class='ocrx_word' id='word_1_193' title='bbox 949 1358 1217 1396; x_wconf 85' lang='lat' dir='ltr'><em>Carcassonne</em></span> <span class='ocrx_word' id='word_1_194' title='bbox 1252 1367 1285 1396; x_wconf 87' lang='lat' dir='ltr'><em>et</em></span> <span class='ocrx_word' id='word_1_195' title='bbox 1313 1359 1462 1405; x_wconf 79' lang='lat' dir='ltr'><em>d’Albi,</em></span> <span class='ocrx_word' id='word_1_196' title='bbox 1489 1374 1561 1397; x_wconf 86' lang='lat' dir='ltr'><em>son</em></span> <span class='ocrx_word' id='word_1_197' title='bbox 1587 1363 1732 1409; x_wconf 74' lang='lat' dir='ltr'><em>proces,</em></span> 
     </span>
     <span class='ocr_line' id='line_1_21' title="bbox 37 1416 1735 1464; baseline 0.002 -11"><span class='ocrx_word' id='word_1_198' title='bbox 37 1416 272 1462; x_wconf 62' lang='grc'>12974319,</span> <span class='ocrx_word' id='word_1_199' title='bbox 316 1416 416 1454; x_wconf 86' lang='lat' dir='ltr'><em>dans</em></span> <span class='ocrx_word' id='word_1_200' title='bbox 468 1417 685 1454; x_wconf 75' lang='lat' dir='ltr'><em>Archivum</em></span> <span class='ocrx_word' id='word_1_201' title='bbox 727 1417 1039 1454; x_wconf 84' lang='lat' dir='ltr'><em>Franciscanum</em></span> <span class='ocrx_word' id='word_1_202' title='bbox 1091 1417 1330 1464; x_wconf 79' lang='lat' dir='ltr'><em>historicum,</em></span> <span class='ocrx_word' id='word_1_203' title='bbox 1381 1426 1410 1455; x_wconf 77' lang='lat' dir='ltr'><em>t.</em></span> <span class='ocrx_word' id='word_1_204' title='bbox 1456 1432 1540 1455; x_wconf 77' lang='lat' dir='ltr'><em>xvn</em></span> <span class='ocrx_word' id='word_1_205' title='bbox 1585 1419 1735 1463; x_wconf 73' lang='grc'>(1924),</span> 
     </span>
     <span class='ocr_line' id='line_1_22' title="bbox 34 1475 1736 1526; baseline 0.002 -14"><span class='ocrx_word' id='word_1_206' title='bbox 34 1490 73 1524; x_wconf 85' lang='lat' dir='ltr'><em>p.</em></span> <span class='ocrx_word' id='word_1_207' title='bbox 96 1475 280 1521; x_wconf 72' lang='grc'>183-218,</span> <span class='ocrx_word' id='word_1_208' title='bbox 301 1475 486 1522; x_wconf 83' lang='grc'>313-337,</span> <span class='ocrx_word' id='word_1_209' title='bbox 504 1475 694 1520; x_wconf 75' lang='grc' dir='ltr'>457-488ς</span> <span class='ocrx_word' id='word_1_210' title='bbox 715 1484 744 1514; x_wconf 81' lang='lat' dir='ltr'><em>t.</em></span> <span class='ocrx_word' id='word_1_211' title='bbox 768 1491 867 1513; x_wconf 82' lang='lat' dir='ltr'>xv111</span> <span class='ocrx_word' id='word_1_212' title='bbox 890 1476 1037 1524; x_wconf 59' lang='lat'><em>4925),</em></span> <span class='ocrx_word' id='word_1_213' title='bbox 1056 1491 1095 1526; x_wconf 89' lang='lat' dir='ltr'><em>p.</em></span> <span class='ocrx_word' id='word_1_214' title='bbox 1111 1476 1218 1524; x_wconf 77' lang='grc'>3-32)</span> <span class='ocrx_word' id='word_1_215' title='bbox 1240 1476 1455 1526; x_wconf 78' lang='lat' dir='ltr'><em>n&#39;apporte</em></span> <span class='ocrx_word' id='word_1_216' title='bbox 1471 1477 1555 1515; x_wconf 87' lang='lat' dir='ltr'><em>rien</em></span> <span class='ocrx_word' id='word_1_217' title='bbox 1575 1477 1622 1515; x_wconf 83' lang='lat' dir='ltr'><em>de</em></span> <span class='ocrx_word' id='word_1_218' title='bbox 1638 1479 1736 1516; x_wconf 86' lang='lat' dir='ltr'><em>neuf</em></span> 
     </span>
     <span class='ocr_line' id='line_1_23' title="bbox 35 1533 1155 1585; baseline 0.001 -14"><span class='ocrx_word' id='word_1_219' title='bbox 35 1548 102 1571; x_wconf 85' lang='lat' dir='ltr'><em>sur</em></span> <span class='ocrx_word' id='word_1_220' title='bbox 119 1534 155 1571; x_wconf 79' lang='lat' dir='ltr'><em>la</em></span> <span class='ocrx_word' id='word_1_221' title='bbox 175 1533 363 1583; x_wconf 74' lang='lat' dir='ltr'><em>question</em></span> <span class='ocrx_word' id='word_1_222' title='bbox 380 1543 422 1572; x_wconf 87' lang='lat' dir='ltr'><em>et</em></span> <span class='ocrx_word' id='word_1_223' title='bbox 439 1535 589 1573; x_wconf 80' lang='lat' dir='ltr'><em>semble</em></span> <span class='ocrx_word' id='word_1_224' title='bbox 607 1535 661 1572; x_wconf 84' lang='lat' dir='ltr'><em>lui</em></span> <span class='ocrx_word' id='word_1_225' title='bbox 679 1538 763 1572; x_wconf 63' lang='lat' dir='ltr'><em>&amp;tre</em></span> <span class='ocrx_word' id='word_1_226' title='bbox 780 1536 917 1585; x_wconf 72' lang='lat' dir='ltr'><em>plutot</em></span> <span class='ocrx_word' id='word_1_227' title='bbox 934 1535 1155 1573; x_wconf 78' lang='lat' dir='ltr'><em>favorable.</em></span> 
     </span>
    </p>

    <p class='ocr_par' dir='ltr' id='par_1_4' title="bbox 34 1593 1735 1876">
     <span class='ocr_line' id='line_1_24' title="bbox 89 1593 1734 1644; baseline 0.002 -14"><span class='ocrx_word' id='word_1_228' title='bbox 89 1593 130 1631; x_wconf 88' lang='lat' dir='ltr'><em>P.</em></span> <span class='ocrx_word' id='word_1_229' title='bbox 156 1593 242 1640; x_wconf 74' lang='grc'>117,</span> <span class='ocrx_word' id='word_1_230' title='bbox 270 1593 334 1642; x_wconf 71' lang='lat' dir='ltr'><em>lig.</em></span> <span class='ocrx_word' id='word_1_231' title='bbox 364 1593 424 1631; x_wconf 79' lang='lat'><em>25.</em></span> <span class='ocrx_word' id='word_1_232' title='bbox 452 1593 739 1632; x_wconf 66' lang='lat' dir='ltr'>DECLARAVIT.</span> <span class='ocrx_word' id='word_1_233' title='bbox 767 1595 869 1632; x_wconf 83' lang='lat' dir='ltr'><em>Jean</em></span> <span class='ocrx_word' id='word_1_234' title='bbox 892 1594 939 1632; x_wconf 82' lang='lat' dir='ltr'><em>de</em></span> <span class='ocrx_word' id='word_1_235' title='bbox 957 1594 1233 1632; x_wconf 75' lang='lat' dir='ltr'><em>Saint-Victor</em></span> <span class='ocrx_word' id='word_1_236' title='bbox 1252 1608 1300 1631; x_wconf 89' lang='lat' dir='ltr'><em>ne</em></span> <span class='ocrx_word' id='word_1_237' title='bbox 1325 1594 1406 1631; x_wconf 88' lang='lat' dir='ltr'><em>suit</em></span> <span class='ocrx_word' id='word_1_238' title='bbox 1429 1608 1501 1644; x_wconf 84' lang='lat' dir='ltr'><em>pas</em></span> <span class='ocrx_word' id='word_1_239' title='bbox 1520 1594 1570 1632; x_wconf 85' lang='lat' dir='ltr'><em>ici</em></span> <span class='ocrx_word' id='word_1_240' title='bbox 1589 1595 1734 1633; x_wconf 82' lang='lat' dir='ltr'><em>l&#39;ordre</em></span> 
     </span>
     <span class='ocr_line' id='line_1_25' title="bbox 34 1651 1735 1703; baseline 0.002 -14"><span class='ocrx_word' id='word_1_241' title='bbox 34 1651 362 1702; x_wconf 81' lang='lat' dir='ltr'><em>chronologique,</em></span> <span class='ocrx_word' id='word_1_242' title='bbox 383 1666 449 1690; x_wconf 81' lang='lat' dir='ltr'><em>car</em></span> <span class='ocrx_word' id='word_1_243' title='bbox 467 1652 501 1690; x_wconf 80' lang='lat' dir='ltr'><em>le</em></span> <span class='ocrx_word' id='word_1_244' title='bbox 521 1667 625 1703; x_wconf 82' lang='lat' dir='ltr'><em>pape</em></span> <span class='ocrx_word' id='word_1_245' title='bbox 644 1654 886 1703; x_wconf 81' lang='lat' dir='ltr'><em>promulgua</em></span> <span class='ocrx_word' id='word_1_246' title='bbox 913 1653 1011 1690; x_wconf 87' lang='lat' dir='ltr'><em>trois</em></span> <span class='ocrx_word' id='word_1_247' title='bbox 1031 1653 1321 1690; x_wconf 82' lang='lat' dir='ltr'><em>constitutions</em></span> <span class='ocrx_word' id='word_1_248' title='bbox 1340 1653 1528 1691; x_wconf 82' lang='lat' dir='ltr'><em>relatives</em></span> <span class='ocrx_word' id='word_1_249' title='bbox 1548 1656 1569 1690; x_wconf 69' lang='grc' dir='ltr'><em>ἐι</em></span> <span class='ocrx_word' id='word_1_250' title='bbox 1589 1654 1735 1692; x_wconf 81' lang='lat' dir='ltr'><em>l’ordre</em></span> 
     </span>
     <span class='ocr_line' id='line_1_26' title="bbox 35 1710 1735 1761; baseline 0.001 -13"><span class='ocrx_word' id='word_1_251' title='bbox 35 1710 275 1749; x_wconf 77' lang='lat' dir='ltr'><em>franciscam</em></span> <span class='ocrx_word' id='word_1_252' title='bbox 297 1726 303 1748; x_wconf 90' lang='lat'><strong>:</strong></span> <span class='ocrx_word' id='word_1_253' title='bbox 324 1710 593 1760; x_wconf 74' lang='lat' dir='ltr'><em>Quorumdam</em></span> <span class='ocrx_word' id='word_1_254' title='bbox 610 1712 731 1760; x_wconf 73' lang='lat' dir='ltr'><em>erigit</em></span> <span class='ocrx_word' id='word_1_255' title='bbox 745 1712 782 1760; x_wconf 73' lang='lat'><em>(7</em></span> <span class='ocrx_word' id='word_1_256' title='bbox 802 1712 966 1750; x_wconf 86' lang='lat' dir='ltr'><em>octobre</em></span> <span class='ocrx_word' id='word_1_257' title='bbox 987 1711 1117 1755; x_wconf 81' lang='grc'>1317),</span> <span class='ocrx_word' id='word_1_258' title='bbox 1139 1711 1283 1749; x_wconf 84' lang='lat' dir='ltr'><em>Sancta</em></span> <span class='ocrx_word' id='word_1_259' title='bbox 1302 1712 1482 1749; x_wconf 84' lang='lat' dir='ltr'><em>Romana</em></span> <span class='ocrx_word' id='word_1_260' title='bbox 1501 1712 1565 1761; x_wconf 80' lang='lat'><em>(30</em></span> <span class='ocrx_word' id='word_1_261' title='bbox 1578 1713 1735 1750; x_wconf 79' lang='lat' dir='ltr'><em>decem-</em></span> 
     </span>
     <span class='ocr_line' id='line_1_27' title="bbox 34 1769 1733 1820; baseline 0.001 -13"><span class='ocrx_word' id='word_1_262' title='bbox 34 1770 103 1808; x_wconf 81' lang='lat' dir='ltr'><em>bre</em></span> <span class='ocrx_word' id='word_1_263' title='bbox 127 1770 258 1817; x_wconf 52' lang='lat'><em>1317),</em></span> <span class='ocrx_word' id='word_1_264' title='bbox 287 1769 504 1808; x_wconf 84' lang='lat' dir='ltr'><em>Gloriosam</em></span> <span class='ocrx_word' id='word_1_265' title='bbox 528 1771 745 1809; x_wconf 82' lang='lat' dir='ltr'><em>Ecclesiam</em></span> <span class='ocrx_word' id='word_1_266' title='bbox 770 1771 834 1819; x_wconf 82' lang='grc'><em>(23</em></span> <span class='ocrx_word' id='word_1_267' title='bbox 854 1771 1013 1820; x_wconf 80' lang='lat' dir='ltr'><em>janvier</em></span> <span class='ocrx_word' id='word_1_268' title='bbox 1037 1770 1166 1813; x_wconf 78' lang='lat'>1318).</span> <span class='ocrx_word' id='word_1_269' title='bbox 1191 1770 1287 1808; x_wconf 73' lang='lat' dir='ltr'><em>Voir</em></span> <span class='ocrx_word' id='word_1_270' title='bbox 1310 1771 1452 1818; x_wconf 84' lang='lat' dir='ltr'><em>Eubel,</em></span> <span class='ocrx_word' id='word_1_271' title='bbox 1482 1771 1527 1807; x_wconf 86' lang='grc' dir='ltr'><em>Β.</em></span> <span class='ocrx_word' id='word_1_272' title='bbox 1553 1771 1613 1813; x_wconf 76' lang='lat' dir='ltr'><em>F..</em></span> <span class='ocrx_word' id='word_1_273' title='bbox 1637 1780 1666 1810; x_wconf 89' lang='lat' dir='ltr'><em>t.</em></span> <span class='ocrx_word' id='word_1_274' title='bbox 1696 1787 1733 1818; x_wconf 82' lang='lat' dir='ltr'><em>v,</em></span> 
     </span>
     <span class='ocr_line' id='line_1_28' title="bbox 34 1828 463 1876; baseline 0.005 -11"><span class='ocrx_word' id='word_1_275' title='bbox 34 1842 72 1867; x_wconf 87' lang='lat' dir='ltr'><em>n.</em></span> <span class='ocrx_word' id='word_1_276' title='bbox 97 1828 186 1876; x_wconf 83' lang='grc'>289,</span> <span class='ocrx_word' id='word_1_277' title='bbox 212 1828 287 1866; x_wconf 84' lang='grc'><em>297</em></span> <span class='ocrx_word' id='word_1_278' title='bbox 311 1837 352 1867; x_wconf 86' lang='lat' dir='ltr'><em>et</em></span> <span class='ocrx_word' id='word_1_279' title='bbox 375 1829 463 1868; x_wconf 83' lang='grc'>302.</span> 
     </span>
    </p>

    <p class='ocr_par' dir='ltr' id='par_1_5' title="bbox 29 1886 1733 2820">
     <span class='ocr_line' id='line_1_29' title="bbox 89 1886 1731 1938; baseline 0.001 -13"><span class='ocrx_word' id='word_1_280' title='bbox 89 1888 130 1926; x_wconf 84' lang='grc' dir='ltr'><em>Ρ.</em></span> <span class='ocrx_word' id='word_1_281' title='bbox 151 1887 237 1935; x_wconf 79' lang='grc'>117,</span> <span class='ocrx_word' id='word_1_282' title='bbox 256 1888 321 1937; x_wconf 79' lang='lat' dir='ltr'><em>lig.</em></span> <span class='ocrx_word' id='word_1_283' title='bbox 345 1886 406 1926; x_wconf 83' lang='lat'><em>30.</em></span> <span class='ocrx_word' id='word_1_284' title='bbox 434 1888 557 1926; x_wconf 68' lang='lat' dir='ltr'><em>Apum</em></span> <span class='ocrx_word' id='word_1_285' title='bbox 584 1889 817 1926; x_wconf 61' lang='lat' dir='ltr'><em>MAslemn</em></span> <span class='ocrx_word' id='word_1_286' title='bbox 838 1902 1061 1926; x_wconf 63' lang='lat' dir='ltr'>COMBUSTI.</span> <span class='ocrx_word' id='word_1_287' title='bbox 1091 1887 1159 1938; x_wconf 86' lang='lat' dir='ltr'><em>qui</em></span> <span class='ocrx_word' id='word_1_288' title='bbox 1178 1888 1442 1925; x_wconf 82' lang='lat' dir='ltr'><em>nominantur</em></span> <span class='ocrx_word' id='word_1_289' title='bbox 1464 1888 1505 1926; x_wconf 85' lang='lat' dir='ltr'><em>in</em></span> <span class='ocrx_word' id='word_1_290' title='bbox 1529 1889 1731 1926; x_wconf 82' lang='lat' dir='ltr'><em>sententia</em></span> 
     </span>
     <span class='ocr_line' id='line_1_30' title="bbox 33 1946 1732 1997; baseline 0.001 -13"><span class='ocrx_word' id='word_1_291' title='bbox 33 1946 227 1985; x_wconf 86' lang='lat' dir='ltr'><em>adversus</em></span> <span class='ocrx_word' id='word_1_292' title='bbox 251 1962 317 1984; x_wconf 83' lang='lat' dir='ltr'><em>eos</em></span> <span class='ocrx_word' id='word_1_293' title='bbox 340 1947 437 1995; x_wconf 82' lang='lat' dir='ltr'><em>lata,</em></span> <span class='ocrx_word' id='word_1_294' title='bbox 464 1961 567 1997; x_wconf 84' lang='lat' dir='ltr'><em>quae</em></span> <span class='ocrx_word' id='word_1_295' title='bbox 591 1947 701 1985; x_wconf 80' lang='lat' dir='ltr'><em>edita</em></span> <span class='ocrx_word' id='word_1_296' title='bbox 724 1956 786 1986; x_wconf 78' lang='lat' dir='ltr'><em>est</em></span> <span class='ocrx_word' id='word_1_297' title='bbox 808 1947 850 1984; x_wconf 91' lang='lat' dir='ltr'><em>in</em></span> <span class='ocrx_word' id='word_1_298' title='bbox 873 1947 974 1985; x_wconf 91' lang='lat' dir='ltr'><em>libro</em></span> <span class='ocrx_word' id='word_1_299' title='bbox 998 1947 1174 1985; x_wconf 85' lang='lat' dir='ltr'><em>seeundo</em></span> <span class='ocrx_word' id='word_1_300' title='bbox 1206 1947 1552 1985; x_wconf 75' lang='lat' dir='ltr'><em>Misceltaneorum</em></span> <span class='ocrx_word' id='word_1_301' title='bbox 1576 1956 1732 1985; x_wconf 85' lang='lat' dir='ltr'><em>nostro-</em></span> 
     </span>
     <span class='ocr_line' id='line_1_31' title="bbox 33 2005 1732 2055; baseline 0.001 -13"><span class='ocrx_word' id='word_1_302' title='bbox 33 2020 136 2053; x_wconf 87' lang='lat' dir='ltr'><em>rum,</em></span> <span class='ocrx_word' id='word_1_303' title='bbox 155 2020 193 2055; x_wconf 87' lang='lat' dir='ltr'><em>p.</em></span> <span class='ocrx_word' id='word_1_304' title='bbox 211 2006 298 2043; x_wconf 76' lang='grc'>248.</span> <span class='ocrx_word' id='word_1_305' title='bbox 317 2006 416 2044; x_wconf 63' lang='lat' dir='ltr'><em>Vide</em></span> <span class='ocrx_word' id='word_1_306' title='bbox 434 2006 663 2045; x_wconf 88' lang='lat' dir='ltr'><em>Guidonem</em></span> <span class='ocrx_word' id='word_1_307' title='bbox 681 2007 948 2045; x_wconf 83' lang='lat' dir='ltr'><em>Helenensem</em></span> <span class='ocrx_word' id='word_1_308' title='bbox 968 2006 1008 2043; x_wconf 91' lang='lat' dir='ltr'><em>in</em></span> <span class='ocrx_word' id='word_1_309' title='bbox 1026 2005 1190 2043; x_wconf 85' lang='lat' dir='ltr'><em>Summa</em></span> <span class='ocrx_word' id='word_1_310' title='bbox 1206 2006 1249 2042; x_wconf 89' lang='lat' dir='ltr'><em>de</em></span> <span class='ocrx_word' id='word_1_311' title='bbox 1267 2006 1491 2043; x_wconf 76' lang='lat' dir='ltr'><em>haeresibus</em></span> <span class='ocrx_word' id='word_1_312' title='bbox 1510 2006 1579 2043; x_wconf 87' lang='lat' dir='ltr'><em>ubi</em></span> <span class='ocrx_word' id='word_1_313' title='bbox 1598 2021 1732 2044; x_wconf 83' lang='lat' dir='ltr'><em>reeen-</em></span> 
     </span>
     <span class='ocr_line' id='line_1_32' title="bbox 33 2064 1732 2115; baseline 0 -13"><span class='ocrx_word' id='word_1_314' title='bbox 33 2073 94 2102; x_wconf 87' lang='lat' dir='ltr'><em>set</em></span> <span class='ocrx_word' id='word_1_315' title='bbox 111 2079 261 2103; x_wconf 87' lang='lat' dir='ltr'><em>errores</em></span> <span class='ocrx_word' id='word_1_316' title='bbox 278 2065 566 2115; x_wconf 80' lang='lat' dir='ltr'><em>Beguinorum.</em></span> <span class='ocrx_word' id='word_1_317' title='bbox 591 2080 678 2115; x_wconf 81' lang='lat' dir='ltr'><em>cap.</em></span> <span class='ocrx_word' id='word_1_318' title='bbox 700 2080 739 2112; x_wconf 80' lang='lat' dir='ltr'><em>x,</em></span> <span class='ocrx_word' id='word_1_319' title='bbox 761 2080 845 2112; x_wconf 84' lang='lat' dir='ltr'><em>xm,</em></span> <span class='ocrx_word' id='word_1_320' title='bbox 865 2080 934 2111; x_wconf 81' lang='lat' dir='ltr'><em>xv,</em></span> <span class='ocrx_word' id='word_1_321' title='bbox 953 2073 993 2103; x_wconf 83' lang='lat' dir='ltr'><em>et</em></span> <span class='ocrx_word' id='word_1_322' title='bbox 1012 2064 1224 2102; x_wconf 84' lang='lat' dir='ltr'><em>Nicolaum</em></span> <span class='ocrx_word' id='word_1_323' title='bbox 1244 2064 1445 2113; x_wconf 65' lang='lat' dir='ltr'><em>Eymerici</em></span> <span class='ocrx_word' id='word_1_324' title='bbox 1462 2064 1502 2102; x_wconf 92' lang='lat' dir='ltr'><em>in</em></span> <span class='ocrx_word' id='word_1_325' title='bbox 1517 2065 1732 2102; x_wconf 84' lang='lat' dir='ltr'><em>Directorio</em></span> 
     </span>
     <span class='ocr_line' id='line_1_33' title="bbox 36 2122 1732 2174; baseline 0.001 -14"><span class='ocrx_word' id='word_1_326' title='bbox 36 2124 334 2173; x_wconf 84' lang='lat' dir='ltr'><em>Inquisitorum,</em></span> <span class='ocrx_word' id='word_1_327' title='bbox 358 2138 443 2174; x_wconf 88' lang='lat' dir='ltr'><em>par.</em></span> <span class='ocrx_word' id='word_1_328' title='bbox 474 2124 526 2171; x_wconf 93' lang='grc' dir='ltr'>ΙΙ,</span> <span class='ocrx_word' id='word_1_329' title='bbox 553 2139 590 2174; x_wconf 87' lang='lat' dir='ltr'><em>q.</em></span> <span class='ocrx_word' id='word_1_330' title='bbox 618 2139 687 2172; x_wconf 83' lang='lat' dir='ltr'><em>xv,</em></span> <span class='ocrx_word' id='word_1_331' title='bbox 713 2139 744 2162; x_wconf 87' lang='lat' dir='ltr'><em>c.</em></span> <span class='ocrx_word' id='word_1_332' title='bbox 769 2139 811 2161; x_wconf 76' lang='lat' dir='ltr'><em>xv</em></span> <span class='ocrx_word' id='word_1_333' title='bbox 835 2132 875 2162; x_wconf 86' lang='lat' dir='ltr'><em>et</em></span> <span class='ocrx_word' id='word_1_334' title='bbox 901 2138 1049 2161; x_wconf 84' lang='lat' dir='ltr'><em>xxxvn</em></span> <span class='ocrx_word' id='word_1_335' title='bbox 1076 2122 1129 2173; x_wconf 90' lang='lat' dir='ltr'><em>[p.</em></span> <span class='ocrx_word' id='word_1_336' title='bbox 1156 2122 1231 2161; x_wconf 78' lang='grc'>208</span> <span class='ocrx_word' id='word_1_337' title='bbox 1262 2131 1303 2161; x_wconf 89' lang='lat' dir='ltr'><em>et</em></span> <span class='ocrx_word' id='word_1_338' title='bbox 1327 2123 1440 2172; x_wconf 60' lang='grc'>2301.</span> <span class='ocrx_word' id='word_1_339' title='bbox 1463 2124 1525 2160; x_wconf 85' lang='lat' dir='ltr'><em>Ex</em></span> <span class='ocrx_word' id='word_1_340' title='bbox 1547 2123 1732 2161; x_wconf 77' lang='lat' dir='ltr'><em>Guidone</em></span> 
     </span>
     <span class='ocr_line' id='line_1_34' title="bbox 31 2181 1732 2233; baseline 0 -13"><span class='ocrx_word' id='word_1_341' title='bbox 31 2197 151 2232; x_wconf 84' lang='lat' dir='ltr'><em>porro</em></span> <span class='ocrx_word' id='word_1_342' title='bbox 183 2191 346 2220; x_wconf 82' lang='lat' dir='ltr'><em>constat</em></span> <span class='ocrx_word' id='word_1_343' title='bbox 377 2183 449 2221; x_wconf 91' lang='lat' dir='ltr'><em>hos</em></span> <span class='ocrx_word' id='word_1_344' title='bbox 483 2191 660 2233; x_wconf 85' lang='lat' dir='ltr'><em>quatuor</em></span> <span class='ocrx_word' id='word_1_345' title='bbox 692 2183 926 2222; x_wconf 84' lang='lat' dir='ltr'><em>combustos</em></span> <span class='ocrx_word' id='word_1_346' title='bbox 959 2190 1006 2219; x_wconf 89' lang='lat' dir='ltr'><em>ut</em></span> <span class='ocrx_word' id='word_1_347' title='bbox 1038 2196 1153 2220; x_wconf 83' lang='lat' dir='ltr'><em>veros</em></span> <span class='ocrx_word' id='word_1_348' title='bbox 1194 2181 1342 2219; x_wconf 82' lang='lat' dir='ltr'><em>Christi</em></span> <span class='ocrx_word' id='word_1_349' title='bbox 1374 2190 1573 2231; x_wconf 72' lang='lat' dir='ltr'><em>martyres</em></span> <span class='ocrx_word' id='word_1_350' title='bbox 1601 2183 1732 2220; x_wconf 77' lang='lat' dir='ltr'><em>cultos</em></span> 
     </span>
     <span class='ocr_line' id='line_1_35' title="bbox 32 2240 1732 2292; baseline 0 -14"><span class='ocrx_word' id='word_1_351' title='bbox 32 2241 152 2280; x_wconf 85' lang='lat' dir='ltr'><em>fuisse</em></span> <span class='ocrx_word' id='word_1_352' title='bbox 174 2255 197 2279; x_wconf 84' lang='lat' dir='ltr'>a</span> <span class='ocrx_word' id='word_1_353' title='bbox 219 2241 421 2291; x_wconf 78' lang='lat' dir='ltr'><em>Beguinis.</em></span> <span class='ocrx_word' id='word_1_354' title='bbox 449 2242 494 2279; x_wconf 91' lang='lat' dir='ltr'><em>In</em></span> <span class='ocrx_word' id='word_1_355' title='bbox 516 2256 705 2292; x_wconf 87' lang='lat' dir='ltr'><em>processu</em></span> <span class='ocrx_word' id='word_1_356' title='bbox 721 2242 737 2265; x_wconf 76' lang='lat'>4</span> <span class='ocrx_word' id='word_1_357' title='bbox 757 2256 853 2280; x_wconf 86' lang='lat' dir='ltr'><em>vero</em></span> <span class='ocrx_word' id='word_1_358' title='bbox 875 2241 1010 2279; x_wconf 81' lang='lat' dir='ltr'><em>fratris</em></span> <span class='ocrx_word' id='word_1_359' title='bbox 1031 2240 1227 2279; x_wconf 79' lang='lat' dir='ltr'><em>Bernardi</em></span> <span class='ocrx_word' id='word_1_360' title='bbox 1260 2240 1444 2279; x_wconf 87' lang='lat' dir='ltr'><em>Delitiosi</em></span> <span class='ocrx_word' id='word_1_361' title='bbox 1465 2249 1647 2291; x_wconf 88' lang='lat' dir='ltr'><em>repertus</em></span> <span class='ocrx_word' id='word_1_362' title='bbox 1670 2249 1732 2279; x_wconf 86' lang='lat' dir='ltr'><em>est</em></span> 
     </span>
     <span class='ocr_line' id='line_1_36' title="bbox 31 2299 1732 2350; baseline 0 -13"><span class='ocrx_word' id='word_1_363' title='bbox 31 2300 147 2338; x_wconf 87' lang='lat' dir='ltr'><em>testis</em></span> <span class='ocrx_word' id='word_1_364' title='bbox 166 2300 235 2349; x_wconf 83' lang='lat' dir='ltr'><em>qui</em></span> <span class='ocrx_word' id='word_1_365' title='bbox 253 2309 449 2339; x_wconf 79' lang='lat' dir='ltr'><em>assereret</em></span> <span class='ocrx_word' id='word_1_366' title='bbox 466 2315 559 2339; x_wconf 86' lang='lat' dir='ltr'><em>eum</em></span> <span class='ocrx_word' id='word_1_367' title='bbox 577 2300 724 2338; x_wconf 87' lang='lat' dir='ltr'><em>dixisse</em></span> <span class='ocrx_word' id='word_1_368' title='bbox 743 2301 844 2350; x_wconf 81' lang='lat' dir='ltr'><em>quod</em></span> <span class='ocrx_word' id='word_1_369' title='bbox 859 2300 997 2349; x_wconf 75' lang='lat' dir='ltr'><em>fratres</em></span> <span class='ocrx_word' id='word_1_370' title='bbox 1015 2299 1196 2337; x_wconf 71' lang='lat' dir='ltr'><em>,Minores</em></span> <span class='ocrx_word' id='word_1_371' title='bbox 1212 2299 1291 2348; x_wconf 78' lang='lat' dir='ltr'><em>qui,</em></span> <span class='ocrx_word' id='word_1_372' title='bbox 1307 2312 1384 2334; x_wconf 88' lang='lat' dir='ltr'><em>non</em></span> <span class='ocrx_word' id='word_1_373' title='bbox 1396 2306 1450 2335; x_wconf 80' lang='lat' dir='ltr'><em>est</em></span> <span class='ocrx_word' id='word_1_374' title='bbox 1467 2299 1550 2345; x_wconf 84' lang='lat' dir='ltr'><em>diu,</em></span> <span class='ocrx_word' id='word_1_375' title='bbox 1572 2299 1732 2347; x_wconf 79' lang='lat' dir='ltr'><em>fuerunt</em></span> 
     </span>
     <span class='ocr_line' id='line_1_37' title="bbox 31 2358 1733 2408; baseline -0.001 -12"><span class='ocrx_word' id='word_1_376' title='bbox 31 2359 277 2396; x_wconf 82' lang='lat' dir='ltr'><em>condemnati</em></span> <span class='ocrx_word' id='word_1_377' title='bbox 297 2359 415 2396; x_wconf 87' lang='lat' dir='ltr'><em>etiam</em></span> <span class='ocrx_word' id='word_1_378' title='bbox 438 2368 472 2397; x_wconf 88' lang='lat' dir='ltr'><em>et</em></span> <span class='ocrx_word' id='word_1_379' title='bbox 494 2360 684 2398; x_wconf 84' lang='lat' dir='ltr'><em>combusti</em></span> <span class='ocrx_word' id='word_1_380' title='bbox 706 2359 932 2406; x_wconf 68' lang='lat' dir='ltr'><em>Massiliae,</em></span> <span class='ocrx_word' id='word_1_381' title='bbox 956 2358 1125 2408; x_wconf 75' lang='lat' dir='ltr'><em>fuissent</em></span> <span class='ocrx_word' id='word_1_382' title='bbox 1143 2358 1388 2395; x_wconf 83' lang='lat' dir='ltr'><em>condemnati</em></span> <span class='ocrx_word' id='word_1_383' title='bbox 1411 2358 1555 2407; x_wconf 84' lang='lat' dir='ltr'><em>injuste</em></span> <span class='ocrx_word' id='word_1_384' title='bbox 1574 2366 1608 2395; x_wconf 88' lang='lat' dir='ltr'><em>et</em></span> <span class='ocrx_word' id='word_1_385' title='bbox 1631 2359 1733 2407; x_wconf 82' lang='lat' dir='ltr'><em>quod</em></span> 
     </span>
     <span class='ocr_line' id='line_1_38' title="bbox 29 2416 1730 2468; baseline -0.001 -13"><span class='ocrx_word' id='word_1_386' title='bbox 29 2426 155 2455; x_wconf 84' lang='lat' dir='ltr'><em>essent</em></span> <span class='ocrx_word' id='word_1_387' title='bbox 167 2426 353 2467; x_wconf 69' lang='lat' dir='ltr'><em>martyres</em></span> <span class='ocrx_word' id='word_1_388' title='bbox 370 2418 412 2455; x_wconf 91' lang='lat' dir='ltr'><em>in</em></span> <span class='ocrx_word' id='word_1_389' title='bbox 428 2418 614 2468; x_wconf 83' lang='lat' dir='ltr'><em>paradiso</em></span> <span class='ocrx_word' id='word_1_390' title='bbox 627 2433 756 2456; x_wconf 84' lang='lat' dir='ltr'><em>coram</em></span> <span class='ocrx_word' id='word_1_391' title='bbox 770 2419 865 2466; x_wconf 90' lang='lat' dir='ltr'><em>Deo,</em></span> <span class='ocrx_word' id='word_1_392' title='bbox 885 2426 919 2456; x_wconf 87' lang='lat' dir='ltr'><em>et</em></span> <span class='ocrx_word' id='word_1_393' title='bbox 939 2418 1039 2467; x_wconf 83' lang='lat' dir='ltr'><em>quod</em></span> <span class='ocrx_word' id='word_1_394' title='bbox 1055 2417 1239 2454; x_wconf 86' lang='lat' dir='ltr'><em>dominus</em></span> <span class='ocrx_word' id='word_1_395' title='bbox 1249 2431 1358 2466; x_wconf 84' lang='lat' dir='ltr'><em>papa</em></span> <span class='ocrx_word' id='word_1_396' title='bbox 1369 2417 1426 2454; x_wconf 84' lang='lat' dir='ltr'><em>vel</em></span> <span class='ocrx_word' id='word_1_397' title='bbox 1444 2416 1555 2454; x_wconf 84' lang='lat' dir='ltr'><em>curia</em></span> <span class='ocrx_word' id='word_1_398' title='bbox 1566 2430 1730 2454; x_wconf 83' lang='lat' dir='ltr'><em>romana</em></span> 
     </span>
     <span class='ocr_line' id='line_1_39' title="bbox 31 2474 1729 2526; baseline -0.001 -12"><span class='ocrx_word' id='word_1_399' title='bbox 31 2476 98 2526; x_wconf 84' lang='lat' dir='ltr'><em>qui</em></span> <span class='ocrx_word' id='word_1_400' title='bbox 116 2491 178 2514; x_wconf 90' lang='lat' dir='ltr'><em>eos</em></span> <span class='ocrx_word' id='word_1_401' title='bbox 196 2478 528 2524; x_wconf 70' lang='lat' dir='ltr'><em>condemnaverat,</em></span> <span class='ocrx_word' id='word_1_402' title='bbox 548 2477 764 2515; x_wconf 85' lang='lat' dir='ltr'><em>voluntarie</em></span> <span class='ocrx_word' id='word_1_403' title='bbox 789 2477 856 2514; x_wconf 80' lang='lat' dir='ltr'><em>hoc</em></span> <span class='ocrx_word' id='word_1_404' title='bbox 873 2476 1024 2526; x_wconf 77' lang='lat' dir='ltr'><em>fecerat.</em></span> <span class='ocrx_word' id='word_1_405' title='bbox 1054 2476 1142 2526; x_wconf 89' lang='lat' dir='ltr'><em>Ipse</em></span> <span class='ocrx_word' id='word_1_406' title='bbox 1162 2483 1302 2513; x_wconf 83' lang='lat' dir='ltr'><em>tamen</em></span> <span class='ocrx_word' id='word_1_407' title='bbox 1319 2489 1439 2525; x_wconf 85' lang='lat' dir='ltr'><em>super</em></span> <span class='ocrx_word' id='word_1_408' title='bbox 1466 2475 1541 2513; x_wconf 86' lang='lat' dir='ltr'><em>hoc</em></span> <span class='ocrx_word' id='word_1_409' title='bbox 1560 2474 1729 2513; x_wconf 85' lang='lat' dir='ltr'><em>interro-</em></span> 
     </span>
     <span class='ocr_line' id='line_1_40' title="bbox 33 2534 1730 2586; baseline -0.001 -14"><span class='ocrx_word' id='word_1_410' title='bbox 33 2543 150 2585; x_wconf 83' lang='lat' dir='ltr'><em>gatus</em></span> <span class='ocrx_word' id='word_1_411' title='bbox 172 2550 194 2574; x_wconf 85' lang='lat' dir='ltr'>a</span> <span class='ocrx_word' id='word_1_412' title='bbox 214 2535 418 2585; x_wconf 79' lang='lat' dir='ltr'><em>judicibus</em></span> <span class='ocrx_word' id='word_1_413' title='bbox 440 2536 640 2586; x_wconf 84' lang='lat' dir='ltr'><em>respondit</em></span> <span class='ocrx_word' id='word_1_414' title='bbox 658 2550 698 2573; x_wconf 84' lang='lat' dir='ltr'><em>se</em></span> <span class='ocrx_word' id='word_1_415' title='bbox 719 2550 923 2586; x_wconf 83' lang='lat' dir='ltr'><em>nunquam</em></span> <span class='ocrx_word' id='word_1_416' title='bbox 944 2534 1090 2572; x_wconf 62' lang='lat' dir='ltr'><em>dimisse</em></span> <span class='ocrx_word' id='word_1_417' title='bbox 1109 2548 1178 2584; x_wconf 88' lang='lat' dir='ltr'><em>per</em></span> <span class='ocrx_word' id='word_1_418' title='bbox 1205 2534 1362 2571; x_wconf 88' lang='lat' dir='ltr'><em>modum</em></span> <span class='ocrx_word' id='word_1_419' title='bbox 1381 2534 1609 2571; x_wconf 84' lang='lat' dir='ltr'><em>assertionis</em></span> <span class='ocrx_word' id='word_1_420' title='bbox 1630 2535 1730 2583; x_wconf 84' lang='lat' dir='ltr'><em>quod</em></span> 
     </span>
     <span class='ocr_line' id='line_1_41' title="bbox 34 2592 1731 2644; baseline -0.001 -13"><span class='ocrx_word' id='word_1_421' title='bbox 34 2594 94 2632; x_wconf 84' lang='lat' dir='ltr'><em>illi</em></span> <span class='ocrx_word' id='word_1_422' title='bbox 110 2594 249 2643; x_wconf 72' lang='lat' dir='ltr'><em>fratres</em></span> <span class='ocrx_word' id='word_1_423' title='bbox 267 2594 316 2632; x_wconf 82' lang='lat' dir='ltr'><em>M</em></span> <span class='ocrx_word' id='word_1_424' title='bbox 320 2594 447 2632; x_wconf 86' lang='lat' dir='ltr'><em>inores</em></span> <span class='ocrx_word' id='word_1_425' title='bbox 463 2595 545 2633; x_wconf 91' lang='lat' dir='ltr'><em>sint</em></span> <span class='ocrx_word' id='word_1_426' title='bbox 561 2596 617 2632; x_wconf 83' lang='lat' dir='ltr'><em>vel</em></span> <span class='ocrx_word' id='word_1_427' title='bbox 632 2595 780 2644; x_wconf 71' lang='lat' dir='ltr'><em>suerint</em></span> <span class='ocrx_word' id='word_1_428' title='bbox 797 2594 942 2644; x_wconf 87' lang='lat' dir='ltr'><em>injuste</em></span> <span class='ocrx_word' id='word_1_429' title='bbox 958 2592 1204 2631; x_wconf 81' lang='lat' dir='ltr'><em>condemnati</em></span> <span class='ocrx_word' id='word_1_430' title='bbox 1220 2592 1300 2630; x_wconf 87' lang='lat' dir='ltr'><em>sive</em></span> <span class='ocrx_word' id='word_1_431' title='bbox 1323 2592 1525 2640; x_wconf 84' lang='lat' dir='ltr'><em>combusti,</em></span> <span class='ocrx_word' id='word_1_432' title='bbox 1544 2601 1613 2630; x_wconf 82' lang='lat' dir='ltr'><em>aut</em></span> <span class='ocrx_word' id='word_1_433' title='bbox 1629 2593 1731 2642; x_wconf 82' lang='lat' dir='ltr'><em>quod</em></span> 
     </span>
     <span class='ocr_line' id='line_1_42' title="bbox 32 2651 1726 2704; baseline -0.001 -14"><span class='ocrx_word' id='word_1_434' title='bbox 32 2653 113 2690; x_wconf 86' lang='lat' dir='ltr'><em>sint</em></span> <span class='ocrx_word' id='word_1_435' title='bbox 136 2654 193 2691; x_wconf 84' lang='lat' dir='ltr'><em>vel</em></span> <span class='ocrx_word' id='word_1_436' title='bbox 214 2653 363 2702; x_wconf 76' lang='lat' dir='ltr'><em>fuerint</em></span> <span class='ocrx_word' id='word_1_437' title='bbox 387 2662 574 2703; x_wconf 73' lang='lat' dir='ltr'><em>martyres</em></span> <span class='ocrx_word' id='word_1_438' title='bbox 599 2654 642 2691; x_wconf 91' lang='lat' dir='ltr'><em>in</em></span> <span class='ocrx_word' id='word_1_439' title='bbox 665 2654 853 2704; x_wconf 84' lang='lat' dir='ltr'><em>paradiso</em></span> <span class='ocrx_word' id='word_1_440' title='bbox 863 2666 878 2701; x_wconf 89' lang='grc'>,·</span> <span class='ocrx_word' id='word_1_441' title='bbox 904 2652 997 2702; x_wconf 82' lang='lat' dir='ltr'><em>quia</em></span> <span class='ocrx_word' id='word_1_442' title='bbox 1022 2652 1121 2690; x_wconf 69' lang='lat' dir='ltr'><em>discit</em></span> <span class='ocrx_word' id='word_1_443' title='bbox 1143 2666 1183 2689; x_wconf 86' lang='lat' dir='ltr'><em>se</em></span> <span class='ocrx_word' id='word_1_444' title='bbox 1208 2651 1353 2689; x_wconf 82' lang='lat' dir='ltr'><em>nescire</em></span> <span class='ocrx_word' id='word_1_445' title='bbox 1380 2651 1448 2701; x_wconf 84' lang='lat' dir='ltr'><em>qui</em></span> <span class='ocrx_word' id='word_1_446' title='bbox 1469 2651 1618 2700; x_wconf 78' lang='lat' dir='ltr'><em>fuerint</em></span> <span class='ocrx_word' id='word_1_447' title='bbox 1654 2651 1726 2699; x_wconf 82' lang='lat' dir='ltr'><em>illi,</em></span> 
     </span>
     <span class='ocr_line' id='line_1_43' title="bbox 34 2709 1729 2762; baseline -0.002 -13"><span class='ocrx_word' id='word_1_448' title='bbox 34 2726 100 2749; x_wconf 86' lang='lat' dir='ltr'><em>nec</em></span> <span class='ocrx_word' id='word_1_449' title='bbox 117 2726 234 2761; x_wconf 83' lang='lat' dir='ltr'><em>quare</em></span> <span class='ocrx_word' id='word_1_450' title='bbox 251 2726 319 2750; x_wconf 86' lang='lat' dir='ltr'><em>seu</em></span> <span class='ocrx_word' id='word_1_451' title='bbox 336 2713 388 2750; x_wconf 83' lang='lat' dir='ltr'><em>ad</em></span> <span class='ocrx_word' id='word_1_452' title='bbox 404 2712 518 2762; x_wconf 89' lang='lat' dir='ltr'><em>cujus</em></span> <span class='ocrx_word' id='word_1_453' title='bbox 548 2713 778 2751; x_wconf 85' lang='lat' dir='ltr'><em>mandatum</em></span> <span class='ocrx_word' id='word_1_454' title='bbox 802 2712 951 2760; x_wconf 72' lang='lat' dir='ltr'><em>fuerint</em></span> <span class='ocrx_word' id='word_1_455' title='bbox 967 2710 1213 2749; x_wconf 83' lang='lat' dir='ltr'><em>condemnati</em></span> <span class='ocrx_word' id='word_1_456' title='bbox 1237 2724 1306 2747; x_wconf 86' lang='lat' dir='ltr'><em>seu</em></span> <span class='ocrx_word' id='word_1_457' title='bbox 1323 2709 1525 2748; x_wconf 82' lang='lat' dir='ltr'><em>combusti.</em></span> <span class='ocrx_word' id='word_1_458' title='bbox 1546 2710 1596 2747; x_wconf 86' lang='lat' dir='ltr'><em>Et</em></span> <span class='ocrx_word' id='word_1_459' title='bbox 1614 2709 1729 2747; x_wconf 87' lang='lat' dir='ltr'><em>inter-</em></span> 
     </span>
     <span class='ocr_line' id='line_1_44' title="bbox 32 2768 1730 2820; baseline -0.001 -12"><span class='ocrx_word' id='word_1_460' title='bbox 32 2779 189 2819; x_wconf 80' lang='lat' dir='ltr'><em>rogatus</em></span> <span class='ocrx_word' id='word_1_461' title='bbox 214 2771 331 2808; x_wconf 82' lang='lat' dir='ltr'><em>etiam</em></span> <span class='ocrx_word' id='word_1_462' title='bbox 357 2771 456 2809; x_wconf 65' lang='lat' dir='ltr'><em>stim</em></span> <span class='ocrx_word' id='word_1_463' title='bbox 479 2786 519 2809; x_wconf 84' lang='lat' dir='ltr'><em>se</em></span> <span class='ocrx_word' id='word_1_464' title='bbox 543 2771 690 2809; x_wconf 81' lang='lat' dir='ltr'><em>credere</em></span> <span class='ocrx_word' id='word_1_465' title='bbox 715 2772 816 2820; x_wconf 83' lang='lat' dir='ltr'><em>quod</em></span> <span class='ocrx_word' id='word_1_466' title='bbox 840 2770 932 2808; x_wconf 86' lang='lat' dir='ltr'><em>dicti</em></span> <span class='ocrx_word' id='word_1_467' title='bbox 957 2770 1095 2819; x_wconf 67' lang='lat' dir='ltr'><em>fratres</em></span> <span class='ocrx_word' id='word_1_468' title='bbox 1119 2768 1278 2818; x_wconf 72' lang='lat' dir='ltr'><em>fuerunt</em></span> <span class='ocrx_word' id='word_1_469' title='bbox 1300 2768 1402 2818; x_wconf 80' lang='lat' dir='ltr'><em>juste</em></span> <span class='ocrx_word' id='word_1_470' title='bbox 1426 2769 1670 2806; x_wconf 81' lang='lat' dir='ltr'><em>condemnati</em></span> <span class='ocrx_word' id='word_1_471' title='bbox 1694 2777 1730 2807; x_wconf 85' lang='lat' dir='ltr'><em>et</em></span> 
     </span>
    </p>
   </div>
   <div class='ocr_carea' id='block_1_3' title="bbox 79 2906 837 3107">
    <p class='ocr_par' dir='ltr' id='par_1_6' title="bbox 79 2906 484 2948">
     <span class='ocr_line' id='line_1_45' title="bbox 79 2906 484 2948; baseline 0.002 -7"><span class='ocrx_word' id='word_1_472' title='bbox 79 2906 112 2941; x_wconf 77' lang='grc'>1.</span> <span class='ocrx_word' id='word_1_473' title='bbox 147 2908 194 2941; x_wconf 90' lang='lat' dir='ltr'><em>Ut</em></span> <span class='ocrx_word' id='word_1_474' title='bbox 217 2920 258 2948; x_wconf 84' lang='lat' dir='ltr'><em>s.,</em></span> <span class='ocrx_word' id='word_1_475' title='bbox 286 2908 309 2941; x_wconf 73' lang='lat' dir='ltr'><em>f.</em></span> <span class='ocrx_word' id='word_1_476' title='bbox 338 2909 405 2941; x_wconf 74' lang='lat'><em>219</em></span> <span class='ocrx_word' id='word_1_477' title='bbox 430 2913 484 2942; x_wconf 91' lang='lat' dir='ltr'><em>r0.</em></span> 
     </span>
    </p>

    <p class='ocr_par' dir='ltr' id='par_1_7' title="bbox 79 2961 791 3054">
     <span class='ocr_line' id='line_1_46' title="bbox 81 2961 791 3001; baseline 0.001 -8"><span class='ocrx_word' id='word_1_478' title='bbox 81 2961 112 2994; x_wconf 84' lang='lat'><em>2.</em></span> <span class='ocrx_word' id='word_1_479' title='bbox 142 2961 181 2994; x_wconf 82' lang='lat' dir='ltr'><em>B.</em></span> <span class='ocrx_word' id='word_1_480' title='bbox 204 2961 261 3000; x_wconf 85' lang='lat' dir='ltr'><em>N.,</em></span> <span class='ocrx_word' id='word_1_481' title='bbox 281 2973 348 2995; x_wconf 81' lang='lat' dir='ltr'><em>ms.</em></span> <span class='ocrx_word' id='word_1_482' title='bbox 368 2962 463 2995; x_wconf 83' lang='lat' dir='ltr'><em>latin</em></span> <span class='ocrx_word' id='word_1_483' title='bbox 481 2962 586 3001; x_wconf 77' lang='lat'><em>4270,</em></span> <span class='ocrx_word' id='word_1_484' title='bbox 607 2962 630 2995; x_wconf 86' lang='lat' dir='ltr'><em>f.</em></span> <span class='ocrx_word' id='word_1_485' title='bbox 652 2962 719 2994; x_wconf 78' lang='lat'><em>275</em></span> <span class='ocrx_word' id='word_1_486' title='bbox 740 2965 791 2994; x_wconf 69' lang='grc' dir='ltr'><em>νο.</em></span> 
     </span>
     <span class='ocr_line' id='line_1_47' title="bbox 79 3014 752 3054; baseline -0.001 -7"><span class='ocrx_word' id='word_1_487' title='bbox 79 3014 113 3047; x_wconf 87' lang='lat'><em>3.</em></span> <span class='ocrx_word' id='word_1_488' title='bbox 142 3014 339 3054; x_wconf 79' lang='lat' dir='ltr'><em>Toulouse,</em></span> <span class='ocrx_word' id='word_1_489' title='bbox 362 3026 430 3048; x_wconf 86' lang='lat' dir='ltr'><em>ms.</em></span> <span class='ocrx_word' id='word_1_490' title='bbox 454 3015 536 3053; x_wconf 83' lang='grc'>490,</span> <span class='ocrx_word' id='word_1_491' title='bbox 559 3014 584 3048; x_wconf 82' lang='lat' dir='ltr'><em>f.</em></span> <span class='ocrx_word' id='word_1_492' title='bbox 609 3015 677 3048; x_wconf 84' lang='lat'><em>218</em></span> <span class='ocrx_word' id='word_1_493' title='bbox 698 3018 752 3047; x_wconf 88' lang='lat' dir='ltr'><em>r0.</em></span> 
     </span>
    </p>

    <p class='ocr_par' dir='ltr' id='par_1_8' title="bbox 82 3067 837 3107">
     <span class='ocr_line' id='line_1_48' title="bbox 82 3067 837 3107; baseline 0 -8"><span class='ocrx_word' id='word_1_494' title='bbox 82 3068 115 3100; x_wconf 79' lang='lat'><em>4.</em></span> <span class='ocrx_word' id='word_1_495' title='bbox 144 3067 184 3100; x_wconf 85' lang='lat' dir='ltr'><em>B.</em></span> <span class='ocrx_word' id='word_1_496' title='bbox 208 3067 265 3101; x_wconf 82' lang='lat' dir='ltr'><em>N..</em></span> <span class='ocrx_word' id='word_1_497' title='bbox 286 3079 353 3101; x_wconf 85' lang='lat' dir='ltr'><em>ms.</em></span> <span class='ocrx_word' id='word_1_498' title='bbox 374 3067 468 3100; x_wconf 82' lang='lat' dir='ltr'><em>latin</em></span> <span class='ocrx_word' id='word_1_499' title='bbox 488 3067 593 3107; x_wconf 78' lang='lat'><em>4:270,</em></span> <span class='ocrx_word' id='word_1_500' title='bbox 614 3067 676 3100; x_wconf 82' lang='lat' dir='ltr'><em>fol.</em></span> <span class='ocrx_word' id='word_1_501' title='bbox 697 3067 765 3100; x_wconf 83' lang='lat'><em>167</em></span> <span class='ocrx_word' id='word_1_502' title='bbox 787 3070 837 3099; x_wconf 88' lang='lat' dir='ltr'><em>v0.</em></span> 
     </span>
    </p>
   </div>
  </div>
 </body>
</html>
