2083 3458
219 233 303 274 806
871 246 1023 271 NOTAE
1059 246 1118 270 AD
1154 247 1283 272 VITAs
1780 231 1924 287 [1288]

283 331 384 381 [Fol.
410 331 458 368 22
482 330 616 368 νο-28
639 330 698 379 v0]
724 328 919 379 Sequitur
942 342 1060 367 casus
1084 328 1209 379 primi
1232 329 1351 368 electi
1375 329 1529 368 divisus
1569 345 1640 381 per
1662 330 1871 378 articulos,
1896 330 1933 369 is

220 391 305 441 ipse
329 390 399 440 qui
421 403 545 439 supra
569 404 607 439 p.
634 388 736 427 1285
762 396 1112 427 commemoratus
1138 397 1215 437 est,
1240 389 1310 427 sed
1335 389 1490 428 divisus
1514 389 1555 427 in
1579 390 1772 429 articulos
1800 405 1864 428 civ
1891 398 1932 429 et

220 450 453 489 additiones
486 463 621 486 XXXV.

287 510 389 560 [Fol.
412 509 462 546 28
483 508 612 546 v0-31
642 507 701 557 VO]
736 508 885 546 Postea
907 516 1140 557 sequuntur
1168 508 1487 558 interrogatoria
1509 509 1687 549 formata
1718 517 1759 548 et
1787 508 1930 547 habita

224 569 328 608 circa
355 583 496 607 casum
522 566 643 618 primi
668 566 800 615 electi,
827 582 950 617 super
975 567 1124 617 quibus
1151 567 1435 618 interrogandi
1457 577 1497 607 et
1523 568 1790 607 examinandi
1805 577 1934 607 'erant

224 637 364 676 testes,
396 627 527 666 divisa
558 626 599 664 in
629 627 824 665 articulos
857 641 1004 665 LXXIII.

289 688 390 738 [Fol.
420 688 467 726 31
500 687 630 725 ’νο-33
651 686 703 736 r0]
739 686 895 725 Deinde
934 700 1052 725 casus
1092 687 1262 725 secundi
1289 687 1409 725 electi
1431 687 1586 726 divisus
1614 703 1687 738 per
1722 687 1933 735 articulos,

225 748 256 786 is
278 748 362 798 ipse
381 746 450 797 qui
465 761 588 797 supra
604 761 643 797 p.
662 746 764 785 1285
781 755 1132 785 commemoratus
1148 755 1223 794 est,
1240 747 1311 785 sed
1327 746 1482 786 divisus
1499 747 1540 784 in
1555 748 1749 786 articulos
1767 761 1933 784 LXXXIX

227 816 266 845 et
298 807 530 844 additiones
564 821 620 844 xi.

291 867 392 917 [Fol.
421 866 470 905 33
496 873 556 903 r0-
573 865 622 904 35
648 864 708 915 VO]
739 866 888 903 Postea
915 865 1233 915 interrogatoria
1261 881 1383 916 super
1409 866 1558 917 quibus
1588 865 1870 916 interrogandi
1895 873 1937 904 et

227 925 493 965 examinandi
532 933 651 963 erant
690 933 817 963 testes
859 940 980 975 super
1020 939 1117 963 casu
1157 926 1327 964 secundi
1367 926 1498 973 electi,
1541 926 1693 964 additis
1729 925 1934 976 aliquibus

228 985 409 1024 articulis
440 984 547 1023 datis
575 1000 648 1036 per
676 984 928 1023 cardinalem
957 984 1005 1023 de
1036 984 1262 1035 Arragonia
1291 994 1332 1023 et
1360 985 1566 1036 aliquibus
1596 985 1683 1024 aliis
1711 1000 1762 1024 ex
1789 984 1936 1032 officio,

230 1044 360 1084 divisa
387 1045 428 1082 in
455 1044 593 1095 capita
623 1059 703 1082 cvn
731 1053 771 1082 et
798 1044 1149 1083 additionesmv.

272 1105 395 1155 sFol.
431 1104 480 1143 35
516 1104 574 1154 VO]
612 1105 711 1142 Post
745 1104 825 1141 ista
861 1103 998 1142 omnia
1033 1104 1280 1142 describitur
1314 1105 1426 1142 bulla
1461 1105 1572 1143 facta
1609 1119 1681 1155 per
1723 1103 1937 1143 dominum

231 1164 472 1214 Gregorium
494 1163 555 1201 XI
575 1172 672 1202 ante
693 1163 856 1203 obitum
875 1178 1010 1211 suum,
1031 1163 1225 1202 Videlicet
1245 1164 1356 1214 quod
1384 1164 1517 1214 major
1544 1179 1637 1215 pars
1667 1163 1939 1202 cardinalium

230 1232 369 1275 posset
394 1223 538 1273 eligere
565 1237 720 1274 papam
745 1231 840 1274 post
867 1223 1029 1262 obitum
1048 1220 1175 1261 'suum
1201 1223 1242 1261 in
1268 1232 1309 1262 et
1335 1232 1452 1262 extra
1476 1224 1684 1271 conclave,
1707 1231 1749 1262 et
1774 1231 1939 1273 tempus

231 1283 472 1322 abbreviare
489 1291 529 1321 et
543 1283 788 1334 prolongare
803 1297 876 1333 pro
891 1297 937 1321 ea
952 1283 1056 1321 vice.
1074 1282 1199 1321 Edita
1214 1292 1276 1322 est
1291 1283 1402 1334 apud
1419 1283 1642 1322 Odoricum
1659 1283 1940 1333 Raynaldum,

230 1358 296 1382 an.
325 1343 441 1390 1378,
473 1343 489 1391 ξ
515 1342 551 1381 2.
1296 1344 1298 1347 ’

296 1403 397 1447 [Fol.
440 1402 489 1441 36
528 1402 652 1441 r0-66
691 1401 750 1451 VO]
794 1402 1034 1452 Sequuntur
1075 1402 1353 1452 depositiones
1394 1402 1628 1453 aliquorum
1668 1401 1939 1441 cardinalium

232 1477 278 1501 ac
313 1462 487 1500 aliorum
521 1461 648 1501 etiam
683 1461 1017 1500 examinatorum
1053 1462 1257 1500 Avenioni
1291 1476 1428 1502 mense
1464 1462 1572 1500 maio
1606 1461 1705 1500 anni
1738 1459 1943 1500 millesimi

232 1521 511 1560 trecentesimi
546 1521 709 1559 LXXX
743 1536 814 1571 per
851 1521 1098 1560 Rodericum
1132 1521 1346 1569 Bernardi,
1382 1522 1553 1561 fratrem
1588 1521 1866 1568 Fernandum,
1901 1527 1943 1558 et

234 1582 434 1619 Alvarum
458 1580 649 1619 Menendi
673 1581 886 1619 doctorem
909 1580 1216 1621 ambaxiatores
1242 1569 1400 1619 domini
1422 1581 1525 1631 regis
1545 1581 1760 1629 Castellae,
1784 1580 1879 1619 illuc
1902 1587 1944 1618 et

237 1640 410 1679 Romam
434 1640 577 1679 missos
598 1655 672 1691 pro
692 1640 960 1690 inquisitione
981 1640 1169 1679 veritatis
1192 1640 1297 1679 circa
1311 1641 1530 1680 materiam
1545 1641 1751 1679 dictorum
1767 1640 1943 1678 duorum

234 1701 459 1740 electorum
474 1700 526 1737 ad
542 1714 751 1740 summum
766 1700 1076 1750 pontificatum.
1094 1701 1333 1751 Sequuntur
1348 1715 1442 1750 ergo
1458 1700 1735 1751 depositiones
1750 1700 1944 1738 Bertran-

235 1760 276 1798 di
305 1759 522 1798 cardinalis
556 1759 845 1798 Glandatensis
875 1759 1056 1810 episcopi
1087 1760 1300 1807 Ostiensis,
1325 1760 1496 1798 Joannis
1517 1759 1734 1798 cardinalis
1756 1758 1945 1797 Lemovi-

236 1819 378 1867 censis,
402 1819 586 1869 Hugonis
607 1819 824 1857 cardinalis
845 1819 894 1858 de
914 1819 1143 1867 Britannia,
1165 1820 1336 1858 Gerardi
1355 1819 1579 1858 cardinalis
1595 1819 1759 1869 Majoris
1773 1832 1944 1857 'monas-

235 1878 341 1926 terii,
366 1878 478 1917 Petri
501 1878 719 1917 cardinalis
744 1879 792 1917 de
818 1879 981 1926 Vernio,
1012 1879 1122 1918 Petri
1150 1879 1367 1917 cardinalis
1402 1879 1543 1918 Sancti
1575 1877 1802 1925 Eustachii,
1834 1876 1945 1916 Petri

237 1936 453 1977 cardinalis
473 1938 737 1986 Vivariensis,
757 1938 963 1977 Guillelmi
981 1938 1198 1977 cardinalis
1218 1938 1359 1977 Sancti
1376 1939 1534 1989 Angeli,
1552 1938 1710 1977 Nicolai
1727 1936 1944 1976 cardinalis

238 1997 463 2044 Cusentini,
484 1997 595 2035 Petri
608 1997 826 2036 cardinalis
841 1998 1183 2048 Pampilonensis,
1203 1994 1374 2036 Joannis
1393 1998 1653 2049 patriarchae
1677 1995 1947 2036 Alexandrini

238 2066 279 2096 et
322 2056 618 2107 archiepiscopi
661 2057 867 2105 Tolosani,
912 2058 1094 2096 Thomae
1138 2058 1434 2108 archiepiscopi
1480 2056 1756 2108 Neapolitani,
1804 2055 1945 2094 Heliae

239 2116 523 2155 Cathaniensis
565 2112 776 2167 episcopi,
801 2117 1007 2155 Guillelmi
1047 2116 1228 2168 episcopi
1268 2117 1490 2164 Valentini,
1533 2117 1628 2155 olim
1670 2114 1945 2162 Massiliensis,

240 2175 409 2213 Antonii
447 2175 627 2226 episcopi
665 2176 859 2223 Firmani,
899 2176 1075 2215 Artaudi
1112 2176 1292 2227 episcopi
1330 2176 1575 2224 Grassensis,
1607 2175 1747 2214 Poncii
1782 2173 1947 2213 Beraldi

239 2235 477 2273 correctoris
521 2235 735 2275 literarum
767 2236 1103 2286 apostolicarum,
1136 2235 1336 2275 Gilaberti
1365 2235 1573 2275 secretarii
1602 2249 1734 2286 papae
1778 2233 1945 2272 natione

241 2294 471 2341 Alemanni,
510 2294 682 2332 Joannis
719 2295 767 2333 de
803 2296 909 2333 Baro
945 2295 1188 2334 subdiaconi
1224 2310 1370 2346 papae,
1405 2295 1607 2333 Bonifacii
1642 2295 1691 2333 de
1728 2293 1944 2332 Amanatis

240 2354 373 2403 legum
412 2353 605 2401 doctoris,
644 2354 803 2404 Aegidii
837 2355 1089 2395 Bellamerae
1118 2355 1318 2393 auditoris
1348 2355 1562 2393 literarum
1592 2353 1946 2393 contradictarum

242 2413 397 2452 domini
420 2427 566 2463 papae,
593 2413 791 2451 Guidonis
816 2414 865 2452 de
892 2414 1077 2452 Prohinis
1104 2414 1200 2455 olim
1223 2414 1424 2452 senatoris
1452 2415 1749 2461 Romanorum,
1776 2412 1944 2450 Bidonis

241 2472 384 2522 prioris
427 2473 686 2520 Sanctorum,
728 2473 900 2511 Joannis
941 2474 989 2512 de
1031 2474 1175 2512 Lodon
1213 2474 1313 2512 alias
1362 2474 1410 2512 de
1458 2474 1652 2511 Narbona
1699 2470 1946 2523 presbyteri,

241 2532 422 2571 Thomae
453 2531 712 2571 decretorum
743 2532 921 2571 doctoris
945 2541 986 2571 et
1016 2533 1216 2571 auditoris
1248 2533 1465 2571 cardinalis
1494 2530 1822 2579 Mediolanensis,
1850 2531 1945 2569 Ber-

242 2590 359 2628 nardi
387 2590 435 2628 de
466 2590 708 2629 Virididuno
737 2591 939 2630 licentiati
966 2592 1008 2630 in
1037 2592 1224 2640 decretis,
1254 2592 1392 2630 fratris
1420 2591 1729 2630 Bartholomaei
1754 2603 1945 2641 procura-

241 2649 340 2687 toris
365 2650 560 2699 gcneralis
585 2650 737 2689 ordinis
762 2651 1092 2699 Carmelitarum,
1116 2651 1254 2690 fratris
1280 2651 1437 2690 Nicolai
1462 2650 1667 2700 Eymerici
1692 2647 1945 2700 inquisitoris

244 2708 505 2757 Arragoniae,
546 2709 682 2747 fratris
724 2710 867 2760 Angeli
907 2710 1102 2760 generalis
1145 2711 1362 2758 Minorum,
1405 2710 1516 2748 Petri
1554 2709 1768 2750 camerarii
1813 2722 1946 2759 papae

244 2767 379 2805 fratris
409 2767 564 2807 domini
591 2768 809 2807 cardinalis
840 2770 1156 2817 Leniovicensis,
1184 2778 1225 2808 et
1253 2770 1364 2808 Petri
1390 2769 1590 2819 Rostagni
1613 2767 1769 2808 domini
1791 2767 1869 2806 loci
1895 2767 1944 2805 de

244 2828 394 2863 Sancto
428 2826 626 2876 Crispino.

308 2885 408 2933 [Fol.
436 2885 483 2921 <357
510 2886 631 2923 120-97
659 2887 718 2936 VO]
750 2887 904 2926 Deinde
930 2897 1162 2937 sequuntur
1187 2888 1463 2938 depositiones
1485 2887 1657 2927 testium
1688 2894 1951 2936 receptorum¹

247 2944 401 2981 Romae
434 2959 503 2993 per
539 2945 784 2983 Rodericum
815 2947 1014 2984 Bernardi
1045 2955 1086 2985 et
1118 2947 1290 2987 fratrem
1323 2947 1599 2993 Fernandum,
1632 2945 1786 2984 scilicet
1820 2943 1948 2982 Nardi

245 3002 509 3049 apothecarii,
547 3004 751 3041 Guillelmi
787 3005 834 3043 de
870 3006 1002 3052 Bulla,
1039 3006 1150 3045 Petri
1185 3006 1376 3044 Albuchii
1409 3005 1654 3056 presbyteri,
1691 3003 1862 3043 Joannis
1897 3003 1946 3040 de

248 3060 526 3109 quiaronibus
562 3062 747 3101 canonici
783 3064 922 3102 Sancti
958 3065 1082 3112 Petri,
1119 3065 1290 3104 Joannis
1324 3065 1514 3103 Bolcardi
1548 3063 1734 3114 magistri
1768 3062 1946 3112 capellae

246 3118 398 3155 domini
426 3134 556 3169 papae
588 3122 757 3168 Urbani,
787 3123 933 3160 Jacobi
961 3123 1117 3163 Palucii
1145 3124 1244 3162 civis
1276 3123 1467 3170 Romani,
1504 3122 1674 3161 Antonii
1713 3122 1761 3160 de
1789 3122 1946 3170 Agusta
