2083 3458
57 211 181 267 [755]
589 227 806 253 PAPARUM
841 224 1226 252 AVENIONENSIUM
1672 209 1755 251 257

45 328 168 367 centii
197 328 254 366 VI
288 327 382 366 hinc
420 335 529 366 certo
576 327 707 377 liquet
746 328 855 378 quod
896 327 1103 366 extinctus
1151 335 1213 367 est
1257 341 1365 366 anno
1412 326 1752 367 MCCCXLVIII.

99 387 158 426 De
186 385 436 425 monasterio
466 386 604 425 Sancti
635 387 897 425 pantaleonis
926 387 1037 437 apud
1059 386 1264 434 Tolosam,
1287 386 1397 436 quod
1425 400 1499 436 pro
1527 385 1747 424 sanctimo-

44 446 220 485 nialibus
252 445 466 484 conditum
495 453 558 483 est
587 445 639 483 ab
671 445 957 484 executoribus
989 445 1076 495 ejus
1106 444 1430 484 testamentariis
1460 444 1554 484 vide
1587 444 1751 484 Guillel-

45 518 159 542 mum
180 504 382 543 Catellum
401 503 444 542 in
465 503 676 541 Memoriis
696 504 785 543 hist.
808 504 930 552 occit⁰5
952 519 992 555 p.
1016 504 1104 543 174.

96 564 140 603 P.
161 563 249 611 167,
267 563 333 613 lig.
355 562 390 603 2.
411 562 677 600 ANIBALDUM
697 563 907 601 GAYTANI.
929 563 998 613 qui
1016 563 1139 613 vulgo
1156 562 1397 602 vocatur'de
1417 563 1611 602 CeccanO.
1632 562 1751 601 Unde

42 622 84 660 in
113 622 241 661 veteri
270 622 548 660 instrumento
579 621 627 660 de
658 622 869 672 sepultura
900 622 1108 661 Michaelis
1139 622 1188 660 de
1216 622 1346 661 Becco
1378 621 1608 669 cardinalis,
1641 621 1750 671 quod

42 681 201 720 editum
232 689 294 719 est
324 681 431 719 inter
469 679 735 731 probationes
767 680 971 719 Historiae
1012 680 1280 719 cardinalium
1317 680 1520 719 Gallorum
1560 680 1614 731 [p.
1648 680 1748 731 278]

42 747 216 779 vocatur
242 739 471 777 Anibaldus
500 738 680 789 Gaytani
708 739 757 777 de
785 739 977 779 Ceccano.
1008 739 1085 778 Sed
1113 740 1350 778 Matthaeus
1377 739 1590 788 Villanius,
1617 739 1686 778 lib.
1720 739 1751 786 I,

44 813 130 850 cap.
163 813 252 847 x1x,
284 813 306 836 L
346 798 575 849 [Muratori,
605 805 635 836 t.
668 812 753 845 X1v,
785 798 858 837 col.
890 798 939 837 33
969 807 1010 837 et
1039 798 1128 849 50]‚
1159 812 1253 837 eum
1287 798 1475 837 nominat
1513 797 1752 848 simpliciter

45 857 247 896 Anibaldo
271 857 311 895 di
334 856 500 906 Cecano,
523 856 706 907 itemque
731 857 966 907 Onuphrius
992 857 1215 896 Panvinius
1238 857 1280 896 in
1304 858 1481 896 secunda
1505 858 1697 908 epitome.

99 916 238 955 Fuisse
263 916 380 954 illum
405 915 538 966 primo
565 916 809 954 canonicum
836 915 1106 955 Parisiensem
1132 924 1173 955 et
1199 930 1306 955 anno
1334 916 1571 964 MCCCXX,
1600 915 1664 954 die
1691 930 1750 953 xx

45 976 193 1014 mensis
218 974 396 1026 augusti,
419 974 652 1013 interfuisse
677 975 832 1013 solenni
857 976 1090 1025 sepulturae
1116 976 1293 1025 corporis
1318 975 1525 1021 Michaelis
1550 975 1599 1014 de
1621 975 1751 1014 Becco

46 1033 276 1082 cardinalis,
306 1033 416 1084 quod
444 1033 658 1072 conditum
684 1041 746 1072 est
771 1033 892 1083 juxta
920 1033 1053 1083 majus
1082 1035 1210 1073 altare
1238 1034 1428 1073 ecclesiae
1455 1034 1631 1072 fratrum
1659 1033 1751 1072 Car-

44 1093 279 1132 melitarum
314 1092 617 1140 Parisiensium‚
654 1100 818 1131 constat
852 1107 902 1131 ex
935 1092 1065 1131 veteri
1098 1092 1374 1131 instrumento
1409 1107 1531 1143 supra
1565 1093 1750 1132 laudato.

47 1152 185 1191 Fuisse
209 1159 421 1202 praeterea
455 1151 791 1190 archidiaconum
816 1151 1153 1190 Attrebatensem
1192 1152 1312 1190 docet
1338 1152 1545 1202 Ughellus‚
1571 1159 1686 1189 tomo
1712 1166 1752 1189 w

48 1211 189 1250 Italiae
206 1225 353 1258 sacrae,
372 1225 411 1261 p.
434 1209 522 1258 125,
543 1219 584 1248 et
601 1218 720 1260 patet
739 1210 865 1249 etiam
884 1225 935 1249 ex
951 1210 1078 1249 literis
1099 1210 1298 1261 Stephani
1317 1211 1494 1261 episcopi
1515 1210 1751 1249 Parisiensis

47 1270 154 1309 datis
185 1270 296 1320 apud
329 1269 605 1308 Gentiliacum
624 1269 636 1291 1
666 1283 775 1307 anno
806 1269 1106 1317 MCCCXXIV,
1138 1283 1242 1319 quae
1273 1269 1407 1308 editae
1437 1277 1534 1307 sunt
1562 1268 1604 1307 in
1638 1277 1752 1307 tomo

46 1337 194 1379 quarto
216 1328 420 1367 Historiae
450 1327 731 1367 Universitatis
753 1328 903 1376 Paris„
926 1343 964 1379 p.
991 1327 1068 1366 204

96 1388 216 1426 Anno
239 1387 538 1436 MCCCXXVI,
560 1401 604 1426 1x
637 1387 704 1425 kal
734 1387 845 1435 maii,
867 1387 1001 1426 factus
1022 1387 1035 1409 ²
1056 1387 1136 1425 fuit
1163 1387 1491 1437 archiepiscopus
1516 1386 1751 1437 Neapolita-

43 1461 133 1494 nus,
161 1455 218 1485 ut·
235 1447 365 1485 tradit
391 1446 501 1485 idem
522 1446 730 1497 Ughellus,
759 1453 801 1485 et
827 1460 935 1484 anno
963 1445 1152 1496 sequenti
1178 1454 1353 1485 exeunte
1380 1446 1596 1496 presbyter
1623 1445 1751 1484 cardi-

44 1506 146 1544 nalis
170 1505 283 1544 tituli
308 1505 345 1545 S.
373 1506 584 1544 Laurentii
606 1505 649 1543 in
673 1505 841 1553 Lucina,
867 1505 1034 1544 demum
1058 1519 1165 1543 anno
1190 1504 1459 1544 MCCCXXX
1483 1513 1556 1543 aut
1580 1504 1751 1552 circiter,

44 1564 228 1603 extincto
251 1564 481 1603 Bertrando
507 1564 555 1603 de
580 1564 719 1612 Turre,
745 1564 959 1615 episcopus
984 1565 1239 1603 Tusculanus
1254 1564 1282 1603 3.
1309 1564 1340 1602 F
1344 1564 1526 1602 alluntur
1549 1562 1658 1602 enim
1683 1562 1751 1613 qui

44 1631 197 1674 putant
216 1624 333 1662 illum
354 1637 462 1662 anno
485 1623 794 1662 MCCCXXVII
817 1623 869 1661 ab
897 1623 1076 1662 Ecclesia
1099 1623 1373 1673 Neapolitana
1395 1623 1646 1661 translatum
1668 1636 1752 1661 esse

46 1682 98 1721 ad
132 1683 421 1721 Tusculanam.
457 1683 609 1720 Parum
643 1696 763 1733 porro
806 1696 943 1721 rerum
977 1682 1344 1721 ecclesiasticarum
1378 1682 1499 1732 periti
1545 1689 1641 1720 sunt
1683 1680 1751 1731 qui

45 1741 231 1780 scribunt
250 1741 367 1780 illum
390 1741 664 1792 Neapolitano
687 1756 728 1780 se
751 1740 980 1800 sacerdotio
1003 1741 1214 1780 abdicasse
1237 1755 1283 1780 eo
1305 1749 1490 1791 tempore
1514 1754 1594 1790 quo
1618 1740 1751 1778 factus

45 1809 107 1839 est
133 1800 362 1840 cardinalis.
393 1800 499 1838 Nam
526 1808 684 1839 certum
710 1809 772 1839 est
797 1801 906 1839 hunc
932 1800 1162 1839 seculorum
1186 1800 1350 1838 illorum
1375 1813 1531 1838 morem
1556 1799 1679 1838 fuisse
1705 1806 1753 1837 ut

45 1859 224 1910 episcopi
260 1860 329 1910 qui
363 1859 405 1897 in
440 1873 602 1898 sacrum
637 1859 907 1898 cardinalium
942 1859 1157 1909 collegium
1191 1859 1540 1906 adsciscebantur,
1575 1871 1751 1896 vacuam

45 1918 167 1968 vulgo
186 1918 368 1957 facerent
386 1918 626 1957 cathedram
640 1918 914 1969 episcopalem
933 1919 996 1957 cui
1011 1926 1102 1956 tum
1120 1926 1352 1969 praeerant,
1368 1917 1552 1968 adeoque
1567 1931 1649 1955 non
1664 1924 1752 1955 erat

45 1991 146 2028 opus
179 1969 442 2016 abdicatione
474 1977 711 2017 Annibaldi.

98 2036 217 2074 Anno
240 2035 545 2084 MCCCXXXI,
560 2035 646 2086 ipse
669 2043 710 2075 et
732 2036 877 2075 Petrus
896 2036 944 2075 de
960 2035 1230 2074 Mortuomari
1252 2035 1468 2075 cardinalis
1493 2035 1617 2073 finem
1632 2033 1751 2072 dede-

44 2102 142 2133 runt
167 2094 430 2145 gravissimae
456 2095 753 2134 concertationi
779 2109 883 2145 quae
909 2103 997 2134 erat
1020 2095 1128 2134 inter
1152 2095 1391 2146 episcopum
1416 2093 1685 2132 Parisiensem
1710 2100 1752 2132 et

45 2153 302 2193 academiam
319 2153 504 2204 ejusdem
524 2154 635 2192 urbis
655 2154 706 2192 ob
728 2154 928 2192 mulctam
948 2154 1343 2204 quadringentarum
1361 2153 1560 2191 librarum
1573 2152 1625 2190 ab
1648 2150 1750 2201 epis-

46 2227 147 2264 copo
167 2212 369 2252 indictam
390 2212 554 2251 cuidam
575 2213 718 2252 clerico
740 2213 974 2252 academico
997 2213 1048 2251 ob
1069 2220 1238 2263 raptum
1258 2212 1450 2251 mulieris.
1473 2210 1575 2249 Vide
1596 2210 1751 2248 bullam

46 2272 217 2310 Joannis
235 2271 390 2310 ΧΧΙΙ4
404 2271 560 2310 editam
574 2271 617 2309 in
631 2279 746 2310 tomo
763 2280 911 2322 quarto
927 2272 1131 2310 Historiae
1149 2271 1428 2310 Universitatis
1443 2270 1591 2317 Paris„
1603 2283 1642 2319 p.
1661 2268 1748 2308 227.

98 2330 218 2369 Anno
252 2330 595 2379 MCCCXXXVI,
629 2331 934 2382 crucesignatus
967 2339 1028 2370 est
1061 2344 1154 2369 cum
1184 2330 1325 2368 multis
1355 2329 1444 2368 aliis
1474 2329 1571 2367 viris
1603 2326 1749 2378 princi-

45 2388 185 2440 pibus3
212 2389 427 2438 Froissart,
453 2397 483 2428 t.
508 2404 521 2428 1
537 2389 564 2437 ²,
589 2404 628 2440 p.
656 2389 743 2429 116.

101 2448 148 2486 In
176 2448 365 2486 Rubricis
393 2448 490 2487 anni
518 2447 664 2487 tertii⁵
692 2448 963 2498 pontificatus
991 2447 1204 2487 Benedicti
1236 2447 1334 2494 XII,
1367 2460 1454 2497 cap.
1488 2458 1654 2493 cxcvm,
1687 2444 1746 2482 ita

45 2506 245 2557 scriptum
276 2515 338 2545 est
363 2522 370 2545 :
402 2507 605 2545 Anibaldo
629 2507 813 2558 episcopo
841 2507 1079 2546 Tusculano.
1110 2507 1240 2545 Datur
1269 2505 1349 2543 sibi
1380 2504 1540 2543 licentia
1565 2502 1744 2542 testandi.

51 2565 183 2604 Gratis
219 2580 290 2616 pro
328 2565 480 2604 domini
517 2566 730 2605 cardinale.

95 2624 214 2662 Anno
243 2624 472 2672 MCCCXL,
501 2624 830 2676 archiepiscopus
858 2625 1081 2663 Toletanus
1109 2623 1161 2661 ad
1189 2637 1283 2662 eum
1309 2621 1472 2672 scripsit
1499 2621 1548 2660 de
1575 2618 1748 2658 victoria

87 2783 120 2816 1,
139 2782 211 2816 Die
229 2781 323 2826 jovis
343 2786 426 2815 ante
445 2782 592 2822 cineres,
615 2781 845 2815 c’est-a-dire
865 2782 898 2815 le
919 2782 965 2814 14
985 2781 1121 2815 sevrier
1140 2780 1234 2814 1325
1259 2779 1306 2822 (n.
1329 2778 1405 2822 st.).

91 2836 121 2869 2.
144 2835 213 2868 Les
233 2834 351 2868 bulles
372 2834 416 2868 de
435 2834 675 2868 nomination
692 2840 780 2868 sont
799 2835 927 2868 datees
948 2835 999 2867 du
1018 2835 1037 2867 5
1057 2833 1133 2866 mai
1152 2833 1246 2866 1326
1269 2831 1424 2875 (Mollat,
1446 2841 1480 2863 n.
1504 2829 1649 2872 25213).

89 2889 121 2922 3.
151 2888 182 2921 Il
204 2887 337 2921 devint
360 2889 503 2932 eveque
527 2887 571 2921 de
595 2887 802 2920 Tusculum
826 2899 872 2920 en
897 2886 1094 2921 decembre
1116 2886 1210 2920 1332
1233 2883 1411 2929 (Schafer,
1434 2882 1587 2916 Johann
1607 2881 1747 2923 XXII,

153 2940 171 2972 2
192 2967 200 2974 .

42 2940 299 3028 p‘41.3D)enisse
323 2999 361 3026 et
386 2992 594 3033 Chatelain,
621 2992 907 3033 chartularium,
935 2998 960 3026 t.
986 3004 1023 3032 11,
1049 3003 1085 3025 n.
1112 2991 1192 3031 910,
1219 3002 1253 3034 p.
1280 2990 1350 3023 342
1379 2988 1509 3032 (bulles
1535 2988 1585 3021 du
1610 2988 1630 3021 5
1655 2987 1749 3021 avril

46 3046 270 3139 wgikidal,
289 3110 324 3132 n.
343 3098 437 3132 4693
458 3098 516 3142 (18
532 3098 615 3142 juin
632 3098 756 3142 1337).

713 3179 862 3203 BALUZE
888 3189 935 3193 —
963 3172 999 3202 II
1023 3189 1071 3193 ——
1092 3172 1112 3202 9
