2083 3458
288 215 372 258 408
939 229 1091 256 NOTAE
1124 228 1186 255 AD
1219 229 1348 256 VITAs
1868 213 1994 270 [896]

287 314 497 352 tumulum
529 328 622 353 cum
652 327 805 364 pompa
838 313 1033 360 defertur,
1067 312 1137 362 qui
1167 312 1209 350 in
1240 312 1387 351 sacello
1420 312 1483 351 cui
1512 313 1720 352 Canilhaci
1752 327 1902 352 nomen
1933 320 1997 351 est

286 373 516 413 etiamnum
561 373 822 422 conspicitur.
872 373 1010 410 Funus
1056 371 1143 421 ejus
1189 372 1513 410 cohonestarunt
1558 372 1703 411 Petrus
1736 372 1785 410 de
1832 371 1995 410 Judicia

286 432 615 482 archiepiscopus
659 432 950 479 Narbonensis,
994 432 1138 469 Petrus
1169 430 1397 469 Vernobius
1439 431 1652 482 episcopus
1681 430 1994 481 Magalonensis,

288 491 408 541 Hugo
450 491 498 529 de
540 491 780 529 Monteruco
820 490 1081 540 Agathensis,
1125 490 1305 528 Joannes
1347 490 1547 538 Oscensis,
1589 499 1630 529 et
1670 491 1773 529 alter
1815 490 1995 528 Joannes

286 550 589 597 Nemausensis,
611 550 704 588 vide
726 549 961 597 Gariellum,
982 557 1089 599 part.
1116 549 1168 597 ΙΙ,
1190 564 1228 600 p.
1252 548 1315 597 59,
1336 549 1398 597 94,
1422 549 1508 588 101.

340 609 579 659 Hospitium
600 609 748 646 habuit
768 609 880 659 apud
902 608 1158 648 Avenionem
1178 608 1220 646 in
1240 609 1435 659 parochia
1457 609 1632 648 Sanctae
1654 608 1806 647 Mariae
1829 608 1995 658 Magda-

284 669 412 715 lenae,
446 683 492 706 eo
524 669 612 706 1000
644 668 715 705 ubi
747 676 845 705 sunt
876 668 996 706 aedes
1029 675 1241 706 maternae
1273 668 1349 705 viri
1382 668 1608 707 doctissimi
1642 667 1811 718 Josephi
1843 667 1996 705 Mariae

283 727 459 766 Suaresii
483 727 662 777 episcopi
685 727 961 775 Vasionensis,
985 735 1033 765 ut
1055 727 1114 765 ait
1136 727 1178 764 in
1204 727 1416 764 Praeneste
1438 727 1604 778 antiqua
1636 727 1746 766 idem
1770 726 1994 774 Suaresius,

285 787 353 836 qui
373 801 413 825 se
432 786 513 824 illic
534 794 681 824 natum
702 801 786 825 esse
807 794 848 825 et
866 801 1041 837 puerum
1063 786 1235 825 crevisse
1255 795 1448 825 testatur.

338 846 483 884 Nescio
509 846 680 884 ubinam
700 846 995 885 Nomenclator
1010 845 1290 884 Cardinalium
1310 846 1515 884 invenerit
1533 846 1584 883 ad
1610 846 1719 883 hunc
1745 845 1996 883 cardinalem

280 905 484 955 pertinere
511 906 823 944 recollectorum
848 905 1000 944 librum
1028 905 1079 943 ad
1108 905 1411 955 Septimianum
1439 905 1750 943 Narbonensem
1778 904 1995 954 archiepis-

282 979 444 1015 copum.
480 964 587 1002 Nam
620 979 713 1003 cum
746 964 882 1002 nullus
914 964 1032 1002 istius
1065 964 1242 1003 nominis
1275 964 1605 1014 archiepiscopus
1638 964 1916 1002 Narbonensis
1949 976 1995 1001 ea

280 1031 531 1074 tempestate
559 1024 696 1071 fuerit,
724 1024 993 1062 manifestum
1021 1032 1083 1062 est
1109 1024 1186 1062 hoc
1215 1038 1330 1074 opus,
1359 1024 1391 1062 si
1416 1024 1532 1062 illum
1560 1024 1653 1071 fuit,
1681 1023 1885 1074 pertinere
1913 1036 1996 1060 non

280 1097 398 1133 posse
423 1083 475 1121 ad
500 1083 576 1121 hoc
601 1083 797 1130 seculum,
1041 1079 1043 1081 ¹

337 1143 379 1181 P.
411 1142 500 1190 256,
529 1142 595 1192 lig.
625 1142 661 1181 8.
693 1142 955 1180 PICTAvmus
986 1157 1041 1179 DE
1073 1142 1402 1187 Mo'NTEstvo.
1434 1142 1639 1180 Arnaldus
1669 1142 1717 1180 de
1747 1140 1924 1179 Verdala
1951 1140 1993 1178 in

282 1201 470 1251 Catalogo
493 1201 787 1252 Episcoporam
816 1201 1174 1250 Magalonensium
1199 1200 1254 1252 [p.
1283 1201 1477 1251 158-160]
1504 1217 1511 1239 :
1537 1201 1774 1239 Pictavinus
1805 1201 1849 1238 de
1873 1200 1993 1237 Mon-

282 1261 467 1311 tesqiiivo,
514 1260 660 1298 nobilis
705 1261 844 1298 domas
888 1262 933 1298 de
977 1261 1267 1311 Montesqaivo,
1312 1261 1516 1298 Aaoeitane
1562 1260 1739 1308 diocesis,
1782 1260 1991 1307 oriundas,

282 1320 444 1358 clericas
483 1320 685 1368 secularis,
725 1321 855 1369 legam
893 1321 1031 1367 doctor,
1070 1320 1149 1369 fait
1185 1321 1368 1370 provisas
1408 1334 1477 1370 per
1516 1320 1723 1357 dominam
1767 1319 1992 1357 Johannem

282 1394 433 1429 papam
460 1379 614 1426 XXII,
644 1394 751 1417 anno
780 1380 990 1417 millesimo
1019 1379 1335 1427 CCCXXXIV,
1369 1380 1413 1416 de
1445 1393 1575 1416 mense
1607 1378 1764 1417 octobri.
1798 1377 1993 1416 Successit

282 1439 440 1476 domino
471 1439 650 1476 Jolianni
678 1439 722 1476 de
749 1439 960 1477 Viridisco.
985 1439 1098 1477 Stetit
1120 1438 1176 1476 ibi
1200 1439 1410 1488 episcopus
1438 1447 1603 1489 quatuor
1624 1438 1758 1485 annis,
1788 1437 1991 1475 mensibus

282 1498 421 1546 tribas,
451 1498 589 1535 diebus
617 1498 743 1535 decem
770 1506 804 1535 et
829 1506 987 1548 septem,
1016 1506 1050 1535 et
1074 1493 1153 1547 fait
1179 1492 1395 1535 translatas
1417 1512 1486 1547 per
1506 1497 1713 1535 dominum
1733 1497 1991 1534 Benedictum

281 1557 333 1594 ad
366 1557 639 1607 episcopatum
673 1557 904 1594 Albiensem
940 1571 1046 1594 anno
1081 1572 1105 1594 a
1144 1557 1362 1595 Nativitate
1403 1557 1571 1594 Domini
1616 1555 1986 1594 MCCCXXXIX.

278 1616 355 1653 Die
385 1615 544 1666 [xxvn]
577 1617 723 1653 mensis
749 1616 947 1666 januarii,
978 1631 1084 1654 anno
1113 1616 1401 1664 CCCXXXV,
1426 1616 1518 1665 fecit
1545 1616 1867 1666 compositionem
1902 1630 1990 1653 cum

282 1675 512 1713 hominibus
539 1676 1022 1725 Αᾳῑιανιιητῑηονιααηιιη
1049 1690 1168 1725 super
1189 1676 1325 1713 leadas
1350 1684 1383 1713 et
1406 1683 1551 1713 statuta
1571 1690 1640 1725 per
1660 1690 1722 1712 eos
1741 1675 1926 1712 solvenda
1947 1674 1990 1712 in

282 1749 406 1783 passu
425 1735 558 1783 stagni
579 1735 623 1772 de
652 1734 847 1773 Carnone.
888 1735 1027 1773 Fuisse
1058 1743 1195 1773 ortum
1225 1749 1275 1773 ex
1304 1735 1531 1773 Auscitana
1564 1735 1739 1773 dioecesi
1770 1742 1811 1773 et
1841 1734 1987 1772 fratres

280 1793 360 1831 illic
400 1794 591 1832 habuisse
637 1794 842 1832 Gentilem
888 1794 936 1832 de
980 1794 1270 1843 Montesquivo
1311 1794 1524 1832 dominum
1564 1802 1696 1832 terrae
1734 1793 1915 1844 Anglesii
1947 1801 1989 1832 et

280 1845 558 1892 Bertrandum
597 1853 857 1891 domicellum
898 1853 1018 1891 docet
1056 1853 1167 1897 bulla
1200 1853 1371 1891 Joannis
1404 1853 1547 1901 XXII,
1578 1854 1677 1890 data
1706 1867 1734 1890 x
1774 1853 1854 1891 kal.
1883 1852 1988 1902 junii

281 1926 389 1949 anno
431 1912 553 1949 XVII
596 1912 661 1962 [23
699 1912 788 1961 juin
830 1912 968 1962 l333],
1012 1927 1116 1962 quae
1157 1920 1274 1950 extat
1310 1912 1352 1949 in
1393 1912 1529 1951 codice
1568 1911 1673 1950 2770
1712 1912 1986 1950 bibliothecae

282 1971 540 2009 Colbertinae
558 1971 583 2009 ¹.

336 2030 430 2068 Fuit
470 2030 649 2080 primum
692 2030 904 2080 episcopus
947 2030 1184 2068 Vasatensis
1227 2044 1334 2068 anno
1377 2030 1590 2069 millesimo
1633 2030 1852 2068 CCCXXV
1870 2029 1898 2078 2,
1940 2038 1988 2068 ut

281 2089 401 2127 docet
424 2089 525 2127 liber
549 2089 848 2138 Obligationzim
872 2089 1028 2127 archivi
1052 2089 1255 2128 Vaticani.
1284 2090 1416 2137 Quare
1441 2098 1624 2128 erratum
1648 2098 1710 2127 est
1733 2104 1756 2128 a
1782 2090 1987 2129 Sammar-

280 2148 418 2186 thanis
432 2147 461 2196 3,
495 2149 563 2198 qui
594 2148 715 2187 isthic
748 2149 917 2187 Petrum
947 2149 1134 2198 legerunt
1164 2163 1237 2199 pro
1271 2149 1504 2188 Pictavino?
1534 2149 1673 2187 Fuisse
1711 2163 1832 2199 porro
1870 2149 1986 2187 illum

279 2208 517 2257 episcopum
553 2208 823 2245 Vasatensem
859 2222 966 2245 anno
1003 2207 1302 2255 MCCCXXVI,
1340 2208 1402 2245 die
1439 2216 1555 2246 sexta
1590 2208 1708 2258 junii,
1743 2207 1908 2246 invenio
1943 2208 1985 2245 in

279 2274 532 2305 testamento
560 2266 692 2305 Rosae
718 2267 766 2305 de
790 2267 939 2316 Burgo,
966 2267 1156 2305 dominae
1182 2267 1230 2305 de
1256 2267 1444 2305 Lebreto.

333 2326 452 2363 Anno
492 2326 822 2364 MCCCXXXIV
860 2326 994 2364 factus
1033 2325 1125 2364 est4
1162 2326 1375 2376 episcopus
1416 2326 1728 2375 Magalonensis,
1768 2341 1850 2364 non
1888 2340 1985 2364 vero

281 2385 545 2433 Lodovensis,
572 2393 620 2422 ut
659 2386 764 2423 male
795 2385 995 2435 scriptum
1026 2393 1088 2423 est
1116 2385 1158 2422 in
1189 2393 1303 2423 tomo
1334 2385 1513 2423 secundo
1550 2385 1703 2423 Galliae
1731 2385 1983 2423 christianae.

280 2443 455 2482 Verdala
489 2444 630 2482 scribit
662 2444 703 2481 id
738 2444 919 2482 evenisse
953 2458 1090 2483 mense
1125 2444 1283 2482 octobri
1315 2444 1420 2481 illius
1456 2444 1565 2483 anni.
1605 2445 1650 2481 In
1683 2444 1854 2482 laudato
1888 2458 1984 2486 vero

277 2502 380 2540 libro
418 2503 717 2552 Obligationum
751 2504 900 2553 legitur
934 2503 1051 2542 illum
1086 2504 1262 2542 electum
1299 2503 1630 2553 Magalonensem
1667 2504 1807 2541 fecisse
1844 2504 1984 2541 solitas

278 2562 565 2611 promissiones
597 2577 780 2600 camerae
811 2562 966 2600 domini
993 2577 1126 2613 papae
1157 2570 1197 2601 et
1228 2562 1393 2611 collegio
1423 2562 1685 2601 dominorum
1715 2562 1985 2601 cardinalium

280 2621 342 2658 die
373 2621 567 2670 vigesima
598 2621 853 2671 septembris.
889 2622 1005 2659 Istud
1034 2636 1131 2660 vero
1159 2622 1218 2659 ita
1249 2622 1438 2671 componi
1467 2636 1584 2671 posse
1613 2630 1717 2672 puto
1746 2630 1793 2659 ut
1823 2622 1984 2660 dicatur

278 2680 508 2718 declaratus
546 2681 759 2730 episcopus
798 2681 1096 2730 Magalonensis
1133 2688 1309 2719 exeunte
1346 2681 1583 2730 septembri,
1620 2680 1807 2730 provisus
1845 2695 1982 2720 mense

279 2740 450 2786 octobri,
482 2739 523 2776 id
555 2748 629 2787 est,
662 2740 725 2778 die
758 2740 953 2789 vigesima
987 2739 1177 2779 octobris.
1211 2739 1360 2778 Tenuit
1391 2739 1499 2778 enim
1532 2740 1772 2778 cathedram
1805 2739 1982 2789 Magalo-

280 2938 293 2968 Ι
328 2886 419 2969 1].13.
442 2885 498 2926 N„
519 2898 585 2919 ms.
606 2887 700 2920 latin
718 2887 829 2928 4980;
849 2900 888 2921 ce
907 2887 1113 2921 manuscrit
1132 2900 1176 2921 ne
1196 2887 1365 2921 contient
1384 2900 1449 2931 pas
1467 2888 1499 2921 le
1519 2889 1724 2922 document
1739 2887 1894 2931 indique
1913 2900 1980 2931 par

292 2941 329 2969 ἀει
348 2950 424 2971 uzc.
1246 2941 1248 2948 '

329 2992 357 3023 2.
380 2992 427 3023 Le
448 2992 491 3024 19
509 2993 590 3035 juin
612 2993 767 3036 (Mollat,
787 3006 823 3027 n.
844 2994 988 3038 22593).

326 3046 356 3076 3.
382 3044 550 3077 L’crrcur
571 3046 728 3079 n’existe
750 3058 816 3090 pas
839 3048 931 3080 dans
953 3048 988 3080 la
1008 3049 1166 3081 seconde
1189 3047 1331 3081 edition
1354 3048 1397 3080 de
1419 3048 1453 3080 la
1481 3047 1613 3088 Gallia,
1637 3053 1663 3081 t.
1684 3059 1708 3088 1,
1732 3048 1799 3081 001.
1822 3047 1927 3080 1203.

330 3097 357 3128 ’1.
382 3097 429 3129 Lu
452 3099 495 3129 ‘12
516 3100 727 3141 septembre
753 3100 897 3143 (Eubel,
920 3100 1150 3141 Hierarchia,
1173 3107 1199 3134 t.
1220 3113 1243 3141 1,
1267 3113 1301 3145 p.
1324 3100 1421 3144 320).
