2083 3458
264 223 349 263 450
932 243 1083 268 NOTAE
1118 244 1178 268 AD
1198 245 1341 270 ‘VITAs
1846 230 1971 287 [934]

267 322 454 359 Columbi
474 323 515 360 in
536 324 639 361 libro
662 333 811 374 quarto
830 326 888 363 De
910 327 1024 364 rebus
1048 327 1164 376 gestis
1201 328 1477 378 episcoporum
1501 330 1841 379 Sistczricensiztm,
1864 333 1973 370 hunc

266 381 360 418 card
382 382 514 420 nalem
536 392 812 434 nepotemque
831 385 918 435 ejus
941 386 1239 437 Raynulplium
1258 388 1421 438 scripsit
1439 398 1609 428 vocatos
1626 391 1750 430 fuisse
1769 391 1817 429 de
1838 391 1972 439 Selva,

266 454 366 489 quos
384 449 494 479 certo
511 450 676 480 constat
690 454 952 495 nuncupatos
970 446 1092 484 fuisse
1109 446 1157 484 de
1174 447 1427 486 Monteruco.
1447 449 1532 498 Ego
1547 449 1718 488 illumin
1733 464 1824 488 ean]
1838 450 1972 487 indili-

264 501 448 547 gentssam
484 501 705 552 abreptum
750 513 968 554 propterea
1006 514 1107 555 puto
1146 506 1256 555 quod
1302 522 1395 545 cum
1431 508 1590 546 videret
1628 509 1798 548 Petrum
1833 509 1973 547 vocari

266 560 514 598 cardinalem
543 562 915 612 pampilonensem,
941 565 1062 602 sciret
1095 574 1237 604 autem
1260 565 1406 604 iisdem
1440 568 1695 618 temporibus
1723 568 1907 606 floruisse
1931 568 1974 605 in

265 619 375 656 curia
401 619 588 658 Romana
609 622 743 659 virum
766 623 1052 662 doctissimum
1074 624 1300 663 Martinum
1322 626 1370 664 de
1392 626 1514 665 Salva
1536 628 1786 666 cardinalem
1809 627 1972 678 Pampi-

263 678 487 727 lonensem,
519 681 746 719 Martinum
776 691 816 720 et
841 683 1012 722 Petrum
1039 684 1081 721 in
1104 699 1234 723 unum
1264 685 1474 725 hominem
1504 687 1705 725 conflavit
1725 702 1796 737 per
1821 686 1973 736 incogi-

264 739 444 777 tantiam
463 740 601 789 potius
623 755 746 790 quan]
769 757 839 792 per
858 757 1047 781 errorem.
1071 744 1238 782 Certum
1259 753 1320 783 est
1340 760 1433 795 ergo
1454 746 1715 785 Monterucos
1736 747 1986 784 nullatenus*

264 798 466 847 pertinere
488 800 540 837 ad
563 809 726 849 gentem
749 801 978 840 Salvarum.

319 850 463 896 Petrus
496 859 544 898 de
577 860 818 899 Monteruco
851 870 963 900 ortus
995 871 1057 900 est
1087 863 1128 900 in
1161 863 1448 903 Lemovicihus
1481 880 1499 903 e
1533 865 1779 903 Donzenaco
1810 864 1972 903 modico

264 918 500 966 provinciae
526 919 677 969 oppido
700 920 809 958 inter
831 921 1000 958 Brivam
1024 930 1066 960 et
1090 923 1300 971 Usercam,
1324 924 1363 961 in
1390 938 1436 962 ea
1460 924 1615 963 scilicet
1644 933 1762 974 parte
1786 924 1973 974 ejusdem

264 977 404 1027 oppidi
422 992 526 1027 quae
541 979 772 1018 etiamnum
786 989 962 1018 vocatur
977 990 1173 1029 castrum,
1190 983 1285 1032 quia
1300 983 1381 1021 illic
1397 984 1523 1023 situm
1538 992 1626 1022 erat
1642 992 1825 1022 castrum
1840 983 1971 1033 gentis

264 1036 312 1074 de
338 1037 592 1086 Monteruco,
616 1039 658 1076 in
682 1053 762 1088 quo
787 1040 851 1078 hic
876 1041 1021 1079 Petrus
1045 1050 1168 1080 natus
1193 1052 1255 1080 est
1282 1058 1301 1081 e
1325 1057 1461 1081 sorore
1488 1043 1718 1082 Innocentii
1742 1043 1800 1080 VI
1823 1056 1970 1093 papae.

264 1095 435 1134 Manent
471 1098 605 1136 adhuc
642 1099 870 1148 parietinae
916 1100 1023 1139 illius
1062 1101 1198 1149 castri³
1235 1102 1277 1140 in
1322 1102 1464 1152 primis
1500 1117 1597 1141 vero
1643 1102 1972 1152 elegantissimae

263 1156 386 1194 cellae
406 1157 589 1196 vinariae
614 1158 927 1205 subterraneae3
953 1174 1106 1210 eaeque
1131 1161 1327 1211 adjacent
1345 1162 1466 1200 horto
1486 1162 1555 1212 qui
1574 1162 1778 1212 hodieque
1797 1169 1973 1199 vocatur

264 1215 311 1253 de
341 1215 519 1266 Seperia‚
549 1218 644 1267 quia
672 1218 874 1268 pertinuit
902 1219 999 1258 olim
1026 1220 1078 1257 ad
1107 1229 1271 1270 gentem
1298 1221 1415 1260 istius
1444 1221 1635 1270 nominis,
1665 1235 1769 1272 quae
1796 1220 1973 1271 protulit

265 1275 398 1313 virum
434 1276 636 1326 insignem
675 1277 845 1316 Petrum
883 1279 931 1317 de
971 1279 1148 1330 Seperia,
1189 1281 1434 1319 canonicum
1472 1281 1777 1328 Ebroicensem‚
1816 1281 1972 1330 clarum

262 1334 500 1384 honoribus,
531 1336 578 1375 iis
611 1337 737 1375 etiam
769 1352 869 1387 quos
901 1340 1122 1387 recusavit,
1155 1340 1461 1390 episcopatibus
1493 1340 1687 1379 videlicet
1717 1339 1900 1378 Albiensi
1931 1347 1973 1377 et

263 1394 559 1443 Lemovicensi,
581 1404 629 1434 ut
650 1397 771 1435 docet
790 1390 1024 1437 Bernardus
1047 1400 1246 1438 Guidonis
1267 1400 1308 1437 in
1331 1399 1520 1449 Catalogo
1540 1400 1816 1450 episcoporum
1836 1399 1972 1436 Lemo-

262 1454 482 1493 vicensium
499 1455 526 1495 1.
555 1456 701 1494 Nescio
726 1465 881 1496 autem.
907 1466 955 1495 ut
978 1458 1080 1496 illud
1107 1473 1270 1509 quoque
1297 1459 1430 1498 obiter
1463 1460 1611 1507 dicam,
1637 1473 1776 1497 annon
1806 1458 1893 1508 ejus
1919 1457 1972 1495 sit

259 1514 346 1552 iber
365 1514 424 1551 De
445 1515 558 1552 oculo
581 1516 736 1563 morali,
761 1517 894 1565 quiin
918 1517 1056 1557 codice
1081 1517 1186 1556 5237
1209 1519 1484 1558 bibliothecae
1506 1519 1765 1557 Colbertinae
1785 1517 1800 1540 2
1822 1517 1973 1555 dicitur

258 1574 387 1611 editus
407 1589 431 1611 α
452 1578 642 1624 magistro
663 1576 709 1614 P.
733 1575 793 1613 La
814 1576 1019 1627 Sepieyra,
1043 1578 1279 1627 gravissimo
1300 1579 1535 1629 philosopho
1556 1593 1624 1616 nec
1645 1592 1724 1615 ηοη
1743 1591 1852 1615 sacre
1872 1576 1972 1614 theo-

256 1633 358 1682 logie
380 1634 570 1683 magistro
591 1635 636 1672 cle
655 1650 779 1685 prope
800 1635 997 1674 civitatem
1018 1637 1335 1676 Lemovicensem
1366 1638 1536 1676 oriundo
1559 1638 1602 1675 in
1630 1637 1811 1687 ulteriore
1840 1635 1974 1673 Gallia

256 1707 328 1742 que
346 1707 480 1730 versus
498 1694 662 1743 plagam
679 1694 841 1744 respicit
858 1696 1148 1737 occidentalem.
1169 1698 1280 1735 Libri
1298 1698 1417 1736 istius
1436 1698 1548 1735 aliud
1567 1697 1777 1747 exemplar
1795 1703 1914 1734 extat
1931 1695 1974 1732 in

260 1752 398 1791 codice
429 1752 535 1791 1748
565 1753 752 1803 ejusdem
784 1754 1060 1795 bibliothecae
1076 1756 1104 1795 3.

310 1812 455 1850 Petrus
491 1813 710 1852 cardinalis
747 1813 794 1852 de
831 1815 1072 1854 Monteruco
1104 1816 1276 1855 fratrem
1306 1817 1455 1855 habuit
1488 1817 1760 1867 Stephanum,
1793 1827 1973 1852 sororem

256 1879 435 1922 nuptam
456 1871 623 1911 domino
645 1873 693 1911 de
716 1873 844 1912 Gorsa
868 1875 952 1912 XII
975 1876 1026 1914 M.
1051 1876 1094 1913 P.
1117 1890 1139 1914 a
1161 1876 1326 1922 Tutela;
1349 1892 1369 1915 e
1399 1877 1547 1926 quibus
1570 1876 1649 1914 orti
1673 1882 1771 1913 sunt
1792 1874 1973 1912 Joannes

257 1931 396 1978 Gorse,
417 1931 595 1970 decanus
613 1933 817 1971 Ecclesiae
834 1934 1150 1983 Arlebeccensis‚
1171 1944 1211 1974 et
1228 1936 1464 1983 Catharina,
1483 1944 1658 1985 uterque
1676 1933 1915 1973 nominatus
1933 1931 1974 1969 in

262 1999 514 2029 testamento
541 1992 651 2030 Petri
677 1992 908 2032 cardinalis.
938 1995 1190 2033 Eorumdem
1217 1995 1322 2033 filius
1348 1995 1428 2033 fuit
1455 1994 1729 2045 Raynulphus
1756 1991 1974 2031 cardinalis

261 2050 552 2099 Sistaricensis‚
581 2060 629 2089 ut
658 2052 838 2090 dicemus
875 2053 995 2092 infra.
1027 2053 1261 2104 Stephanus
1301 2055 1443 2104 genuit
1472 2056 1691 2100 Joannem,
1721 2052 1790 2102 qui
1822 2051 1973 2102 primo-

262 2110 423 2159 genitus
448 2111 535 2160 ejus
559 2120 735 2149 vocatur
757 2112 799 2149 in
823 2120 1077 2151 testamento
1102 2114 1213 2152 Petri
1238 2114 1471 2162 cardinalis,
1496 2114 1769 2164 Stephanum,
1787 2112 1972 2157 Petrum,

264 2170 482 2219 Hugonem
513 2170 752 2220 episcopum
784 2171 1078 2221 Agathensem,
1112 2181 1153 2211 et
1185 2173 1453 2223 Margaritam
1485 2173 1706 2211 monialem
1737 2171 1775 2209 in
1810 2183 1971 2207 monas-

260 2230 363 2267 terio
387 2230 563 2268 Sanctae
587 2231 834 2269 Catharinae
851 2231 1161 2271 Avenionensis.
1182 2233 1416 2283 Stephanus
1435 2233 1553 2271 istius
1572 2231 1748 2270 nominis
1767 2228 1971 2268 secundus

261 2303 430 2327 uxorem
453 2290 601 2327 habuit
623 2289 888 2340 Margaritam
913 2291 1125 2329 dominam
1147 2293 1270 2330 castri
1292 2293 1340 2330 de
1362 2293 1547 2331 Meausse
1567 2291 1608 2329 in
1630 2289 1805 2328 dioecesi
1828 2288 1970 2326 Niver-

264 2349 392 2396 nensi‚
423 2364 473 2388 ex
501 2363 581 2399 qua
601 2358 828 2399 prognatae
847 2359 945 2388 sunt
964 2351 1117 2389 Guiota
1135 2360 1267 2402 nupta
1297 2351 1447 2390 Joanni
1472 2352 1519 2389 de
1547 2349 1775 2389 Albuconio
1803 2346 1970 2386 domino

261 2409 310 2447 de
323 2407 472 2455 Borna,
487 2417 528 2447 et
545 2409 765 2449 Catharina
782 2417 914 2460 nupta
934 2424 1042 2448 anno
1057 2411 1288 2449 MCCCCVI
1302 2411 1388 2449 viro
1405 2410 1659 2449 nobilissimo
1681 2406 1909 2458 Reginaldo
1922 2406 1971 2444 de

264 2468 508 2507 Rofinhaco.
542 2468 687 2507 Petrus
722 2483 843 2518 quem
873 2470 1006 2519 primo
1040 2470 1163 2508 fuisse
1194 2470 1382 2508 clericum
1416 2470 1549 2519 colligi
1578 2477 1718 2520 potest
1747 2482 1798 2506 ex
1827 2479 1970 2516 quaes-

263 2527 373 2565 tione
408 2542 466 2565 xx
501 2528 672 2566 ,Joannis
708 2528 827 2575 Galli,
860 2529 1017 2578 prolem
1056 2529 1222 2567 unicam
1251 2529 1400 2567 habuit
1436 2529 1608 2566 Mariam
1642 2528 1690 2567 de
1727 2528 1970 2566 Monteruco

263 2595 439 2636 nuptam
466 2601 574 2625 anno
598 2586 873 2626 MCCCCXVI
900 2588 1027 2626 nobili
1056 2588 1338 2627 Lemovicensi
1370 2589 1586 2626 Francisco
1612 2586 1819 2635 Guillerio,
1847 2585 1970 2634 vulgo

270 2645 443 2684 Guillon.
476 2646 538 2683 Ex
565 2661 610 2684 eo
639 2647 904 2684 matrimonio
933 2647 1011 2685 orti
1039 2656 1137 2685 sunt
1162 2648 1431 2699 Bertrandus‚
1460 2648 1666 2685 Antonius
1695 2646 1823 2684 abbas
1850 2643 1970 2682 Belli-

264 2705 433 2743 locensis
453 2706 494 2742 in
516 2706 689 2744 dioecesi
709 2706 1005 2753 Lemovicensi,
1030 2707 1223 2745 Charlota
1250 2715 1290 2745 et
1311 2707 1452 2745 Maria.
1476 2706 1731 2745 Bertrandus
1751 2703 1969 2743 Guillerius

266 2764 453 2802 dominus
482 2765 587 2811 Tilii,
618 2765 789 2814 Pougeti
818 2773 858 2803 et
886 2766 1058 2814 Lavalli‚
1087 2766 1235 2804 habuit
1260 2767 1301 2804 in
1325 2766 1638 2805 matrimonium
1656 2765 1894 2803 Charlotam
1922 2761 1970 2799 de

266 2823 457 2872 Cosagiis,
481 2839 530 2861 ex
553 2838 632 2873 qua
655 2825 836 2874 suscepit
859 2825 1124 2863 Franciscum
1145 2834 1186 2863 et
1210 2825 1456 2874 Dionysium
1478 2825 1722 2863 Martialem.
1749 2822 1970 2871 Dionysius

267 2882 463 2920 Martialis
490 2883 652 2921 vinculo
675 2883 803 2933 jugali
827 2884 1006 2922 sociatus
1031 2893 1092 2923 est
1116 2898 1180 2922 an.
1208 2885 1333 2922 MDI]
1360 2884 1423 2922 die
1448 2899 1567 2922 xxvn
1600 2882 1844 2934 septembris
1878 2893 1971 2920 cum

318 3020 344 3050 1.
378 3018 422 3051 H.
451 3020 719 3063 F.,1.xx1‚p.
746 3022 826 3054 756.

316 3072 345 3103 2.
377 3072 413 3104 1³„
447 3072 500 3111 N„
531 3085 596 3105 ms.
625 3074 719 3106 latin
747 3074 855 3114 3496,
884 3075 945 3108 fol.
972 3075 1015 3107 99
1042 3079 1087 3109 ΓΟ.

315 3128 345 3157 53.
381 3125 416 3156 1-3.
451 3125 503 3161 N„
534 3138 598 3158 ms.
629 3127 722 3159 latin
751 3127 857 3161 3234.
