2083 3458
91 203 215 259 [738]
620 218 836 244 PAPARUM
873 217 1256 244 AVENIONENSIUM
1698 201 1780 242 235

78 301 326 351 satisfactum
357 309 560 351 octavoque
591 316 757 352 namque
787 301 849 339 die
878 310 964 352 post
994 300 1087 340 dicti
1119 302 1314 352 quondam
1358 291 1507 339 obitum
1549 298 1779 346 cardinalis,

79 359 272 409 fratribus
299 359 442 397 nostris
467 359 511 397 in
526 359 678 409 privato
706 360 934 398 consistorio
951 373 1073 410 ‘super
1093 360 1160 398 hoc
1188 375 1269 398 una
1295 374 1380 398 voce
1405 359 1570 410 parique
1591 371 1781 396 consensu

82 419 304 470 importune
331 417 454 456 nimis
482 418 737 466 instantibus,
766 419 921 457 tandem
947 433 1080 456 eorum
1108 418 1403 469 importunitate
1430 418 1580 465 devicti,
1608 417 1784 455 eumdem

79 478 252 527 fratrem,
277 477 504 515 Arnaldum
528 477 697 525 nomine,
723 477 934 515 diaconum
957 477 1175 516 creavimus
1198 477 1451 525 cardinalem,
1476 485 1509 515 et
1537 476 1674 514 deinde
1705 475 1785 513 sibi

83 536 282 575 ecclesiam
301 536 340 574 S.
361 535 569 573 Eustachii
587 550 658 585 pro
677 536 788 574 titulo
812 536 999 574 [traximus
1020 537 1322 585 assignandum.
1342 536 1530 574 Vacabat
1552 535 1616 573 hic
1638 535 1784 572 titulus

83 603 177 646 post
203 603 378 633 mortem
407 593 600 633 Richardi
629 595 794 633 Petroni
822 595 870 633 de
897 595 1023 650 Senis.

137 654 256 692 Anno
287 653 594 701 MCCCXXIII,
626 654 854 703 praeclaras
887 654 1088 703 quasdam
1118 654 1308 704 reliquias
1339 653 1450 691 misit
1483 653 1534 691 ad
1576 651 1786 691 ecclesiam

84 714 128 752 B.
162 713 313 751 Mariae
344 711 630 750 Annunciatae
661 711 784 750 sitam
813 712 854 750 in
885 712 1036 763 oppido
1067 712 1292 761 Mousterii‚
1322 713 1445 762 vulgo
1476 711 1706 758 Moustiers,
1746 710 1788 748 in

86 771 258 810 dioecesi
279 770 453 818 Reiensi,
478 770 593 820 cujus
615 770 692 809 loci
713 771 798 821 ipse
820 771 929 821 prior
951 779 1057 817 erat3
1072 771 1274 810 Bartellus
1289 771 1330 809 in
1346 770 1653 808 Nomenclatura
1668 770 1788 807 Prae-

82 824 218 868 'sulum
237 829 435 879 Regiens„
456 844 495 880 p.
519 829 580 868 59.

140 889 378 928 Genselinus
400 888 448 927 de
470 888 700 936 Cassanhis,
722 888 936 938 utriusque
952 888 1052 938 juris
1072 889 1215 927 doctor
1235 897 1277 927 et
1296 888 1499 939 professor
1518 888 1560 926 in
1579 886 1788 926 academia

88 947 461 998 Montispessulani,
491 948 585 985 huic
615 947 812 986 cardinali
842 947 997 985 dicavit
1028 947 1205 985 Glossam
1219 947 1261 985 in
1277 947 1588 996 Eaetravagantes
1617 945 1793 984 Joannis

86 1007 237 1055 XXII,
261 1020 365 1056 quae
393 1006 504 1044 edita
533 1013 594 1044 est
620 1005 662 1043 in
688 1006 866 1055 vulgatis
895 1006 1144 1044 editionibus
1173 1007 1398 1055 glossarum
1421 1006 1520 1055 juris
1557 1005 1741 1044 canonici
1763 1005 1790 1042 ¹.

141 1066 261 1103 Anno
286 1065 585 1113 MCCCXXVI,
612 1064 852 1114 delegatus2
878 1073 939 1103 est
963 1079 1044 1103 una
1071 1079 1163 1103 cum
1189 1065 1409 1103 Gaucelmo
1437 1064 1607 1102 Joannis
1633 1071 1674 1102 et
1697 1064 1794 1101 Ber-

89 1125 237 1163 trando
260 1124 309 1162 de
332 1123 674 1171 Montefaventio,
692 1123 981 1172 cardinalibus,
1004 1132 1051 1161 ut
1073 1123 1328 1162 examinaret
1350 1123 1656 1162 accusationem
1677 1122 1792 1160 insti-

89 1183 262 1221 titutam
288 1183 369 1221 adv
361 1197 483 1221 ersus
512 1182 713 1232 quosdam
734 1156 1024 1221 Franciscarios
1056 1183 1124 1232 qui
1152 1183 1263 1232 apud
1290 1182 1554 1221 Exoldunum
1588 1197 1659 1232 per
1685 1195 1792 1219 sum-

90 1256 201 1280 mam
218 1241 522 1292 impudentiam
539 1242 753 1280 illuserant
774 1241 904 1279 ordini
923 1241 1152 1291 pontificali
1173 1249 1213 1279 et
1231 1241 1483 1280 reverentiae
1504 1255 1607 1291 quae
1623 1240 1796 1279 debetur

91 1300 285 1351 dignitati
308 1300 598 1346 cardinalium3
624 1300 784 1338 Odoric.
814 1300 1032 1350 Raynald„
1057 1314 1121 1339 an.
1149 1300 1263 1347 1326,
1288 1299 1390 1349 §22
1666 1305 1715 1339 27<-

144 1359 288 1398 Obiit3
327 1359 529 1398 Avenioni
568 1373 675 1397 anno
716 1359 1035 1409 MCCCXXXV,
1077 1358 1139 1397 die
1180 1373 1284 1396 xxlv
1322 1358 1570 1406 novembris,
1612 1359 1795 1408 sepultus

91 1419 201 1469 apud
227 1418 533 1457 Villamnovam
557 1418 599 1456 in
625 1417 792 1457 ecclesia
819 1391 1035 1468 collegiata
1061 1418 1098 1456 S.
1128 1417 1278 1456 Mariae
1305 1432 1327 1456 a
1354 1432 1393 1456 se
1421 1417 1614 1464 fundata;
1643 1418 1690 1455 de
1718 1430 1796 1466 qua

92 1478 272 1516 dicemus
303 1477 344 1515 in
375 1476 493 1515 Notis
522 1477 574 1515 ad
605 1477 799 1527 paginam
830 1476 918 1515 203.
951 1477 1171 1515 Adstitisse
1202 1478 1236 1515 ei
1268 1476 1458 1515 morienti
1488 1484 1681 1526 nepotem
1712 1476 1796 1525 ejus

94 1537 262 1575 Petrum
296 1536 344 1575 de
378 1536 467 1585 Via,
503 1536 740 1586 episcopum
775 1535 1023 1584 Albiensem,
1057 1536 1186 1586 reperi
1220 1536 1261 1573 in
1300 1535 1503 1573 Veteribus
1537 1534 1799 1573 monumentis

92 1595 343 1646 episcopatus
368 1594 574 1633 Albiensis
600 1594 795 1634 confectis
821 1609 928 1633 anno
952 1595 1271 1643 MCCCXXXV,
1294 1594 1357 1632 die
1382 1591 1502 1633 lunae
1528 1602 1623 1632 ante
1650 1594 1801 1632 festum

93 1654 329 1693 nativitatis
368 1653 533 1697 Domini
548 1653 576 1692 4.

149 1713 254 1751 Hinc
278 1727 371 1763 ergo
396 1713 513 1751 facile
538 1713 742 1762 colligitur
765 1713 1023 1763 falsum-esse
1047 1713 1312 1751 vehementer
1336 1712 1613 1750 Cherubinum
1639 1712 1804 1750 Ghirar-

95 1771 295 1820 daccium,
323 1780 353 1811 t.
381 1786 422 1820 11,
450 1771 518 1810 lib.
551 1771 693 1820 XXII,
722 1771 828 1810 Hist.
859 1772 1027 1820 Borion,
1055 1786 1094 1822 p.
1126 1771 1213 1819 174,
1242 1771 1489 1810 scribentem
1519 1771 1717 1809 Karolum
1748 1770 1804 1808 IV

94 1831 398 1882 imperatorem,
427 1831 495 1881 qui
522 1845 630 1869 anno
658 1831 867 1869 MCCCLV
895 1838 1114 1869 coronatus
1142 1830 1220 1868 fuit
1258 1844 1280 1868 a
1308 1830 1430 1869 Petro
1456 1829 1674 1868 Bertrandi
1701 1829 1805 1880 epis-

96 1904 196 1940 copo
227 1889 418 1938 Ostiensi,
451 1890 606 1928 Romae
636 1898 879 1928 coronatum
909 1889 1031 1928 fuisse
1061 1889 1112 1927 ab
1142 1889 1323 1927 Arnaldo
1353 1889 1401 1928 de
1431 1889 1519 1937 Via,
1551 1888 1804 1935 Catureensi,¹

66 1944 69 1945 ⁷
96 1948 268 1987 diacono
296 1948 500 1987 cardinale
529 1948 669 1987 Sancti
697 1948 924 1987 Eustachii.

149 2008 306 2046 Eodem
332 2021 464 2046 errore
493 2007 706 2046 ciaconius
725 2007 740 2029 5
766 2015 807 2046 et
834 2007 921 2057 ejus
957 2007 1199 2045 emendator
1227 2007 1424 2046 Oldoinus
1462 2006 1508 2057 [t.
1533 2021 1574 2054 11,
1601 2007 1672 2045 col.
1700 2006 1800 2056 414]

95 2074 299 2116 putarunt
315 2066 530 2104 Urbanum
546 2066 579 2103 V
595 2066 647 2104 ab
664 2067 807 2104 eodem
824 2066 1005 2103 Arnaldo
1022 2074 1264 2104 coronatum
1280 2065 1402 2104 fuisse
1418 2079 1525 2103 anno
1539 2065 1799 2103 MCCCLXII

95 2125 159 2164 die
183 2133 299 2164 sexta
322 2125 568 2164 novembris.

150 2276 177 2309 1.
207 2276 256 2309 Η.
276 2276 330 2316 L.,
351 2282 378 2310 t.
399 2288 523 2316 xxxv,
543 2289 578 2320 p.
598 2277 665 2310 351
687 2283 724 2309 et
742 2277 823 2311 354.

148 2330 178 2362 2.
211 2329 341 2369 Eubel,
361 2329 405 2363 Β.
427 2329 483 2370 F.,
505 2336 531 2363 t.
554 2341 588 2370 v,
609 2341 644 2364 11.
666 2331 746 2364 626.

147 2383 179 2415 3.
212 2382 241 2415 Il
264 2388 418 2415 mourut
439 2383 472 2416 le
497 2383 539 2416 23
563 2383 768 2416 novembre
796 2383 930 2426 (Vidal,
956 2389 981 2416 t.
1005 2395 1042 2423 11,
1068 2395 1102 2426 p.
1128 2383 1225 2426 426).
1251 2382 1301 2416 Le
1325 2382 1369 2415 24
1393 2388 1457 2415 eut
1478 2382 1551 2415 lieu
1574 2382 1804 2414 l’ouverture

100 2436 143 2468 de
172 2446 240 2468 son
268 2441 487 2469 testament.

147 2488 179 2521 4.
213 2487 449 2522 C'est-a-dire
479 2489 511 2522 le
542 2489 587 2522 18
618 2489 825 2522 decembre.
857 2508 904 2511 b
934 2489 1070 2529 Baluze
1102 2500 1122 2521 a
1152 2500 1237 2521 sans
1269 2488 1382 2520 doute
1414 2487 1603 2520 confondu
1633 2487 1803 2530 l’eveque

100 2540 226 2574 d'Albi
246 2560 296 2564 —
317 2541 382 2585 qui
404 2541 572 2586 s’appela
596 2541 718 2576 Pierre
743 2542 787 2575 de
811 2541 880 2574 Via
902 2561 950 2564 —
973 2553 1063 2574 avec
1088 2541 1209 2574 Pierre
1236 2540 1272 2574 II
1297 2541 1341 2573 de
1364 2540 1445 2580 Via,
1470 2551 1536 2573 son
1560 2542 1656 2583 pere,
1681 2540 1803 2583 lequel

99 2594 233 2627 assista
265 2594 286 2626 a
317 2594 547 2628 l'ouverture
580 2595 629 2628 du
674 2601 882 2628 testament
926 2595 1122 2627 d'Arnaud
1171 2594 1222 2637 (L.
1270 2593 1467 2632 Duhamel,
1518 2593 1575 2626 Un
1610 2604 1721 2626 neveu
1763 2592 1804 2625 de

99 2646 356 2681 Jean'XXII.
379 2646 431 2681 Le
451 2648 618 2682 cardinal
638 2648 799 2681 Arnaud
820 2648 860 2681 de
886 2647 968 2687 Via,
994 2647 1122 2686 Toum,
1148 2647 1252 2686 1883,
1278 2658 1312 2690 p.
1337 2646 1379 2680 31
1405 2652 1442 2679 et
1465 2646 1569 2686 Albe,
1596 2646 1741 2678 Autour
1763 2645 1804 2678 de

100 2700 198 2733 Jean
217 2699 355 2740 XXII,
379 2706 406 2734 t.
426 2713 451 2740 1,
474 2712 509 2744 p.
533 2701 670 2744 88-92).
692 2719 740 2724 —
760 2700 830 2734 Sur
850 2700 1007 2733 Arnaud
1029 2700 1074 2732 de
1089 2699 1169 2738 Via,
1190 2699 1271 2732 voir
1289 2699 1383 2732 Albe
1403 2699 1472 2742 (op.
1495 2700 1564 2738 cit„
1588 2704 1614 2732 t.
1636 2710 1659 2738 1,
1682 2710 1717 2742 p.
1741 2698 1804 2732 95-

100 2752 182 2796 134)
206 2752 270 2797 qui
288 2753 340 2786 lui
359 2753 525 2787 attribue
546 2754 567 2786 a
586 2759 664 2787 tort
682 2754 733 2787 les
753 2753 941 2787 fonctions
963 2753 1006 2786 de
1027 2752 1348 2785 cardinal-vicaire
1369 2752 1390 2784 a
1408 2751 1600 2795 Avignon;
1620 2751 1802 2784 Albanas-

101 2805 295 2839 Chevalier
317 2805 458 2850 (Gallia
476 2806 690 2840 Christiana
709 2807 919 2846 novissima,
941 2806 1097 2845 Toulon,
1128 2805 1194 2838 eol.
1217 2805 1392 2844 704-7103
1414 2804 1497 2844 Aix,
1520 2804 1586 2837 col.
1609 2803 1802 2848 607-608);

101 2858 222 2897 Vidal,
248 2858 380 2899 Closes‚
404 2871 439 2893 n.
463 2860 544 2900 756,
569 2860 674 2900 1446,
699 2860 804 2899 1701,
829 2859 939 2898 19463
963 2858 1084 2898 Vidal,
1109 2864 1135 2891 t.
1158 2870 1208 2897 111,
1233 2869 1268 2901 p.
1292 2858 1354 2897 183
1381 2857 1556 2896 Daumet,
1581 2863 1607 2890 t.
1629 2868 1653 2896 1,
1678 2868 1713 2900 p.
1737 2857 1800 2897 68;

103 2911 267 2951 Schafer,
284 2911 437 2945 Johann
448 2912 587 2953 XXII,
605 2924 640 2956 p.
658 2913 738 2951 881,
759 2918 797 2945 et
809 2911 987 2945 Benedikt
1008 2910 1104 2950 XII,
1121 2922 1156 2954 p.
1174 2911 1229 2950 53,
1253 2911 1315 2950 70;
1332 2910 1465 2950 Goller,
1497 2909 1648 2942 Johann
1661 2909 1799 2949 XXII,

103 2975 137 3007 p.
160 2964 241 3004 304,
263 2965 345 3005 360,
367 2965 448 2998 402.
471 2965 608 2998 Baluze
630 2977 651 2998 a
671 2967 759 2998 note
781 2964 855 2998 ceci
877 2964 969 2996 dans
990 2975 1030 2996 sa
1052 2964 1088 2995 2e
1109 2963 1250 2996 edition
1272 2975 1279 2995 :
1301 2962 1491 2996 Arnaldus
1511 2963 1552 2995 de
1569 2962 1642 2996 Via
1660 2962 1807 3005 Arago-

102 3018 228 3051 nensis
248 3028 346 3051 anno
366 3017 461 3052 1198
469 3030 476 3056 ;
498 3018 641 3051 Blanca
660 3029 695 3061 p.
719 3018 789 3051 334
810 3028 930 3050 rerum
949 3016 1258 3059 Aragonensium.

154 3071 185 3103 5.
214 3070 351 3103 Baluze
374 3070 520 3115 impute
544 3071 565 3103 a
589 3069 986 3104 Ciaconius-Oldoinus
1011 3080 1050 3101 ce
1074 3080 1145 3112 que
1170 3068 1314 3101 ceux-ci
1337 3068 1514 3101 refutent.
