2083 3458
112 259 235 315 [976]
637 277 853 303 PAPARUM
889 277 1273 304 AVENIONENsmM
1711 263 1793 304 493

152 359 193 398 Ρ.
228 359 317 406 349,
349 360 415 410 lig.
451 360 484 399 9.
521 361 809 398 GRIMOARDUS
845 375 967 398 MlLEs
986 360 1014 407 1,
1049 361 1236 399 dominus
1269 363 1422 402 Grisaci
1455 365 1564 413 apud
1599 364 1789 403 Gabalos.

100 417 280 456 Uxorem
303 418 449 456 habuit
472 419 769 469 Amphelisiam
793 420 841 457 de
866 420 1211 458 Monteferrando.
1233 421 1333 459 Vide
1351 422 1563 469 Bzovium,
1584 437 1647 461 an.
1676 422 1790 469 1370,

105 476 121 524 ἓ
144 476 204 524 16,
228 491 265 516 n.
299 477 335 525 4,
358 486 398 515 et
435 478 645 527 Papirium
668 478 903 516 Massonum
924 479 964 516 in
991 478 1083 516 Vita
1109 479 1293 528 ejusdem
1316 480 1485 520 Urbani.
1515 482 1556 518 ln
1587 482 1673 531 ejus
1703 496 1790 531 gra-

97 535 200 572 tiam
232 536 425 584 JoanneS,
457 551 528 574 rex
559 537 822 585 Francorum,
856 538 985 575 multa
1016 538 1227 587 privilegia
1259 540 1457 577 concessit
1488 541 1791 578 habitatoribus

99 594 280 632 locorum
313 595 361 633 de
394 595 572 643 Grisaco,
607 596 655 634 de
687 596 926 645 Belagarda,
961 597 1009 634 de
1040 597 1260 644 Bedoesco,
1294 598 1342 635 de
1376 598 1622 637 Montcbello
1671 608 1710 637 et
1743 600 1791 637 de

103 653 264 692 Grasso.

154 712 195 751 P.
220 712 310 759 349,
331 713 397 762 lig.
421 713 457 751 S.
483 714 746 753 MONASTICO.
773 714 875 752 Jean
901 714 1029 751 XXII
1051 715 1107 752 lui
1129 715 1300 753 accorda
1324 716 1358 753 le
1380 717 1537 765 prieure
1560 717 1792 755 benedictin

104 771 143 810 S.
170 771 323 819 Manli,
348 786 400 810 au
426 772 582 811 diocese
608 774 783 818 d'Auch,
809 774 909 811 mais
935 776 955 811 a
982 774 1191 811 condition
1218 774 1316 823 qu'il
1340 775 1481 812 laissat
1505 776 1539 813 le
1564 780 1793 814 monastere

102 831 150 869 de
178 831 458 869 Saint-Victor
485 832 532 870 de
561 833 775 879 Marseille,
793 841 833 870 et
849 833 1045 882 dependit
1073 833 1120 871 de
1149 833 1623 872 Saint-Pe-de-Gcncrez·
1644 836 1795 884 auquel

105 890 205 928 etait
226 892 377 928 soumis
398 891 497 929 ledit
518 892 676 941 prieure
699 892 764 941 (19
785 892 950 930 octobre
974 891 1092 939 1329:
1116 892 1272 939 Mollat,
1294 907 1330 930 n.
1355 893 1511 941 46989).

156 950 198 988 P.
226 950 316 997 349,
341 951 407 1000 lig.
437 950 496 990 11.
523 951 588 988 AD
627 965 777 988 STumA
814 965 1087 988 LITTERARUM
1122 951 1232 1001 apud
1256 951 1704 1002 Montempessulanum
1725 953 1794 990 ubi

100 1008 141 1046 in
168 1009 298 1058 prima
325 1010 499 1059 juventa
528 1011 641 1049 dedit
669 1024 834 1060 operam
862 1011 999 1048 studio
1026 1011 1252 1057 literarum,
1281 1019 1372 1048 tum
1399 1012 1507 1061 apud
1538 1012 1725 1049 Tolosam
1755 1020 1795 1050 et

103 1068 325 1108 Lutetiam.
352 1066 453 1107 Vide
471 1068 487 1092 2
508 1070 613 1107 infra
640 1069 685 1119 [t.
704 1069 736 1119 1]
756 1085 793 1119 p.
820 1070 909 1117 406,
929 1078 969 1107 et
991 1069 1131 1117 Bzov.‚
1156 1084 1220 1109 an.
1248 1070 1361 1117 1370,
1385 1074 1423 1120 p‘.
1452 1071 1537 1118 130,
1563 1085 1672 1109 num.
1699 1072 1734 1118 5,
1760 1072 1794 1109 7.

154 1128 196 1167 P.
227 1128 315 1177 349,
343 1129 408 1178 lig.
440 1129 498 1168 13.
531 1129 706 1167 DOCTOR
736 1142 1030 1166 DECRETORUM
1050 1128 1067 1151 3
1092 1143 1264 1178 magnus
1292 1130 1504 1167 canonista
1541 1139 1709 1168 vocatus
1743 1130 1794 1167 ab

101 1196 266 1226 auctore
292 1188 351 1227 M.
379 1188 567 1226 Chronici
591 1188 755 1237 Belgici.
785 1188 1019 1236 petrarcha,
1044 1189 1112 1227 lib.
1140 1189 1221 1225 VII
1241 1189 1328 1227 Rer.
1355 1189 1484 1235 senil,
1510 1189 1625 1238 epist.
1652 1204 1677 1235 1,
1703 1204 1795 1227 eum

99 1247 157 1285 ait
177 1248 277 1297 juris
300 1248 514 1297 utriusque
535 1248 829 1298 peritissimum
852 1248 985 1286 fuisse.

156 1307 196 1346 P.
222 1307 310 1355 349,
334 1307 399 1357 lig.
427 1308 486 1346 14.
515 1308 562 1344 ΙΝ
587 1307 1009 1345 MONTEPESSULANO.
1036 1307 1106 1345 Vir
1134 1307 1379 1345 clarissimus
1404 1307 1642 1345 Guillclnius
1668 1309 1797 1345 Catel-

100 1366 161 1404 lus
182 1366 222 1404 iu
243 1366 455 1404 Memoriis
474 1367 607 1405 histor.
630 1366 752 1414 coeit„
773 1381 811 1416 p.
835 1366 909 1403 293
930 1380 1004 1415 sq.,
1032 1367 1218 1415 loquitur
1237 1367 1285 1404 de
1306 1366 1543 1404 celebritate
1564 1367 1797 1404 academiae

103 1425 463 1475 Montispessulani
487 1427 528 1464 in
551 1426 640 1476 jure
666 1426 863 1472 docendo,
889 1425 929 1462 in
960 1439 1088 1474 eaque
1111 1425 1176 1475 jus
1198 1425 1319 1463 >civile
1344 1425 1505 1475 publice
1533 1425 1716 1463 docuisse
1741 1426 1798 1462 ait

101 1493 283 1523 veterem
322 1486 438 1523 illum
475 1485 815 1535 jurisconsultum
843 1484 1142 1531 Placentinum,
1183 1492 1274 1522 tum
1302 1485 1427 1522 etiam
1457 1484 1649 1523 Azonem.
1682 1484 1798 1532 Quod

102 1544 336 1582 confirmari
357 1553 495 1595 potest
515 1559 564 1583 ex
584 1544 710 1582 literis
732 1544 863 1582 sancti
886 1544 1083 1582 Ludovici
1104 1544 1206 1593 regis
1229 1544 1479 1581 Francorum
1507 1544 1613 1581 (latis
1637 1544 1798 1581 Parisiis
1861 1545 1865 1548 ’

103 1617 210 1642 anno
238 1604 487 1651 MCCXXX,
515 1618 651 1642 mense
676 1604 805 1653 junio,
834 1603 981 1652 quibus
1009 1603 1199 1653 episcopo
1227 1603 1505 1652 Magalonensi
1532 1610 1572 1640 et
1598 1617 1799 1640 successo-

102 1662 212 1701 ribus
245 1663 331 1712 ejus
365 1663 552 1702 concedit
581 1671 805 1712 potestatem
846 1661 1063 1711 recipiendi
1093 1662 1363 1711 juramentum
1395 1676 1418 1698 a
1449 1662 1702 1699 licentiandis
1732 1676 1800 1698 seu

101 1721 361 1769 doctor-andis,
379 1723 421 1760 in
434 1723 619 1772 facultate
638 1722 830 1759 canonica
850 1736 918 1758 sea
939 1721 1048 1758 civili
1079 1721 1121 1758 in
1147 1722 1278 1758 studio
1309 1721 1396 1758 ville
1423 1721 1799 1769 Alontispessulani.

103 1781 261 1819 Extant
285 1782 325 1819 in
350 1782 511 1831 Regesto
535 1781 753 1818 LXXXII
786 1781 873 1830 [JJ.
900 1779 974 1830 82]
1000 1780 1154 1818 archivi
1184 1780 1281 1830 regii
1306 1780 1447 1826 Paris,
1473 1793 1559 1829 cap.
1593 1794 1800 1826 DLxxxm,

100 1841 241 1879 literae
259 1841 429 1880 Joannis
445 1841 546 1890 regis
565 1841 815 1878 Francorum
831 1840 951 1877 datae
965 1840 1075 1889 apud
1092 1839 1543 1889 Montempessulanum
1555 1853 1662 1876 anno
1676 1839 1801 1876 mille-

101 1900 203 1937 simo
216 1901 344 1938 CCCL
360 1901 412 1951 [V.
428 1898 495 1948 st.]
511 1899 861 1949 mensejanuario,
876 1899 1023 1948 quibus
1037 1899 1352 1937 universitatem
1365 1898 1581 1936 doctorum
1594 1906 1631 1936 et
1646 1898 1800 1935 schola-

101 1959 206 1996 rium
232 1960 447 2009 utriusque
471 1959 571 2009 juris
599 1958 961 2008 Montispessulani
988 1958 1170 1997 declarat
1196 1973 1280 1996 esse
1305 1958 1346 1995 in
1373 1971 1444 1995 sua
1472 1957 1609 2006 gardia
1637 1956 1802 2006 speciali

101 2027 142 2056 et
167 2019 674 2068 protectione‚eorumque
701 2032 842 2056 causas
870 2017 1095 2055 committit
1119 2017 1247 2066 judici
1273 2017 1389 2066 parvi
1416 2016 1533 2065 sigilli
1560 2016 1802 2065 Montispes-

102 2078 246 2117 sulani.
281 2079 326 2116 In
356 2078 613 2116 collectaneis
646 2077 754 2115 Petri
784 2076 1044 2122 Puteani,De
1073 2076 1240 2113 dissidio
1268 2076 1474 2124 Bonisacii
1508 2075 1618 2111 VIII
1646 2083 1679 2112 et
1706 2074 1802 2111 Phi-

99 2136 207 2186 lippi
220 2138 385 2175 Pulchri
400 2138 503 2185 regis
517 2137 777 2183 Francorum,
792 2151 831 2186 p.
850 2136 937 2183 157,
954 2143 1330 2173 commemorantur
1344 2135 1395 2172 ad
1411 2148 1562 2172 annum
1581 2134 1801 2179 MCCCIH,

103 2210 141 2233 vl
174 2197 253 2236 kal.
287 2197 452 2246 augusti
495 2196 559 2246 [28
589 2195 765 2245 juillet],
790 2196 932 2243 Petrus
959 2195 1132 2232 Joanlzl's
1163 2203 1197 2232 et
1226 2194 1524 2231 Bartholomeus
1555 2193 1599 2229 de
1630 2192 1802 2229 Clasello

101 2253 232 2304 legum
258 2256 426 2293 doctores
452 2255 495 2292 ίη
520 2255 874 2304 Montepessulano
899 2261 1191 2292 commorantes,
1221 2253 1296 2291 Per
1321 2253 1465 2291 eadem
1489 2260 1674 2301 tempora
1703 2252 1801 2288 cele-

102 2313 301 2353 berrimus
322 2315 387 2352 ille
410 2315 553 2352 Petrus
574 2314 792 2352 Bertrandi
814 2313 1030 2351 cardinalis
1052 2312 1276 2350 Aeduensis
1296 2312 1396 2361 juris
1418 2311 1631 2359 utriusque
1653 2310 1801 2347 doctri-

101 2387 198 2411 nam
220 2373 425 2424 professus
449 2382 510 2411 est
539 2373 581 2410 in
604 2373 978 2422 MontepessulanO,
1001 2380 1048 2410 ut
1070 2372 1154 2421 ipse
1178 2372 1297 2409 docet
1318 2371 1359 2408 in
1392 2370 1647 2420 praefatione
1671 2369 1801 2418 operis

103 2433 212 2482 quod
247 2433 415 2470 vocavit
450 2432 654 2470 Scrinium
686 2432 803 2481 juris,
842 2432 900 2468 Ea
936 2431 1046 2469 edita
1090 2438 1151 2468 est
1184 2430 1291 2467 inter
1325 2429 1583 2466 Probationes
1618 2428 1805 2464 historiae

103 2492 372 2529 cardinalium
405 2491 620 2538 Gallorum,
646 2506 685 2541 p.
714 2490 802 2529 326.

155 2551 273 2588 Anno
301 2550 565 2588 MCCCXVII
595 2550 833 2588 Franciscus
864 2549 1100 2595 Petrarcha,
1127 2548 1192 2585 ille
1219 2546 1515 2585 reflorescentis
1543 2545 1802 2594 eloquentiae

103 2610 291 2659 princeps
311 2609 421 2659 apud
446 2610 585 2657 Italos,
605 2617 652 2646 ut
671 2623 764 2647 eum
784 2616 909 2646 vocat
930 2608 1139 2653 Erasmus,
1160 2606 1305 2643 missus
1326 2613 1387 2643 est
1406 2619 1428 2642 a
1448 2612 1565 2654 patre
1588 2604 1637 2640 ad
1658 2603 1803 2641 acade-

102 2669 227 2706 miam
249 2668 607 2718 Montispessulani
628 2668 765 2705 studio
782 2667 883 2717 'juris
905 2667 1032 2704 civilis
1054 2679 1220 2715 operam
1241 2665 1424 2701 daturus.
1450 2663 1583 2712 Hujus
1604 2663 1658 2699 rei
1680 2662 1797 2700 testis

103 2736 164 2766 est
184 2727 269 2777 ipse
291 2727 527 2774 petrarcha,
548 2727 617 2765 lib.
643 2726 726 2763 XX
747 2726 834 2764 Rer.
866 2726 1076 2774 familiar„
1099 2725 1215 2773 epist.
1238 2738 1280 2760 iv
1305 2739 1310 2760 :
1334 2723 1419 2770 Ego
1449 2722 1618 2771 quidem,
1660 2721 1802 2767 amice,

103 2786 164 2824 illi
192 2786 322 2823 studio
350 2800 449 2835 puer
478 2786 695 2823 destinatus
724 2800 747 2822 a
776 2793 885 2834 patre
915 2785 979 2821 via·
1008 2782 1281 2821 duodecimum
1310 2781 1449 2819 aetatis
1483 2794 1634 2817 annum
1663 2793 1802 2828 super-

104 2859 272 2894 gressus,
295 2853 328 2882 et
348 2845 399 2882 ad
419 2844 860 2894 Montempessulanum
881 2843 1024 2892 primo,
1049 2842 1138 2879 inde
1159 2840 1385 2878 Bononiam
1420 2839 1691 2885 transmissus,
1714 2852 1802 2887 sep—

154 2989 184 3022 1.
214 2988 285 3022 Sur
312 2989 343 3021 le
373 2991 457 3032 pere
488 2988 672 3021 d’Urbain
700 2987 731 3020 V
761 2994 798 3020 et
826 2998 881 3020 ses
911 2985 1134 3023 fun‘erailles‚
1160 2984 1239 3016 voir
1267 2983 1485 3015 Lecacheux
1519 2982 1568 3024 (n.
1594 2980 1797 3014 1105-1109

102 3048 141 3075 ct
176 3042 273 3074 Prou
306 3042 374 3084 (op.
405 3042 475 3080 cit„
506 3053 540 3084 p.
571 3040 619 3074 [ιζ.

158 3096 188 3128 2.
218 3093 603 3132 ΑΙὸᾶηὲε-(ΣὴθνᾶΙίθΓ,
632 3093 738 3126 Actes
767 3093 925 3131 ariciens,
957 3102 991 3134 p.
1022 3091 1102 3123 381.

157 3149 189 3181 3.
221 3146 253 3180 11'
280 3153 384 3189 recut
413 3147 445 3180 le
477 3147 649 3179 doctorat
678 3146 709 3178 le
740 3146 780 3178 31
816 3145 967 3177 octobre
999 3143 1101 3176 1342.
