2083 3458
107 195 232 250 [811]
635 211 850 236 PAPARUM
888 211 1271 237 AvileoNi-:NSIUM
1712 198 1794 237 315

90 295 317 342 sententias,
337 303 371 332 et
387 308 510 344 penas
528 294 628 331 latas
646 295 690 331 de
708 295 891 332 mandato
910 294 1062 332 domini
1079 295 1281 333 Benedicti
1299 310 1401 345 pape
1419 295 1513 332 XII
1530 311 1598 345 per
1616 296 1794 333 dominos

100 353 258 392 Gotium
274 361 405 391 sancte
423 353 600 390 Romane
618 353 788 390 Ecclesie
807 353 1047 391 cardinalem
1065 362 1098 391 et
1127 354 1356 404 episcopum
1380 354 1660 392 Vasionensem
1682 354 1794 392 Sedis

88 413 300 463 apostolice
313 413 457 462 legatos
475 411 518 449 in
533 411 715 461 partibus
733 412 842 461 regni
861 412 997 450 Sicilie
1010 413 1107 450 citra
1121 413 1273 451 Farum
1296 421 1426 451 contra
1450 414 1618 451 nobilem
1633 414 1793 451 Petrum

91 471 400 522 primogenitum
434 470 630 520 quondam
664 470 875 519 Frederici,
909 471 1002 509 olim
1036 471 1139 521 regis
1176 472 1388 520 Thnaclie,
1419 481 1452 510 et
1485 473 1585 510 alios
1620 480 1730 510 natos
1760 481 1794 509 et

91 531 244 568 heredes
262 530 392 580 ipsius
405 528 603 567 Frederici
621 529 832 567 detinentes
849 538 881 567 et
898 539 1129 580 occupantes
1146 531 1339 568 civitatem
1351 531 1467 581 Regii.
1479 531 1652 569 vicinam
1664 531 1792 569 insule

89 590 228 629 Sicilie
256 598 290 627 et
319 589 461 627 multas
491 588 594 626 alias
624 588 778 625 insulas
807 589 1042 638 pertinentes
1072 590 1152 638 regi
1179 590 1315 627 Sicilie
1344 599 1377 628 et
1406 590 1576 628 Ecclesie
1603 591 1791 628 Romane.

85 650 236 687 Datum
276 648 318 686 in
355 648 457 686 Urbe
493 647 579 684 VII
609 647 670 684 die
701 647 844 697 aprilis
875 662 980 685 anno
1016 649 1182 686 Domini
1221 649 1590 694 MCCCXXXIX,
1631 649 1791 700 pontifi-

87 715 197 746 catus
219 707 370 745 domini
393 705 595 744 Benedicti
617 721 720 756 pape
741 706 837 743 XII
857 721 963 744 anno
985 707 1138 757 quin203
1163 708 1273 757 quod
1296 717 1357 746 est
1385 708 1673 759 compendium
1701 723 1790 758 pro·

89 781 248 805 cessum
276 766 376 816 quos
404 765 637 803 monuimus
666 773 805 803 extare
835 766 945 815 apud
974 766 1195 805 Odorieum
1226 767 1500 816 Raynaldum.

144 825 314 864 Difficile
337 833 398 864 est
421 832 531 863 certo
554 832 735 863 statuere
753 824 801 862 de
822 832 1006 874 tempore
1022 839 1102 875 quo
1120 825 1241 863 datus
1265 826 1299 864 ei
1321 835 1383 865 est
1397 826 1542 864 titulus
1558 825 1787 865 cardinalis.

90 884 255 923 Etenim
279 899 372 922 cum
394 883 440 931 is,
465 892 512 921 ut
535 883 726 930 diximus,
752 883 838 920 dari
862 898 944 921 non
968 884 1224 922 consueverit
1248 885 1501 932 absentibus,
1526 885 1669 923 Gotius
1695 899 1790 923 vero

87 944 130 982 in
162 943 304 981 Italica
333 942 535 992 legatione
567 941 689 980 fuerit
718 956 764 980 eo
794 950 977 992 tempore
1009 957 1088 992 quo
1120 943 1319 992 dignitate
1348 944 1416 982 illa
1447 952 1614 982 ornatus
1645 952 1719 991 est,
1750 951 1792 981 et

87 1002 232 1040 nullibi
259 1002 507 1053 reperiamus
529 1015 622 1040 eum
643 1000 807 1039 rediisse
829 1001 1084 1039 Avenionem
1107 1003 1303 1051 quamdiu
1326 1003 1571 1041 Benedictus
1600 1003 1682 1040 XII
1713 1002 1791 1040 fuit

87 1061 130 1099 in
149 1061 352 1108 humanis,
374 1061 575 1099 affirmare
597 1075 679 1098 non
698 1074 913 1110 possumus
935 1060 1104 1098 titulum
1124 1061 1180 1098 illi
1201 1061 1346 1099 datum
1368 1062 1488 1100 fuisse
1509 1076 1531 1099 a
1553 1061 1788 1100 Benedicto.

92 1121 222 1158 Immo
257 1120 477 1171 proclivius
515 1128 577 1158 est
613 1119 847 1158 existimare
884 1134 977 1158 eum
1014 1134 1095 1157 non
1133 1120 1365 1170 deposuisse
1402 1120 1656 1171 provinciam
1693 1128 1789 1158 ante

88 1187 263 1218 mortem
281 1179 381 1229 ejus,
400 1193 493 1217 cum
512 1194 562 1217 ex
583 1178 820 1217 auctoribus
845 1178 957 1216 Vitae
974 1178 1185 1216 Clementis
1210 1179 1269 1216 Vl
1295 1188 1455 1217 constet
1481 1180 1601 1217 XVII
1622 1187 1789 1217 tantum

87 1239 312 1277 cardinales
329 1238 370 1276 in
387 1238 570 1277 conclavi
588 1238 709 1276 fuisse
728 1252 854 1287 quum
871 1237 902 1275 is
928 1238 1079 1276 electus
1097 1246 1171 1285 est,
1189 1238 1295 1276 inter
1311 1253 1376 1276 eos
1395 1253 1489 1277 vero
1508 1238 1790 1276 connumerari

85 1299 222 1348 ipsum
255 1298 518 1336 Clementem.
554 1298 654 1335 Cum
688 1305 828 1335 autem
853 1296 1016 1335 aliunde
1040 1305 1197 1335 certum
1216 1293 1279 1351 {sit
1314 1297 1419 1335 XIX
1444 1305 1534 1335 tum
1565 1297 1788 1335 cardinales

88 1356 209 1395 fuisse
230 1356 271 1394 in
293 1371 405 1394 sacro
428 1356 608 1406 collegi0‚
631 1371 873 1406 necesseque
904 1356 956 1394 sit
978 1356 1078 1394 duos
1100 1371 1149 1394 ex
1182 1356 1229 1394 iis
1252 1356 1373 1395 fuisse
1395 1357 1583 1394 absentes
1605 1364 1789 1406 tempore

87 1415 230 1454 mortis
255 1415 481 1462 Benedicti,
508 1430 589 1453 non
613 1415 767 1453 invitus
794 1415 976 1453 adducor
1000 1424 1047 1454 ut
1073 1416 1236 1453 credam
1262 1415 1429 1454 Gotium
1452 1430 1534 1453 non
1558 1415 1789 1453 interfuisse

87 1474 275 1513 electioni
310 1474 493 1524 ejusdem
530 1475 761 1513 Clementis.
800 1475 862 1512 Ex
898 1489 978 1524 quo
1015 1474 1278 1524 consequitur
1314 1475 1481 1512 titulum
1518 1475 1550 1511 ei
1587 1475 1733 1511 datum
1767 1487 1788 1510 a

87 1534 306 1572 Clemente.
327 1534 445 1582 Quod
462 1533 493 1571 si
509 1534 566 1571 ita
585 1542 658 1581 est,
677 1533 885 1572 evanescit
900 1534 1084 1583 profecto
1102 1534 1338 1583 conjectura
1359 1533 1576 1583 Raphaelis
1593 1532 1789 1570 Adimarii

87 1592 287 1631 censentis
313 1592 583 1630 Benedictum
610 1593 835 1642 assignasse
862 1592 984 1630 Gotio
1010 1592 1179 1630 titulum
1207 1594 1380 1630 Sanctae
1410 1592 1581 1637 Priscae,
1610 1606 1731 1641 quem
1756 1591 1787 1628 is

85 1652 288 1690 habuerat
307 1659 402 1690 ante
422 1660 637 1702 papatum,
658 1660 705 1689 ut
724 1652 784 1689 sui
803 1651 845 1689 in
864 1666 956 1690 eum
977 1652 1124 1690 amoris
1145 1651 1446 1689 abundantiam
1465 1651 1521 1688 illi
1542 1651 1788 1697 ostenderet,

85 1719 328 1761 argumento
358 1711 482 1749 ducto
511 1726 561 1749 ex
588 1726 663 1749 usu
692 1711 964 1761 posteriorum
994 1719 1240 1761 temporum,
1271 1711 1418 1760 quibus
1449 1710 1543 1748 novi
1573 1709 1787 1760 pontifices

86 1778 388 1808 consueverunt
412 1784 504 1808 suos
527 1770 653 1820 pileos
679 1785 853 1820 suosque
877 1770 1020 1807 titulos
1046 1770 1141 1807 dare
1166 1770 1384 1820 nepotibus
1410 1769 1503 1807 suis.

140 1829 290 1867 Errant
320 1829 388 1878 qui
416 1837 570 1879 putant
599 1829 767 1867 Gotium
796 1829 918 1867 fuisse
948 1829 1184 1879 episcopum
1215 1829 1505 1867 Vasionensem
1525 1828 1550 1866 ¹.

139 1888 182 1926 P.
216 1887 305 1935 206,
338 1887 403 1938 lig.
439 1888 499 1926 15.
532 1888 828 1926 BERTRANDUS
863 1903 918 1925 DE
954 1888 1132 1926 DEUCIO.
1169 1889 1341 1926 Constat
1373 1902 1465 1926 eum
1498 1886 1619 1925 fuisse
1653 1894 1788 1923 ortum

84 1961 105 1984 e
128 1947 351 1985 Blandiaco
376 1947 418 1984 in
441 1947 702 1985 seneschallia
718 1947 933 1985 Bellicadri
958 1955 999 1985 et
1024 1947 1195 1985 dioecesi
1213 1947 1455 1993 Uceficensi,
1472 1947 1582 1996 quod
1607 1954 1785 1983 castrum

85 2019 178 2044 cum
207 2006 317 2044 omni
343 2005 605 2055 juridictione
634 2007 732 2053 alta,
761 2006 908 2054 media,
938 2015 979 2044 et
1007 2006 1125 2044 bassa
1155 2021 1346 2055 meroque
1376 2014 1415 2043 et
1444 2006 1574 2043 mixto
1602 2004 1784 2054 imperio,

86 2064 265 2103 Joannes
297 2080 368 2103 rex
401 2065 651 2103 Francorum
682 2065 789 2103 dono
822 2066 935 2103 dedit
968 2066 1088 2103 Petro
1121 2066 1168 2103 de
1204 2065 1369 2112 Deucio,
1402 2064 1613 2113 armigero,
1648 2062 1786 2113 nepoti

82 2123 200 2161 istius
232 2114 461 2171 cardinalis,
493 2138 540 2162 ac
569 2132 713 2174 postea
744 2124 778 2162 ei
810 2124 924 2162 dedit
953 2132 1175 2162 ressortum
1206 2124 1431 2174 primarum
1462 2123 1786 2173 appellationum

81 2181 184 2231 >dieti
206 2182 328 2221 castri
351 2183 400 2221 de
422 2183 645 2221 Blandiaco
669 2191 709 2221 et
731 2183 1074 2233 pertinentiarum
1097 2183 1293 2233 ejusdem,
1327 2182 1451 2221 literis
1484 2182 1590 2229 datis
1623 2181 1783 2219 Parisiis

84 2255 192 2279 anno
230 2241 485 2289 MCCCLIII,
524 2256 661 2280 mense
700 2242 925 2280 novembri.
967 2243 1126 2280 Extant
1162 2242 1253 2280 illae
1292 2241 1332 2279 in
1370 2242 1531 2290 Regesto
1569 2239 1784 2277 LXXXII

88 2299 164 2348 [JJ
183 2299 248 2350 82]
269 2300 424 2338 archivi
448 2301 547 2350 regii
573 2301 714 2349 Paris„
741 2316 828 2351 cap.
857 2316 1004 2339 xxvm.

135 2359 199 2397 Ex
228 2359 464 2410 praeposito
499 2359 703 2398 Ecclesiae
739 2360 1041 2399 Ebredunensis
1081 2360 1246 2398 evasit2
1281 2359 1386 2397 illius
1429 2358 1531 2397 sedis
1567 2357 1781 2407 archiepis-

132 2491 163 2523 1.
185 2490 320 2524 Gozzio
339 2497 491 2523 mourut
509 2491 539 2523 le
559 2492 603 2523 10
620 2491 702 2534 juin
720 2492 812 2525 1348
835 2491 978 2534 (EubeL
1000 2491 1227 2529 Hierarclzia,
1248 2497 1273 2523 t.
1293 2503 1315 2530 1,
1336 2502 1369 2534 p.
1391 2490 1462 2532 17).
1482 2509 1529 2512 —-
1545 2489 1615 2522 Sur
1633 2488 1781 2528 (jonio,

84 2543 164 2576 voir
181 2543 302 2583 Vidal,
324 2550 349 2577 t.
368 2556 418 2583 111,
447 2556 481 2588 p.
503 2544 564 2583 99;
586 2544 708 2584 Vidal,
730 2544 860 2584 Closes,
882 2556 915 2578 n.
937 2545 1041 2583 1394,
1062 2544 1279 2582 1428-1430,
1301 2544 1404 2578 1447.
1430 2543 1529 2582 1611,
1555 2542 1654 2579 1711,
1679 2542 1779 2581 1946,

83 2597 188 2636 1985,
209 2597 314 2635 1994,
337 2597 444 2634 2142;
470 2597 645 2637 Daumet,
666 2609 700 2641 p.
724 2602 854 2631 Lxxw.

133 2650 162 2682 2.
179 2649 234 2688 Le
255 2650 299 2683 26
318 2650 410 2683 aofit
428 2650 520 2684 1323
544 2650 699 2694 (Mollat‚
720 2662 754 2684 n.
776 2650 921 2694 17987).
942 2650 1127 2683 Bcrtrand
1148 2651 1190 2682 de
1213 2649 1344 2682 Deaux
1364 2648 1455 2682 etait
1476 2660 1595 2680 nex-cu
1615 2648 1659 2680 dc
1680 2647 1781 2680 Guil-

82 2702 207 2735 laume
234 2703 278 2735 de
305 2702 541 2747 Mandagout
566 2703 630 2747 qui
656 2703 707 2736 lui
735 2704 841 2737 valut
866 2704 901 2737 la
928 2703 1148 2747 permission
1175 2703 1218 2735 de
1247 2702 1393 2735 differer
1428 2702 1461 2734 la
1501 2701 1691 2744 receptior]
1719 2701 1780 2733 des

84 2756 209 2789 ordres
239 2756 402 2799 majeurs
433 2768 479 2789 en
506 2756 631 2790 raison
661 2758 704 2789 de
734 2768 790 2790 ses
829 2757 972 2796 etudes‚
1012 2756 1043 2788 le
1083 2757 1126 2789 16
1165 2756 1376 2798 septembre
1410 2755 1498 2787 1313
1533 2754 1705 2796 (C'le'ment
1738 2754 1778 2794 V,

83 2820 118 2841 11.
146 2809 265 2852 8587).
295 2809 325 2841 Il
350 2809 489 2849 etudia,
516 2821 562 2842 en
586 2810 686 2849 effet,
712 2810 743 2842 le
770 2809 869 2842 droit
894 2809 1102 2852 canonique
1128 2815 1164 2840 et
1190 2808 1323 2841 merita
1348 2808 1378 2840 lc
1405 2808 1515 2850 grade
1542 2807 1585 2839 de
1612 2807 1777 2840 docteur.

83 2861 159 2894 Son
180 2862 283 2894 oncle
303 2853 354 2894 l'ui
376 2862 502 2895 obtint
521 2874 573 2895 un
594 2863 711 2906 grand
732 2863 887 2895 nombre
909 2863 953 2894 de
974 2862 1158 2895 benefices
1184 2861 1338 2904 (Mollat‚
1362 2864 1397 2893 n.'
1419 2861 1523 2899 7464,
1546 2860 1650 2897 7483,
1674 2860 1778 2899 8389,

84 2914 189 2958 8406)
210 2921 248 2947 et
264 2926 305 2948 sa
321 2914 463 2948 science
480 2915 680 2959 juridique‚
698 2916 730 2948 le
748 2915 835 2948 titre.
854 2915 1069 2948 d'auditeur
1086 2915 1148 2947 des
1165 2914 1294 2946 lettres
1312 2913 1538 2946 contredites
1557 2912 1646 2956 qu'il
1665 2913 1779 2955 garda

83 2968 134 3001 du
152 2968 172 3000 9
191 2968 386 3001 decembre
404 2969 496 3001 1327
516 2979 563 3001 au
581 2969 625 3002 26
641 2968 789 3012 janvier
806 2969 909 3001 1333.
933 2968 988 2999 En
1006 2973 1104 3000 cette
1123 2967 1275 3010 qualite,
1294 2966 1318 2999 il
1334 2965 1520 2999 instruisit
1536 2966 1568 2998 le
1586 2968 1714 3009 proces
1733 2966 1777 2998 de

84 3021 247 3064 Jacques
279 3020 436 3058 Alberti,
461 3022 603 3065 evaque
636 3022 680 3054 de
713 3021 885 3060 Castello‚
918 3020 1087 3064 partisan
1111 3020 1154 3052 de
1186 3019 1393 3063 l’antipape
1423 3019 1569 3052 Nicolas
1587 3018 1618 3050 V
1644 3018 1778 3061 (Neues

82 3074 229 3114 Archiv,
252 3079 278 3107 t.
310 3085 393 3106 xxv
417 3073 550 3117 (1899),
572 3086 607 3118 p.
629 3073 814 3117 744-749),
837 3080 874 3106 et
894 3085 945 3106 un
965 3079 1071 3106 autre
1090 3073 1236 3105 intente
1249 3084 1303 3107 ,au
1332 3072 1499 3116 chapitre
1521 3071 1713 3105 cathedral
1735 3072 1778 3104 de
