2083 3458
89 197 241 252 [1239]
607 213 822 238 PAPARUM
858 214 1241 239 ΑΥΕΝΙΟΝΕΝΞΙΗΜ
1692 199 1772 240 763

73 296 132 333 De
153 295 374 342 schismate,
400 310 488 345 cap.
516 311 571 333 xn
608 296 662 346 [p.
689 295 779 346 2S],
816 295 1058 345 Radulphus
1085 297 1132 334 de
1170 296 1289 339 Rivo,
1325 310 1412 347 cap.
1440 312 1495 334 xn
1532 297 1586 347 [p.
1613 297 1687 348 31]
1712 298 1772 335 De

75 355 191 404 gestis
223 354 496 404 episcoporum
539 355 831 399 Leosliensium‚
867 363 907 392 et
945 356 1180 405 Onuphrius
1221 355 1461 403 Panvinius,
1509 356 1549 393 in
1586 356 1768 394 Secunda

75 414 253 464 epitome,
270 413 431 451 nonnisi
447 429 505 451 xx
515 429 549 451 vl
567 407 723 452 creatos
741 413 862 452 fuisse
878 414 1010 461 aiunt,
1026 414 1112 452 illos
1128 415 1238 452 haud
1255 415 1376 453 dubie
1391 414 1768 465 praetermittentes

76 472 145 522 qui
164 473 274 511 hunc
294 473 458 514 honoris
482 473 653 522 gradum
675 473 856 523 accipere
879 473 1099 511 noluerunt
1119 473 1170 511 ab
1196 474 1375 512 Urbano.
1400 474 1477 512 Sed
1502 489 1584 512 non
1605 488 1686 512 una
1708 483 1769 513 est

76 532 260 571 omnium
276 532 482 570 sententia
501 532 549 570 de
569 532 614 570 iis
632 532 702 582 qui
720 532 760 570 in
775 533 884 570 hunc
901 532 1084 570 ordinem
1100 532 1296 583 adscripti
1310 541 1420 571 sunt.
1440 533 1604 571 Etenim
1623 534 1768 572 Conte-

73 591 195 630 lorius
230 591 285 641 [p.
311 590 410 641 108]
433 591 540 629 inter
561 606 627 629 eos
652 599 843 630 numerat
866 591 1103 642 Philippum
1126 592 1329 639 Carafam,
1354 592 1617 632 Guillelmum
1640 592 1767 631 cardi-

75 651 208 689 nalem
237 650 376 689 Sancti
407 650 587 697 Eusebii,
618 651 873 689 Ludovicum
903 651 1077 689 Sanctae
1108 649 1257 689 Mariae
1288 666 1433 698 novae,
1461 660 1503 689 et
1530 651 1769 702 episcopum

74 708 351 756 Tiburtinum,
394 709 462 759 qui
503 710 755 748 omittuntur
794 724 816 747 a
858 709 1143 748 continuatore
1186 710 1338 748 Gallico
1383 710 1529 760 Nangii
1547 711 1574 748 ¹.
1616 711 1766 749 Contra

75 768 339 807 continuator
364 768 428 807 ille
456 769 657 816 nominat,
685 784 706 806 a
736 768 966 807 Contelorio
994 769 1315 819 praetermissos,
1343 769 1580 820 episcopum
1609 769 1767 808 Padua-

74 841 187 875 num,
205 827 444 878 episcopum
462 828 511 866 de
531 828 674 876 Tuille,
694 831 791 878 (quo
810 836 951 868 tamen
970 828 1091 866 modo
1113 843 1135 865 v
1142 836 1305 867 ocatam
1322 837 1411 866 tum
1433 828 1554 866 fuisse
1574 828 1765 867 Tiburem

74 887 194 925 docet
219 887 348 925 codex
372 886 450 925 822
473 887 744 926 bibliothecae
772 887 1063 925 colbertinae2
1069 887 1171 934 ,.fol
1200 887 1247 924 76
1273 889 1322 935 r0)
1350 896 1391 926 et
1416 888 1769 938 archiepiscopum

75 946 391 986 Salernitanum.
414 947 522 984 Inter
536 961 601 985 eos
618 962 641 983 x
646 961 713 984 ero
729 946 914 984 nonnulli
929 955 1026 984 sunt
1041 961 1062 984 a
1080 946 1195 984 nobis
1212 961 1292 984 non
1314 946 1391 984 lex
1382 955 1459 984 iter
1480 946 1767 997 praetereundi

70 1005 363 1043 Bonaventura
384 1005 575 1044 videlicet
596 1005 643 1044 de
666 1006 822 1053 Padua,
845 1005 1033 1044 Nicolaus
1056 1005 1296 1055 Misquinus‚
1318 1006 1496 1044 Joannes
1517 1007 1565 1044 de
1586 1005 1763 1051 Aurelia,

74 1065 345 1115 Raynulphus
381 1065 428 1103 de
464 1066 606 1111 Gorsa,
643 1065 853 1115 Philippus
889 1065 936 1103 de
972 1065 1207 1112 Alenconio,
1241 1073 1283 1102 et
1317 1056 1515 1115 Agapitus
1550 1066 1762 1103 Columna.

73 1123 259 1162 Meminit
287 1124 404 1162 istius
435 1124 704 1163 cardinalium
734 1124 949 1163 creationis
980 1125 1157 1162 Thomas
1187 1124 1399 1174 episcopus
1432 1124 1666 1171 Lucerinus,
1697 1123 1765 1173 qui

39 1202 42 1203 ⁷
70 1182 129 1220 ait
150 1183 191 1220 in
213 1183 466 1233 depositione
489 1198 562 1221 sua
578 1183 593 1205 3
614 1183 725 1221 illam
750 1186 903 1223 factam
925 1198 1008 1222 esse
1031 1184 1082 1221 ab
1109 1183 1274 1221 Urbano
1302 1192 1396 1221 ante
1420 1183 1660 1221 electionem
1683 1184 1764 1221 Cle·

71 1241 231 1281 mentis.
254 1243 313 1280 De
337 1257 502 1292 quorum
525 1243 730 1290 creatione,
755 1242 905 1293 inquit,
928 1243 1063 1280 Statim
1089 1242 1158 1279 ivit
1190 1257 1332 1280 novum
1358 1257 1455 1292 uque
1480 1243 1656 1280 Fundos.
1682 1243 1768 1292 Quo

68 1301 178 1348 scito,
201 1302 262 1339 illi
283 1302 566 1340 ultramontani
585 1302 747 1350 suerunt
766 1303 810 1340 de
830 1302 1021 1340 creatione
1041 1310 1092 1340 tot
1110 1302 1392 1348 cardinalium,
1414 1316 1492 1339 non
1515 1302 1642 1339 solum
1662 1301 1765 1339 indi-

72 1361 196 1409 gnati,
216 1375 304 1411 ymo
324 1369 357 1398 et
386 1362 512 1399 dolore
533 1362 705 1399 maximo
725 1361 894 1399 totaliter
912 1361 1092 1408 excecati,
1112 1369 1146 1399 et
1165 1361 1359 1411 desperati
1389 1361 1553 1398 ulterius
1575 1362 1618 1398 de
1638 1360 1765 1410 gratia

71 1420 224 1458 domini
241 1420 376 1458 nostri.
390 1420 519 1470 Quare
535 1421 706 1458 videntes
720 1421 821 1470 quod
835 1435 913 1458 non
927 1429 1010 1458 erat
1025 1421 1080 1457 eis
1093 1420 1282 1470 possibile
1295 1435 1364 1470 per
1375 1434 1509 1457 eorum
1527 1420 1767 1457 industriam

69 1480 126 1517 vel
154 1480 369 1529 potentiam
398 1481 533 1517 ducere
562 1488 755 1530 papatum
786 1495 917 1517 §erum
946 1493 1091 1527 Secum,
1124 1479 1407 1517 ultramontani
1439 1480 1610 1517 maximo
1640 1479 1766 1517 dolore

69 1538 215 1576 turbati
235 1546 269 1576 et
289 1539 490 1588 dyabolico
512 1540 638 1576 dolore
659 1540 814 1588 confusi
834 1540 870 1576 si
894 1539 1004 1577 ibant
1026 1539 1128 1576 ultra
1151 1547 1296 1576 montes
1316 1538 1402 1576 sine
1423 1539 1561 1588 capite.
1578 1546 1642 1576 etc
1652 1537 1765 1587 ,cogi-

68 1606 202 1636 tarunt
216 1598 342 1647 facere
360 1613 486 1636 unum
503 1607 742 1648 antipapam
760 1607 794 1636 et
811 1607 980 1636 tenentes
998 1599 1067 1636 hoc
1083 1606 1220 1636 secrete
1237 1598 1406 1635 Simulat
1411 1605 1480 1635 unt
1498 1612 1623 1634 unum
1640 1611 1764 1634 COnSl

68 1656 181 1704 lium,
208 1665 302 1703 etc„
330 1666 377 1695 ut
403 1672 526 1708 supra
554 1673 593 1708 p.
624 1658 737 1696 1051.
769 1657 876 1695 Falsi
903 1666 1000 1695 sunt
1027 1672 1120 1706 crgo
1155 1658 1417 1695 vehementer
1447 1657 1687 1706 Radulphus
1716 1656 1765 1693 de

72 1715 190 1764 Rivo,
219 1730 307 1767 cap.
340 1731 395 1754 ΧΠ
435 1717 490 1767 [p.
520 1717 593 1767 31]
614 1718 673 1754 De
694 1717 818 1766 gestis
839 1717 1114 1767 episcoporum
1136 1716 1430 1757 Leodiensium,
1458 1724 1499 1753 et
1529 1715 1763 1765 Onuphrius

69 1775 292 1814 Panvinius
318 1775 358 1813 in
385 1776 567 1814 Secunda
591 1776 757 1826 epitome
781 1776 1003 1815 scribentes
1031 1777 1135 1813 hanc
1161 1775 1336 1825 primam
1363 1775 1632 1813 cardinalium
1658 1788 1763 1812 crea-

67 1834 224 1873 tionem
240 1834 256 1857 4
275 1835 327 1872 ab
352 1835 517 1873 Urbano
539 1835 694 1875 factam
714 1851 798 1873 esse
821 1844 914 1885 post
935 1835 1175 1873 electionem
1198 1834 1416 1873 Clementis
1440 1835 1533 1872 VII.

122 1894 308 1941 Fratrem
343 1895 708 1932 BONAVENTURAM
750 1895 1001 1932 PADL'ANUM
1043 1895 1399 1943 Augustinensem,
1438 1894 1485 1931 de
1525 1908 1605 1942 quo
1642 1906 1763 1942 supra

67 1967 106 2003 p.
139 1953 238 1991 1047
269 1953 427 1993 dictum
456 1962 532 2000 est,
561 1953 717 1992 factum
750 1953 870 1992 fuisse
900 1953 1150 1992 cardinalem
1178 1953 1230 1990 ab
1262 1953 1429 1991 Urbano
1457 1952 1555 1990 satis
1587 1959 1765 1990 constat.

68 2011 244 2060 Quidam
274 2013 383 2052 hunc
412 2013 609 2051 honorem
640 2013 675 2051 ei
705 2013 895 2050 habitum
927 2012 1112 2051 scribunt
1142 2027 1251 2050 anno
1284 2011 1665 2057 MCCCLXXVIIl,
1696 2009 1764 2047 alii

66 2071 259 2110 sexennio
279 2071 451 2111 tardius.
473 2072 669 2110 Oldoinus
701 2073 746 2122 [t.
767 2087 807 2120 11,
827 2072 901 2110 col.
922 2072 1022 2122 659]
1044 2087 1134 2110 vcrc
1155 2071 1317 2121 scripsit
1336 2071 1375 2108 id
1396 2070 1611 2119 contigisse
1630 2069 1763 2120 primo

67 2144 174 2168 anno
191 2131 459 2181 pontificatus
481 2131 650 2179 Urbani,
668 2140 708 2169 et
726 2140 866 2169 tamen
883 2131 970 2180 ejus
989 2131 1297 2181 cooptationem
1313 2130 1354 2168 in
1371 2144 1532 2169 sacrum
1550 2128 1763 2177 collegium

67 2189 208 2239 rejecit
226 2190 268 2228 in
288 2204 443 2228 annum
463 2191 701 2241 septimum,
722 2191 832 2240 quod
854 2189 953 2229 mihi
974 2205 1136 2240 prorsus
1158 2190 1359 2227 absonum
1382 2189 1515 2226 visum
1535 2196 1609 2226 est.
1633 2188 1763 2224 Extat

66 2248 107 2286 in
127 2249 262 2288 codice
287 2249 518 2287 Harlaeano
539 2249 741 2300 depositio
761 2249 848 2298 ejus
869 2264 990 2299 super
1011 2249 1120 2287 facto
1140 2248 1389 2295 schismatis,
1418 2248 1459 2285 in
1490 2261 1569 2297 qua
1599 2260 1692 2285 cum
1723 2260 1762 2283 se

65 2307 279 2346 addietum
297 2323 382 2346 esse
401 2308 587 2358 partibus
610 2309 767 2347 Urbani
786 2309 992 2355 ostendat,
1014 2309 1196 2345 modeste
1216 2316 1357 2345 tamen
1376 2307 1415 2344 id
1436 2306 1548 2344 facit.
1572 2306 1702 2344 Immo
1722 2304 1763 2341 in

113 2443 144 2476 1.
181 2442 344 2476 Grandes
373 2443 586 2486 chroniques
615 2444 656 2476 de
685 2444 837 2482 France,
869 2444 924 2476 ed.
959 2442 1200 2481 DelachenaL
1232 2448 1257 2474 t.
1289 2454 1325 2479 11,
1358 2453 1391 2484 p.
1423 2441 1594 2474 346-348.
1616 2458 1664 2462 —
1693 2439 1763 2471 Les

63 2502 198 2539 quatre
221 2507 473 2540 personnages
496 2503 584 2529 sont
605 2496 765 2539 signales
789 2496 1086 2529 contrairemcnt
1109 2496 1129 2527 a
1153 2507 1190 2527 cc
1216 2495 1426 2538 qu’affirme
1451 2493 1599 2526 Baluze.

113 2550 143 2582 2.
174 2549 214 2582 B.
241 2549 297 2588 N.,
320 2561 387 2582 ms.
410 2549 505 2582 latin
527 2549 630 2582 1463.

111 2603 143 2635 3.
175 2602 215 2635 Β.
236 2602 293 2641 Ν.,
313 2614 379 2635 ms.
398 2602 494 2634 latin
512 2602 642 2641 11745,
662 2602 724 2635 fol.
744 2603 789 2635 90
807 2607 856 2634 v0.

111 2656 142 2688 4.
176 2655 320 2688 Urbain
347 2655 400 2688 VI
429 2655 583 2698 designa
610 2655 828 2698 vingt-neus
855 2655 1063 2687 cardinaux
1095 2654 1276 2697 (Grandes
1302 2653 1515 2696 chroniques
1542 2652 1582 2685 de
1609 2651 1763 2692 Franco,

62 2708 136 2741 loeo
152 2709 270 2747 citato,
290 2715 328 2741 et
348 2708 478 2748 Eubel‚
499 2708 731 2747 Hierarclzia,
752 2714 777 2741 t.
796 2720 820 2747 1,
840 2720 873 2751 p.
897 2708 968 2751 23),
988 2707 1081 2739 mais
1101 2706 1284 2750 plusieurs
1302 2706 1511 2738 refuserent
1528 2705 1560 2737 le
1578 2705 1760 2748 chapeau.

62 2761 115 2794 La
134 2761 353 2805 promotion
372 2761 598 2794 cardinalice
618 2767 683 2794 eut
702 2761 775 2793 lieu
795 2772 870 2793 non
890 2761 921 2793 le
943 2762 987 2793 20
1006 2760 1219 2803 septembre
1242 2759 1334 2792 1378
1355 2759 1502 2802 d'apres
1522 2758 1573 2790 les
1600 2757 1762 2790 Grandes

62 2814 288 2858 Chroniques
307 2815 347 2847 de
366 2814 517 2853 France,
539 2814 632 2846 mais
651 2814 683 2847 le
703 2815 748 2847 18
772 2813 923 2855 (Valois‚
944 2820 970 2846 t.
990 2825 1014 2852 1,
1035 2824 1069 2856 p.
1091 2813 1188 2855 159).
1210 2812 1257 2844 Μ.
1282 2812 1319 2844 F.
1342 2811 1655 2844 ,Bliemetzrieder
1674 2810 1763 2853 (Ein

60 2866 165 2910 Bries
183 2868 242 2900 des
265 2867 535 2911 Gegenpapstes
553 2867 727 2900 Klemens
749 2867 840 2906 VII,
861 2867 953 2899 dans
972 2865 1218 2898 Historisches
1236 2864 1436 2903 Jahrbach,
1458 2870 1483 2897 t.
1505 2875 1601 2896 XXVI
1624 2863 1759 2906 (1905),

61 2931 95 2963 p.
119 2920 290 2964 574-575)
315 2931 335 2952 a
356 2920 482 2963 public
503 2931 575 2952 une
595 2920 706 2952 lettre
729 2920 772 2952 de
794 2919 964 2952 Clement
985 2919 1071 2961 VH,
1085 2918 1253 2950 invitant
1273 2918 1323 2950 les
1345 2917 1554 2950 cardinaux
1574 2918 1672 2949 crees
1694 2927 1764 2959 par

62 2973 207 3006 Urbain
230 2973 282 3006 VI
308 2973 329 3005 a
352 2984 397 3006 ne
421 2984 487 3016 pas
512 2978 686 3017 accepter
709 2972 740 3005 le
765 2972 948 3016 chapeau,
967 2979 1004 3004 et
1029 2971 1076 3004 M.
1104 2971 1154 3004 Cl.
1181 2970 1321 3003 Cochin
1343 2982 1416 3002 une
1440 2970 1524 3002 liste
1549 2970 1612 3002 des
1641 2968 1760 3002 cardi-

60 3037 163 3060 naux
177 3028 276 3060 crees
291 3037 359 3070 par
374 3025 519 3059 Urbain
533 3026 585 3058 VI
600 3025 664 3069 qui
686 3031 837 3068 compte
860 3025 1122 3068 vingt-quatre
1137 3024 1276 3067 prelats
1295 3023 1502 3067 (Melanges
1523 3022 1763 3065 d’arche'logie

60 3084 91 3112 et
113 3079 309 3118 d’histoire,
334 3085 360 3111 t.
386 3091 510 3111 xxvm
537 3078 672 3122 (1908),
698 3089 731 3122 p.
757 3078 944 3121 369-370).
