2083 3458
273 217 353 259 564
925 233 1074 257 NOTAE
1109 233 1169 257 AD
1205 233 1331 257 VITAs
1822 216 1974 272 [1048]

271 333 331 356 res
358 318 409 354 ad
437 317 699 355 concordiam
723 316 932 354 inclinare.
962 316 1113 354 Verum
1141 330 1234 354 cum
1273 317 1371 354 nihil
1399 330 1583 366 unquam
1612 316 1796 355 obtinere
1822 317 1979 366 potuis-

271 385 361 415 sent
390 376 442 413 ab
473 376 641 413 Urbano
670 383 838 425 propter
865 388 1072 414 summam
1100 375 1186 424 ejus
1216 376 1501 425 pertinaciam,
1531 376 1629 414 satis
1660 384 1801 414 autem
1829 376 1979 413 scirent

272 437 480 473 meliorem
505 450 589 473 esse
615 434 895 472 conditionem
921 434 1154 476 Clementis,
1180 449 1229 472 ne
1254 443 1395 473 tamen
1419 435 1575 485 aliquid
1597 435 1830 474 inconsulte
1855 435 1980 484 egisse

271 495 510 532 viderentur
552 495 708 544 legatos
737 493 994 532 Avenionem
1022 494 1166 532 misere
1196 494 1410 532 julianum
1437 495 1676 545 episcopum
1704 493 1980 532 Marsicanum

272 561 312 592 et
333 554 536 591 Thomam
557 553 605 591 de
627 553 784 603 Puppe,
807 553 1066 591 decretorum
1089 553 1315 600 doctorem,
1337 554 1623 603 exploraturos
1644 562 1827 592 mentem
1853 552 1981 591 cardi-

271 613 428 651 nalium
449 612 518 663 qui
538 612 722 650 fecerant
742 612 985 651 electionem
1007 611 1178 659 Urbani,
1200 627 1252 650 an
1273 626 1364 651 eam
1383 627 1477 651 vere
1497 621 1537 651 et
1556 626 1639 651 non
1660 613 1755 651 ficte
1775 612 1980 651 fecissent.

273 672 457 721 Cumque
478 671 705 710 cardinales
727 671 776 709 de
799 671 942 709 Crosso
964 672 1098 709 dictus
1122 672 1439 719 Lemovicensis,
1462 671 1767 719 Glandatensis‚
1790 672 1910 722 Hugo
1932 671 1980 709 de

269 730 500 778 Britannia,
523 730 788 778 Vivariensis,
814 731 1013 769 Geraldus
1036 731 1085 769 de
1108 731 1250 779 podio,
1274 740 1315 769 et
1338 731 1483 770 Petrus
1506 732 1554 770 de
1576 731 1726 770 Vernio
1748 730 1979 781 respondis·

270 799 362 829 sent
389 805 430 828 se
457 791 572 829 illam
600 789 742 829 fecisse
771 798 886 828 metu
915 790 1073 838 mortis,
1103 791 1203 828 alias
1233 805 1315 828 non
1336 791 1508 839 facturi,
1538 791 1724 841 adeoque
1751 791 1865 828 illam
1893 804 1978 829 esse

267 850 437 897 nullam,
460 849 687 888 cardinales
711 849 972 887 Florentinus
994 857 1036 888 et
1057 849 1373 888 Mediolanensis
1393 850 1436 888 in
1456 857 1594 900 partes
1615 849 1859 899 transgressi
1880 857 1978 887 sunt

268 922 376 947 anno
416 908 722 947 MCCCLXXX
760 923 842 947 non
881 909 992 959 quod
1032 908 1190 947 Urbani
1228 909 1479 947 acerbitatem
1517 910 1673 959 irasque
1704 908 1977 959 formidarent,

268 976 315 1006 ut
345 968 397 1006 ad
427 981 492 1007 an.
527 967 642 1016 1380,
681 968 697 1016 ἓ
729 967 790 1016 20,
826 968 945 1018 fingit
976 968 1174 1007 Odoricus
1208 968 1465 1018 Raynaldus,
1497 969 1566 1007 sed
1598 969 1693 1019 quia
1727 968 1825 1019 ipsis
1865 975 1976 1006 certo

268 1027 489 1066 constabat
505 1027 612 1065 illius
631 1028 874 1066 electionem
891 1042 1024 1078 neque
1041 1026 1213 1066 liberam
1231 1042 1363 1078 neque
1381 1029 1623 1067 canonicam
1641 1028 1777 1066 fuisse.
1798 1027 1976 1066 Profecti

266 1095 408 1126 autem
423 1087 557 1136 primo
573 1095 671 1125 sunt
690 1086 849 1125 Niciam
865 1087 907 1125 in
925 1082 1163 1135 Provincia3
1190 1102 1271 1137 quo
1288 1087 1338 1125 ad
1358 1102 1424 1126 eos
1441 1101 1464 1125 a
1479 1101 1571 1137 rege
1589 1087 1790 1126 Castellae
1806 1087 1977 1125 missum

266 1161 351 1186 esse
377 1146 617 1196 episcopum
643 1146 945 1194 Zamorensem,
974 1147 1043 1196 qui
1069 1161 1135 1185 eos
1160 1147 1202 1184 in
1231 1147 1477 1196 Hispaniam
1501 1146 1740 1193 adduceret,
1766 1153 1977 1185 testantur

267 1205 409 1244 literae
430 1205 617 1255 ejusdem
636 1205 739 1255 regis
762 1205 885 1244 datae
905 1219 1014 1244 anno
1037 1205 1380 1254 MCCCLXXXI,
1403 1220 1508 1244 xxlv
1529 1206 1608 1245 kal.
1629 1206 1733 1255 junii
1766 1205 1832 1256 [19
1852 1205 1974 1255 mai}

266 1264 396 1303 Addit
418 1273 559 1303 autem
581 1265 670 1303 illos
694 1279 735 1303 se
758 1279 974 1303 excusasse
997 1265 1049 1303 ab
1073 1280 1119 1304 eo
1140 1266 1302 1313 itinere,
1326 1273 1367 1303 et
1388 1265 1702 1303 informationes
1726 1279 1819 1303 suas
1843 1265 1975 1303 eidem

267 1324 459 1374 episcopo
487 1324 660 1372 dedisse,
690 1338 791 1375 quas
818 1325 885 1362 ille
913 1324 1064 1363 detulit
1091 1324 1145 1362 ad
1170 1338 1307 1374 regem
1335 1324 1447 1375 apud
1476 1324 1684 1363 Medinam
1712 1325 1776 1363 del
1804 1324 1972 1374 Campo.

268 1383 355 1422 Hae
382 1383 696 1422 informationes
724 1398 807 1422 non
833 1383 1030 1422 videntur
1056 1383 1180 1423 fuisse
1208 1385 1394 1423 diversae
1421 1398 1443 1423 a
1472 1384 1583 1422 facto
1608 1384 1849 1422 intrusionis
1875 1382 1974 1421 Bar-

263 1443 502 1490 tholomaei,
540 1443 650 1492 quod
686 1442 814 1482 habet
849 1443 955 1481 hanc
989 1443 1302 1493 inscriptionem
1336 1444 1379 1481 in
1414 1443 1552 1482 codice
1586 1441 1666 1481 814
1696 1443 1971 1481 bibliothecae

264 1502 523 1541 Colbertinae
551 1501 565 1524 1
600 1518 608 1540 :
651 1501 821 1540 Factum
854 1502 1094 1540 intrusionis
1126 1502 1394 1541 Bartlzolomei
1427 1502 1471 1540 in
1503 1511 1658 1552 papatu
1690 1502 1880 1540 traditum
1904 1517 1974 1551 per

262 1561 606 1599 reverendissimos
644 1570 775 1611 patres
813 1570 847 1600 et
885 1562 1066 1610 dominos
1104 1562 1285 1600 dominos
1324 1562 1603 1600 Florentinum
1639 1570 1674 1600 et
1692 1561 1972 1599 Mediolanum

262 1621 485 1659 cardinales
511 1620 687 1659 Ytalicos
707 1621 1067 1659 reverendisssimis
1087 1622 1272 1671 patribus
1291 1630 1326 1660 et
1343 1621 1518 1659 dominis
1537 1621 1712 1659 dominis
1732 1621 1970 1668 Albanensi,

268 1680 510 1728 Vioariensi,
532 1680 671 1718 Sancti
690 1680 914 1728 Eustachii,
933 1689 967 1718 et
985 1680 1124 1719 Sancti
1141 1681 1290 1730 Angeli
1308 1681 1585 1724 cardinalibus
1606 1681 1649 1718 in
1667 1680 1792 1718 Nicia
1807 1694 1896 1718 cum
1914 1680 1971 1717 eis

265 1739 488 1778 constitutis
507 1740 552 1777 de
571 1754 678 1777 anno
694 1739 864 1777 Domini
881 1740 1091 1778 millesimo
1106 1741 1368 1778 tricentesimo
1382 1740 1548 1778 LXXX
1563 1741 1655 1778 etde
1670 1754 1800 1778 mense
1818 1753 1970 1777 novem-

265 1798 356 1837 bris.
379 1799 547 1837 Venisse
567 1807 709 1838 autem
727 1807 872 1849 postea
895 1799 1181 1838 Florentinum
1200 1800 1457 1838 Avenionem
1477 1800 1528 1838 ad
1551 1800 1803 1838 Clementem
1822 1807 1969 1837 notum

262 1866 337 1905 est,
368 1859 493 1908 idque
524 1866 737 1908 praeterea
769 1866 973 1906 testatum
1005 1859 1172 1909 reliquit
1202 1859 1243 1896 in
1275 1873 1347 1897 sua
1381 1859 1638 1909 depositione
1672 1858 1720 1897 R.
1754 1859 1968 1909 episcopus

263 1917 516 1956 Giennensis.
540 1917 627 1955 Imo
643 1918 686 1956 in
704 1918 842 1957 codice
859 1917 935 1956 811
957 1918 1143 1968 ejusdem
1162 1918 1438 1956 bibliothecae
1471 1918 1730 1956 Colbertinae
1756 1917 1771 1940 ²
1791 1917 1970 1956 habetur

262 1977 432 2015 historia
450 1990 587 2015 rerum
607 1976 764 2015 Romae
784 1985 993 2027 gestarum
1010 1985 1106 2028 post
1124 1986 1301 2016 mortem
1321 1977 1503 2027 Gregorii
1524 1977 1586 2015 XI
1605 1977 1656 2015 ab
1676 1978 1819 2015 eodem
1839 1976 1969 2015 cardi-

262 2036 352 2075 nale
373 2036 619 2086 conscripta,
642 2036 758 2086 eujus
780 2037 844 2075 hic
864 2045 926 2075 est
946 2037 1093 2075 titulus
1116 2053 1123 2074 :
1148 2037 1199 2074 In
1218 2037 1374 2075 civitate
1392 2037 1612 2074 Avinionis
1631 2037 1693 2074 die
1710 2036 1813 2086 jovis
1831 2036 1968 2073 XVII

262 2093 387 2132 madii
413 2109 519 2132 anno
551 2110 574 2133 a
603 2094 808 2133 nativitate
833 2095 1004 2134 ‚Homini
1037 2094 1245 2134 millesimo
1267 2096 1607 2134 CCCLXXXVI
1632 2096 1819 2133 dominus
1840 2095 1967 2133 cardi-

260 2154 365 2192 nalis
387 2155 645 2192 Florentinus
667 2155 931 2204 interrogatus
951 2170 1021 2205 per
1042 2156 1163 2193 dictos
1185 2156 1366 2193 dominos
1387 2155 1690 2203 ambasciatores,
1715 2169 1774 2192 me
1791 2163 1967 2205 presente

260 2214 424 2261 notario,
450 2214 610 2262 juratus
636 2228 739 2251 more
764 2215 1079 2264 presbyterorum
1104 2215 1235 2265 posita
1261 2229 1385 2252 manu
1410 2215 1462 2252 ad
1485 2224 1619 2264 pectus
1646 2214 1824 2252 narravit
1848 2222 1966 2252 totam

258 2273 398 2310 seriem
438 2273 638 2311 electionis
679 2273 863 2311 celebrate
905 2274 948 2311 in
986 2275 1089 2312 Urbe
1121 2283 1208 2324 post
1249 2282 1408 2312 mortem
1449 2274 1603 2312 domini
1649 2273 1830 2323 Gregorii
1871 2273 1965 2310 bone

259 2333 441 2369 memorie
477 2346 580 2381 pape
610 2332 680 2369 XI
708 2347 778 2383 per
809 2333 913 2370 hunc
945 2334 1114 2372 modum.
1146 2334 1263 2371 Dia‘it
1293 2334 1400 2371 enim
1428 2334 1530 2383 quod
1557 2334 1678 2370 moris
1705 2342 1760 2371 est
1787 2329 1964 2370 Romane

258 2405 377 2438 curie,
406 2399 481 2430 etc.

311 2450 562 2500 Episcopum
585 2451 873 2490 Zamorensem
895 2452 1011 2501 cujus
1034 2453 1157 2502 paulo
1179 2460 1276 2490 ante
1298 2452 1467 2491 fecimus
1490 2452 1744 2490 mentionem
1765 2460 1960 2490 vocatum

258 2509 379 2547 fuisse
410 2510 609 2547 Alvarum
639 2511 760 2549 docet
782 2511 911 2549 codex
948 2511 1205 2549 Haizacaiius
1233 2510 1262 2558 3,
1287 2512 1328 2549 in
1357 2526 1437 2561 quo
1467 2511 1671 2561 descripta
1701 2518 1798 2548 sunt
1823 2511 1963 2548 Dubia

257 2568 409 2605 domini
438 2569 630 2617 Toletani,
657 2578 703 2607 ut
729 2570 807 2607 fert
831 2570 992 2617 titulus,
1020 2571 1112 2608 data
1143 2570 1302 2607 domino
1326 2570 1474 2607 Alvaro
1506 2571 1690 2619 episcopo
1714 2570 1961 2617 Zamorensi‚

255 2627 322 2676 qui
347 2627 428 2664 ibat
451 2627 615 2665 Niciam
638 2629 690 2666 ad
710 2629 933 2666 cardinales
956 2629 1233 2667 Florentinum
1255 2638 1289 2667 et
1311 2630 1355 2666 de
1378 2629 1622 2667 Mediolano.

311 2686 503 2735 Superest
520 2695 566 2724 ut
582 2688 779 2726 nonnulla
796 2690 922 2727 etiam
940 2689 1123 2726 dicamus
1142 2689 1189 2726 de
1205 2689 1251 2726 iis
1270 2702 1374 2738 quae
1391 2696 1504 2737 gesta
1527 2696 1624 2726 sunt
1643 2696 1739 2738 post
1757 2701 1960 2727 recessum

257 2745 526 2783 cardinalium
555 2746 606 2783 ab
637 2746 819 2795 Urbano,
851 2761 943 2785 cum
971 2748 1027 2785 illi
1056 2757 1191 2786 essent
1220 2747 1330 2797 apud
1360 2747 1606 2797 Anagniam,
1636 2747 1705 2785 ubi
1736 2747 1961 2785 actitatum

255 2812 315 2841 cst
335 2803 383 2841 de
405 2804 647 2842 celebranda
668 2806 865 2844 electione
884 2806 1024 2845 libera.
1047 2807 1241 2845 Testatur
1266 2814 1406 2844 autem
1431 2807 1647 2844 cardinalis
1669 2806 1959 2844 Glandatensis

255 2878 294 2902 se
312 2871 351 2900 ct
371 2863 620 2901 cardinalem
639 2865 687 2902 de
704 2865 853 2904 Vernio
872 2866 1071 2915 cogitasse
1091 2866 1138 2903 de
1157 2866 1342 2911 eligendo
1361 2866 1609 2904 Florentino.
1627 2865 1738 2903 Haec
1756 2873 1852 2903 sunt
1870 2865 1904 2914 ej
1914 2880 1957 2902 us

427 2993 480 3028 κη,
500 3005 565 3025 ms.
584 2994 678 3026 latin
695 2994 800 3031 1469,
819 2995 879 3028 fol.
899 2997 943 3029 83
961 3001 1003 3035 ro,
1023 2996 1067 3029 89
1085 3000 1135 3029 vo.
1156 2983 1160 2991 ’

432 3046 484 3081 Νη
510 3059 574 3079 ms,
599 3047 691 3079 latin
712 3047 816 3083 1462,
848 3049 908 3081 sol.
941 3050 985 3081 50
1014 3054 1057 3082 1⁰.

434 3099 489 3137 ,κ
521 3111 584 3131 ms.
613 3100 706 3132 latin
737 3101 861 3141 nm,
891 3102 951 3135 f01.
982 3103 1024 3135 97
1054 3107 1103 3135 vo.

302 2992 332 3023 ’1.
368 2993 401 3024 Β.
426 3019 434 3024 .

304 3045 320 3061 ἶ)

368 3046 401 3077 Ιί.

302 3098 331 3129 3.
364 3097 401 3129 B.
