2083 3458
107 231 230 286 [682]
636 247 850 272 PAPARUM
886 247 1253 273 AVENIONENSUM
1716 233 1795 273 ,1⁷69

149 331 293 368 Petrus
332 329 477 367 deinde
516 329 638 368 Testa
677 330 890 380 episcopus
929 330 1234 370 Condomiensis
1254 331 1267 353 ¹
1305 331 1494 369 interfuit
1535 332 1795 370 celeberrimo

93 388 264 427 concilio
281 388 442 426 Parisiis
458 387 600 426 habito
616 402 723 426 anno
740 389 874 427 MCCC
882 389 1059 428 XCVIII
1075 399 1116 429 et
1131 390 1310 428 omnimo
1326 390 1483 428 censuit
1499 390 1795 429 decernendam

94 462 180 486 esse
210 447 535 485 subtractionem
565 447 821 486 obedientiae
841 448 1053 487 Benedicti
1076 449 1183 486 XIII
1213 448 1432 499 pertinacis
1462 449 1657 488 adversus
1686 449 1795 499 jura-

96 514 283 545 mentum
308 520 438 544 suum.
470 506 516 543 In
540 505 676 543 codice
700 521 820 556 porro
843 505 921 544 819
944 507 1215 546 bibliothecae
1241 507 1495 546 Colbertinar
1513 507 1527 530 2
1551 516 1668 546 extat
1692 517 1796 546 trac-

96 573 210 603 tatus
237 564 392 603 domini
419 564 529 602 Petri
555 565 677 602 Testa
705 564 882 615 episcopi
909 566 1196 605 Condomiensi
1223 566 1327 604 circa
1354 566 1540 605 eamdem
1567 567 1795 605 materiam.

153 625 198 661 In
215 624 343 662 veteri
362 623 510 662 scheda
529 623 903 674 archiepiscopatus
923 625 1198 664 Narbonensis
1218 625 1403 664 confecta
1422 639 1529 663 anno
1548 626 1796 672 MCCCCIX,

95 683 161 721 (lie
185 698 228 720 tx
253 682 371 732 junii,
398 682 635 720 nominatur
661 682 840 721 Joannes
866 684 1001 731 Testa,
1028 684 1261 722 licentiatus
1286 684 1329 722 in
1352 683 1521 733 legibus,
1547 684 1798 722 baccalarius

96 742 139 779 in
164 741 359 788 Decretis,
386 741 603 779 canonicus
630 741 833 779 Ecclesiae
857 742 1112 789 Biterrensis,
1137 751 1178 781 et
1201 742 1376 781 vicarius
1402 743 1596 792 generalis
1620 743 1662 781 in
1685 743 1798 793 spiri-

97 801 278 839 tualibus
315 809 356 838 et
391 800 687 850 temporalibus
724 800 1016 852 archiepiscopi
1054 801 1329 840 Narbonensis

152 860 194 897 P.
223 859 283 906 76,
307 859 372 909 lig.
399 859 433 897 3.
460 859 632 897 MAGNO.
660 859 837 897 Geoss'roi
862 860 909 898 de
934 860 1122 907 Chai-nai,
1146 863 1387 911 precepteur
1410 861 1458 898 de
1484 860 1745 899 Normandie.

152 919 196 957 P.
225 918 286 966 76,
311 918 378 968 lig.
407 917 466 956 10.
498 918 609 956 Duo.
640 918 690 955 Ils
717 918 872 956 etaient
898 919 1009 966 trois,
1036 919 1124 957 voir
1147 934 1284 969 supra,
1311 934 1349 970 p.
1378 919 1464 958 143.

153 978 194 1015 Ρ.
219 970 280 1023 76,
300 977 367 1027 lig.
392 977 452 1015 17.
477 977 700 1015 SEPTIMUM
724 977 1050 1016 DECRETALIL·M.
1071 977 1305 1016 Bonifacius
1327 978 1375 1016 de
1390 979 1610 1021 Amanatis
1631 978 1672 1015 in
1688 993 1801 1028 proc-

99 1036 227 1074 mium
244 1035 591 1074 Clementinarum
604 1036 791 1085 disputat
806 1050 858 1074 an
873 1037 973 1075 liber
987 1037 1076 1083 iste,
1091 1037 1184 1087 quia
1201 1038 1407 1075 volumem
1422 1045 1484 1075 est
1498 1052 1569 1087 per
1584 1052 1638 1083 se,
1654 1037 1804 1075 debeat

97 1095 179 1133 dici
205 1095 306 1133 liber
333 1095 531 1145 septimus
550 1095 827 1133 Decretalium.
861 1096 922 1133 Ita
951 1111 1046 1134 vero
1074 1110 1146 1145 ego
1167 1104 1363 1134 vocatum
1390 1096 1519 1146 reperi
1545 1095 1587 1134 in
1610 1095 1802 1133 Chronico

99 1155 260 1192 illorum
294 1162 526 1204 temporum
552 1154 661 1203 quod
686 1162 803 1192 extat
842 1154 883 1192 in
907 1155 1043 1193 codice
1067 1153 1200 1192 54963
1235 1154 1507 1193 bibliothecae
1532 1155 1802 1201 Colbertinae,

99 1213 170 1251 uhi
192 1213 250 1251 ita
274 1213 472 1263 scriptum
497 1221 558 1251 est
583 1228 590 1250 ε
619 1213 695 1250 Iste
711 1213 890 1251 Clemens
914 1227 1021 1263 papa
1044 1214 1095 1251 acl
1116 1213 1343 1264 petitionem
1365 1213 1748 1263 archiepiscoporum
1772 1221 1805 1251 et

97 1272 372 1322 episcoporum
387 1279 420 1309 et
434 1272 604 1310 aliorum
619 1272 799 1322 plurium
814 1274 1049 1322 prelatorum
1065 1272 1276 1310 concilium
1292 1272 1467 1321 generale
1481 1273 1590 1322 apud
1609 1272 1805 1309 Viennam

108 1331 234 1369 Gallie
254 1331 517 1380 congregavit,·
540 1331 608 1368 ubi
629 1345 697 1381 per
730 1331 862 1381 ipsum
883 1331 1130 1378 Clementem,
1152 1331 1314 1381 prelatis
1332 1331 1556 1380 faventibus
1577 1339 1609 1368 et
1629 1331 1804 1368 assiden-

100 1391 207 1428 tibus
228 1399 262 1428 et
283 1390 609 1428 concordantibus
631 1405 716 1427 cum
742 1390 839 1440 ipso.
864 1390 1055 1440 septimus
1077 1390 1174 1428 liber
1195 1389 1517 1427 constitutionum
1539 1390 1805 1439 plurimarum

101 1449 228 1487 editus
253 1449 343 1499 fuit.
374 1449 428 1486 Et
454 1449 591 1486 infra4
619 1465 626 1487 :
658 1449 734 1487 Sec]
760 1449 939 1486 Clemens
966 1464 1074 1499 papa
1103 1449 1233 1499 ipsam
1259 1448 1491 1486 sententiam
1519 1449 1621 1497 regis
1648 1449 1805 1486 Boberti

99 1508 290 1546 revocavit
305 1516 339 1546 et
356 1508 538 1555 irritavit,
555 1508 657 1546 sicut
675 1508 716 1545 in
733 1508 897 1558 septimo
914 1508 1013 1546 libro
1030 1507 1352 1546 constitutionum
1369 1507 1586 1545 continetur
1602 1515 1635 1544 et
1651 1507 1803 1556 legitur.

107 1568 209 1606 Item
241 1567 351 1618 apud
385 1568 588 1605 Joannem
619 1567 854 1614 Villanium,
887 1567 954 1605 lib.
992 1568 1065 1613 IX,
1098 1582 1185 1617 cap.
1220 1581 1352 1604 Lxx1x
1387 1566 1614 1615 [Muratori,
1647 1574 1675 1604 t.
1719 1581 1804 1611 xm,

102 1627 177 1665 col.
203 1627 293 1676 483]
319 1634 360 1664 et
382 1626 424 1664 in
454 1626 580 1664 literis
604 1640 705 1676 quas
730 1626 902 1664 Michael
924 1626 973 1664 de
997 1626 1173 1664 Caesena
1197 1625 1358 1676 scripsit
1385 1639 1492 1663 anno
1517 1625 1805 1663 MCCCXXXI

103 1686 156 1723 ad
182 1685 393 1723 universos
421 1685 565 1723 fratres
594 1685 745 1723 ordinis
774 1685 977 1723 Minotum
1005 1685 1309 1734 congregandos
1335 1684 1377 1722 in
1404 1684 1662 1734 Perpiniano,
1691 1698 1806 1733 quas,

103 1744 228 1783 refert
247 1744 438 1782 Nicolaus
458 1744 649 1782 Minorita
667 1743 682 1767 ⁵
702 1744 769 1782 fol.
791 1744 879 1791 267,
899 1752 931 1781 et
950 1759 1017 1793 per
1034 1744 1158 1781 aliam
1176 1743 1399 1781 decretalem
1419 1743 1461 1780 in
1485 1742 1700 1780 Viennensi
1719 1757 1806 1779 con-

101 1803 194 1841 cilio
227 1804 517 1853 promulgatam
549 1811 583 1841 et
616 1803 659 1840 in
690 1803 855 1853 septimo
887 1804 961 1840 sub
994 1803 1105 1840 titulo
1139 1803 1183 1840 de
1215 1802 1418 1839 verborum
1450 1810 1483 1839 et
1514 1801 1808 1850 significatione

105 1863 304 1901 insertam.
344 1863 434 1912 Ipse
468 1862 593 1900 etiam
627 1876 731 1912 pape
768 1863 947 1900 Joannes
984 1862 1110 1899 XXII
1146 1861 1203 1899 ita
1239 1860 1342 1899 citat
1374 1860 1417 1898 in
1450 1860 1621 1910 epistola
1656 1860 1807 1910 scripta

101 1936 212 1959 anno
256 1921 503 1959 MCCCXXI
549 1921 602 1959 ad
647 1922 850 1959 Joannem
895 1921 1131 1971 episcopum
1176 1921 1564 1969 Argentoratensem
1612 1919 1808 1956 adversus

102 1980 305 2030 Beguinas
323 1980 338 2003 ⁶
362 1996 368 2018 :
393 1980 593 2018 occasione
614 1980 906 2018 constitutionis
929 1994 1021 2017 nove
1042 1979 1166 2029 posite
1186 1979 1260 2016 sub
1282 1978 1393 2016 titulo
1415 1979 1459 2016 cle
1479 1986 1582 2015 statu
1605 1978 1807 2015 monacho-

102 2053 191 2077 rum
203 2039 303 2077 libro
313 2039 479 2089 septimo
491 2053 562 2089 que
574 2039 718 2089 incipit
728 2039 855 2077 «Cum
867 2040 911 2076 cle
923 2038 1160 2089 quibusdam
1172 2037 1433 2075 mulieribus»
1445 2037 1472 2084 ⁷,
1485 2045 1560 2075 etc.
1577 2037 1807 2086 Quanquan

104 2098 229 2136 falsus
257 2106 319 2136 est
345 2098 387 2136 in
412 2099 489 2136 hoc
516 2099 604 2136 loco
632 2098 805 2148 scriptor
832 2112 975 2148 papae.
1001 2097 1165 2135 Etenim
1192 2111 1238 2134 ea
1256 2095 1473 2134 Clementis
1502 2096 1535 2132 V
1564 2095 1805 2133 constitutio

102 2165 222 2195 extat
236 2157 278 2194 in
293 2157 415 2195 titulo
432 2157 480 2195 de
496 2157 689 2207 religiosis
707 2157 910 2203 domibus,
927 2164 974 2194 ut
989 2156 1178 2206 episcopo
1195 2155 1276 2193 sint
1291 2155 1513 2204 subjectae.
1536 2154 1650 2192 Istud
1667 2162 1807 2192 tamen

106 2230 188 2254 non
206 2216 400 2254 obtinuit.
423 2216 555 2254 Hodie
574 2215 681 2254 enim
700 2216 801 2254 liber
819 2215 883 2254 ille
902 2230 983 2253 non
1002 2223 1175 2252 vocatur
1192 2214 1293 2252 liber
1316 2213 1514 2263 septimus
1529 2212 1807 2259 Decretalium,

104 2275 176 2313 sed
206 2274 473 2313 Clementinae
502 2283 683 2322 tantum,
715 2275 826 2325 quod
855 2274 994 2323 etiam„
1027 2273 1242 2311 obtinebat
1272 2286 1374 2310 avoe
1405 2271 1575 2310 Joannis
1606 2271 1805 2309 Andreae.

106 2334 250 2372 Tradit
276 2334 456 2372 Joannes
483 2333 713 2372 Aventinus
740 2334 781 2371 in
806 2333 910 2371 libro
936 2332 1111 2383 septimo
1138 2331 1362 2370 Annalium
1388 2330 1591 2377 Boiorum,
1617 2330 1740 2379 idque
1767 2344 1807 2367 se

104 2392 307 2443 accepisse
327 2392 386 2431 ait
405 2407 456 2431 ex
476 2393 666 2440 Occamo,
688 2393 945 2431 Clementum
965 2406 1055 2430 eam
1077 2391 1126 2429 ob
1148 2404 1313 2429 causam
1334 2389 1605 2440 supersedisse
1625 2388 1806 2438 publica-

107 2451 218 2490 tione
243 2451 407 2502 spetimi
431 2451 523 2489 libri
538 2448 807 2489 Decretalium¹
830 2451 939 2501 quod
965 2451 1005 2488 in
1031 2465 1077 2488 eo
1103 2450 1233 2487 multa
1260 2448 1567 2486 continerentur
1584 2461 1687 2497 quae
1714 2447 1806 2484 sim-

106 2510 283 2560 plicitati
315 2510 561 2549 christianae
593 2517 634 2549 et
664 2510 848 2549 libertati
878 2509 1081 2559 religionis
1113 2508 1385 2558 imponerent,
1413 2507 1597 2556 adeoque
1625 2506 1804 2544 animam

161 2677 189 2709 1.
208 2676 344 2709 Baluze
362 2682 526 2709 commet
540 2676 586 2709 ici
602 2688 674 2709 une
690 2676 859 2720 meprise.
879 2676 1066 2718 L'eveque
1083 2675 1127 2707 de
1144 2674 1323 2712 Condom,
1340 2672 1477 2716 auquel
1492 2671 1516 2704 il
1533 2672 1655 2704 donne
1671 2672 1702 2704 le
1719 2683 1808 2704 nom

107 2729 154 2762 de
173 2729 294 2762 Pierre
312 2729 414 2769 Τέῐθ,
432 2729 601 2773 s’appela
617 2730 785 2762 Bernard
801 2729 990 2762 Alamand
1007 2739 1069 2761 sur
1084 2727 1205 2771 lequel
1224 2738 1271 2759 on
1289 2732 1466 2758 trouvera
1482 2736 1554 2758 une
1572 2724 1697 2758 notice
1714 2724 1806 2758 dans

108 2783 139 2815 le
162 2783 417 2816 Dictionnaire
440 2782 624 2816 d'histoire
647 2787 677 2815 et
701 2783 742 2815 cle
766 2782 982 2825 geographie
1005 2780 1277 2822 ecclesiastique,
1304 2785 1330 2812 t.
1355 2791 1378 2818 1,
1405 2778 1471 2811 col.
1499 2778 1604 2818 1327,
1631 2778 1734 2812 1328.

159 2836 189 2868 ἦ.
215 2835 256 2868 Β.
284 2834 342 2875 Ν.,
367 2845 435 2868 mS.
460 2835 554 2868 latin
577 2834 682 2875 1481,
708 2835 732 2869 f.
759 2836 804 2869 50
826 2835 923 2868 r0-79
946 2838 985 2867 1⁰.

183 2914 190 2921 .
215 2888 255 2921 B.
282 2888 340 2928 N.,
364 2899 431 2921 ms.
455 2888 550 2921 latin
572 2887 677 2928 5006,
701 2888 726 2921 f.
751 2889 820 2921 170
844 2891 895 2921 v0.

183 2967 191 2974 .
214 2941 254 2974 Β.
280 2940 337 2981 Ν.,
360 2952 427 2974 ms.
449 2941 544 2973 latin
564 2940 669 2981 5006,
692 2941 716 2974 f.
741 2941 810 2974 174
832 2944 882 2974 v0.

184 3019 191 3027 .
219 2994 259 3027 Β.
289 2993 346 3033 Ν.,
375 3005 441 3027 ms.
469 2993 563 3026 latin
588 2993 693 3027 5154.

184 3072 192 3080 .
215 3047 363 3086 Baluze,
387 3052 413 3080 t.
435 3058 486 3087 111,
510 3059 544 3090 p.
568 3048 649 3080 354.

184 3125 192 3132 .
220 3099 403 3138 Clement,
430 3099 492 3133 lib.
523 3100 592 3140 III,
621 3099 679 3133 tit.
707 3111 758 3139 xl,
786 3111 815 3132 c.
846 3100 874 3132 l.

158 2859 180 3133 xlmvtffioet
