2083 3458
49 239 197 294 [1314]
566 253 783 279 PAPARUM
818 252 1201 278 AVENioNENsmM
1651 234 1739 275 829Δ

36 338 159 388 idque
184 353 224 376 se
251 338 381 376 facere
407 337 466 374 ait
490 352 561 375 rex
590 337 763 375 Karolus
792 336 887 386 quia
912 335 1021 374 idem
1047 336 1191 373 Petrus
1218 334 1266 372 de
1293 334 1490 383 Magnaco
1518 348 1590 383 pro
1616 347 1731 382 posse

36 412 108 436 suo
137 398 400 435 laboraverat
429 404 470 434 et
497 397 719 446 juvaverat
747 404 794 433 ut
823 403 1005 434 castrum
1034 393 1337 440 Lemovicense,
1367 392 1462 430 villa
1492 391 1631 430 Sancti
1662 392 1731 428 Ju-

38 456 163 504 niani,
186 464 227 494 et
249 455 384 506 patria
408 455 699 495 circumvicina
723 454 776 492 ad
799 454 1077 492 obedientiam
1100 453 1254 503 regiam
1278 452 1454 502 plenarie
1479 451 1732 489 devenirent.

92 515 236 554 Nescio
269 523 410 553 autem
442 529 581 552 annon
612 513 798 564 ejusdem
829 513 1046 552 cardinalis
1081 511 1286 562 Aymerici
1319 511 1445 548 frater
1478 510 1599 548 fuerit
1631 510 1734 547 alter

42 574 186 613 Iterius
212 574 260 612 de
287 573 501 620 Manhaco,
526 573 761 611 licentiatus
786 573 827 611 in
852 572 1023 610 decretis
1048 580 1089 610 et
1114 571 1443 620 archipresbyter
1466 568 1732 607 Belchitensis

38 634 79 671 in
100 633 274 672 dioecesi
295 634 690 682 Caesaraugustana,
708 646 830 682 quem
844 646 952 669 anno
968 630 1307 676 MCCCLXVIII,
1324 629 1386 667 die
1403 644 1459 666 xv
1475 627 1733 678 septembris,

38 692 194 743 reperio
221 691 343 730 fuisse
370 692 481 742 apud
510 691 749 729 Narbonam
776 705 856 740 quo
889 699 1074 740 tempore
1103 688 1341 738 Aymericus
1380 688 1605 725 vicecomes
1635 687 1733 723 Nar-

39 751 229 790 bonensis
265 751 504 800 homagium
548 751 645 789 fecit
681 751 802 788 Petro
838 750 885 788 de
925 749 1085 787 Judicia
1112 747 1419 797 archiepiscopo
1458 745 1732 791 Narbonensi3

40 825 120 861 qua
143 811 190 849 de
212 825 252 849 re
275 819 416 848 actum
438 818 499 847 est
521 824 658 860 supra,
680 824 720 859 p.
745 809 859 847 1131.

96 870 274 909 Rursum
303 869 508 919 Aymerici
536 869 662 907 frater
690 868 811 906 fuisse
841 867 1005 905 videtur
1034 864 1260 905 Geraldus1
1290 865 1337 902 de
1367 865 1578 913 Magnaco,
1607 863 1735 901 archi-

40 929 235 967 diaconus
260 929 307 967 de
330 928 510 966 Baltesio
533 928 575 965 in
599 927 778 965 Ecclesia
798 926 1118 972 Constantiensi,
1141 924 1393 973 tandemque
1419 923 1632 973 episcopus
1653 922 1735 959 Tri-

41 988 253 1034 dentinus,
280 988 327 1025 de
353 1002 433 1037 quo
458 987 626 1025 videndi
649 986 839 1031 Bzovius,
865 1000 929 1023 an.
958 985 1072 1031 1346,
1104 985 1119 1033 ξ
1144 984 1186 1029 S,
1213 983 1335 1022 Odor.
1366 982 1619 1031 Raynaldus,
1645 982 1735 1019 eod.

39 1061 120 1095 an„
148 1047 164 1095 ἓ
187 1047 236 1084 36
256 1062 336 1096 sq.;
359 1061 423 1084 an.
450 1046 563 1093 1347,
593 1048 608 1095 ξ
631 1046 666 1093 2,
689 1046 725 1091 3,
747 1054 788 1083 et
811 1044 909 1082 1355
938 1045 953 1092 ξ
976 1044 1011 1091 2,
1036 1045 1055 1081 7
1078 1052 1118 1081 et
1142 1042 1350 1092 Ughellus,
1371 1048 1403 1079 t.
1427 1056 1450 1077 v
1476 1041 1617 1078 Italiae
1642 1055 1740 1086 sac,

46 1114 70 1144 t.
89 1122 127 1153 V,
140 1121 178 1156 p.
196 1106 284 1144 627.
302 1105 504 1143 Eumdem
520 1105 641 1143 fuisse
658 1104 901 1142 canonicum
916 1104 1223 1141 Nannetensem
1235 1109 1353 1151 patet
1368 1115 1418 1138 ex
1431 1099 1736 1145 Ghirardaccio,

40 1165 108 1204 lib.
136 1165 238 1203 XXI
261 1165 366 1202 Hist.
390 1166 560 1210 Borma„
581 1179 620 1214 p.
646 1164 732 1202 130.

95 1225 212 1262 Nunc
242 1224 413 1263 tandem
441 1224 654 1262 redeamus
685 1223 737 1260 ad
769 1222 1043 1271 Aymericum.
1079 1221 1114 1258 Is
1145 1235 1195 1258 ex
1231 1220 1385 1257 decano
1418 1217 1645 1263 Parisiensi,
1676 1216 1738 1254 uti

41 1284 240 1334 scriptum
263 1292 325 1321 est
347 1283 389 1320 in
411 1283 497 1332 ejus
522 1282 748 1332 epitaphio,
772 1296 841 1319 seu
865 1281 1001 1331 potius
1034 1295 1084 1318 ex
1115 1278 1402 1317 archidiacono
1428 1276 1667 1315 Pissiacensi
1698 1276 1737 1313 in

45 1342 223 1382 Ecclesia
241 1342 494 1389 Carnotensi,
512 1341 573 1379 uti
590 1342 715 1379 habet
731 1341 941 1390 Regestum
958 1339 1114 1377 Urbani
1131 1337 1279 1388 quinti,
1299 1338 1431 1375 factus
1448 1344 1509 1374 est
1525 1335 1736 1385 episcopus

44 1401 279 1440 Parisicnsis
314 1401 440 1439 literis
476 1401 582 1439 datis
617 1401 728 1450 apud
764 1399 1188 1444 Montemssasconem,
1222 1411 1266 1435 1x
1302 1396 1382 1434 kal.
1419 1395 1595 1433 octobris
1631 1409 1738 1431 anno

42 1461 217 1512 septimo
257 1461 321 1511 [23
349 1461 579 1511 septembre
610 1459 751 1509 1379),
780 1458 975 1509 postridie
1004 1457 1195 1495 videlicet
1223 1470 1348 1506 quam
1376 1455 1623 1504 Stephanus,
1652 1453 1737 1502 ejus

43 1521 228 1559 decessor
266 1520 308 1557 in
338 1520 430 1558 sede
463 1519 694 1565 Parisiensi,
725 1526 890 1556 evectus
922 1526 984 1555 est
1014 1517 1066 1554 ad
1098 1515 1343 1565 dignitatem
1374 1512 1603 1552 cardinalis.
1636 1513 1739 1549 Tum

44 1580 106 1618 die
127 1579 331 1618 dominica
350 1579 473 1617 tertia
493 1578 700 1628 sequentis
721 1577 869 1615 mensis
890 1575 1114 1615 decembris
1136 1574 1358 1613 celebravit
1376 1573 1602 1622 ingressum
1621 1586 1741 1609 suum

43 1639 267 1678 solemnem
292 1638 333 1676 in
359 1639 502 1676 urbem
531 1637 813 1683 Parisiensem,
838 1644 1028 1686 portatus
1054 1649 1128 1685 pro
1156 1648 1265 1673 more
1294 1633 1344 1669 ab
1371 1630 1537 1670 ecclesia
1565 1631 1738 1669 Sanctae

44 1698 277 1737 Genovefae
297 1698 348 1735 ad
369 1697 581 1735 ecclesiam
601 1696 895 1735 cathedralem.
922 1695 1041 1733 Hune
1063 1702 1203 1731 autem
1226 1692 1261 1731 ei
1283 1693 1480 1729 honorem
1500 1690 1647 1727 habuit
1671 1704 1742 1726 rex

43 1760 91 1795 ut
111 1757 225 1794 illum
246 1771 395 1806 eosque
417 1756 486 1806 qui
506 1756 547 1793 in
568 1755 770 1794 comitatu
791 1755 878 1804 ejus
899 1762 1017 1792 erant
1038 1752 1228 1791 convivio
1249 1750 1455 1801 exceperit
1476 1749 1585 1799 apud
1608 1750 1739 1798 Lupa-

44 1831 145 1855 ram.
172 1817 282 1855 Haec
304 1816 455 1866 scripta
479 1824 575 1853 sunt
597 1829 618 1853 a
641 1814 929 1853 continuatore
953 1812 1107 1851 Gallico
1131 1810 1282 1861 Nangii
1300 1810 1327 1848 2.

98 1876 216 1913 Anno
243 1875 507 1923 MCCLXXI,
526 1874 589 1912 die
615 1882 763 1924 quarta
788 1872 941 1919 martii,
961 1871 1063 1910 obiit
1085 1873 1245 1910 Joanna
1268 1884 1371 1907 uxor
1395 1867 1536 1905 Karoli
1556 1867 1623 1912 IV,
1640 1866 1740 1915 regis

47 1936 311 1981 Francorum,
345 1934 460 1984 cujus
493 1929 639 1983 corpus
673 1933 857 1971 delatum
890 1940 951 1969 est
983 1931 1035 1968 ad
1067 1929 1280 1969 ecclesiam
1320 1927 1598 1966 cathedralem
1633 1925 1741 1963 Pari-

45 1994 217 2033 siensem
239 1994 416 2032 sabbato
437 1992 639 2042 sequenti,
662 2001 702 2030 et
721 1988 786 2030 'die
810 1992 929 2029 lunae
951 1990 1132 2028 solennia
1157 1987 1307 2026 funeris
1330 1987 1416 2036 ejus
1438 1984 1620 2036 peracta,
1643 1985 1742 2022 cele-

45 2054 191 2091 brante
218 2053 386 2090 missam
414 2052 629 2101 Aymerico
657 2051 846 2102 episcopo
875 2048 1110 2095 Parisiensi3
1146 2063 1197 2086 ex
1231 2047 1375 2085 eodem
1410 2045 1695 2083 continuatore
1713 2043 1742 2080 3.

100 2112 238 2150 Fuisse
265 2111 381 2151 illum
407 2112 519 2162 apud
547 2110 803 2148 Avenionem
829 2109 946 2147 initio
974 2107 1071 2145 anni
1099 2105 1395 2145 MCCCLXXV
1424 2105 1542 2142 docet
1570 2102 1740 2152 epistola

48 2170 231 2221 Gregorii
252 2171 312 2208 XI
335 2171 387 2208 ad
409 2185 503 2209 eum
525 2169 677 2220 scripta
703 2168 820 2207 nonis
847 2168 901 2218 [7]
927 2167 1037 2214 maii,
1065 2180 1190 2216 quam
1210 2165 1357 2203 recitat
1380 2162 1648 2211 Waddingus,
1676 2176 1741 2199 an.

47 2231 161 2278 1375,
199 2230 215 2278 ἓ
248 2230 295 2268 13
338 2229 385 2279 [t.
419 2245 503 2277 vni,
534 2243 572 2279 p.
604 2227 711 2277 31l].
745 2227 942 2277 Ejusdem
975 2225 1178 2275 Aymerici
1209 2223 1461 2262 mentionem
1494 2220 1593 2259 facit
1636 2220 1744 2257 idem

47 2288 262 2339 Gregorius
292 2289 332 2326 in
361 2289 534 2339 epistola
564 2286 753 2337 sequenti
783 2301 920 2324 mense
950 2284 1174 2335 septembri
1202 2282 1355 2333 scripta
1396 2282 1448 2318 ad
1482 2280 1681 2318 Karolum
1711 2279 1743 2315 V

46 2363 180 2399 regem
202 2348 465 2394 Francorum,
486 2361 590 2397 quae
609 2346 721 2385 edita
740 2354 801 2384 est
820 2359 842 2383 a
864 2344 1068 2382 Fantonio
1087 2357 1173 2393 par.
1198 2343 1212 2379 I
1232 2342 1341 2379 Hist.
1363 2340 1573 2386 Avenion„
1593 2353 1632 2388 p.
1654 2338 1742 2375 243.

105 2409 148 2445 In
189 2407 325 2446 codice
364 2405 442 2445 822
479 2406 752 2443 bibliothecae
793 2403 1050 2442 Colbertinae
1068 2402 1083 2424 4
1128 2403 1227 2439 haec
1265 2400 1417 2449 scripta
1457 2406 1553 2436 sunt
1575 2413 1582 2434 :
1625 2398 1748 2434 Anno⁴

44 2466 211 2504 Domini
240 2465 598 2511 MCCCLXXVI,
632 2479 764 2501 xxviii
800 2463 860 2501 die
884 2461 1128 2512 septembris,
1151 2461 1312 2510 fuerunt
1339 2458 1526 2496 Parisius
1552 2455 1744 2506 publicati

47 2540 250 2576 processus
289 2533 422 2562 contra
456 2523 705 2561 Florentinos
748 2537 816 2572 per
846 2521 1051 2559 dominum
1077 2519 1333 2569 Aymericum
1366 2517 1595 2567 episcopum
1630 2514 1744 2551 Pari-

97 2695 128 2728 1.
157 2695 307 2729 Geraud
326 2695 369 2727 de
388 2693 550 2726 Manhac
568 2704 612 2725 ne
631 2692 758 2736 parait
774 2703 841 2735 pas
860 2689 965 2723 avoir
982 2691 1041 2722 ete
1060 2689 1267 2732 apparente
1286 2687 1307 2718 a
1323 2685 1477 2727 Aimery
1497 2684 1540 2716 de
1559 2682 1743 2725 Maignac‚

49 2760 111 2781 car
129 2748 152 2780 il
172 2747 267 2781 etait
286 2746 483 2789 originaire
500 2746 550 2778 du
567 2745 728 2788 Querc‘y,
744 2743 871 2777 tandis
891 2742 1113 2786 qu’Aimery
1132 2740 1268 2784 naquit
1286 2751 1332 2772 en
1351 2737 1545 2771 Limousin
1565 2736 1620 2779 (E.
1638 2736 1747 2774 Albe,

48 2802 193 2839 Aulour
218 2801 258 2834 de
283 2800 380 2833 Jean
405 2799 543 2838 XXII,
571 2804 597 2831 t.
623 2810 660 2838 11,
687 2810 722 2842 p.
751 2798 822 2840 28).

99 2855 130 2887 2.
167 2854 330 2887 Grandes
356 2853 570 2895 chronique-s
598 2852 639 2884 de
666 2851 818 2889 France,
848 2849 906 2883 ed.
937 2847 1178 2886 Delachenal‚
1209 2852 1235 2879 t.
1264 2858 1302 2884 11,
1332 2857 1367 2889 p.
1399 2845 1454 2877 62.

98 2908 130 2941 3.
162 2907 316 2946 Ibidem,
351 2918 385 2950 p.
420 2906 502 2944 152,

97 2961 130 2993 4.
160 2961 201 2993 Β.
224 2959 283 2999 Ν.,
303 2971 384 2998 ms.‚
404 2958 501 2991 latin
518 2957 623 2996 1463,
643 2956 706 2989 fol.
727 2957 772 2989 72
793 2960 837 2988 r0.
857 2974 905 2978 —
922 2954 992 2987 Sur
1009 2953 1164 2996 Aimery
1184 2953 1228 2985 de
1242 2951 1427 2994 Maignac,
1443 2949 1524 2982 voir
1537 2948 1746 2982 Obituaires

54 3014 93 3057 (t.
123 3013 161 3053 1²,
190 3025 225 3057 p.
254 3012 377 3055 1036),
412 3011 575 3044 Grandes
601 3009 814 3052 chroniques
835 3009 875 3041 de
902 3008 1043 3040 France
1067 3006 1136 3049 (ed.
1164 3004 1405 3043 Delachenal,
1428 3009 1455 3036 t.
1483 3015 1534 3041 111,
1571 3013 1606 3045 p.
1648 3001 1744 3044 268),

54 3066 97 3099 Ν.
120 3065 246 3099 Valois
271 3065 310 3108 (t.
330 3077 367 3104 11,
389 3076 424 3108 p.
446 3064 517 3096 494
536 3069 574 3096 et
593 3069 620 3096 t.
640 3074 691 3102 ιν,
713 3074 748 3105 p.
771 3061 868 3104 512),
892 3061 933 3094 G.
956 3059 1164 3093 Audollent
1187 3058 1255 3102 (La
1273 3057 1431 3091 creation
1451 3056 1492 3088 de
1514 3054 1752 3088 l'archeveche

52 3120 93 3152 de
115 3119 238 3158 Paris,
265 3117 382 3157 Paris,
407 3117 514 3156 1922,
539 3128 574 3160 p.
600 3115 691 3158 4-9).
