2083 3458
86 228 210 283 [959]
600 237 828 267 ‘PAPARUM
864 238 1248 266 AVENIONENSIUM
1687 216 1772 257 475

71 336 282 378 sequentes,
302 327 430 364 dando
447 340 566 375 super
583 326 762 363 lectiones
783 324 1086 362 benedictionem
1101 324 1188 373 jure
1205 338 1287 362 sno.
1310 321 1442 360 Verba
1461 327 1557 358 sunt
1576 316 1770 355 Willelmi

73 387 224 425 Thorni
249 385 438 424 monachi
463 385 673 431 cantuar„
699 400 736 433 p.
764 383 877 422 2122.

128 446 283 484 Eodem
303 459 410 482 anno
431 444 540 481 tertio
560 443 621 480 die
643 443 685 480 in
707 443 784 491 sine
804 442 961 491 aprilis,
983 451 1029 480 ut
1049 442 1108 480 ait
1130 441 1473 491 Walsinghamus,
1495 436 1599 474 venit
1619 435 1765 472 Londi-

75 519 170 542 num
198 512 434 542 tractaturus
463 517 551 540 cum
580 516 665 550 rege
694 510 728 539 et
755 501 920 538 consilio
948 516 1019 538 sno
1048 516 1118 550 pro
1147 500 1410 550 redemptione
1438 497 1541 545 regis
1570 493 1772 532 Franciae·

75 563 304 611 minuenda,
333 562 538 600 obsidibus
565 561 795 605 liberandis,
824 569 857 597 et
883 561 1135 597 matrimonio
1162 558 1421 597 contrahendo
1455 570 1543 594 cum
1568 552 1766 602 sanguine

74 623 177 671 regis·
198 622 371 671 Angliae
392 629 425 659 et
446 620 580 658 Caroli
602 620 733 669 Blogjs.
761 619 837 656 Sed
857 619 901 656 (le
922 620 984 656 his
1007 633 1135 669 pauca
1156 620 1213 656 vel
1241 619 1351 655 nulla
1372 615 1577 665 expedivit.

127 682 245 719 Anno
262 680 546 719 MCCCLXIIJ
563 687 738 717 exeunte
758 678 770 700 1
788 679 950 717 decreta
967 679 1001 716 ei
1017 687 1078 717 est
1093 678 1242 728 legatio
1262 677 1404 715 Italica
1420 683 1466 712 ut
1481 672 1767 711 Bernabonem

73 741 286 779 reduceret
329 740 380 777 ad
426 739 703 777 obedientiam
750 738 953 775 Ecclesiae
993 752 1206 783 romanae3
1252 736 1449 774 Odoricus
1511 730 1765 780 Raynaldus,

74 813 182 837 anno
210 799 323 847 1363,
358 799 374 846 ἓ
401 798 434 837 6.
466 798 648 836 Petitum
674 805 814 834 autem
841 811 934 834 eum
961 797 1083 834 fuisse
1109 810 1130 833 a
1157 796 1398 834 Bernabone
1429 794 1548 831 docet
1573 789 1766 827 Boninse-

75 859 205 908 gnius,
236 874 273 908 p.
305 858 392 896 513.
428 857 666 895 Discessisse
696 871 815 906 porro
845 870 895 893 ex
924 855 1022 893 urbe
1054 855 1328 893 Avenionensi
1359 854 1421 891 die
1453 866 1509 888 xv
1542 847 1766 888 decembris

73 918 322 955 adnotatum
340 925 401 955 est
418 916 459 953 in
476 917 578 954 libro
597 915 909 963 obligationum.
932 914 1111 952 Advenit
1128 915 1253 963 igitur
1269 914 1310 950 in
1328 911 1584 962 provinciam
1600 909 1767 945 ineunte

73 991 181 1014 anno
202 976 403 1026 sequenti,
427 984 467 1013 et
489 976 551 1014 die
569 990 624 1012 ΧΠ
645 975 822 1024 januarii
843 974 1045 1023 ingressus
1062 982 1123 1011 est
1138 973 1381 1018 Bononiam,
1400 980 1446 1008 ut
1466 970 1585 1007 docet
1608 967 1772 1004 Ghirar-

75 1036 251 1083 daccius,
281 1035 350 1074 lib.
385 1035 528 1072 XXIV
558 1035 664 1073 Hist.
697 1035 867 1080 Bonam,
897 1048 935 1083 p.
969 1033 1058 1080 275,
1094 1032 1163 1069 ubi
1203 1041 1342 1070 tamen
1374 1031 1475 1077 falso
1513 1026 1770 1065 Androinum

75 1103 198 1133 Vocat
228 1103 422 1145 nepotem
454 1109 599 1144 papae,
632 1107 725 1132 eum
757 1093 948 1131 videlicet
980 1091 1233 1130 confundens
1267 1104 1360 1129 cum
1392 1088 1580 1126 Audoino
1613 1082 1772 1122 Alberti

76 1154 294 1202 cardinale,
320 1162 469 1203 nepote
498 1153 727 1191 Innocentii
745 1153 814 1191 VI.
844 1152 917 1190 Die
942 1152 1064 1189 tertia
1090 1151 1228 1188 martii
1260 1147 1540 1188 reconciliavit
1563 1143 1770 1183 Bernabo-

75 1227 188 1260 nem3
211 1212 353 1261 Bzov„
378 1227 442 1252 an.
472 1211 586 1260 1364,
619 1212 634 1261 ξ
661 1212 709 1249 10
733 1220 774 1250 et
799 1211 924 1250 Odor.
954 1211 1174 1260 Raynald.‚
1200 1210 1287 1248 eod.
1309 1223 1389 1251 an.,
1418 1206 1486 1253 ,83
1508 1203 1770 1243 Conditiones

75 1281 216 1311 autem
234 1272 345 1322 pacis
366 1286 460 1310 cum
480 1287 525 1310 eo
545 1272 668 1310 initas
690 1271 813 1309 fuisse
833 1270 954 1309 valde
975 1269 1291 1308 contumeliosas
1312 1268 1353 1305 in
1375 1265 1599 1304 Ecclesiam
1622 1262 1770 1299 Roma-

75 1345 173 1369 nam
195 1332 337 1370 scribit
357 1331 655 1380 Boninsegnius
679 1331 721 1368 in
744 1331 833 1369 loco
856 1330 979 1379 paulo
1002 1337 1099 1367 ante
1122 1328 1305 1367 laudato.
1330 1324 1606 1364 Bernardinus
1631 1319 1770 1359 Corius

76 1390 134 1429 ait
159 1405 250 1429 eam
273 1405 418 1441 pacem
444 1391 598 1429 factam
624 1405 708 1428 esse
734 1404 871 1428 mense
897 1389 1114 1428 februario,

129 1450 285 1488 Deinde
307 1450 540 1488 Androinus
563 1450 677 1487 venit
700 1449 991 1496 Mediolanum,
1014 1456 1061 1485 ut
1082 1448 1142 1485 ait
1161 1447 1270 1485 idem
1292 1445 1447 1490 Corius,
1470 1442 1539 1479 ubi
1561 1437 1772 1490 splendide

75 1517 271 1559 exceptus
301 1518 362 1548 est
390 1523 413 1547 a
441 1509 697 1557 Bernabone,
727 1517 768 1547 et
797 1516 1009 1557 compater
1037 1507 1123 1557 ejus
1154 1507 1287 1544 factus
1318 1512 1390 1543 est.
1431 1503 1483 1540 Et
1513 1514 1608 1537 mox
1637 1498 1770 1536 soluta

70 1568 293 1607 interdicto
322 1569 479 1607 civitas.

128 1628 275 1667 Postea
297 1628 504 1678 profectus
527 1636 588 1666 est
612 1628 801 1675 Romam,
824 1636 864 1666 et
885 1627 937 1664 ad
959 1640 1047 1664 eam
1071 1625 1259 1676 pervenit
1281 1624 1344 1661 die
1368 1636 1438 1659 xm
1469 1620 1620 1670 aprilis,
1644 1625 1689 1654 ut
1711 1622 1771 1653 est

73 1686 115 1724 in
144 1687 248 1725 libro
279 1688 589 1736 obligationum.
861 1698 868 1701 ‘

128 1747 246 1784 Anno
272 1746 595 1785 MCCCLXVIH
619 1747 833 1795 legationis
858 1745 974 1783 istius
1000 1744 1202 1794 dignitate
1227 1750 1399 1781 exutum
1424 1740 1545 1777 fuisse
1571 1736 1699 1774 tradit
1723 1747 1773 1771 ex

75 1805 237 1854 Regesto
257 1806 414 1844 Urbani
434 1806 467 1843 V
485 1806 676 1853 Bzovius,
696 1820 761 1844 an.
784 1805 898 1852 1368,
925 1804 942 1852 ξ
961 1803 994 1842 6.
1020 1804 1229 1842 Reducem
1254 1810 1395 1839 autem
1420 1799 1592 1836 intrasse
1617 1795 1771 1833 curiam

76 1865 139 1903 die
162 1879 234 1902 xm
256 1866 393 1916 aprilis
417 1866 616 1915 scriptum
639 1873 700 1903 est
722 1865 762 1902 in
784 1864 887 1902 libro
910 1863 1221 1911 Obligationum.
1456 1861 1459 1867 '

128 1924 246 1962 Falso
270 1939 361 1964 eum
389 1925 597 1963 Frizonius
622 1925 763 1962 scribit
788 1924 909 1962 fuisse
934 1924 1172 1973 episcopum
1196 1921 1469 1959 Tutelensem.

129 1983 366 2022 Franciscus
397 1984 445 2022 de
477 1984 582 2022 Rivo
610 1984 649 2021 in
680 1983 874 2021 Chronico
903 1981 1162 2020 Cluniacenst
1190 1981 1249 2018 ait
1276 1980 1391 2017 illum
1421 1977 1566 2015 obiisse
1585 1970 1775 2016 viterbii..

78 2057 118 2080 v1
146 2043 223 2083 kal.
251 2043 442 2082 novemb.
482 2043 546 2093 [27
573 2043 739 2081 octobre
768 2041 893 2092 1369]
921 2051 961 2080 et
986 2041 1080 2079 inde
1106 2040 1217 2090 apud
1244 2039 1484 2077 Cluniacum
1510 2041 1770 2085 asportatum

75 2116 174 2149 esse,
198 2103 269 2140 ubi
290 2103 401 2152 jacet
424 2103 465 2141 in
490 2103 645 2141 directo
670 2102 849 2152 capellae
875 2101 1014 2139 Sancti
1041 2099 1227 2148 Dionysii
1259 2098 1403 2136 itinere
1437 2111 1517 2146 quo
1543 2098 1769 2133 conventus

75 2161 193 2199 vadit
214 2162 266 2200 ad
288 2163 470 2200 chorum.
497 2162 643 2200 Postea
668 2160 949 2199 Ferdinandus
974 2160 1168 2209 Ughellus
1190 2159 1230 2196 in
1253 2155 1541 2195 Aclditionibns
1562 2153 1613 2191 ad
1634 2151 1770 2189 Ciaco-

75 2221 189 2258 nium
221 2221 265 2271 ft.
287 2236 328 2269 11,
351 2222 424 2260 col.
448 2220 548 2271 541]
570 2221 820 2259 auctoritate
841 2220 963 2269 hujus
985 2218 1185 2262 Clzronici,
1208 2217 1370 2267 scripsit
1398 2216 1513 2253 illum
1527 2213 1658 2263 jacere
1680 2209 1769 2247 Clu·

75 2280 180 2318 niaci
199 2280 320 2330 juxta
342 2281 468 2330 pilare
490 2276 668 2330 capellae
691 2279 829 2317 Sancti
852 2279 1063 2317 Martialis,
1088 2278 1328 2326 Sepulcrum
1350 2275 1435 2324 ejus
1458 2273 1591 2310 adhuc
1615 2268 1769 2306 viditur

74 2339 116 2376 in
139 2353 184 2377 ea
207 2348 324 2390 parte
348 2340 538 2378 ecclesiae
562 2338 837 2377 Cluniacensis
861 2352 965 2388 quae
992 2336 1278 2375 revestiarium
1297 2342 1484 2380 vocatur,
1508 2331 1577 2369 ubi
1608 2328 1768 2376 sculpta

76 2406 117 2436 et
146 2399 257 2448 picta
289 2407 386 2436 sunt
416 2398 647 2448 antiquitus
680 2398 766 2447 ejus
797 2397 971 2447 insignia
1004 2395 1205 2446 gentilitia
1238 2396 1417 2432 multum
1449 2392 1607 2430 diversa
1639 2386 1690 2424 ab
1721 2384 1768 2422 iis

76 2471 180 2507 quae
196 2459 315 2507 vulgo
329 2457 683 2496 circumferuntur.

128 2516 304 2555 Auditor
340 2517 426 2566 ejus
467 2525 508 2555 et
548 2515 851 2554 contubernalis
892 2515 969 2553 fuit
1011 2515 1155 2553 Petrus
1208 2513 1432 2551 monachus
1479 2503 1767 2549 Cluniacensis,

76 2576 145 2625 qui
166 2590 274 2614 anno
307 2576 521 2614 millesimo
539 2575 786 2621 CCCLXIV,
809 2575 1059 2613 constitutus
1083 2582 1143 2612 est
1165 2587 1269 2610 unus
1295 2587 1314 2610 e
1336 2568 1630 2621 professoribus
1654 2565 1772 2602 theo-

73 2635 203 2685 logiae
236 2636 278 2673 in
323 2634 533 2673 academia
574 2634 836 2681 Bononiensi,
879 2642 926 2671 ut
963 2633 1082 2671 docet
1124 2631 1452 2677 Ghirardaccius,
1494 2628 1562 2666 lib,
1609 2621 1765 2667 XXIV,

74 2708 113 2743 p.
139 2693 226 2733 278.

130 2752 171 2792 P.
209 2752 298 2801 327,
333 2753 400 2803 lig.
438 2752 498 2792 23.
537 2753 794 2791 STEPHANUS
830 2752 1020 2789 ALBERTI
1048 2750 1163 2792 vfilius
1201 2749 1353 2787 Galteri
1390 2745 1606 2792 domicelli,
1641 2754 1765 2790 nepos

75 2810 253 2850 Audoini
275 2811 505 2860 cardinalis,
528 2826 573 2849 ac
595 2819 809 2862 propterea
838 2810 1065 2848 Innocentii
1086 2809 1143 2847 VI
1165 2822 1378 2858 pronepos.

129 2870 240 2909 Sedis
272 2870 521 2920 apostolicae
552 2871 760 2908 notarium
791 2884 837 2908 ac
868 2868 1200 2919 protonotarium
1231 2880 1323 2905 eum
1354 2873 1477 2903 vocat
1507 2863 1615 2901 idem
1651 2861 1768 2899 Inno-

18 2932 30 2936 “
54 2928 57 2929 ’
78 2930 234 2968 centius
262 2930 303 2967 in
332 2929 451 2967 bullis
481 2929 587 2967 datis
617 2943 724 2967 anno
754 2925 902 2967 Octavo
931 2937 971 2966 et
1000 2942 1106 2965 nono
1135 2926 1195 2964 sui
1222 2924 1503 2975 pontificatus.
1535 2923 1683 2960 Factus
1707 2927 1766 2957 est

76 2997 217 3027 autem
251 2988 302 3026 ab
337 3003 383 3027 eo
418 2988 630 3038 episcopus
666 2987 996 3026 Carcassonensis
1039 3001 1147 3024 anno
1191 2983 1443 3030 MCCCLXI,
1484 2996 1522 3019 v1
1556 2981 1646 3019 idus
1684 2977 1765 3028 [10]

121 3114 153 3147 1.
177 3113 226 3147 Le
248 3114 300 3146 1er
320 3113 512 3147 decembre
538 3113 780 3156 (Lecacheux,
803 3124 837 3147 n.
861 3111 1044 3155 688-696).
