2083 3458
276 215 355 257 572
927 226 1078 251 NOTAE
1113 225 1173 250 AD
1209 226 1336 251 V1TAs
1824 209 1976 265 [1440]

329 316 371 353 P.
397 314 487 361 386,
513 315 578 363 lig.
607 312 667 350 29.
700 313 885 349 ISPALIM.
914 311 1010 349 Voir
1045 310 1294 349 Delachenal
1321 310 1515 360 (Histoire
1539 311 1583 348 de
1606 310 1770 348 Charles
1799 310 1845 358 V,
1870 318 1900 349 t.
1926 323 1980 354 111,

274 389 311 424 p.
339 373 415 412 343
439 382 479 412 et
503 372 610 421 354).

327 433 371 473 P.
394 432 483 480 387,
504 432 570 481 lig.
595 429 655 468 15.
682 430 874 468 INDICTE.
898 429 1073 467 Theiner
1094 428 1253 478 (Codex,
1276 437 1305 468 t.
1327 443 1368 477 11,
1390 443 1429 468 n.
1452 429 1544 479 424)
1567 437 1608 468 et
1629 429 1674 468 E.
1700 429 1865 479 Hennig
1896 428 1985 478 (Die

273 491 522 542 pdpstliclten
549 490 725 527 Zehnten
752 503 826 527 aus
850 488 1134 536 Deutselzland,
1151 488 1298 536 Hane,
1329 487 1443 537 1909,
1472 503 1511 539 p.
1542 488 1693 537 52-55).

327 551 370 591 P.
402 549 492 598 388,
523 550 589 600 lig.
624 549 684 587 14.
718 549 970 587 GOMETIUM.
1001 548 1153 586 Baluze
1184 547 1300 586 avait
1330 547 1405 586 mis
1435 562 1511 598 par
1539 562 1677 587 erreur
1712 547 1983 586 Guillelmum.

275 610 389 649 Voici
414 616 623 648 comment
642 609 669 646 il
691 610 834 658 repare
854 621 928 645 son
951 621 1088 646 erreur
1109 623 1116 645 :
1138 607 1241 646 Cum
1260 608 1341 646 ista
1363 622 1436 657 per
1456 607 1741 658 typographos
1765 606 1986 645 ederentur

274 684 356 708 non
390 668 667 707 animadverti
709 667 908 706 mendum
941 681 1027 705 esse
1054 666 1205 705 veteris
1239 666 1333 704 libri
1362 680 1413 705 ex
1448 680 1529 716 quo
1562 667 1643 705 ista
1673 673 1843 716 sumpta
1873 673 1984 713 sunt,

273 729 448 778 ideoque
476 724 559 766 non
588 726 821 766 emendavi.
850 725 1151 776 Reponendum
1184 734 1248 765 est
1270 726 1414 776 itaque
1445 725 1679 765 Gometium.
1702 725 1851 776 Agitur
1876 725 1986 763 enim

272 788 394 827 isthic
414 788 461 826 de
483 787 673 825 Gometio
694 785 953 832 Albornotio,
972 798 1095 835 quem
1114 784 1237 823 fuisse
1259 785 1395 823 virum
1413 785 1617 835 insignem
1637 793 1757 835 patet
1777 799 1829 823 ex
1848 784 1986 823 codice

274 848 543 897 epistolarum
569 846 752 895 Gregorii
782 844 843 882 XI
869 853 910 883 et
935 859 985 883 ex
1017 844 1110 882 Vita
1136 844 1357 882 cardinalis
1383 844 1550 894 Aegidii
1576 844 1818 892 Albornotii,
1846 843 1986 894 patrui

274 908 375 956 ejus,
404 906 557 956 scripta
586 920 608 944 a
638 905 811 943 Genesio
840 904 1085 954 Sepulveda.

332 966 451 1004 Illum
466 966 508 1003 in
527 965 693 1003 Italiam
708 977 847 1003 secum
865 964 986 1002 duxit
1001 963 1196 1013 Aegidius
1213 977 1322 1001 anno
1340 963 1583 1001 MCCCLIII
1600 971 1641 1002 et
1657 977 1765 1001 anno
1782 961 1986 1012 sequenti,

274 1039 367 1064 cum
394 1024 658 1063 Innocentius
684 1024 741 1061 VI
767 1024 904 1073 (ut-ex
926 1023 1090 1072 Regesto
1113 1023 1200 1073 ejus
1225 1023 1346 1061 docet
1371 1022 1569 1061 Odoricus
1596 1022 1853 1071 Raynaldus,
1877 1035 1987 1060 anno

275 1084 389 1131 1354,
423 1084 440 1133 ἓ
465 1084 503 1132 4)
531 1084 566 1122 ei
590 1082 843 1132 injunxisset
867 1090 915 1120 ut
939 1077 1174 1121 senatorem
1200 1090 1241 1120 et
1267 1082 1483 1120 ductorem
1513 1083 1726 1132 agminum
1752 1081 1871 1120 daret
1895 1080 1988 1119 urbi

276 1143 432 1183 Romae
463 1143 702 1182 Gometium
730 1150 965 1181 senatorem
996 1141 1225 1191 ducemque
1256 1142 1459 1180 exercitus
1489 1142 1599 1179 fecit.
1632 1141 1847 1191 Colligitur
1873 1139 1988 1178 istud

274 1218 325 1242 ex
346 1203 604 1253 depositione
628 1202 739 1241 facta
771 1202 813 1239 in
835 1201 955 1240 initio
987 1201 1221 1239 schismatis
1245 1201 1297 1238 ab
1322 1201 1474 1239 Alvaro
1499 1200 1765 1239 Gundissalvi
1788 1200 1987 1238 canonico

276 1262 542 1310 Cordubensi,
569 1262 639 1311 qui
662 1262 943 1311 interrogatus
969 1275 1091 1310 super
1115 1261 1290 1298 articulo
1315 1259 1363 1297 51
1390 1259 1521 1298 Casus
1545 1259 1704 1298 Urbani
1729 1259 1787 1297 VI
1812 1259 1915 1297 discit
1948 1272 1988 1296 se

274 1322 477 1359 audivisse
506 1322 609 1371 quod
635 1335 835 1370 campana
864 1334 944 1357 non
971 1319 1212 1370 pulsabatur
1238 1320 1361 1357 Rome
1388 1320 1441 1358 acl
1469 1320 1691 1357 martellum
1720 1319 1803 1356 nisi
1832 1318 1989 1369 quando

277 1381 395 1430 fiebat
410 1390 567 1419 senator
584 1389 618 1418 et
635 1389 805 1429 tempore
824 1394 960 1429 guerre
977 1388 1012 1417 et
1028 1380 1213 1427 rumoris,
1233 1388 1267 1417 et
1284 1379 1387 1429 quod
1404 1379 1489 1429 ipse
1506 1380 1676 1417 existens
1694 1378 1816 1415 Rome
1833 1377 1991 1415 audivit

275 1441 415 1490 pulsar
463 1454 703 1489 campanam
734 1439 931 1489 Capitolii
961 1439 1117 1488 quando
1149 1439 1336 1476 dominus
1372 1438 1580 1476 Gomecius·
1609 1447 1766 1475 senator
1795 1437 1915 1475 exivit
1946 1436 1989 1474 in

275 1501 444 1538 exercitu
461 1508 595 1537 contra
619 1499 868 1548 Griperolam
884 1507 919 1536 et
935 1507 1070 1536 contra
1086 1498 1283 1536 civitatem
1300 1506 1472 1536 veterem.
1494 1497 1649 1536 Urbem
1666 1511 1787 1547 porro
1805 1504 1989 1536 veterem

277 1568 444 1609 captam
479 1574 563 1597 esse
599 1558 651 1596 ab
687 1558 859 1607 Aegidio
894 1572 1003 1596 anno
1040 1557 1275 1596 MCCCLIV
1311 1557 1461 1596 docent
1497 1556 1735 1595 Matthaeus
1772 1555 1988 1602 Villanius,

275 1618 344 1657 lib.
381 1618 449 1666 IV,
481 1632 568 1668 cap.
602 1633 629 1656 x
671 1617 901 1668 [Muratorn
933 1625 962 1656 t.
996 1632 1082 1665 X1v,
1114 1618 1187 1655 col.
1221 1616 1322 1667 240]
1354 1625 1395 1655 et
1427 1617 1656 1667 Cyprianus
1688 1615 1857 1654 Manens
1889 1615 1988 1653 civis

279 1677 582 1724 Urbevetanus,
612 1677 682 1716 lib.
718 1677 782 1715 ΙΙΙ
812 1676 1089 1714 Historiarum
1118 1690 1297 1715 suarum.

330 1737 451 1775 Anno
474 1736 690 1775 MCCCLX
714 1736 907 1786 Aegidius
929 1736 1166 1774 Gometium
1187 1735 1399 1774 Bononiae
1420 1735 1539 1773 firmo
1560 1734 1768 1774 attributo
1785 1733 1989 1785 praesidio

276 1810 462 1846 praeesse
489 1796 625 1845 jussit,
656 1804 702 1833 ut
730 1797 790 1834 ait
820 1795 1066 1846 Sepulveda‚
1096 1809 1180 1833 non
1207 1803 1349 1833 tamen
1378 1803 1425 1832 ut
1447 1794 1559 1833 urbis
1581 1795 1688 1833 illius
1709 1802 1845 1832 rector
1868 1801 1989 1840 esset,

276 1855 346 1894 sed
365 1855 450 1893 dux
467 1855 683 1894 exercitus.
705 1855 858 1893 Rector
875 1855 983 1893 enim
1001 1855 1255 1893 constitutus
1273 1863 1335 1893 est
1352 1855 1458 1893 alter
1474 1854 1634 1904 Aegidii
1651 1867 1792 1903 nepos,
1812 1853 1882 1902 qui
1898 1860 1990 1890 tum

277 1914 445 1965 regebat
478 1914 704 1952 Marchiam
735 1914 1057 1962 Anconitanam,
1082 1913 1251 1952 Blascus
1274 1914 1529 1961 Fernandu-s,
1553 1921 1601 1951 ut
1630 1913 1673 1950 in
1703 1912 1808 1951 libro
1835 1910 1990 1949 XXIII

278 1974 483 2012 Historiae
504 1974 673 2022 Bonan„
693 1988 731 2024 p.
753 1973 841 2021 242,
863 1973 952 2021 244,
973 1973 1105 2011 tradit
1123 1972 1379 2011 Cherubinus
1400 1973 1728 2011 Ghirardaccius.
1752 1971 1989 2009 Gometium

279 2033 425 2072 deinde
453 2033 641 2071 Bononia
671 2033 941 2072 excedentem
970 2046 1079 2070 anno
1110 2032 1390 2070 MCCCLXIV
1419 2045 1580 2070 summo
1610 2031 1763 2069 honore
1793 2045 1875 2068 non
1904 2030 1990 2068 sine

277 2093 468 2141 lacrymis
485 2100 724 2142 prosecutos
741 2106 826 2131 esse
843 2093 951 2130 cives
967 2100 1094 2130 testes
1110 2100 1208 2129 sunt
1234 2092 1360 2130 iidem
1382 2091 1712 2139 Ghirardaccius,
1734 2089 1804 2128 lib.
1829 2088 1990 2137 XXIV,

278 2166 316 2201 p.
340 2151 428 2199 275,
450 2160 491 2190 et
512 2151 757 2201 Sepulveda.

335 2211 455 2249 Illum
491 2219 635 2261 postea
674 2210 867 2249 Urbanus
905 2210 939 2247 V
975 2210 1195 2248 constituit
1231 2210 1432 2248 vicarium
1467 2223 1541 2259 pro
1581 2209 1769 2247 Romana
1808 2208 1990 2247 Ecclesia

279 2271 509 2319 generalem
547 2270 588 2308 in
625 2269 924 2319 temporalibus
963 2269 1005 2306 in
1042 2269 1214 2307 civitate
1252 2268 1459 2307 Asculana
1498 2269 1669 2318 ejusque
1708 2268 1912 2306 comitatu
1950 2275 1991 2306 et

280 2330 484 2377 districtu,
520 2328 870 2378 quemadmodum
905 2328 1023 2367 facile
1056 2328 1261 2378 colligitur
1293 2342 1343 2367 ex
1374 2328 1516 2367 eodem
1551 2328 1689 2366 codice
1722 2327 1991 2377 epistolarum

281 2388 463 2438 Gregorii
496 2387 557 2425 XI
588 2396 629 2426 et
660 2402 710 2426 ex
738 2387 1033 2426 informatione
1064 2402 1134 2425 seu
1164 2387 1303 2437 potius
1333 2387 1607 2426 instructione
1639 2399 1765 2436 quam
1795 2385 1990 2435 Anglicus

281 2447 527 2495 Grimoardi,
550 2447 765 2497 episcopus
788 2446 1047 2493 Albanensis,
1071 2446 1185 2485 dedit
1208 2446 1330 2485 Petro
1353 2447 1401 2485 de
1425 2446 1581 2497 Stagno
1602 2445 1813 2492 cardinali,
1835 2459 1991 2483 succes-

280 2507 358 2544 sori
395 2521 468 2544 suo
502 2507 545 2544 in
580 2506 880 2556 gubernatione
914 2505 1125 2544 Bononiae
1162 2513 1203 2544 et
1237 2506 1412 2544 aliorum
1447 2506 1632 2544 locorum
1666 2505 1761 2542 huic
1795 2503 1995 2554 legationi

281 2565 576 2614 subjectorum.
604 2565 663 2604 Ea
688 2565 1050 2603 administratione
1075 2573 1244 2603 ornatus
1265 2565 1478 2603 Gometius
1503 2579 1543 2603 se
1568 2564 1852 2613 familiamque
1876 2576 1993 2601 suam

283 2625 498 2662 transtulit
528 2624 737 2663 Asculum.
770 2624 923 2663 Verum
952 2638 1060 2662 anno
1091 2623 1403 2671 MCCCLXXV,
1436 2624 1499 2662 die
1528 2624 1675 2662 ultima
1706 2622 1915 2668 februarii,
1946 2635 1991 2660 ea

284 2684 428 2721 civitas
449 2683 680 2731 rebellavit,
701 2692 742 2722 et
762 2683 1000 2722 Gometium
1020 2696 1273 2732 uxoremque
1294 2682 1380 2731 ejus
1401 2697 1448 2721 ac
1466 2682 1614 2722 liberos
1633 2684 1676 2721 in
1695 2696 1786 2721 arce
1807 2681 1992 2720 obsessos

285 2742 352 2779 diu
385 2743 521 2780 tenuit
546 2756 639 2780 cum
671 2743 825 2780 auxilio
853 2743 1145 2781 Perusinorum
1177 2750 1219 2780 et
1252 2742 1598 2790 Florentinorum,
1632 2741 1741 2779 unde
1774 2741 1992 2779 discessere

285 2814 377 2838 cum
396 2802 535 2850 aequis
556 2802 697 2841 condit
717 2801 863 2840 onibus
883 2815 1020 2840 mense
1040 2801 1264 2851 septembri
1283 2801 1492 2851 sequentis
1512 2802 1622 2840 anni.
1647 2801 1710 2838 Ita
1729 2813 1814 2839 rem
1834 2807 1992 2849 gestam

287 2860 413 2897 tradit
436 2860 748 2910 Boninsegnius,
781 2875 819 2911 p.
846 2860 923 2898 566
945 2860 1151 2898 Historiae
1174 2860 1440 2899 Florentinae.
1468 2860 1718 2910 Quanquam
1754 2858 1991 2897 Leonardus

287 2919 492 2963 fxretiiius,
505 2919 574 2957 lib.
592 2919 695 2956 VIII
711 2919 927 2958 Historiar.
945 2919 1226 2967 Florentinar.²
1242 2932 1327 2957 rem
1343 2920 1468 2969 paulo
1486 2920 1606 2958 aliter
1622 2926 1778 2966 narrat,
1792 2909 1992 2966 additque

285 2990 374 3014 eam
393 2991 527 3015 arcem
546 2986 688 3027 postea
708 2979 760 3016 ad
779 2979 910 3016 solum
930 2992 1116 3017 eversam
1135 2993 1232 3017 esse.

339 3036 574 3074 Gometium
596 3045 806 3076 mortuum
826 3052 911 3076 esse
929 3037 1139 3087 Anagniae
1159 3051 1267 3075 anno
1284 3036 1644 3084 MCCCLXXVII,
1659 3037 1722 3075 die
1740 3050 1796 3073 ΧΠ
1811 3034 1993 3085 augusti,

286 3108 536 3143 uxoremque
565 3095 755 3133 habuisse
784 3097 948 3135 nomine
977 3097 1269 3135 Constanciam
1295 3096 1487 3146 prosapia
1516 3109 1710 3146 generosa
1738 3095 1992 3145 praeclaram
