2083 3458
49 178 172 232 [723]
574 194 790 219 PAPARUM
826 192 1209 219 AVENIONENSIUM
1649 177 1733 218 219

89 278 207 314 Anno
231 276 537 314 MCCCXXVII
562 277 758 318 extincto,
783 277 843 314 uti
866 291 988 327 supra
1011 277 1201 323 diximus,
1235 277 1358 315 Vitali
1389 277 1437 315 de
1471 277 1605 314 Furno
1628 276 1728 326 epis-

35 351 138 386 copo
162 335 395 381 Albanensi,
421 335 664 373 Gaucelmus
688 336 722 373 ei
746 337 941 373 sull'ectus
964 344 1037 374 est.
1064 336 1324 374 Ordinarium
1349 344 1513 373 sanctae
1537 349 1731 373 romanae

37 395 238 432 Ecclesiae
259 394 463 431 tributum
477 394 632 432 „Iacobo
654 395 856 444 Gajetano
878 394 1072 432 cardinali
1091 394 1103 416 ¹
1125 409 1211 444 cap.
1236 409 1360 436 cxx‘n,
1382 410 1419 444 p.
1442 395 1517 432 436
1544 410 1551 432 :
1580 394 1729 431 Notan-

35 454 127 491 dum
145 462 271 491 tamen
289 461 343 490 est
359 453 460 502 quod
475 460 642 501 tempore
659 454 822 502 predicti
840 454 992 491 dommi
1011 454 1213 492 ιΙΟΙιαηηιῖε
1238 468 1340 503 pape
1356 453 1539 490 dominas
1570 453 1729 490 Gaucel-

35 527 122 550 mus
145 512 344 550 Jolmnnis
363 512 560 563 presbyter
579 512 809 559 cardinalis,
831 512 916 549 licet
937 527 1013 549 non
1033 513 1173 561 sitisse-t
1191 513 1329 550 electas
1350 527 1468 562 neque
1488 519 1733 549 consecratas

36 571 77 608 in
97 572 326 621 episcopam
346 571 402 608 vel
420 570 774 619 archiepiscopum,
794 571 871 619 sitit
889 571 1016 620 factas
1035 571 1243 621 episcopas
1264 571 1516 609 Albanensis.
1540 571 1602 608 Sic
1623 570 1730 608 enim

34 630 113 668 illic
130 630 359 679 legendum,
378 643 458 667 non
471 644 566 667 vero
585 630 808 667 Santelmits
828 630 1042 676 Jolmnnes,
1062 631 1180 668 docet
1197 630 1325 667 codex
1342 629 1445 666 1713
1460 630 1733 667 bibliothecae

36 689 291 727 Colbertinae
311 688 336 726 ².

89 748 201 785 Circa
243 762 289 785 ea
330 755 516 797 tempora
567 747 812 784 Gaucelmus
863 748 995 785 factus
1047 755 1107 785 est
1166 747 1297 796 major
1345 746 1684 797 paenitentiarins
1702 745 1731 784 3.

38 807 165 844 Extat
198 815 336 844 autem
367 806 408 843 in
440 805 575 843 codice
607 805 707 843 4491
747 806 1019 843 bibliothecae
1058 806 1220 855 regiae4
1260 806 1556 843 Fornmlarinm
1595 805 1731 855 paeni—

37 866 255 905 tentiariae,
294 873 383 902 tum
422 865 593 904 editum.
633 865 695 902 cui
734 865 906 902 similem
944 873 1083 903 extare
1122 866 1162 902 in
1190 865 1437 902 bibliotheca
1466 864 1730 914 imperatoria

40 933 216 963 testatur
243 925 386 962 Petrus
416 924 669 963 Lambecius.
697 924 765 961 lib.
798 924 826 965 Ι,
854 924 1125 962 bibliothecae
1152 924 1478 961 Vindobonensis
1505 938 1543 973 p.
1571 923 1658 960 932.
1687 923 1730 959 In

39 985 171 1022 l'ronte
212 983 340 1033 operis
379 983 458 1020 ista
501 983 691 1031 leguntur
731 998 738 1019 ι
784 983 931 1032 Incipit
969 997 1110 1020 novum
1142 982 1420 1031 formularium
1459 981 1736 1031 penitentiarie

38 1043 189 1080 domini
235 1055 335 1093 pape
390 1049 597 1079 correctam
644 1048 677 1077 et
731 1041 996 1089 reformatam,
1042 1042 1085 1079 de
1122 1040 1287 1092 speciali
1351 1041 1534 1078 mandato
1579 1039 1734 1078 domim?

42 1102 239 1139 Benedicti
265 1115 368 1151 pape
393 1101 500 1147 XII,
527 1115 595 1150 per
620 1101 842 1137 reverendos
869 1101 911 1137 in
937 1100 1091 1138 Christo
1117 1108 1245 1149 patres
1271 1100 1448 1137 dominos
1481 1100 1733 1136 Gaucelmum

37 1161 266 1210 episcopam
295 1161 574 1201 Albanensem,
607 1158 765 1197 'Gotiam
796 1159 1059 1208 patriarcham
1090 1159 1587 1208 Constantinopolitanarn,
1620 1159 1735 1195 Jaco—

42 1220 130 1257 barn
166 1220 392 1269 episcopam
420 1219 676 1259 Briciensem,
703 1227 736 1255 et
764 1218 1054 1268 [Guillelmam]
1081 1218 1259 1255 abbatem
1286 1217 1513 1254 monasterii
1539 1217 1734 1254 illontiso—

40 1279 123 1320 tio-i,
157 1278 391 1328 professores
421 1278 525 1327 juris
557 1277 738 1315 canonici
770 1286 804 1314 et
835 1277 975 1316 civilis.
1015 1278 1111 1314 Erat
1144 1292 1237 1326 ergo
1270 1277 1513 1314 Gaucelmus
1551 1290 1732 1313 summus

39 1337 377 1388 paenitentiarius
413 1337 571 1374 romani
606 1336 827 1387 pontilicis,
863 1344 909 1373 ut
946 1344 1108 1374 constat
1155 1350 1204 1374 ex
1240 1335 1433 1377 Oldrado,
1470 1335 1607 1372 consil.
1645 1334 1736 1375 265,

43 1396 125 1446 [fol.
156 1397 229 1434 153
255 1396 314 1446 vo]
343 1405 381 1434 et
411 1397 558 1434 docent
585 1396 709 1433 etiam
737 1395 920 1445 ejusdem
947 1395 1156 1433 Gaucelmi
1182 1394 1321 1432 literae
1349 1394 1481 1431 editae
1509 1408 1531 1431 a
1567 1392 1737 1431 Claudio

46 1457 268 1494 Hemeraeo
293 1456 333 1492 in
360 1456 540 1504 Augusto
575 1455 945 1497 Viromamluoram,
972 1470 1009 1504 p.
1038 1454 1124 1491 280.
1157 1453 1272 1491 Istud
1299 1452 1405 1490 enim
1431 1460 1547 1502 patet
1573 1467 1622 1489 ex
1647 1451 1734 1489 aliis

40 1515 166 1553 literis
206 1515 388 1564 ejusdem
431 1514 538 1552 datis
579 1529 664 1551 xvii
708 1514 786 1552 kal.
829 1513 965 1564 aprilis
1005 1527 1112 1551 anno
1161 1512 1339 1550 secundo
1385 1511 1595 1549 Benedicti
1651 1510 1734 1548 XII

43 1574 108 1624 [16
141 1588 246 1612 mars
286 1573 400 1622 1336]
433 1587 534 1623 quas
573 1573 702 1611 edidit
736 1573 971 1610 Franciscus
1004 1572 1182 1610 Didacus
1221 1571 1262 1608 in
1292 1570 1472 1608 Historia
1512 1569 1740 1620 provinciae

43 1633 290 1681 Arragoniae
315 1633 467 1670 ordinis
493 1632 828 1678 Praedicatorum,
857 1632 923 1670 sol.
952 1632 1038 1669 150.

95 1693 213 1731 Anno
238 1692 565 1729 MCCCXXXVI
607 1699 781 1729 exeunte
807 1690 1119 1741 quadragesima
1145 1689 1388 1727 Gaucelmus
1414 1702 1530 1726 cruce
1554 1687 1736 1736 signatus

42 1759 101 1789 est
132 1765 212 1789 una
243 1765 334 1789 cum
363 1751 496 1788 tribus
525 1750 612 1788 aliis
642 1750 917 1788 cardinalibus
947 1764 968 1787 a
1001 1749 1227 1787 Froissarto
1256 1746 1584 1785 commemoratis
1617 1746 1661 1795 [t.
1700 1760 1742 1792 11,

41 1825 79 1860 p.
112 1810 217 1860 ‘HQ
256 1810 287 1848 si
316 1810 439 1847 modo
467 1810 638 1847 tollatur
666 1809 861 1847 mendum
891 1809 1176 1858 gravissimum
1205 1807 1247 1845 in
1276 1821 1357 1856 quo
1385 1806 1510 1843 cubat
1538 1806 1601 1842 hic
1630 1805 1740 1842 locus

43 1869 271 1907 Froissarti.
303 1869 513 1907 Editiones
543 1868 650 1908 enim
677 1868 797 1906 isthic
826 1876 986 1918 ponunt
1015 1866 1262 1905 cardinalem
1302 1865 1589 1909 Albanensein.
1631 1863 1742 1901 nulla

41 1928 180 1966 Blanci
208 1928 291 1966 sive
319 1928 411 1965 Albi
439 1928 660 1969 mentione.
688 1928 749 1965 uti
776 1927 955 1965 dicemus
983 1927 1088 1964 inl'ra
1116 1940 1243 1976 quum
1265 1938 1429 1973 agemus
1458 1924 1506 1961 de
1526 1922 1744 1961 Guillelmo

42 1987 155 2024 Curti
181 1987 385 2025 cardinale
410 1987 622 2025 Benedicti
651 1987 748 2024 XII.

99 2046 250 2084 Eodem
270 2060 378 2083 anno
398 2046 635 2083 nominatur
652 2045 758 2084 inter
776 2060 842 2083 eos
862 2058 1036 2095 quorum
1056 2057 1177 2094 opera
1195 2057 1291 2080 usus
1311 2049 1371 2079 est
1389 2040 1634 2078 Benedictus
1656 2039 1741 2076 XII

41 2105 82 2142 in
105 2105 325 2143 condendis
350 2105 519 2143 statutis
543 2105 658 2142 novis
677 2104 692 2126 5
714 2118 818 2154 quae
851 2104 964 2142 dedit
997 2102 1128 2141 ordini
1160 2102 1334 2140 fratrum
1370 2100 1585 2145 Minorum,
1618 2098 1739 2136 Odor.

45 2164 263 2213 Raynald..
295 2178 359 2202 an.
395 2164 509 2206 1336,
547 2166 563 2210 ,ξ
595 2164 656 2201 65.

95 2224 214 2260 Anno
242 2223 594 2261 MCCCXXXVII
623 2223 744 2260 datus
771 2222 806 2260 ei
833 2229 893 2259 est
916 2220 1272 2259 archidiaconatus
1298 2217 1499 2255 Ecclesiae
1521 2217 1741 2265 Carpento—

42 2283 214 2320 rarensis
234 2282 261 2319 ⁶.
296 2282 493 2319 Rubria-ae
532 2282 734 2320 literarum
784 2281 881 2319 anni
933 2279 1046 2319 tertii
1087 2278 1358 2329 pontificatus
1397 2274 1606 2313 Benedicti
1644 2274 1741 2319 XII,

43 2355 130 2391 cap.
154 2356 263 2387 wa,
283 2341 323 2378 in
343 2341 479 2379 codice
500 2339 603 2378 1615
629 2341 901 2378 bibliothecae
931 2338 1187 2377 Colbertinae
1207 2337 1220 2359 ⁷
1241 2352 1248 2374 ε
1271 2335 1496 2373 pulicibus.
1523 2333 1746 2370 llIandatur

41 2400 98 2437 eis
117 2401 217 2449 qao‘l
242 2400 461 2446 Gaacelmo,
482 2400 664 2449 episcopo
681 2399 915 2446 Albanensi,
932 2398 1161 2448 provideant
1180 2397 1223 2433 (Ie
1243 2393 1473 2432 canonicatu
1495 2400 1528 2429 et
1546 2391 1741 2441 prebenda

41 2473 86 2496 ac
119 2459 441 2496 archidiaconatu
478 2459 648 2496 Ecclesie
683 2457 1050 2508 Carpentoratensis
1079 2471 1124 2493 ac
1155 2456 1198 2492 (Ie
1233 2452 1390 2491 ecclesia
1421 2449 1660 2501 parrochiali
1700 2450 1746 2486 (Ie

89 2629 121 2661 1.
143 2628 333 2668 Mabillon,
355 2629 553 2662 Mamaeum
574 2629 748 2668 italicam,
770 2634 796 2661 t.
816 2640 856 2661 11.

91 2683 120 2714 2.
143 2681 182 2714 B.
208 2681 264 2720 N..
286 2693 353 2714 ms.
375 2681 470 2714 latin
490 2682 571 2721 937,
593 2682 617 2715 f.
640 2682 709 2715 116
729 2685 785 2714 r0.

88 2736 120 2768 3.
154 2734 193 2767 E.
215 2734 348 2774 Gffller,
365 2734 436 2768 Die
453 2735 654 2778 papstliche
671 2734 946 2772 Ρὸηίίεηίίανίε,
968 2738 993 2764 t.
1013 2744 1036 2770 1,
1057 2743 1091 2774 p.
1112 2731 1167 2763 90.
1188 2750 1235 2752 -—
1262 2730 1321 2762 On
1341 2736 1517 2762 trouvera
1534 2740 1605 2761 une
1634 2729 1746 2761 lettre

42 2786 294 2830 penitentielle
312 2789 464 2821 emanee
482 2788 525 2821 de
544 2788 735 2827 Gaucelm,
754 2787 785 2819 le
802 2787 843 2819 31
865 2786 1015 2819 octobre
1036 2784 1137 2822 1337,
1157 2783 1248 2815 dans
1267 2782 1429 2825 Stengcl,
1450 2782 1553 2814 Nova
1568 2781 1745 2813 Aleman-

41 2841 134 2879 niae,
153 2852 187 2883 p.
205 2841 285 2879 306,
303 2852 338 2873 n.
356 2841 436 2874 481.

88 2893 120 2926 4.
149 2893 190 2926 B.
214 2892 271 2932 N..
292 2905 359 2926 ms.
380 2893 476 2926 latin
496 2893 602 2933 4323,
623 2892 647 2926 f.
669 2893 714 2925 10
733 2895 802 2925 r0.⁴

89 2947 119 2979 5.
152 2945 281 2986 Eubel,
301 2946 344 2979 B.
365 2946 422 2985 F..
443 2951 470 2979 t.
491 2958 540 2985 VI,
561 2958 595 2979 n.
617 2946 673 2985 51,
693 2957 729 2988 p.
752 2945 806 2978 26.

89 3000 120 3032 6.
150 2998 271 3038 Vidal,
291 3010 326 3032 n.
347 2999 440 3032 4136
463 2999 592 3041 (bulles
612 2999 661 3031 du
682 2999 725 3031 23
744 2996 879 3030 sevrier
897 2995 1016 3038 1337).

89 3052 120 3085 7.
151 3051 190 3084 Β.
211 3051 267 3091 N.y
284 3063 351 3085 ms.
368 3051 462 3084 latin
478 3052 583 3091 4118,
601 3051 624 3084 f.
643 3051 687 3084 89
704 3054 754 3083 v0.
