2083 3458
112 223 262 278 [1116]
630 240 845 266 PAPARUM
881 241 1263 266 AVENIONENSIUM
1710 220 1791 268 639

152 322 270 359 Anno
289 322 582 370 MCCCLXXI,
603 323 664 361 die
683 332 798 361 sexta
815 323 919 373 junii
936 323 963 370 1,
983 324 1196 373 Gregorius
1217 324 1277 360 XI
1296 337 1386 361 eum
1406 321 1557 371 adlegit
1574 321 1615 359 in
1632 332 1789 358 sacrum

102 380 369 419 cardinalium
392 381 617 431 collegium,
642 383 757 432 eique
782 383 894 420 dedit
918 383 1147 422 diaconiam
1171 382 1343 420 Sanctae
1368 381 1517 420 Mariae
1540 380 1581 418 in
1603 379 1669 417 via
1691 379 1789 417 lata.

154 440 272 477 Anno
303 440 622 478 MCCCLXXIV
652 441 756 479 idem
789 442 1002 491 Gregorius
1032 442 1146 479 illum
1176 441 1391 479 constituit
1420 455 1503 478 esse
1533 446 1790 478 executorem

101 499 340 537 testamenti
361 499 435 537 sui.
459 499 559 537 Vide
581 508 610 537 t.
636 515 673 537 η
698 500 904 549 Spicilegii
929 500 1183 548 Dacheriani,
1206 515 1243 550 p.
1266 500 1353 538 688.

154 557 273 595 Anno
292 557 610 596 MCCCLXXVI
630 568 791 597 secutus
812 568 873 597 est
892 559 1081 598 eumdem
1101 559 1335 609 Gregorium
1356 559 1397 596 in
1420 557 1594 595 Italiam.
1616 556 1792 594 Multum

101 624 239 655 autem
270 617 414 667 pelago
444 617 645 667 jactatam
678 633 761 656 esse
792 618 1000 657 triremem
1031 632 1111 668 qua
1141 618 1206 656 ille
1237 618 1464 656 vehebatur
1495 616 1613 654 docet
1642 615 1792 653 Bonin-

101 675 275 725 segnjuS‚
293 690 331 726 p.
352 675 440 723 583,
457 675 644 726 inquiens
662 677 773 714 illam
791 677 957 715 solvisse
975 692 994 715 e
1012 685 1136 728 portu
1155 677 1351 723 Herculis,
1369 675 1572 726 appulisse
1591 674 1791 720 Gaietam,

101 742 143 773 et
158 734 329 774 tandem
346 735 486 773 ceteris
505 735 770 784 conjunctam
787 736 897 786 apud
915 736 1147 774 Cornetum.
1168 736 1350 774 Tandem
1367 749 1583 785 pervenere
1604 733 1791 779 Romam,

100 793 171 831 ubi
203 794 348 832 Petrus
381 794 596 832 cardinalis
631 795 678 833 de
712 795 859 833 Vernio
891 795 1099 833 habitavit
1129 795 1171 833 in
1203 795 1370 833 aedibus
1403 802 1475 831 aut
1514 793 1633 842 juxta
1674 791 1791 833 aedes

103 848 334 892 Camerarii.
363 853 506 891 Petrus
534 853 581 891 de
609 854 763 901 Crosso,
791 854 1116 904 archiepiscopus
1144 853 1389 892 Arelatensis
1415 861 1456 891 et
1483 852 1626 890 S.R.E.
1655 851 1792 888 Came-

102 911 243 959 rarius,
268 912 311 949 in
335 911 588 962 depositione
613 927 685 951 sua
704 913 718 935 '²
745 929 751 950 :
782 913 878 950 Item
902 913 996 963 quia
1031 913 1168 950 domus
1200 912 1268 950 ubi
1292 912 1494 950 habitabat
1519 911 1587 948 iste
1611 910 1792 947 Camera-

102 970 188 1009 rius
221 971 422 1009 accedebat
455 971 604 1021 palatio
640 972 863 1022 apostolico,
898 971 1110 1021 suspicans
1145 986 1215 1022 que
1249 971 1492 1020 contigerunt
1526 977 1669 1020 postea,
1705 968 1794 1017 jecit

105 1029 190 1080 fieri
216 1044 342 1068 unum
365 1030 543 1079 foramen
570 1030 613 1068 in
639 1031 717 1069 loco
744 1031 812 1068 ubi
839 1039 919 1069 erat
944 1031 1076 1080 alogia
1101 1030 1251 1068 domini
1278 1029 1493 1068 cardinalis
1519 1029 1562 1066 de
1593 1027 1735 1065 Vernio
1761 1034 1794 1064 et

102 1089 233 1127 claudi
254 1089 381 1127 taliter
401 1097 435 1127 et
454 1089 550 1140 poni
573 1090 783 1139 quamdam
802 1090 950 1128 scalam
969 1104 1038 1140 per
1058 1104 1176 1140 quam
1195 1098 1341 1139 poterat
1367 1088 1542 1126 descendi
1574 1087 1617 1125 in
1637 1087 1794 1124 domum

103 1147 195 1186 dicti
220 1148 441 1186 Camerarii
465 1157 499 1186 et
521 1149 659 1186 exinde
685 1149 829 1186 intrare
847 1149 889 1186 in
913 1148 1112 1186 ecclesiam
1134 1148 1268 1187 Sancti
1284 1148 1404 1195 Petri,
1421 1155 1454 1185 et
1476 1146 1642 1185 transire
1665 1159 1794 1182 secure

102 1207 154 1245 ad
173 1215 344 1245 castrum
365 1208 500 1246 Sancti
523 1208 681 1257 Angeli,
704 1217 737 1246 et
757 1208 925 1246 awisavit
944 1208 1097 1258 aliquos
1117 1207 1294 1245 dominos
1311 1208 1354 1244 (le
1375 1205 1645 1244 cardinalibus
1665 1204 1795 1241 dicens

103 1267 204 1316 quod
221 1266 257 1304 si
277 1266 449 1305 viderent
466 1267 631 1317 aliquid,
655 1268 697 1304 in
718 1268 795 1305 loco
818 1267 885 1304 ubi
905 1275 985 1305 erat
1004 1266 1199 1316 alogiatus
1215 1266 1397 1304 dominus
1418 1266 1461 1303 de
1480 1264 1623 1302 Vernio
1645 1262 1793 1300 inveni-

104 1334 186 1363 rent
217 1325 428 1375 refugium.

156 1384 275 1423 Anno
291 1385 671 1428 MCCCLXXVIII,
690 1385 791 1423 obiit
809 1386 962 1423 Romae
979 1385 1085 1423 idem
1103 1384 1329 1434 Gregorius.
1349 1384 1452 1422 Tum
1468 1391 1603 1421 ortum
1619 1380 1793 1419 schisma

104 1444 389 1494 gravissimum
409 1445 451 1482 in
473 1445 651 1483 Ecclesia
676 1445 761 1483 Dei.
786 1444 888 1481 Nam
907 1444 1246 1482 Bartholomaeus
1267 1442 1590 1492 archiepiscopus
1608 1438 1793 1477 Barensis

103 1503 253 1541 electus
277 1518 348 1554 per
370 1504 454 1541 vim
478 1518 559 1541 non
582 1504 811 1554 putabatur
832 1518 916 1541 esse
940 1518 1057 1541 verus
1082 1517 1202 1553 papa.
1231 1503 1318 1553 Ipse
1344 1516 1438 1540 vero
1460 1516 1501 1539 se
1522 1500 1597 1551 rite
1621 1500 1795 1537 electum

103 1576 187 1601 esse
215 1558 504 1601 contendebat.
534 1563 714 1601 Credunt
739 1563 920 1613 plerique
946 1563 1062 1601 illum
1088 1561 1311 1599 ambitione
1338 1558 1587 1610 adipiscendi
1619 1565 1794 1608 papatus

103 1621 307 1660 laborasse
329 1630 424 1661 ante
445 1622 671 1671 ingressum
693 1622 962 1660 cardinalium
982 1621 1024 1659 in
1045 1622 1236 1659 conclave
1258 1629 1298 1658 et
1321 1619 1494 1658 consiliis
1518 1618 1796 1656 Romanorum

104 1688 319 1731 propterea
342 1681 585 1720 interfuisse.
616 1681 784 1720 Initium
801 1680 1021 1731 prensandi
1050 1680 1189 1719 fecisse
1212 1679 1376 1717 videtur
1392 1692 1414 1716 a
1434 1679 1554 1716 Petro
1569 1677 1616 1714 de
1632 1674 1794 1720 Vernio,

104 1753 186 1778 non
206 1739 372 1789 quidem
392 1740 476 1779 sine
503 1740 595 1779 fuco
609 1748 651 1779 et
675 1740 857 1788 fallaciis,
881 1748 929 1778 ut
956 1740 1144 1778 solebant
1163 1738 1351 1788 majores,
1371 1737 1441 1776 sed
1470 1750 1562 1776 cum
1585 1733 1794 1773 fraudibus

103 1807 145 1836 et
161 1799 395 1847 mendaciis,
418 1808 465 1837 ut
483 1814 605 1850 supra
628 1814 666 1850 p.
687 1799 786 1837 1093
808 1799 965 1837 dictum
987 1806 1060 1837 est.
1081 1799 1182 1836 Cum
1203 1811 1296 1847 ergo
1317 1797 1424 1835 intra
1441 1796 1630 1834 conclave
1649 1800 1795 1838 essent,

104 1865 145 1896 et
167 1857 285 1896 initio
318 1859 428 1897 facto
463 1873 485 1896 a
519 1859 664 1897 missae
698 1858 982 1905 celebratione,
1005 1858 1089 1907 jam
1115 1856 1375 1895 deliberaturi
1398 1863 1532 1894 essent
1556 1854 1602 1892 de
1624 1851 1796 1891 creando

103 1917 312 1967 pontifice,
333 1926 512 1956 testatur
534 1919 712 1956 Joannes
734 1918 898 1956 Garsiae
930 1917 1106 1955 decanus
1126 1915 1455 1965 Calagurritanus
1477 1922 1518 1952 et
1539 1910 1797 1951 Calciatensis

103 1975 307 2015 audivisse
338 1992 377 2015 se
408 1991 430 2015 a
471 1977 674 2016 cardinale
705 1976 753 2015 de
785 1976 964 2015 Vernio3
994 1976 1094 2026 quod
1137 1989 1241 2012 unus
1284 1975 1551 2011 Romanorum
1595 1970 1798 2020 (videlicet

104 2035 388 2085 cardinalium)
420 2037 520 2074 dixit
541 2053 547 2074 :
569 2036 748 2083 Domini,
775 2036 918 2073 bonum
946 2043 1041 2072 esset
1063 2035 1162 2084 quod
1182 2034 1358 2083 faceretis
1390 2046 1539 2082 papam
1562 2031 1797 2075 Romanum,

104 2102 137 2131 et
157 2095 257 2143 quod
272 2109 340 2145 per
363 2095 516 2145 aliquos
535 2095 801 2134 cardinalium
817 2095 945 2144 fuerat
965 2094 1044 2132 sibi
1064 2107 1295 2143 responsam
1314 2092 1413 2142 quod
1438 2091 1492 2128 ibi
1516 2104 1592 2127 non
1613 2088 1799 2126 debebant

104 2154 210 2203 loqui
231 2155 449 2204 affectuose,
470 2155 538 2192 sed
558 2154 719 2204 quilibet
739 2155 954 2191 secundum
988 2152 1265 2191 conscientiam
1295 2151 1513 2188 nominaret
1542 2162 1652 2199 quem
1679 2146 1795 2183 vellet.

105 2213 155 2251 Et
181 2213 409 2264 inceperunt
426 2215 641 2252 secundum
660 2213 837 2250 ordinem
876 2227 994 2250 suum
1021 2212 1234 2261 ezprimere
1262 2218 1346 2248 vota
1372 2224 1457 2247 sua.
1488 2208 1538 2245 Et
1560 2221 1647 2245 cum
1676 2212 1799 2242 essent

106 2272 149 2310 in
184 2272 263 2320 boc,
295 2273 530 2311 audiverunt
559 2273 714 2322 pulsari
746 2286 982 2321 campanam
1012 2270 1216 2320 Capitolii,
1248 2278 1281 2307 et
1312 2269 1598 2316 interrogarunt
1626 2265 1678 2303 ad
1706 2263 1800 2313 quid

106 2331 352 2382 pulsabatur.
375 2332 426 2370 Et
444 2332 660 2369 cardinalis
680 2332 723 2368 de
749 2331 909 2369 Ursinis
928 2330 1027 2367 dz‘an't
1047 2330 1147 2379 quod
1165 2342 1369 2377 nunquam
1398 2326 1632 2376 pulsabatur
1651 2323 1729 2361 nisi
1749 2322 1800 2359 ad

106 2405 312 2429 rumorem.
340 2391 390 2429 Et
414 2391 487 2428 alii
514 2391 695 2428 ‹liacerunt
721 2391 821 2439 quod
846 2404 923 2427 non
949 2389 1136 2426 debebant
1160 2388 1291 2425 timere
1318 2386 1372 2424 ita
1397 2386 1482 2432 cito,
1510 2398 1577 2422 nec
1614 2381 1799 2421 debebant

106 2450 301 2499 conqueri,
323 2450 417 2499 quia
435 2450 561 2487 adhuc
582 2450 651 2487 illa
670 2458 749 2487 erat
769 2449 901 2499 prima
921 2448 1012 2486 dies.
1038 2448 1090 2485 Et
1109 2446 1252 2485 statim
1272 2445 1438 2483 additur
1456 2444 1497 2481 in
1517 2443 1658 2481 eadem
1678 2440 1798 2489 depo-

107 2509 253 2547 sitione
276 2525 284 2546 :
309 2508 575 2558 Interrogatus
595 2523 712 2558 quare
731 2508 831 2546 dixit
849 2507 928 2545 sibi
948 2506 1164 2544 cardinalis
1184 2506 1227 2543 de
1247 2503 1432 2542 Alvernio
1453 2502 1563 2549 illud,
1585 2500 1683 2538 dixit
1702 2498 1802 2548 quod

106 2574 175 2618 pro
207 2582 249 2605 eo
270 2568 371 2617 quod
392 2567 713 2605 murmurabatur
731 2568 850 2604 Rome
868 2566 968 2616 quod
988 2579 1119 2602 omnes
1138 2564 1356 2602 cardinales
1373 2561 1606 2607 recedebant,
1626 2567 1659 2596 et
1675 2556 1800 2606 aliqui

107 2627 411 2676 dicebant‘quod
432 2626 609 2664 volebant
631 2626 687 2663 ire
706 2626 958 2671 Avinionem,
975 2624 1100 2673 aliqui
1119 2623 1219 2673 quod
1235 2622 1411 2659 volebant
1425 2621 1548 2669 facere
1570 2618 1693 2656 aliam
1710 2616 1799 2654 elec-

107 2686 263 2725 tionem.
295 2685 345 2724 Et
374 2685 468 2735 quia
498 2685 581 2735 ipse
611 2685 775 2722 habebat
805 2685 847 2721 in
877 2684 1081 2721 dominum
1108 2696 1226 2719 suum
1254 2680 1462 2730 specialem
1490 2677 1729 2716 cardinalem
1757 2675 1801 2712 de

109 2744 308 2792 favernio,
343 2744 594 2793 interroga-vit
625 2758 714 2781 eum
744 2743 1008 2793 supplicando
1042 2741 1142 2791 quod
1172 2740 1383 2778 consuleret
1413 2738 1492 2775 sibi
1525 2736 1619 2786 quid
1649 2735 1799 2784 faceret.

107 2804 158 2842 Et
177 2805 241 2843 ille
261 2803 361 2841 dixit
379 2803 458 2840 sibi
480 2818 488 2840 ε
509 2803 744 2852 Prosequere
763 2810 831 2839 tua
851 2801 1018 2850 negotia,
1039 2808 1072 2838 et
1091 2808 1242 2848 tempus
1262 2798 1359 2835 dicet
1378 2797 1450 2835 tibi
1470 2796 1564 2846 quid
1582 2803 1614 2833 te
1633 2799 1803 2843 oporteat

106 2865 242 2913 facere.
270 2863 320 2900 Et
345 2862 409 2899 ille
433 2861 533 2899 dixit
556 2861 635 2898 sibi
662 2877 669 2898 z
693 2861 875 2907 Domine,
900 2860 995 2908 forte
1019 2858 1173 2908 aliquid
1197 2857 1292 2894 mali
1328 2856 1443 2894 vultis
1475 2853 1624 2904 facere?
1657 2852 1803 2890 Saltem

156 3001 188 3034 1.
213 3000 318 3033 Lisez
340 2999 372 3032 le
396 2999 442 3032 30
465 2998 550 3030 mai.

157 3054 188 3088 2.
213 3053 254 3087 B.
282 3052 340 3093 N.‚
366 3063 433 3085 ms.
458 3050 554 3083 latin
577 3049 706 3089 11745,
734 3048 794 3082 fol.
822 3049 865 3082 63
890 3052 934 3081 r0.

155 3107 188 3140 3.
214 3106 281 3140 Ms.
307 3105 391 3145 cite,
417 3103 479 3137 fol.
505 3103 571 3137 1211
598 3107 649 3136 νο.
