2083 3458
265 288 347 330 458
908 302 1060 328 NOTAE
1094 301 1155 326 AD
1189 301 1316 326 vlTAs
1384 315 1387 317 -
1847 281 1971 337 [943]

263 385 490 435 apostolica
522 400 572 423 ex
601 385 766 434 speciali
798 384 1054 433 delegatione
1085 384 1305 422 Clementis
1335 398 1468 434 papae
1504 384 1701 434 praefecit
1734 383 1973 428 Henricum,

262 444 460 483 abbatem
483 444 530 482 de
555 444 747 482 Precibus
769 444 810 480 in
833 443 1006 481 dioecesi
1030 443 1264 482 Venetensi.
1287 443 1351 480 Ex
1373 457 1453 492 quo
1476 443 1593 481 facile
1615 443 1820 492 colligitur
1841 456 1972 480 errare

263 518 329 541 eos
350 503 419 553 qui
438 503 645 541 Simonem
665 502 851 541 scribunt
871 518 890 541 e
908 503 996 540 vita
1017 502 1236 541 decessisse
1255 517 1364 540 anno
1382 502 1695 550 MCCCLXXV,
1715 502 1778 540 die
1796 501 1972 552 septima

260 561 377 612 junii.

317 622 394 659 Sed
414 621 535 659 isthic
556 636 595 659 se
618 621 737 659 ofl'ert
759 621 893 670 gravis
916 621 1149 659 difficultas.
1174 621 1341 659 Etenim
1361 621 1401 658 in
1425 621 1552 659 Facto
1575 621 1720 659 Jacobi
1742 621 1791 658 de
1813 620 1919 658 Seva
1938 619 1968 667 ¹,

262 695 300 730 p.
334 680 422 719 504.
452 689 491 718 et
522 680 620 717 alibi
649 680 799 729 legitur
829 680 1046 718 Urbanum
1069 680 1126 717 VI
1156 685 1341 719 recenter
1371 689 1557 719 creatum
1597 694 1751 730 papam
1770 679 1974 717 Ecclesiae

264 740 484 777 Venetensi
518 739 747 777 cathedrali
779 747 880 777 tunc
914 740 1083 777 vacanti
1117 739 1165 778 de
1198 754 1372 790 perscna
1406 740 1578 778 Joannis
1610 740 1658 778 de
1693 739 1974 787 Montelegum

261 799 500 849 providisse.
522 799 628 835 Nam
645 799 676 836 si
693 807 784 835 tuni
803 799 1042 837 Venetensis
1063 799 1242 837 Ecclesia
1259 799 1452 847 vacabat,
1470 813 1614 837 verum
1630 813 1715 837 esse
1737 812 1819 836 non
1835 805 1975 848 potest

262 858 470 896 Simonem
496 858 530 895 ei
556 858 690 895 adhuc
715 858 954 908 praefuisse.
978 858 1132 896 Yerum
1158 873 1251 896 cum
1276 860 1377 896 Acta
1399 873 1502 908 quae
1530 858 1680 896 docent
1706 872 1801 896 eum
1825 871 1973 895 renun-

261 917 384 955 tiasse
415 917 617 956 Ecclesiae
650 917 872 955 Venetensi
904 931 1012 955 anno
1054 918 1268 956 millesimo
1303 917 1634 956 CCCLXXXIH
1667 925 1778 955 certa
1819 916 1902 955 sint
1934 924 1976 954 et

263 977 373 1014 omni
393 976 484 1014 falsi
504 984 577 1013 aut
595 976 891 1026 suppositionis
912 977 1142 1027 suspicione
1163 985 1343 1024 careant,
1360 977 1685 1015 existimandum
1705 985 1765 1014 est
1785 989 1975 1026 sparsum

262 1051 345 1074 esse
376 1036 417 1072 in
447 1035 575 1073 initiis
607 1036 878 1086 pontificatus
913 1036 1072 1086 Urbani
1101 1051 1307 1075 rumorem
1341 1037 1389 1074 de
1421 1045 1552 1074 morte
1586 1035 1777 1083 Simonis,
1810 1043 1851 1073 et
1880 1035 1973 1073 ideo

262 1095 461 1133 creditum
482 1095 706 1133 Ecclesiam
726 1095 840 1132 illam
861 1093 1044 1142 vacasse,
1069 1110 1172 1145 quae
1206 1104 1347 1134 tamen
1370 1096 1609 1146 episcopum
1631 1095 1828 1134 habebat.
1855 1094 1974 1132 Hanc

262 1154 312 1192 ob
342 1168 510 1192 causam
539 1154 732 1192 Urbanus
761 1168 853 1192 eam
881 1155 996 1193 dedit
1022 1163 1228 1205 tanquam
1255 1163 1477 1193 vacantem
1495 1154 1522 1192 ².

315 1213 507 1251 Ceterum
541 1228 591 1251 ex
624 1213 864 1251 testimonio
899 1214 1109 1264 scriptoris
1144 1215 1267 1264 hujus
1298 1215 1412 1252 Vitae
1448 1214 1675 1251 Innocentii
1713 1214 1774 1251 Γ]
1808 1221 1975 1251 constat:

262 1287 392 1311 errare
423 1288 489 1311 eos
521 1273 589 1322 qui
618 1281 772 1323 putant
801 1273 947 1312 fratres
978 1274 1362 1320 PraedicatoreS‚in
1390 1274 1572 1324 capitulo
1603 1273 1780 1323 generali
1809 1272 1974 1322 Pampi-

258 1330 719 1381 lonensi'congregatos
754 1346 862 1370 anno
897 1333 1260 1379 MCCCLV7ausos
1294 1348 1378 1371 non
1409 1348 1493 1371 esse
1527 1333 1730 1383 deponere
1765 1332 1973 1371 Simonem

260 1400 375 1430 metu
389 1405 523 1441 papae
540 1399 581 1429 et
595 1391 871 1441 imperatoris.
891 1392 939 1429 Ei
955 1400 1101 1442 postea
1128 1393 1321 1443 episcopo
1344 1393 1456 1430 facto
1472 1392 1727 1430 substitutus
1754 1400 1816 1430 est
1834 1391 1972 1429 Helias

262 1451 515 1499 Raymundi⁷
540 1465 662 1500 quem
686 1451 877 1489 Urbanus
901 1451 935 1488 V
957 1452 1055 1489 fecit
1075 1452 1209 1502 primo
1231 1452 1433 1490 vicarium
1457 1452 1689 1501 generalem
1713 1451 1865 1489 ordinis
1896 1450 1972 1488 sui.

259 1510 361 1548 Vide
386 1510 685 1559 Raymundum
709 1510 894 1559 Hugonis
916 1511 960 1548 in
979 1511 1083 1549 libro
1095 1511 1156 1548 De
1177 1511 1438 1548 translatione
1452 1511 1628 1561 corporis
1648 1511 1778 1548 san'cti
1798 1510 1974 1547 Thomae

258 1569 478 1619 Aquinatis
501 1569 543 1606 in
566 1569 701 1607 urbem
726 1569 978 1617 Tolosanam‚
1001 1570 1041 1607 in
1064 1579 1180 1608 tomo
1201 1571 1334 1621 primo
1357 1570 1497 1608 martii
1517 1570 1794 1617 Bollandiam‘,
1816 1584 1855 1620 p.
1881 1568 1969 1607 726.

317 1629 431 1666 Idem
448 1629 688 1667 nominatur
708 1629 816 1667 inter
832 1637 958 1667 testes
978 1630 1047 1679 qui
1065 1643 1173 1667 anno
1199 1630 1415 1668 millesimo
1434 1629 1677 1668 CCCXLIX
1694 1629 1757 1668 die
1774 1643 1847 1667 ΧΠ
1869 1628 1973 1678 julii,

260 1687 541 1726 interfuerunt.
562 1688 826 1725 translationi
849 1688 1117 1739 dalphinatus
1140 1689 1381 1727 Viennensis
1402 1689 1446 1726 in
1469 1689 1671 1726 Karolum
1694 1689 1826 1726 filium
1848 1688 1974 1726 Joan-

262 1747 338 1793 nis,
364 1747 477 1784 ducis
502 1747 794 1794 Normanniae‚
818 1756 865 1784 ut
887 1756 1005 1798 patet
1029 1763 1080 1786 ex
1100 1748 1214 1786 Actis
1236 1748 1353 1786 editis
1377 1748 1478 1786 inter
1499 1748 1763 1786 Probationes
1785 1747 1974 1785 historiae

259 1806 555 1856 Dalplzinorum
586 1806 890 1854 Viennensium,
914 1822 953 1857 p.
980 1807 1042 1854 99,
1068 1807 1139 1845 ubi
1163 1808 1402 1845 nominatur
1426 1808 1586 1845 maistre
1610 1807 1758 1857 Symon
1782 1808 1827 1844 de
1849 1806 1972 1844 Lain·

267 1878 364 1913 gres,
385 1874 521 1902 mestre
538 1880 585 1902 en
604 1865 791 1914 theologie
806 1865 833 1904 3.

317 1925 359 1962 P.
388 1924 477 1971 319,
503 1924 570 1974 lig.
599 1924 659 1963 12.
689 1924 935 1963 OCCASIONE
959 1940 1313 1964 INFEUDATIONIS.
1341 1926 1485 1964 Melius
1513 1926 1718 1964 Levoldus
1745 1940 1767 1963 a
1794 1924 1974 1963 Northof

261 1983 303 2021 in
328 1983 523 2021 Chronico
547 1983 746 2021 Comitum
771 1984 821 2021 [Ie-
837 1984 981 2022 illm-ca
1016 1985 1070 2035 [p.
1096 1985 1197 2035 208]
1224 2001 1231 2022 ε
1255 1986 1377 2022 :inno
1396 1985 1566 2022 Domini
1589 1985 1852 2023 MCCCLVI
1874 1984 1974 2021 inter

263 2042 398 2080 ducem
417 2043 498 2079 Bra
508 2043 664 2080 bantiae
678 2051 712 2080 et
729 2044 907 2081 comitem
922 2044 1141 2081 Flandriae
1161 2059 1307 2093 magna
1324 2052 1406 2082 orta
1425 2053 1480 2082 est
1494 2045 1687 2082 contentio
1701 2058 1821 2094 super
1838 2044 1973 2081 villam

263 2101 613 2149 Maehlim'ensem‚
639 2111 798 2152 utroque
819 2111 968 2152 petente
989 2118 1029 2140 se
1051 2103 1255 2153 infeudari
1277 2104 1327 2141 ab
1350 2104 1418 2141 1*ch
1440 2118 1510 2154 per
1530 2104 1762 2154 episcopum
1783 2103 1973 2140 Leodien-

262 2175 355 2208 sem,
370 2162 464 2198 duce
477 2161 723 2199 Brabantiae
741 2162 918 2200 videlicet
931 2163 1083 2200 ratione
1094 2163 1369 2209 successionis,
1384 2171 1417 2200 et
1428 2163 1564 2200 comite
1579 2163 1730 2200 ratione
1745 2161 1970 2213 emptionis,

266 2220 404 2258 Recte.
440 2221 609 2258 Certum
643 2221 794 2271 quippe
828 2229 889 2259 est
922 2221 1186 2259 Machlinian]
1221 2236 1243 2259 a
1277 2222 1488 2260 Ludovico
1522 2230 1796 2272 cognomento
1830 2221 1973 2259 Niver-

263 2280 392 2325 nensi,
430 2280 578 2317 comite
616 2280 847 2328 Flandriae,
885 2289 1070 2331 emptam
1106 2282 1229 2320 fuisse
1266 2296 1374 2319 anno
1410 2281 1626 2332 millesimo
1662 2280 1974 2327 CCCXXXIII,

265 2353 390 2387 quam
410 2347 548 2377 tenere
571 2339 736 2377 deberet
758 2339 801 2377 in
821 2340 991 2380 feudum
1012 2340 1064 2378 ab
1086 2341 1277 2391 episcopo
1298 2349 1338 2379 et
1362 2341 1541 2379 Ecclesia
1565 2341 1793 2379 Leodiensi.
1819 2340 1975 2378 Instru-

264 2406 451 2451 mentum
485 2398 735 2436 venditionis
770 2407 888 2437 extat
920 2399 963 2436 in
996 2400 1133 2438 codice
1171 2399 1246 2437 7:20
1276 2400 1551 2438 bibliothecae
1586 2400 1846 2438 Colbertinae
1863 2401 1891 2437 4.
1922 2401 1976 2438 Et

263 2466 405 2495 tamen
441 2466 599 2495 certum
635 2471 798 2507 quoque
835 2467 896 2496 est
933 2459 1159 2497 Henricum
1196 2459 1328 2497 filium
1364 2459 1536 2497 Joanm's
1573 2459 1686 2497 ducis
1720 2458 1974 2496 Brabantiae

261 2516 525 2554 infeudatum
538 2516 661 2555 fuisse
676 2517 723 2555 de
738 2517 958 2555 Machlinia
971 2518 1023 2555 ab
1038 2518 1288 2568 Engelberto
1302 2518 1350 2556 de
1365 2518 1523 2566 Marka,
1537 2519 1728 2568 episcopo
1743 2516 1974 2563 Leodiensi‚

285 2586 406 2597 ‚—‚..-

313 2644 343 2676 ¹1.
375 2643 545 2678 Bulaeus.
580 2643 746 2677 Historia
785 2644 1039 2678 Uim-*ersitaiis
1070 2645 1305 2684 parisiensis,
1342 2652 1367 2678 t.
1400 2657 1451 2678 μ’.

314 2697 342 2728 2.
374 2695 501 2729 Simon
525 2697 568 2729 de
594 2696 754 2740 Langres
779 2697 837 2730 fut
862 2698 1042 2731 transfere
1065 2710 1128 2731 sur
1150 2699 1180 2731 le
1204 2699 1299 2742 siege
1325 2699 1368 2731 de
1393 2698 1542 2731 Vannes
1566 2699 1597 2731 le
1622 2699 1666 2731 20
1690 2699 1840 2731 octobre
1865 2699 1969 2732 1382.

268 2749 380 2782 chri
402 2750 432 2781 le
455 2750 578 2782 Barbu
599 2750 650 2782 lui
671 2751 830 2784 succeda
850 2751 881 2783 le
903 2752 922 2784 3
944 2752 1033 2784 aoslt
1059 2752 1159 2785 1383.
1185 2751 1310 2793 Quam
1333 2752 1353 2783 a
1374 2752 1471 2784 Jcan
1492 2753 1535 2785 de
1557 2751 1756 2785 Montalais
1777 2753 1927 2785 nomme
1951 2752 1971 2784 a

265 2802 413 2834 Yannes
441 2814 485 2834 cn
515 2803 606 2836 avril
635 2804 738 2838 1378.
756 2816 823 2847 par
852 2804 995 2837 Urbain
1014 2804 1078 2844 VI,
1107 2805 1131 2837 il
1160 2805 1216 2837 fut
1245 2804 1423 2838 consu-me
1453 2806 1544 2838 dans
1572 2817 1612 2838 sa
1640 2805 1772 2848 charge
1799 2816 1868 2848 par
1895 2804 1972 2838 Cle-

266 2863 366 2887 ment
393 2855 463 2887 Vll
488 2856 518 2887 le
543 2858 561 2888 5
586 2857 787 2890 novembre
812 2858 915 2896 1378,
933 2864 969 2890 et
994 2858 1173 2891 transfere
1198 2858 1218 2890 a
1244 2858 1384 2891 Names
1408 2859 1439 2891 le
1464 2859 1508 2891 20
1532 2858 1682 2891 octobre
1705 2858 1798 2891 1382
1826 2857 1969 2901 (Eubel,

266 2908 493 2942 Ilisrurclzia.
521 2916 544 2941 t.
570 2921 590 2943 Ι,
615 2922 649 2952 p.
676 2911 770 2953 520).

314 2962 344 2993 3.
376 2960 444 2992 Sur
465 2961 591 2994 Simon
614 2964 656 2995 de
679 2963 852 3006 Langrcs.
871 2964 952 2996 voir
973 2963 1125 2997 Morticr
1149 2964 1322 3007 (Histoire
1343 2965 1400 2997 des
1422 2965 1564 2997 maitres
1585 2965 1766 3007 generalia·
1785 2964 1826 2996 de
1845 2964 1972 2997 I’ordre

266 3014 322 3045 des
349 3014 470 3045 Isrcres
493 3015 689 3057 prtssclzeurs,
717 3023 740 3048 t.
766 3028 814 3055 111,
840 3028 873 3059 p.
901 3017 1083 3059 295-442),
1115 3017 1275 3050 Grandes
1297 3017 1505 3060 chroniques
1528 3018 1568 3050 cle
1590 3017 1730 3050 France.
1755 3018 1823 3060 (ed.
1850 3016 1972 3050 Delia-

266 3066 405 3098 chcnal.
432 3074 454 3098 t.
478 3079 499 3100 1.
523 3080 555 3109 J».
582 3069 674 3103 2561.
700 3068 925 3102 Delaclicnal
952 3070 1124 3104 {Histoire
1144 3071 1184 3103 (Ie
1205 3070 1351 3103 Chat-les
1376 3070 1415 3109 Γ,
1441 3077 1466 3104 t.
1488 3082 1524 3105 11.
1547 3082 1581 3114 p.
1604 3070 1699 3112 491).

314 3120 344 3151 si.
377 3119 411 3151 1³.
445 3120 498 3156 N..
527 3132 592 3153 nis.
623 3120 860 3155 Neci-landais
888 3122 919 3162 4,
947 3124 1007 3156 fol.
1037 3124 1080 3156 96
1107 3124 1209 3157 v0—98
1236 3128 1285 3156 νο.
1312 3142 1360 3146 —
1384 3123 1453 3156 Sur
1478 3130 1583 3156 toute
1610 3130 1705 3156 cette
1723 3122 1860 3162 ass'aire,
1889 3122 1970 3155 voir

270 3171 312 3204 ΙΙ,
342 3172 495 3204 Pircnnc
525 3173 697 3215 illisloire
721 3175 760 3206 cle
782 3175 964 3218 Belgique,
990 3176 1191 3215 Bruxelles,
1218 3177 1321 3215 1908,
1348 3183 1372 3209 t.
1397 3188 1432 3215 11,
1458 3189 1492 3220 p.
1522 3176 1702 3217 182483).
