2083 3458
79 262 84 267 ·
128 237 271 294 [1202]
646 251 861 277 PAPARUM
898 252 1281 279 AVENIONENSIUM
1733 244 1808 286 721

114 336 240 375 nobili
266 336 348 375 viro
373 335 532 373 domino
564 335 744 373 Guidone
770 336 813 373 de
839 335 1044 384 Prohinis,
1072 337 1209 384 milite,
1237 347 1329 376 tanc
1352 348 1529 378 senatore
1561 341 1695 389 Urbis,
1715 342 1818 392 ipsis

115 396 310 434 Romanis
339 410 378 433 se
408 394 748 433 recommendavit.

169 455 212 494 P.
234 455 323 502 432,
343 454 409 504 lig.
431 454 467 492 9.
490 454 574 492 SED
594 468 820 492 INTRUSUS.
846 454 935 503 Ipse
957 468 1119 504 quoque
1139 456 1496 506 Bartholomaeus,
1516 468 1660 509 postea
1683 460 1816 499 dictus

116 514 307 552 Urbanus
330 521 485 560 sextus,
509 513 614 551 dixit
636 527 730 551 eum
753 512 822 562 qui
843 513 996 551 electus
1019 522 1125 551 esset
1148 514 1189 551 in
1210 516 1396 554 tumultu
1430 517 1714 558 Romanorum
1735 534 1817 557 non

114 573 302 618 futurum
332 586 485 623 papam
516 580 558 610 et
588 587 627 610 se
660 571 717 610 illi
747 586 829 609 non
861 572 1138 611 obediturum.
1168 574 1378 613 Habemus
1410 576 1527 614 istius
1553 577 1608 615 rei
1640 578 1815 628 plurima

113 632 220 670 bona
249 632 502 670 testimonia.
534 631 744 669 Artaudus
774 630 988 681 episeopus
1019 632 1250 671 Crassensis
1283 642 1459 673 testatur
1487 651 1526 673 se
1552 651 1645 675 cum
1673 638 1818 676 eodem

111 692 430 729 Bartholomaeo
456 691 644 728 locutum
669 705 752 728 esse
777 691 828 728 de
855 690 1030 728 consiliis
1061 691 1343 730 Romanorum
1369 702 1416 731 ut
1441 695 1643 734 haberent
1662 711 1817 747 papam

115 751 350 788 Romanum
368 750 420 787 ad
439 750 561 799 idque
582 758 773 799 cogerent
793 749 1034 793 cardinales,
1054 758 1095 788 et
1114 750 1221 789 inter
1240 760 1373 790 cetera
1395 768 1497 803 quae
1516 754 1625 793 idem
1641 756 1813 794 Bartho-

110 810 291 848 lomaeus
325 809 402 847 sibi
434 809 539 846 dixit
571 809 671 846 illud
704 808 841 855 fuisse,
874 823 956 846 non
988 809 1254 847 obediturum
1285 826 1325 849 se
1356 826 1488 863 papae
1522 813 1591 863 qui
1622 814 1678 853 sic
1709 825 1817 854 essct

111 869 276 907 electus.
300 869 476 906 Tandem
492 868 705 917 subjunxit
722 868 735 890 1
756 882 767 905 .·
786 868 831 906 Si
849 883 958 918 papa
972 868 1048 917 fiat
1063 883 1132 918 per
1150 869 1451 920 impressionem
1467 880 1501 909 et
1518 873 1610 921 vim,
1629 874 1816 912 obedietis

111 942 175 966 vos
205 928 311 965 sibi?
340 928 390 965 Et
420 936 628 977 antequam
660 942 729 976 ego
760 928 1046 977 responderem,
1080 928 1181 966 idem
1213 930 1536 981 archiepiscopus
1563 933 1817 983 precipitavit

110 1001 148 1024 se
175 987 218 1024 in
244 987 514 1037 respondendo
540 995 574 1024 et
601 987 702 1024 clarit
729 1000 740 1023 .·
776 987 867 1023 l'ere
893 1001 961 1035 ego
989 1002 1067 1024 non
1094 988 1286 1027 obediam.
1320 990 1424 1027 Item
1451 991 1625 1029 Poncius
1652 992 1815 1030 Beraldi

109 1055 313 1084 corrector
344 1046 578 1084 litterarum
608 1045 931 1095 apostolicarum
950 1046 964 1068 '2
996 1062 1002 1083 :
1036 1062 1051 1081 α
1082 1047 1219 1085 Primo
1252 1048 1357 1086 dixit
1389 1047 1498 1098 quod
1530 1050 1593 1089 ille
1624 1043 1813 1090 Barensis

108 1113 149 1143 et
171 1105 247 1144 iste
271 1106 439 1143 fuerunt
462 1105 559 1143 socii
582 1120 652 1155 per
675 1119 872 1154 magnum
894 1113 1058 1155 tempus
1082 1106 1121 1143 in
1147 1107 1268 1144 domo
1293 1108 1447 1146 domini
1472 1110 1814 1159 Pampilonensis⁷

108 1172 149 1203 et
172 1165 338 1214 quando
360 1165 462 1201 alius
485 1164 562 1201 ivit
587 1165 762 1203 Romam
778 1164 818 1201 in
842 1164 973 1202 officio
990 1165 1244 1213 cancellarie,
1262 1166 1337 1205 iste
1355 1167 1434 1205 fuit
1450 1168 1581 1206 socius
1601 1169 1688 1219 ejus
1708 1170 1812 1208 circa

108 1223 287 1262 officium
318 1223 556 1262 cancellarie
587 1232 628 1262 et
659 1223 775 1273 quasi
806 1224 926 1261 unius
958 1224 1154 1262 consortii
1184 1239 1312 1275 usquc
1343 1226 1383 1263 in
1415 1227 1477 1264 die
1508 1227 1589 1266 illa.
1624 1229 1677 1266 Et
1708 1229 1813 1267 dixit

108 1283 217 1332 quod
247 1283 309 1321 die
341 1282 545 1321 dominica
575 1291 671 1320 ante
700 1282 929 1332 ingressum
958 1284 1162 1321 conclavis
1194 1285 1418 1323 celebravit
1446 1286 1510 1324 ille
1539 1288 1742 1335 Barensis,
1773 1297 1814 1326 et

106 1341 182 1380 iste
216 1350 257 1380 et
290 1342 460 1391 quidam
492 1342 594 1380 alius
629 1341 959 1392 archiepiscopus
996 1343 1249 1381 Neretrensis
1284 1345 1452 1383 fuerunt
1485 1360 1623 1384 omnes
1657 1347 1697 1384 in
1731 1362 1812 1385 una

106 1400 211 1440 socie
221 1409 304 1439 tate
323 1401 390 1438 illa
412 1401 489 1439 die.
514 1402 567 1438 Et
586 1409 685 1439 tunc
707 1401 813 1438 dixit
832 1401 896 1440 ille
916 1402 1105 1440 Barensis
1128 1404 1237 1452 quod
1258 1405 1486 1443 secundum
1504 1405 1572 1443 illa
1594 1420 1671 1455 que
1692 1406 1812 1444 facie-

106 1460 208 1498 bant
237 1460 427 1508 Romani,
455 1460 650 1510 quicquid
677 1468 868 1510 ageretur
893 1462 1052 1498 nullum
1077 1470 1198 1507 esset,
1227 1463 1321 1512 quia
1348 1463 1380 1500 si
1406 1478 1477 1513 per
1502 1464 1813 1514 impressionem

105 1519 322 1569 eligeretur
338 1533 461 1570 papa,
480 1534 560 1557 non
578 1528 684 1557 esset
701 1534 824 1570 papa,
842 1521 912 1558 sed
929 1521 1200 1570 apostaticus.
1222 1522 1275 1559 Et
1293 1522 1398 1560 dixit
1418 1539 1424 1560 :
1446 1524 1530 1573 Ego
1548 1538 1629 1561 non
1645 1533 1810 1575 reputa-

105 1593 190 1617 rem
213 1579 339 1617 talem
367 1593 509 1617 verum
534 1593 686 1629 papam
712 1594 736 1615 x).
770 1579 883 1618 Idem
906 1588 1089 1618 tcstatur
1115 1580 1253 1618 Simon
1280 1580 1549 1629 Cramaudus,
1575 1583 1810 1633 patriarcha

106 1637 422 1685 Alexandrinus,
442 1638 483 1675 in
500 1634 763 1676 tractatu'De
779 1639 989 1677 schismate
1010 1655 1016 1676 :
1038 1655 1051 1673 α
1074 1640 1190 1678 Unde
1211 1640 1312 1679 bene
1332 1642 1522 1679 recordor
1541 1642 1588 1680 de
1608 1657 1689 1679 uno
1710 1643 1810 1681 benc

104 1697 292 1744 notabili,
322 1697 391 1747 qui
420 1697 555 1736 fuerat
583 1697 715 1736 socius
744 1706 784 1735 et
814 1698 933 1735 valde
961 1699 1117 1737 amicus
1150 1700 1319 1747 Urbani,
1350 1701 1449 1739 dum
1476 1710 1564 1739 erat
1592 1702 1810 1752 archiepis-

103 1770 227 1806 copus
250 1756 552 1794 Acherontinus
573 1765 613 1794 et
634 1765 729 1807 post
748 1757 952 1804 Barensis,
973 1766 1014 1795 et
1035 1758 1203 1807 regebat
1224 1759 1511 1797 cancellariam
1531 1760 1571 1797 in
1594 1760 1756 1798 Avinim
1776 1777 1810 1808 c,

102 1823 143 1853 et
164 1815 229 1853 ille
250 1815 434 1854 habebat
455 1816 609 1854 ibidem
632 1815 810 1854 officium
832 1817 934 1855 bene
957 1817 1154 1865 notabile,
1177 1826 1218 1856 et
1239 1826 1328 1856 erat
1351 1832 1496 1868 magne
1519 1820 1810 1869 reputationis,

102 1882 143 1912 et
168 1874 398 1913 vocabatur
424 1875 595 1913 Pontius
621 1875 797 1914 Beraldi.
826 1876 903 1923 Qui
928 1876 1096 1925 quidem
1122 1877 1307 1915 narravit
1331 1878 1455 1916 michi
1480 1878 1643 1917 fortiter
1665 1879 1807 1928 juratas

102 1933 178 1972 hoc
203 1948 287 1972 esse
314 1948 457 1973 verum
483 1934 592 1983 quod
619 1934 682 1972 ille
711 1935 779 1984 qui
805 1943 898 1985 post
925 1935 1004 1973 fuit
1031 1936 1265 1974 nominatus
1295 1937 1485 1975 Urbanus
1512 1946 1552 1975 et
1579 1938 1662 1988 ipse
1691 1947 1807 1976 erant

101 1992 224 2030 simul
248 1992 289 2030 in
312 1993 479 2031 ecclesia
504 1994 615 2031 beati
641 1994 764 2038 Petri,
790 1994 956 2043 quando
990 1995 1145 2032 domini
1182 1995 1406 2034 cardinales
1432 1996 1692 2034 intraverunt
1718 2012 1809 2035 con-

102 2052 214 2090 clave
242 2052 370 2090 Rome
395 2067 467 2102 pro
496 2052 691 2091 electione
718 2053 846 2091 futuri
870 2054 1077 2104 pontificis
1104 2063 1197 2104 post
1221 2064 1397 2093 mortem
1431 2056 1631 2104 Gregorii3
1657 2064 1697 2093 et
1722 2065 1809 2094 erat

100 2110 157 2148 ibi
185 2111 389 2149 tumultus
419 2111 676 2162 popularium
708 2121 964 2152 armatorum
993 2113 1310 2153 vociferantium
1339 2123 1379 2152 et
1408 2115 1728 2164 percutientium
1757 2108 1807 2152 ad

102 2169 219 2208 ostia.
253 2170 307 2208 Et
338 2179 435 2209 tunc
476 2171 803 2222 archiepiscopus
842 2172 1044 2219 Barensis,
1078 2173 1147 2222 qui
1187 2173 1285 2211 satis
1318 2173 1399 2211 cito
1438 2182 1532 2223 post
1572 2174 1807 2212 nominatus

102 2228 181 2266 fuit
203 2229 408 2276 Urbanus,
431 2229 535 2267 dixit
557 2230 740 2280 predicto
764 2231 911 2268 Pontio
935 2247 941 2268 :
966 2231 1101 2278 Vides,
1126 2232 1260 2278 Ponti,
1284 2232 1422 2281 quales
1444 2232 1555 2271 modi
1577 2241 1806 2271 servantur.

101 2288 202 2326 Vere
225 2288 471 2338 quicumque
493 2289 569 2327 erit
590 2290 741 2327 electus
763 2289 805 2327 in
825 2290 904 2328 isto
925 2291 1110 2328 tumultu
1131 2305 1212 2328 non
1234 2291 1309 2328 erit
1331 2305 1452 2341 papa,
1475 2306 1546 2329 nec
1568 2306 1640 2341 ego
1662 2292 1807 2329 vellem

101 2346 177 2385 sibi
197 2347 374 2394 obedire,
394 2362 466 2386 nec
486 2348 652 2387 deberet
671 2349 746 2387 hoc
766 2349 896 2387 facere
917 2349 1164 2399 quicumque
1194 2350 1323 2387 bonus
1354 2350 1592 2388 catholicus.
1615 2350 1653 2388 Si
1672 2360 1806 2389 essent

101 2406 221 2444 multi
248 2407 348 2445 tales
375 2415 514 2454 testes,
543 2416 789 2457 congregato
817 2408 986 2446 concilio
1013 2408 1114 2447 bene
1142 2409 1323 2446 facerent
1349 2409 1402 2447 ad
1427 2409 1700 2459 propositum.
1729 2410 1805 2447 Sed

101 2465 182 2503 scio
205 2465 315 2515 quod
336 2465 399 2504 ille
422 2475 607 2505 mortuus
630 2475 710 2513 est;
728 2475 768 2505 et
789 2467 906 2505 testis
929 2476 990 2505 est
1012 2467 1134 2505 michi
1158 2468 1266 2506 Deus
1289 2468 1399 2517 quod
1421 2482 1503 2505 non
1518 2468 1708 2515 mentior,
1724 2468 1805 2506 imo

101 2524 285 2574 predicta
311 2525 452 2562 audivi
478 2525 529 2562 ab
556 2540 615 2563 eo.
642 2541 657 2560 »

154 2583 258 2621 Utar
284 2591 424 2621 autem
451 2584 526 2622 hac
555 2584 764 2622 occasione
791 2593 839 2622 ut
866 2585 1061 2622 nonnulla
1089 2585 1220 2623 dicam
1249 2585 1298 2623 de
1326 2585 1473 2623 Pontio
1499 2586 1675 2624 Beraldi.
1705 2586 1806 2624 Erat

100 2641 164 2679 ille
191 2642 529 2691 consanguineus,
555 2651 602 2681 ut
627 2643 711 2693 ipse
737 2644 861 2682 refert
886 2643 927 2681 in
952 2657 1024 2681 sua
1051 2644 1318 2694 depositione,
1346 2644 1543 2682 Guidonis
1570 2645 1618 2682 de
1646 2645 1803 2683 Pruinis

100 2701 298 2739 senatoris
333 2701 466 2748 Urbis,
500 2716 622 2751 quem
653 2702 749 2739 alibi
780 2702 909 2752 reperi
942 2702 1106 2740 natione
1140 2703 1300 2740 Gallum
1334 2703 1455 2741 fuisse
1487 2712 1528 2741 et
1560 2703 1607 2741 de
1637 2703 1804 2741 militari

97 2757 289 2810 ¹progenie
317 2768 474 2799 natum.
503 2761 706 2799 Eumdem
732 2761 853 2799 fuisse
880 2761 1043 2800 affinem
1078 2761 1292 2800 cardinalis
1319 2760 1368 2800 de
1403 2762 1599 2811 Agrifolio
1632 2762 1803 2812 junioris

99 2827 280 2857 testatur
310 2819 581 2869 Raynulphus
612 2819 827 2858 cardinalis
859 2820 1145 2858 Sistaricensis.
1168 2821 1231 2858 Ex
1259 2835 1340 2870 quo
1369 2820 1501 2870 colligi
1518 2835 1601 2859 non
1628 2821 1803 2860 absurde

101 2886 238 2928 posset
265 2891 359 2917 eum
386 2878 507 2916 fuisse
536 2886 681 2917 natum
708 2878 749 2916 in
778 2879 1061 2935 Lemovicibus
1090 2888 1163 2917 aut
1190 2879 1231 2916 in
1259 2879 1439 2930 quadam
1466 2880 1626 2929 regione
1654 2880 1805 2929 vicina,

150 3013 182 3046 1.
213 3012 279 3046 Ms.
313 3013 396 3053 cite,
429 3013 491 3046 fol.
524 3014 569 3046 49
599 3018 643 3047 r0.

153 3066 183 3098 2.
214 3065 282 3098 Ms.
303 3065 386 3106 cite,
407 3066 469 3099 fol.
491 3067 535 3099 50
554 3066 723 3100 r⁰.—De
745 3067 879 3100 Pontio
898 3067 1058 3108 Beraldi,
1083 3068 1168 3101 vide
1184 3074 1362 3112 excerpta
1381 3080 1465 3101 mea
1483 3069 1565 3102 cod.
1586 3067 1630 3101 61
1649 3068 1683 3102 S.
1705 3069 1807 3102 Mar—

105 3118 171 3151 tini
199 3118 437 3159 Turonensis,
468 3131 501 3162 p.
531 3120 551 3152 4
592 3120 777 3163 [Baluze].
