2083 3458
107 222 258 279 [1159]
626 237 842 262 PAPARUM
878 235 1262 261 AVENIONENSIUM
1710 217 1793 259 679

95 320 287 359 accidisse
310 333 356 358 ea
380 319 443 358 die
468 333 547 369 qua
569 320 821 357 Bertrandus
847 319 1023 369 Latgerii
1046 319 1178 357 factus
1201 327 1263 357 est
1285 318 1496 369 episcopus
1521 316 1718 355 Ostiensis
1741 317 1792 354 ab

97 380 278 426 Urbano,
305 378 415 417 istud
442 387 580 416 autem
608 379 659 416 ab
686 394 732 417 eo
759 379 915 417 factum
941 378 992 416 sit
1018 378 1060 415 in
1084 377 1180 428 ipsis
1206 377 1330 415 initiis
1357 377 1418 415 sui
1444 376 1725 427 pontificatus,
1752 383 1793 413 et

96 438 247 477 creatio
276 452 382 475 xx1x
411 437 679 476 cardinalium
707 446 873 488 peracta
902 437 955 475 sit
982 445 1148 475 tantum
1177 436 1240 475 die
1269 451 1369 474 xvm
1398 435 1653 486 septembris,
1682 434 1792 472 bulla

95 512 191 537 vero
227 496 471 548 privationis
509 496 724 535 cardinalis
763 496 1047 534 Ambianensis
1085 504 1126 534 et
1163 496 1335 533 aliorum
1372 495 1469 533 data
1507 494 1560 532 sit
1597 509 1664 531 v111
1702 493 1792 532 idus

106 556 168 607 [6]
205 555 438 595 novembris
456 555 485 602 1,
520 555 783 594 manifestum
820 564 881 594 est
925 555 1012 593 illos
1056 569 1138 593 non
1173 555 1293 593 fuisse
1328 554 1511 605 privatos
1546 553 1626 591 suis
1662 552 1792 591 titulis

96 615 309 654 confestim
338 623 432 665 post
460 614 639 664 jurgium
667 614 780 661 illud,
809 623 850 652 et
879 614 1102 652 cardinales
1130 629 1235 652 xxix
1258 613 1378 652 fuisse
1405 621 1561 652 creatos
1584 612 1653 649 diu
1679 620 1792 650 ante-

96 689 218 725 quam
242 674 432 712 Urbanus
455 673 771 712 Ambianensem
794 682 834 711 et
856 681 1009 711 ceteros
1029 673 1173 711 iisdem
1190 672 1321 710 titulis
1338 672 1532 722 privaret,
1552 685 1633 709 non
1653 679 1790 709 autem

93 742 250 785 postea.
295 733 372 772 Sed
414 733 743 782 Walsinghamus
785 740 873 770 erat
914 732 1082 781 Anglus,
1125 732 1307 781 adeoque
1348 731 1534 769 inimicus
1578 729 1792 769 cardinalis

95 792 396 839 Ambianensis,
423 791 518 841 quia
544 791 576 829 is
602 791 803 841 regiarum
833 791 973 829 Karoli
999 791 1046 838 V,
1074 791 1322 829 Francorum
1348 790 1464 840 regis,
1492 803 1677 828 curarum
1705 796 1794 827 erat

95 852 312 903 particeps.
343 851 487 900 Itaque
512 850 632 900 Angli
655 850 766 888 illum
792 850 1000 900 impendio
1026 850 1209 888 oderant.
1239 850 1337 888 Inde
1360 849 1402 887 in
1425 849 1597 899 epistola
1623 847 1793 886 Univer-

94 911 228 950 sitatis
269 909 510 949 Oxoniensis
529 909 543 932 ²
573 910 624 947 ad
664 910 907 959 Pragensem
938 909 1089 959 scripta
1118 917 1302 958 tempore
1338 907 1581 954 schismatis,
1613 921 1715 956 quae
1753 906 1795 943 in

94 971 226 1009 lucem
248 969 394 1008 emissa
416 977 477 1007 est
499 969 551 1006 ab
576 968 795 1007 Hulderico
818 969 865 1006 de
891 968 1064 1015 Hutten,
1087 976 1308 1018 postquam
1330 968 1459 1005 multa
1482 967 1675 1004 adversus
1699 965 1794 1003 Gre—

96 1029 252 1080 gorium
276 1029 336 1067 XI
359 1037 525 1067 sanctae
548 1028 765 1066 memoriae
788 1027 922 1065 virum
945 1027 1053 1065 dicta
1076 1036 1186 1074 sunt,
1208 1027 1374 1064 additur
1398 1026 1508 1064 >Hic
1527 1025 1616 1074 fecit
1637 1024 1793 1062 ordina-

95 1089 218 1127 tiones
252 1088 518 1126 cardinalium
552 1088 708 1133 multas,
742 1086 889 1124 similis
924 1086 1126 1133 Bacchidi,
1162 1086 1227 1135 qui
1270 1086 1382 1134 elegit
1425 1085 1526 1122 viros
1570 1084 1727 1133 impios,
1762 1091 1796 1121 et

95 1147 295 1186 constituit
344 1161 406 1184 eos
455 1146 633 1184 dominos
682 1146 873 1195 regionis;
926 1154 960 1183 et
1016 1145 1115 1182 inter
1162 1159 1223 1182 eos
1265 1145 1378 1193 elegit
1421 1145 1575 1193 vulpem
1623 1143 1794 1180 dolosam

95 1207 420 1252 Ambianensem.
480 1206 635 1255 vulpem
695 1205 928 1253 infernalem
981 1219 1111 1241 secum
1168 1204 1210 1241 in
1264 1204 1412 1241 annulo
1465 1210 1694 1252 portantem,
1752 1201 1795 1238 in

96 1281 261 1317 quorum
299 1265 457 1314 collegio
495 1265 547 1302 ad
596 1265 749 1302 literam
801 1263 879 1301 dici
913 1272 1038 1313 posset
1073 1263 1171 1300 illud
1202 1262 1426 1311 evangelii:
1466 1262 1580 1299 Unus
1611 1275 1656 1298 ea:
1688 1260 1796 1298 vobis

96 1325 277 1364 diabolus
297 1333 363 1362 est.

154 1385 199 1422 In
218 1384 414 1422 relatione
436 1382 624 1421 Roderici
642 1381 839 1420 Bernardi
860 1395 996 1419 coram
1017 1382 1174 1419 Joanne
1195 1395 1284 1430 rege
1305 1380 1502 1418 Castellae
1522 1379 1668 1428 legitur
1688 1378 1795 1428 quod

99 1458 191 1483 cum
212 1443 296 1494 ipse
320 1443 474 1481 Romae
497 1442 795 1491 colloqueretur
816 1454 908 1479 cum
931 1441 1098 1479 Urbano
1120 1440 1167 1478 de
1188 1440 1248 1477 his
1270 1453 1373 1489 quae
1395 1453 1416 1476 a
1437 1453 1526 1488 rege
1540 1439 1797 1476 Francorum

100 1504 209 1542 facta
236 1511 355 1541 erant
381 1502 423 1539 in
450 1515 571 1540 causa
600 1501 775 1538 duarum
801 1500 1060 1546 electionum,
1090 1499 1279 1537 Urbanus
1317 1498 1526 1548 respondit
1545 1497 1560 1519 3
1587 1497 1686 1546 quod
1716 1511 1795 1533 car-

98 1563 249 1600 dinales
270 1577 294 1600 a
316 1561 518 1612 principio
540 1561 695 1610 quando
717 1560 878 1609 suerunt
900 1560 1019 1596 Rome
1043 1559 1265 1596 asserebant
1285 1572 1373 1595 eum
1395 1571 1474 1594 esse
1497 1571 1627 1593 verum
1649 1569 1797 1605 papam

98 1630 132 1659 et
154 1621 386 1659 exhibebant
408 1620 488 1657 sibi
513 1619 764 1657 reverentiam
788 1627 821 1656 et
845 1618 1105 1656 obedientiam
1129 1617 1353 1663 liberaliter,
1377 1617 1443 1653 sed
1466 1624 1551 1666 post
1573 1616 1624 1653 ad
1648 1615 1796 1652 instan-

101 1681 196 1719 tiam
225 1689 259 1718 et
287 1679 575 1729 suggestionem
604 1678 891 1716 Ambianensis
921 1678 1061 1715 mutati
1089 1685 1182 1714 sunt
1212 1677 1255 1714 in
1283 1676 1444 1713 archum
1473 1689 1650 1725 pravum.
1684 1673 1798 1711 Facit

90 1749 192 1790 ergo
210 1740 324 1778 illum
346 1739 534 1777 Urbanus
554 1746 765 1776 auctorem
783 1737 1028 1775 secessionis.
1054 1736 1168 1774 Istud
1187 1736 1321 1786 ipsum
1339 1734 1498 1785 publice
1516 1734 1718 1785 professus
1737 1740 1798 1770 est

99 1800 141 1837 in
169 1799 307 1848 vigilia
337 1798 448 1837 beati
479 1797 649 1836 Joannis
679 1797 893 1846 Baptistae
922 1797 963 1834 in
994 1795 1197 1845 frequenti
1226 1795 1503 1845 praelatorum
1532 1801 1572 1831 et
1602 1791 1799 1830 nobilium

100 1859 281 1896 virorum
308 1865 534 1903 conventu;
565 1856 659 1894 ubi4
680 1857 815 1894 sedens
842 1870 912 1905 pro
938 1855 1130 1893 tribunali
1148 1854 1354 1904 proposuit
1379 1853 1544 1903 qualiter
1571 1852 1653 1901 ipse
1672 1851 1799 1900 fuerat

99 1918 237 1955 electus
264 1917 448 1955 canonice
475 1925 508 1954 et
535 1916 770 1954 concorditer
798 1915 840 1952 in
867 1929 1016 1964 papam
1043 1928 1112 1964 per
1139 1928 1270 1951 omnes
1297 1912 1516 1950 cardinales
1544 1910 1798 1956 unanimiter,

99 1985 133 2015 et
154 1977 233 2027 ipsi
255 1977 474 2014 cardinales
494 1976 733 2025 scripserant
754 1974 912 2023 regibus
933 1982 965 2012 et
986 1973 1240 2023 principibus
1261 1971 1488 2010 christianis
1509 1970 1694 2019 quomodo
1719 1969 1800 2018 ipse

100 2045 195 2073 esset
226 2050 336 2073 verus
368 2050 477 2085 papa
507 2043 541 2072 et
572 2034 757 2072 canonice
787 2034 925 2071 electus
956 2041 989 2070 et
1021 2032 1210 2082 quamdiu
1240 2032 1400 2080 fuerunt
1431 2030 1649 2068 cardinales
1681 2028 1800 2065 Home

101 2095 320 2133 habuerunt
342 2095 474 2144 ipsum
494 2108 564 2144 pro
584 2108 693 2143 papa
712 2101 745 2130 et
767 2092 1040 2142 impenderunt
1059 2091 1138 2128 sibi
1158 2090 1418 2128 obedientiam
1437 2097 1470 2126 et
1490 2087 1739 2126 reverentiam
1761 2093 1801 2124 ut

102 2169 186 2192 vero
209 2169 324 2204 pape,
348 2154 415 2191 sed
437 2162 642 2203 postquam
666 2152 768 2190 venit
792 2151 1008 2189 cardinalis
1031 2150 1330 2196 Ambianensis,
1355 2148 1421 2199 qui
1446 2162 1523 2199 non
1547 2147 1625 2196 suit
1657 2146 1699 2183 in
1733 2145 1801 2182 illa

101 2214 292 2261 electione,
316 2213 439 2250 doluit
460 2213 553 2262 quia
575 2226 653 2249 non
672 2212 800 2261 fuerat
820 2211 958 2248 electus
979 2210 1125 2259 aliquis
1147 2210 1190 2246 de
1212 2208 1368 2246 natione
1391 2206 1554 2253 Gallica,
1573 2214 1606 2243 et
1626 2203 1802 2242 tractavit

101 2287 189 2311 cum
211 2272 483 2311 cardinalibus
504 2280 537 2309 et
557 2270 714 2308 induxit
733 2285 795 2308 eos
813 2270 864 2307 ad
884 2269 1155 2307 celebrandum
1171 2268 1293 2305 aliam
1311 2266 1529 2304 electionem
1546 2273 1579 2302 et
1594 2263 1802 2313 scripserat

103 2333 226 2370 multa
243 2331 408 2369 sinistra
428 2332 472 2369 de
492 2331 578 2380 ipso
598 2330 679 2379 regi
699 2329 881 2375 Francie,
902 2337 935 2366 et
954 2328 1118 2366 ostendit
1136 2336 1169 2365 et
1187 2327 1276 2376 jecit
1295 2326 1370 2375 legi
1389 2325 1535 2363 litteras
1554 2321 1801 2373 responsivas

103 2391 205 2440 regis
228 2391 411 2437 Francie,
436 2398 477 2428 ut
499 2390 661 2436 dicebat,
686 2389 849 2426 directas
872 2388 1107 2437 quibusdam
1130 2385 1413 2423 cardinalibus,

158 2451 275 2488 Hanc
299 2450 349 2488 ob
373 2463 540 2488 causam
563 2449 753 2487 Urbanus
777 2447 904 2494 illum,
928 2455 975 2484 ut
997 2445 1226 2495 iniquitatis
1250 2453 1290 2482 et
1313 2442 1550 2494 perditionis
1574 2441 1799 2485 alumnum,

105 2509 211 2548 inter
234 2509 474 2559 praecipuos
500 2507 730 2546 schismatis
757 2515 941 2544 auctores
969 2512 1308 2544 connumeratum
1332 2502 1491 2553 publice
1517 2498 1802 2538 exauctoravit

103 2577 145 2607 et
168 2568 427 2607 cardinalatu
451 2566 646 2617 privavit.
672 2566 773 2603 Vide
799 2565 1019 2603 Odoricum
1046 2563 1321 2612 Raynaldum,
1347 2576 1412 2599 an.
1439 2560 1552 2606 1378,
1584 2560 1600 2607 ἓ
1624 2558 1686 2604 45,
1713 2556 1799 2594 105.

103 2628 166 2666 Ex
187 2642 268 2677 quo
290 2626 434 2665 deinde
456 2626 614 2665 factum
634 2633 681 2663 ut
701 2625 742 2662 in
763 2625 893 2662 forma
917 2623 1126 2661 fidelitatis
1149 2635 1273 2672 quam
1293 2634 1423 2671 papae
1446 2619 1574 2657 facere
1596 2616 1802 2655 debebant

102 2686 282 2737 episcopi
304 2695 346 2724 et
370 2685 541 2723 abbates
566 2684 727 2722 noviter
750 2683 903 2734 provisi
927 2691 1093 2721 cautum
1118 2681 1344 2731 reperiatur
1367 2694 1414 2717 ne
1438 2678 1566 2715 ullum
1590 2675 1801 2721 auxilium,

151 2844 183 2876 ’1.
213 2843 263 2876 Le
288 2842 331 2875 29
355 2841 503 2885 d'apres
527 2839 692 2880 Rinaldi,
717 2851 775 2872 an.
800 2839 906 2878 1378,
937 2838 952 2881 ἓ
975 2839 1055 2871 111.

153 2897 183 2929 2.
211 2897 266 2928 De
294 2895 496 2928 schismate
530 2893 775 2935 extinguendo
801 2898 832 2925 et
867 2903 943 2924 vere
969 2891 1212 2924 ecclesiastica
1232 2889 1392 2923 libertate
1414 2888 1614 2921 adserenda
1633 2886 1806 2930 epistolae

104 2950 242 2993 aliquot
263 2949 398 2981 mirum
421 2948 460 2980 in
480 2947 627 2979 modum
648 2945 783 2979 liberae
803 2950 834 2978 et
854 2945 1016 2977 veritatis
1035 2944 1156 2976 studio
1176 2948 1354 2981 strenuae,
1378 2941 1483 2974 1520.
1501 2940 1554 2973 La
1575 2940 1685 2972 lettre
1707 2939 1805 2971 n'est

104 3014 170 3046 pas
193 3001 445 3043 authentique
471 2998 624 3042 (Valois‚
648 3004 673 3031 t.
696 3011 719 3035 1,
742 3010 777 3041 p.
801 2999 857 3036 86,
881 3009 915 3030 n.
939 2997 987 3039 3).

154 3057 185 3089 3.
216 3055 257 3088 B.
279 3054 337 3093 N„
357 3065 424 3086 ms.
444 3051 540 3085 latin
557 3051 686 3090 11745,
707 3051 768 3083 fol.
790 3051 834 3083 20
852 3055 894 3083 r0.

153 3109 185 3141 4.
211 3108 277 3140 Ms.
303 3107 387 3147 cite,
412 3105 474 3139 fol.
499 3105 544 3138 18
568 3109 617 3137 v0.
