2083 3458
237 230 320 272 424
889 242 1041 268 NOTAE
1075 242 1135 267 AD
1170 242 1297 267 VITAs
1819 226 1944 281 [910]

238 332 581 369 memoramlarum
613 345 619 365 :
653 327 831 365 Clemens
867 324 1151 376 VI,'egregius
1182 341 1288 364 nunc
1316 326 1499 364 Romulei
1529 326 1658 375 gregis
1687 335 1833 376 pastor,
1865 334 1944 364 tam

238 391 405 441 potentis
429 398 462 427 et
486 389 653 426 invictae
677 387 886 424 memoriae
909 386 1078 424 traditur
1103 394 1144 424 ut
1167 386 1354 436 quicquid
1376 386 1433 423 vel
1454 386 1571 423 semel
1593 386 1727 435 legerit
1750 384 1943 432 oblivisci,

236 449 392 488 etiamsi
423 448 570 498 cupiat,
603 461 679 484 non
710 446 847 495 possit.
881 446 935 483 Et
961 446 1087 496 paulo
1116 453 1212 495 post
1244 461 1251 482 :
1286 444 1394 482 Illud
1421 445 1581 483 additur
1610 445 1814 493 miraculo,
1845 444 1948 482 hanc

238 518 388 547 tantam
423 507 502 545 sibi
539 506 768 543 memoriam
794 519 948 554 -magno
984 505 1182 555 quondam
1217 504 1362 554 capitis
1399 504 1489 552 ictu,
1527 504 1641 554 eujus
1676 504 1804 542 adhuc
1839 503 1945 541 testis

236 577 337 606 extat
365 568 503 615 ingens
529 579 712 615 supremo
739 564 875 602 vertice
901 565 1076 611 cicatrix,
1104 564 1336 613 pervenisse.
1936 594 1949 609 ,

291 627 332 666 P.
371 625 459 673 262,
493 626 558 674 lig.
597 625 656 663 14.
693 624 841 661 BULLE
876 637 1061 662 PAPALIS.
1103 624 1133 660 Il
1168 623 1257 671 dut,
1293 637 1344 661 au
1380 623 1596 670 contraire,
1631 623 1665 661 le
1697 623 1888 660 doctorat
1919 623 1941 659 a

239 688 341 725 Jean
369 686 497 723 XXII
525 685 629 734 (voir
651 698 789 733 supra,
815 698 853 733 p.
880 682 986 731 342).
1619 730 1621 733 ι

292 746 334 783 P.
359 744 448 790 262,
469 744 535 793 lig.
561 742 620 781 19.
646 742 682 781 S.
705 743 917 780 BAUDILH.
942 741 1020 779 Alii
1058 750 1199 779 tamen
1221 740 1479 779 contendunt
1498 741 1614 779 illum
1648 740 1779 790 primo
1812 740 1933 778 fuisse

238 805 414 852 priorem
449 802 589 841 Sancti
624 801 888 840 Pantaleonis
921 801 963 838 in
998 800 1172 839 dioecesi
1207 800 1508 846 Lemovicensi3
1545 800 1654 850 quod
1689 814 1833 838 verum
1867 807 1943 838 est.

242 864 451 901 Habemus
475 861 585 900 enim
606 861 744 905 literas
770 860 942 898 Joannis
966 859 1130 898 abbatis
1156 859 1379 898 Casae—Dei
1403 859 1521 897 datas
1546 873 1654 897 anno
1678 859 1944 906 MCCCXXI,

239 923 301 960 die
322 937 378 959 xv
400 921 592 967 octobris,
611 921 653 958 in
673 920 821 970 quibus
841 920 1045 970 scriptum
1064 927 1126 958 est
1144 919 1379 968 religiosum
1398 918 1533 957 virum
1554 919 1724 957 Petrum
1746 917 1945 967 Rotgerii,

239 981 506 1025 bacallarium
523 980 565 1018 in
583 979 806 1029 theologia,
825 979 948 1017 fuisse
966 987 1058 1016 tum
1076 979 1252 1029 priorem
1272 978 1411 1016 Sancti
1430 978 1693 1016 Pantaleonis
1711 978 1752 1015 in
1769 977 1943 1015 dioecesi

239 1039 532 1079 Lemovicensi.
914 1085 916 1087 ι
1036 1074 1039 1075 ⁷

292 1101 334 1138 P.
365 1099 454 1147 265,
483 1099 549 1148 lig.
581 1099 616 1137 3.
649 1099 919 1137 GUILLIELMO
944 1098 1083 1136 AMICI.
1111 1097 1231 1135 Illum
1250 1096 1264 1119 1
1288 1097 1330 1134 in
1352 1096 1509 1135 familia
1534 1111 1606 1134 sua
1626 1096 1774 1134 habuit
1798 1096 1944 1134 Petrus

240 1159 416 1209 Rogerii,
438 1158 655 1197 cardinalis
679 1157 1040 1207 Rothomagensis,
1061 1157 1177 1206 cujus
1195 1156 1554 1195 commendatione
1574 1170 1682 1193 anno
1703 1155 1943 1194 MCCCXLI

238 1219 372 1257 factus
402 1226 464 1257 est
493 1218 708 1268 episcopus
738 1217 945 1267 Aptensis.
977 1217 1079 1255 Cum
1108 1230 1204 1254 vero
1234 1216 1357 1266 paulo
1385 1223 1480 1266 post
1507 1215 1755 1253 Benedictus
1788 1215 1872 1252 XII
1901 1214 1943 1252 in
1973 1210 1976 1213 ’

239 1279 397 1316 coelum
418 1277 607 1315 sublatus
630 1284 751 1323 esset.
774 1276 1001 1314 cardinales
1024 1290 1117 1314 eum
1139 1290 1247 1313 anno
1273 1275 1535 1313 MCCCXLII
1561 1290 1601 1312 vl
1631 1289 1725 1312 non.
1761 1274 1824 1324 [2]
1847 1273 1945 1311 maii

237 1337 438 1375 miserunt
458 1337 501 1374 in
522 1336 699 1374 Galliam
718 1344 766 1373 ut
786 1335 1053 1374 concordiam
1068 1349 1210 1373 eorum
1229 1334 1481 1372 auctoritate
1497 1334 1693 1372 retineret
1708 1333 1816 1371 inter
1831 1347 1944 1383 reges

240 1396 435 1435 Franciae
452 1404 493 1434 et
508 1395 694 1445 Angliae,
711 1395 841 1433 donec
855 1409 938 1445 pax
954 1394 1153 1433 constitui
1167 1402 1319 1444 posset.
1338 1394 1392 1431 Et
1407 1408 1501 1432 cum
1519 1393 1664 1431 statim
1685 1394 1870 1432 Clemens
1886 1393 1943 1430 VI

238 1456 390 1494 electus
418 1463 537 1503 esset,
565 1455 601 1493 ei
626 1453 867 1505 prorogavit
892 1454 999 1492 hano
1025 1453 1286 1503 legationem.
1317 1453 1478 1490 Extant
1497 1453 1645 1491 harum
1665 1466 1802 1491 rerum
1817 1460 1945 1490 testes

237 1515 379 1554 literae
408 1514 680 1553 cardinalium
706 1522 748 1552 et
773 1513 992 1552 Clementis
1018 1513 1060 1550 in
1080 1513 1184 1550 libro
1217 1520 1366 1562 quarto
1386 1512 1661 1562 Epi-stolarum
1695 1512 1796 1561 ejus,
1824 1512 1943 1561 epist.

239 1589 427 1613 cDLxxlv
449 1588 508 1624 sq.

295 1633 407 1672 Idem
431 1634 615 1672 Clemens
634 1633 693 1670 VI
714 1632 831 1670 illum
857 1633 934 1670 hoc
956 1632 1045 1682 ipso
1067 1646 1189 1679 anno,
1214 1631 1331 1669 nonis
1360 1630 1423 1681 [7]
1442 1630 1634 1679 octobris,
1653 1629 1870 1668 transtulit
1891 1630 1944 1667 ab

239 1693 421 1731 Ecclesia
434 1692 609 1743 Aptensi
625 1692 678 1730 ad
691 1692 985 1730 Carnotensem
1001 1699 1223 1729 vacantem
1237 1705 1309 1741 per
1330 1690 1657 1741 assumptionem
1669 1689 1875 1739 Aymerici
1891 1689 1944 1727 ad

240 1752 556 1791 cardinalatum.
582 1752 628 1789 In
650 1750 934 1790 vetustissimo
955 1750 1144 1800 Catalogo
1166 1750 1442 1800 episcoporum
1462 1749 1770 1787 Carnotensium
1792 1748 1944 1799 scripto

241 1812 344 1850 circa
378 1826 533 1849 annum
566 1810 872 1849 MCCCLXXX
903 1810 983 1848 ista
1014 1811 1208 1860 leguntur
1240 1809 1288 1847 de
1320 1810 1397 1847 hoc
1429 1809 1620 1860 episcopo
1655 1824 1662 1847 :
1709 1808 1946 1846 Guillelmus

239 1871 388 1918 Amici,
415 1870 719 1918 Lemovicensis,
747 1869 806 1908 vir
829 1884 1008 1907 summae
1032 1869 1233 1917 scientiae,
1260 1868 1483 1919 probitatis,
1510 1877 1544 1906 et
1569 1883 1733 1906 morum.
1761 1867 1843 1905 Hic
1866 1867 1946 1916 fuit

238 1930 458 1979 familiaris
478 1929 630 1967 domini
650 1929 863 1967 Clementis
881 1943 1012 1979 papae
1032 1928 1093 1966 VI
1111 1937 1144 1966 et
1162 1928 1212 1966 ab
1231 1943 1272 1965 eo
1291 1926 1449 1965 auditor
1474 1942 1647 1966 camerae
1675 1926 1912 1977 apostolicae
1929 1926 1944 1949 ²

240 1990 485 2037 constitutus,
517 1997 551 2026 et
582 1989 626 2026 in
655 1989 886 2038 episcopum
916 1988 1132 2038 Aptensem
1162 1996 1364 2037 promotus
1396 1987 1559 2037 indeque
1590 1987 1643 2024 ad
1671 1986 1944 2037 episcopatum

239 2049 521 2087 Car-notensem
551 2049 780 2095 translatus,
812 2062 924 2097 quem
954 2047 1052 2085 rescit
1081 2055 1161 2085 octo
1191 2046 1325 2094 annis,
1358 2060 1522 2084 manens
1560 2060 1712 2096 semper
1751 2046 1793 2083 in
1832 2045 1944 2083 curia

239 2109 434 2155 Romana,
458 2116 491 2145 et
514 2108 604 2145 inde
625 2107 854 2157 patriarcha
878 2107 1100 2144 Jerusalem
1119 2106 1248 2156 faetus
1268 2120 1375 2144 anno
1397 2105 1737 2156 quinquagesimo,
1761 2119 1849 2143 cum
1871 2119 1945 2154 quo

239 2167 378 2205 habuit
416 2167 458 2204 in
495 2167 723 2204 commenda
759 2166 1032 2216 episcopatum
1069 2165 1379 2203 Foroliviensem
1394 2164 1422 2214 3,
1460 2173 1494 2203 et
1528 2172 1690 2202 sanetus
1723 2172 1942 2214 reputatur.

239 2227 391 2264 Verum
420 2242 504 2264 esse
534 2226 644 2276 quod
672 2225 794 2264 isthic
818 2233 1059 2273 annotatur,
1082 2226 1190 2263 hunc
1212 2224 1451 2275 episcopum
1467 2225 1761 2262 Carnotensem
1784 2237 1946 2274 semper

239 2286 435 2323 mansisse
455 2286 497 2323 in
518 2286 629 2323 curia
653 2286 856 2332 Romana,
877 2285 1058 2335 probant
1079 2284 1233 2322 Literae
1253 2283 1493 2321 vicariorum
1513 2283 1600 2333 ejus
1622 2283 1873 2333 generalium
1894 2282 1943 2321 de

239 2345 471 2394 receptione
509 2344 722 2383 literarum
758 2343 995 2382 indictionis
1034 2343 1193 2382 concilii
1232 2342 1467 2381 Parisiensis
1506 2342 1602 2380 anni
1641 2342 1943 2388 MCCCXLIII,

241 2418 415 2452 quarum
433 2404 509 2442 hoc
528 2412 590 2441 est
607 2403 773 2441 initium
794 2419 801 2441 :
821 2403 1058 2441 Reverendis
1078 2403 1120 2440 in
1139 2402 1294 2440 Christo
1312 2402 1495 2451 patribus
1513 2416 1557 2439 ac
1577 2401 1752 2439 dominis
1770 2400 1944 2438 dominis

236 2463 311 2499 Dei
345 2463 474 2511 gratia
505 2462 745 2510 Parisiensi,
779 2462 1079 2509 Aurelianensi,
1106 2461 1462 2509 Antissioclorensi,
1499 2460 1695 2507 Trecensi,
1729 2459 1943 2508 Meldensi,

240 2530 273 2558 et
295 2522 535 2559 Nivernensi
557 2522 768 2571 episcopis,
791 2522 848 2559 wel
868 2522 1030 2559 vicariis
1050 2522 1284 2568 eorumdem,
1307 2520 1448 2558 vicem-ii
1471 2520 1668 2569 generales
1689 2520 1732 2556 in
1750 2519 1944 2569 spiritua·

241 2581 346 2617 libus
360 2589 393 2618 et
407 2581 690 2629 temporalibus
711 2581 909 2618 reverendi
933 2581 975 2618 in
998 2580 1154 2618 Christo
1175 2580 1302 2630 patris
1322 2594 1367 2617 ae
1385 2579 1538 2617 domini
1561 2579 1714 2616 domini
1740 2577 1946 2616 Guillelmi

241 2640 373 2676 eadem
400 2640 527 2688 gratia
554 2640 731 2689 episcopi
754 2639 1022 2687 Carnotensis,
1041 2654 1146 2677 nunc
1167 2639 1278 2689 apud
1298 2639 1435 2677 Sedem
1454 2638 1711 2688 apostolicam
1729 2637 1942 2684 constituti,

240 2699 405 2735 salutem
428 2707 460 2735 et
482 2699 733 2736 reverentiam
758 2714 846 2736 cum
869 2699 1021 2738 honore.

288 2854 319 2884 ¹1.
350 2852 437 2883 Vojr
464 2864 500 2883 sa
530 2853 759 2895 biographie,
789 2854 881 2886 dans
905 2853 1161 2886 Dietionnaire
1187 2853 1371 2886 d’lzistoire
1397 2857 1427 2885 et
1453 2853 1494 2885 de
1521 2851 1737 2895 geographie
1762 2851 1944 2884 ecelesias-

242 2905 364 2946 tiques,
393 2912 416 2937 1.
444 2918 479 2943 Η,
507 2906 572 2938 col.
600 2906 824 2946 ‘1230—‘12323
850 2918 889 2939 sa
914 2907 1094 2949 premiere
1119 2906 1272 2939 mission
1296 2917 1341 2938 en
1368 2905 1508 2938 France
1534 2906 1620 2938 date
1647 2906 1695 2937 du
1722 2905 1766 2938 26
1790 2904 1881 2937 aofit
1905 2909 1943 2936 et

241 2969 315 2989 non
336 2960 381 2989 «lu
407 2959 447 2989 27
474 2958 662 2995 (Daunict,
686 2971 718 2992 n.
742 2960 824 2999 763,
847 2960 927 2999 764,
950 2960 1119 3000 767-769,
1142 2960 1222 2999 775,
1245 2960 1324 2999 787,
1347 2958 1443 3002 801).

291 3014 320 3042 2.
353 3012 466 3042 lli-'1111
486 3011 812 3045 1i1-‹221uditourdes
826 3024 954 3045 causes
970 3013 1018 3045 du
1031 3013 1149 3056 palais
1163 3012 1399 3056 apostolique
1416 3012 1606 3055 (Daumet,
1630 3023 1664 3044 n.
1692 3012 1759 3044 767
1782 3017 1819 3043 ct
1842 3010 1939 3054 787).

290 3066 319 3095 3.
352 3064 453 3095 Lim-7.
482 3076 486 3094 :
520 3060 805 3106 l*'ot·oj11lie11sem
830 3066 1008 3109 (Frejus);
1035 3065 1425 3105 Albanes—Chevalier,
1454 3063 1576 3098 Gallia
1599 3064 1799 3098 christiana
1822 3064 1941 3096 novis-

238 3117 343 3155 sima,
366 3117 450 3155 Ais,
476 3117 662 3155 lus-trum„
686 3118 821 3158 XLIV,
849 3120 915 3152 col.
944 3120 1021 3153 238.
