2083 3458
286 188 365 230 412
937 205 1088 231 NOTAE
1123 206 1182 231 AD
1217 206 1344 232 v1TAs
1865 189 1992 248 [900]

286 298 359 330 est,
387 304 494 327 anno
522 290 797 337 MCCCXLII,
826 290 888 329 die
914 291 1035 328 lunae
1060 299 1156 340 post
1182 290 1335 329 festum
1361 292 1640 341 conceptionis
1667 292 1813 330 beatae
1841 291 1993 330 Mariae

287 347 328 397 [9
350 349 602 399 decembre}
626 364 716 387 011111
738 350 879 388 literae
901 350 1150 399 apostolicae
1173 349 1221 388 de
1241 350 1505 389 institutione
1522 351 1710 390 Fulconis
1733 351 1781 389 de
1803 350 1993 389 Chanaco

286 408 464 457 episcopi
491 408 726 447 parisiensis
752 417 1039 458 praesentatae
1064 409 1238 447 fuissent
1261 409 1302 447 in
1328 410 1509 460 capitulo
1535 410 1765 458 parisiensi,
1788 410 1868 459 fuit
1889 409 1994 459 facta

286 466 526 516 praedic-atio
565 482 634 516 per
672 468 907 516 magistrum
946 468 1109 505 Petrum
1148 468 1192 505 de
1231 467 1364 516 Crosa,
1406 469 1594 507 doctorem
1632 483 1766 507 sacrae
1804 469 1992 518 paginae,

287 526 475 563 (lemnum
500 526 784 574 Pmisiensem,
810 535 857 564 ut
879 527 1028 576 legitur
1051 527 1093 565 in
1123 527 1249 565 Veteri
1284 529 1457 577 catalogo
1489 528 1764 578 cpiscoporum
1787 528 1993 566 Parisien-

285 586 391 622 sium
417 585 457 622 in
484 585 613 622 Parvo
640 586 830 634 pastorali
857 586 1042 635 ejusdem
1070 586 1286 625 Ecclesiae.
1320 587 1365 624 In
1393 587 1571 625 Secundo
1600 587 1839 625 chartulario
1864 587 1993 625 Eccle-

285 644 368 681 siae
391 644 659 691 Carnotensis,
684 645 752 683 fol.
779 644 868 693 303,
893 645 1049 695 reperio
1074 660 1167 684 eum
1191 646 1314 685 fuisse
1338 647 1473 685 adhuc
1498 647 1699 685 decanum
1724 647 1993 685 Parisiensem

286 718 393 741 anno
423 704 721 752 MCCCXLIII,
751 705 814 742 die
843 719 901 747 ΧΠ
929 705 1039 743 maii.
1071 705 1256 755 Denique
1285 706 1469 744 Clemens
1497 706 1555 744 VI
1581 706 1624 744 in
1651 706 1763 744 bulla
1792 720 1872 756 qua
1900 720 1994 745 eum

287 763 502 801 constituit
536 764 775 813 episcopum
809 764 1159 803 Silvanectensem
1192 765 1290 802 data
1323 765 1434 815 apud
1467 765 1787 813 Villamnovam,
1817 765 1993 804 Avenio-

287 823 420 860 nensis
447 822 654 870 dioecesis,
679 837 707 859 11
733 823 813 862 kal.
834 823 1071 873 septembr.,
1093 838 1202 862 anno
1221 824 1344 862 tertio
1363 824 1426 875 [31
1448 827 1549 862 aosit
1571 824 1712 875 1344],
1734 825 1852 862 illum
1869 832 1994 863 vocat

287 881 488 920 decanum
515 881 717 920 Ecclesiae
743 882 993 930 Parisiensis,
1018 883 1060 920 in
1083 897 1198 921 sacra
1222 884 1429 933 theologia
1453 884 1710 933 magistrum,
1736 892 1777 922 et
1799 884 1841 922 in
1864 898 1994 922 sacer-

287 940 399 978 dotio
431 941 719 980 constitutum.
756 942 801 979 In
829 942 933 979 libro
965 941 1217 980 Solutionum
1247 943 1402 982 archivi
1432 943 1623 982 Vaticani
1653 944 1903 981 adnotatum
1933 951 1994 981 est

288 1000 453 1037 Petrum
502 1001 739 1050 episcopum
787 1001 1136 1040 Silvanectensem
1191 1002 1357 1041 solvisse
1412 1016 1520 1040 anno
1567 1002 1882 1050 MCCCXLVII,
1930 1001 1993 1041 die

288 1073 394 1096 xxrx
415 1059 526 1107 maii,
549 1073 732 1098 camerae
754 1060 909 1099 domini
928 1075 1061 1110 papae
1082 1069 1123 1100 et
1144 1062 1310 1111 collegio
1333 1062 1593 1100 dominorum
1613 1062 1883 1100 cardinalium
1903 1075 1994 1100 eam

285 1119 504 1167 pecuniam
529 1133 653 1168 quam
677 1134 717 1157 se
741 1120 1242 1170 soluturumpromiserat
1265 1136 1310 1159 eo
1335 1130 1519 1171 tempore
1545 1135 1624 1171 quo
1648 1121 1782 1159 factus
1807 1129 1868 1159 est
1891 1121 1994 1170 epis-

287 1191 424 1227 copus.
456 1178 519 1215 Ex
546 1192 625 1228 quo
653 1178 755 1216 falso
784 1180 1033 1229 collegerunt
1061 1179 1399 1219 Sammarthani1
1426 1181 1542 1219 illum
1568 1189 1659 1220 tum
1685 1180 1809 1219 fuisse
1836 1180 1994 1218 factum

287 1237 525 1287 episcopum
547 1237 909 1278 Silvanectensem.
927 1239 1075 1277 Postea
1097 1239 1263 1278 transiit
1283 1240 1336 1278 ad
1356 1240 1580 1278 Ecclesiam
1594 1237 1994 1278 Autissiodorensem

287 1310 395 1333 anno
433 1296 730 1345 MCCCXLIX,
767 1312 905 1337 mense
941 1299 1156 1338 novembri
1176 1297 1204 1347 2,
1242 1308 1289 1337 ut
1325 1299 1443 1337 aiunt
1477 1299 1602 1337 iidem
1641 1298 1949 1337 Sammarthani
1963 1297 1992 1346 3,

287 1355 328 1392 in
356 1355 461 1393 hanc
489 1356 739 1394 sententiam
768 1357 923 1408 delapsi
952 1358 1047 1407 quia
1075 1358 1276 1396 videbant
1301 1358 1558 1397 Bernardum
1585 1358 1726 1406 Bruni,
1755 1358 1994 1408 episcopum

288 1414 702 1464 Autissiodorensem,
722 1424 813 1454 tum
832 1417 978 1455 obiisse
996 1417 1125 1467 pridie
1146 1418 1225 1457 kal.
1245 1418 1480 1458 novembris
1511 1417 1574 1468 [31
1595 1417 1800 1467 octobre].
1821 1417 1995 1455 Addunt

289 1474 404 1511 illum
440 1474 562 1513 fuisse
600 1475 727 1513 etiam
762 1476 1115 1526 archiepiscopum
1150 1477 1462 1524 Bituricensem,
1500 1491 1581 1514 non
1618 1476 1996 1516 animadvertentes

287 1533 403 1571 illum
429 1534 498 1583 qui
523 1534 602 1571 fuit
627 1535 956 1585 archiepiscopus
980 1536 1246 1575 Bituricensis
1273 1537 1481 1576 diversum
1507 1551 1590 1575 esse
1616 1536 1667 1574 ab
1692 1536 1784 1575 isto.
1812 1535 1996 1574 Tandem

288 1606 396 1629 anno
436 1592 607 1631 MCCCL
646 1594 778 1632 factus
817 1603 879 1633 est
916 1596 1132 1645 presbyter
1170 1596 1385 1634 cardinalis
1424 1596 1536 1633 tituli
1575 1595 1715 1634 Sancti
1753 1595 1920 1633 Martini
1955 1595 1996 1633 in

290 1652 499 1690 montibus
517 1652 543 1691 4.
588 1653 640 1690 Et
680 1662 820 1692 tamen
858 1654 1025 1694 interim
1062 1655 1235 1693 retinuit
1273 1656 1551 1705 provisionem
1590 1655 1735 1693 domus
1776 1654 1996 1693 Sorbonae.

292 1710 355 1748 Sic
376 1711 483 1749 enim
502 1712 650 1761 legitur
670 1713 710 1751 in
732 1722 845 1751 tomo
867 1722 1015 1763 quarto
1036 1714 1240 1752 Historiae
1265 1714 1545 1752 Universitatis
1564 1712 1824 1762 Parisiensis‚
1846 1728 1884 1764 p.
1907 1712 1996 1761 327,

292 1784 340 1807 ex
361 1771 461 1808 actis
483 1771 718 1811 academiae
739 1773 792 1810 ad
812 1787 968 1810 annum
990 1774 1209 1812 MCCCLH
1232 1790 1239 1811 :
1258 1774 1336 1811 Die
1355 1773 1479 1811 XIII
1495 1773 1691 1823 februarii
1711 1773 1822 1823 apud
1842 1773 1881 1811 S.
1904 1772 1998 1810 Ma-

290 1829 496 1868 tlzurinum
528 1840 614 1880 post
644 1832 889 1869 auditionem
920 1833 1138 1870 litterarum
1170 1833 1455 1871 destinatarum
1493 1832 1751 1871 Universitati
1782 1847 1807 1870 a
1838 1832 1999 1869 nunciis

292 1888 335 1924 de
362 1889 577 1938 Avenione,
605 1891 709 1939 facta
738 1891 883 1929 ibidem
910 1892 1208 1941 congregatione
1236 1892 1424 1940 nationis,
1452 1892 1696 1942 supplicavit
1734 1906 1783 1930 m.
1812 1891 1999 1929 Albertus

292 1961 362 1996 pro
401 1962 480 1985 una
518 1949 646 1987 littera
683 1950 757 1987 sub
794 1951 928 2000 sigillo
968 1951 1144 1989 nationis
1183 1952 1393 2001 dirigenda
1431 1952 1466 1990 cl.
1510 1951 1707 1989 cardinali
1747 1950 1997 1989 Autissiodo-

293 2007 397 2044 rensi
441 2016 482 2045 ut
526 2009 727 2057 provideat
767 2010 891 2048 eidem
933 2011 1120 2059 magistro
1163 2011 1264 2061 quod
1307 2011 1432 2060 possit
1473 2011 1597 2060 recipi
1639 2019 1828 2060 tanquam
1867 2009 1998 2047 socius

294 2066 336 2102 in
370 2066 480 2103 domo
512 2067 727 2117 Sorbonac;
759 2078 793 2106 et
824 2084 1004 2107 concessa
1035 2078 1090 2107 cst
1123 2070 1378 2118 unanimiter,
1412 2070 1568 2107 nemine
1599 2070 1843 2108 reclamante.
1882 2068 1997 2107 Dele-

293 2133 411 2175 gatus
435 2126 514 2164 fuit
537 2127 588 2164 ab
625 2128 866 2166 Innocentio
894 2129 952 2166 VI
980 2143 1088 2167 anno
1117 2129 1374 2167 MCCCLVII
1401 2143 1482 2167 una
1511 2143 1604 2167 cum
1633 2128 1849 2167 Guillelmo
1869 2128 1996 2175 Curti,

293 2184 482 2234 episcopo
531 2186 776 2235 Tusculano,
831 2188 948 2226 Helia
999 2189 1047 2227 de
1096 2188 1247 2227 Sancto
1298 2188 1446 2227 Aredio
1496 2188 1738 2238 presbytero
1792 2187 1997 2226 cardinale

294 2243 404 2281 tituli
432 2244 570 2283 Sanc-ti
597 2245 795 2295 Stephani
821 2247 862 2284 in
899 2247 1035 2286 Coelio
1072 2256 1226 2296 monte,
1257 2256 1298 2286 et
1333 2248 1548 2286 Francisco
1585 2248 1634 2285 de
1671 2247 1852 2285 Tuderto
1888 2260 1996 2296 pres-

293 2302 438 2351 bytero
500 2305 704 2343 cardinale
762 2306 875 2344 tituli
922 2306 1062 2345 Sancti
1115 2307 1240 2345 Marci
1290 2315 1338 2345 ut
1391 2307 1646 2346 examinaret
1695 2306 1996 2356 propositiones

296 2361 503 2410 Richardi,
566 2364 860 2415 archiepiscopi
908 2365 1172 2413 Armachani,
1235 2367 1432 2404 adversus
1497 2366 1643 2404 fratres
1700 2365 1995 2412 mendicantes,

292 2429 339 2457 ut
374 2430 491 2470 patet
527 2437 575 2460 ex
618 2423 851 2473 Appendice
886 2424 1097 2474 defensor-ii
1132 2424 1369 2463 Curatorum
1387 2424 1415 2464 5.
1460 2424 1573 2463 Obiit
1613 2432 1755 2463 autem
1795 2423 1998 2462 Avenioni

295 2480 545 2528 MCCCLXI,
575 2482 637 2520 die
663 2497 766 2520 xxm
797 2484 1054 2533 septembris,
1083 2485 1281 2534 sepultus,
1305 2493 1352 2522 ut
1382 2485 1504 2533 vulgo
1535 2484 1727 2531 traditur,
1758 2483 1800 2521 in
1830 2483 1997 2521 ecclesia

295 2540 520 2577 cathedrali
551 2541 736 2589 ejusdem
766 2543 889 2582 urbis.
922 2543 978 2581 At
1007 2544 1048 2581 in
1081 2543 1206 2581 Gestis
1245 2543 1519 2593 cpiscoporum
1552 2540 1997 2581 Autissiodorensium⁶

347 2657 372 2688 l.
396 2656 565 2691 L'crreur
585 2670 605 2691 a
626 2658 778 2703 disparu
798 2661 890 2694 dans
910 2661 945 2694 la
967 2662 1002 2693 2e
1022 2661 1165 2695 edition
1185 2662 1229 2694 de
1249 2662 1284 2694 la
1309 2661 1441 2701 Gallia,
1464 2668 1490 2694 t.
1512 2673 1550 2701 x,
1572 2661 1639 2694 col.
1660 2660 1880 2694 1427-1428.

344 2710 373 2741 2.
395 2710 442 2742 Le
461 2712 512 2742 ‘ler
529 2712 723 2745 decembre
745 2713 889 2755 (Eubel,
908 2714 1139 2755 Hierarchia,
1158 2721 1184 2748 t.
1202 2727 1224 2755 1,
1245 2727 1278 2758 p.
1300 2715 1395 2758 120).

344 2765 374 2794 3.
407 2763 527 2796 Gallia
548 2766 758 2805 christiana,
783 2773 809 2799 t.
835 2779 900 2807 XII,
926 2768 992 2800 col.
1017 2768 1097 2801 319.

344 2817 375 2847 fu.
401 2816 428 2847 11
449 2829 492 2849 ne
514 2825 618 2859 requt
637 2831 704 2851 son
725 2819 811 2853 titre
832 2821 1006 2864 qu'apres
1026 2833 1094 2854 son
1114 2821 1256 2855 arrivec
1277 2822 1297 2853 a
1317 2822 1351 2854 la
1371 2821 1469 2854 curie
1489 2832 1676 2853 survenue
1695 2820 1727 2853 le
1748 2820 1768 2853 5
1789 2819 1882 2852 avril
1901 2819 1992 2852 1351

300 2868 443 2907 (liubol,
466 2870 694 2908 Hierarclzia,
718 2879 741 2905 t.
764 2885 786 2912 1,
809 2885 843 2916 p.
866 2873 938 2916 19).

344 2922 374 2952 ἶ).
406 2922 443 2954 E.
472 2923 614 2963 Brown,
643 2925 857 2959 Fasciculus
880 2938 1001 2960 rerum
1023 2927 1303 2971 expetendarum
1325 2932 1356 2960 et
1377 2927 1649 2970 fugiendarum,
1675 2926 1853 2965 Londres,
1888 2925 1994 2965 1690,

296 2978 320 3005 t.
338 2985 374 3012 11,
394 2986 426 3016 p.
445 2976 524 3008 508.

345 3027 375 3058 (3.
402 3027 438 3059 F.
466 3028 674 3068 130011οε110,
697 3041 752 3073 op.
777 3032 847 3071 cit,
871 3038 897 3064 t.
927 3044 965 3072 11,
988 3044 1022 3075 p.
1053 3034 1135 3067 372.
1165 3052 1214 3057 ——
1239 3033 1311 3067 Sur
1342 3016 1463 3067 Pierre
1486 3033 1532 3066 de
1553 3033 1652 3071 Cros,
1684 3031 1766 3065 voir
1788 3029 1936 3065 Denisse
1958 3036 1995 3064 et

297 3076 502 3119 Chatelain,
528 3082 812 3124 Chartularium‚
836 3091 861 3118 t.
883 3097 920 3125 11,
944 3097 978 3129 p.
1002 3087 1083 3120 783.
