2083 3458
98 218 222 274 [664]
627 234 844 259 PAPARUM
880 235 1266 260 AVENIONENSIUM
1716 221 1795 262 149

85 331 165 366 pue
201 330 296 354 vero
333 329 420 365 cap.
458 314 546 352 Etsi
583 315 839 363 unanimiter,
871 316 919 354 de
955 317 1153 366 postulat.
1190 318 1481 367 praelatorum.
1511 319 1713 357 Eumdem
1750 320 1791 357 in

85 375 200 413 dicto
226 388 314 424 cap.
344 373 526 411 Consulti
547 382 670 411 vocat
698 374 1016 413 cismontanum.
1041 376 1213 414 Animus
1237 391 1329 426 ergo
1353 385 1441 415 erat
1460 377 1538 416 ista
1565 378 1711 416 referre
1738 378 1790 416 ad

86 435 194 472 hunc
217 433 480 471 cardinalem.
499 432 577 470 Sed
593 447 685 470 cum
701 433 866 471 videam
882 435 1037 472 nullam
1052 434 1087 472 ei
1107 435 1353 484 dignitatem
1368 436 1494 474 tribui
1513 451 1535 474 a
1550 437 1789 483 Bellamera‚

84 493 156 531 sed
177 492 229 531 ab
251 506 297 530 eo
319 499 485 529 tantum
502 491 639 529 vocari
662 492 873 531 doctorem
889 493 1106 540 famosum,
1124 494 1320 544 suspicari
1342 509 1461 545 cogor
1476 496 1683 534 diversum
1698 510 1790 534 eum

86 551 209 590 fuisse
227 565 250 589 a
269 550 488 597 cardinale,
507 550 577 588 sed
594 558 735 588 tamen
754 566 803 589 ex
820 552 963 589 eadem
981 560 1112 601 gente.

137 610 372 649 Bernardus
398 624 518 659 porro
545 609 876 660 archiepiscopus
906 611 1195 659 Narbonensis,
1213 612 1261 650 de
1289 627 1370 661 quo
1394 613 1534 662 paucis
1561 628 1682 663 supra
1709 614 1789 652 dic-

86 678 178 707 tum
205 677 280 716 est,
308 668 588 719 praetermitti
616 683 699 706 non
725 677 865 718 potest
891 670 1048 708 leviter.
1080 670 1180 708 Erat
1207 671 1271 709 ille
1301 686 1424 721 nepos
1445 672 1663 711 Clementis
1691 672 1725 709 V
1742 687 1792 710 ex

86 743 236 776 sorore,
259 728 386 766 frater
410 727 649 777 Raymundi
671 727 877 766 Guillelmi
900 729 947 766 de
971 729 1109 778 Fargis
1132 730 1360 768 cardinalis.
1382 731 1442 768 Illi
1458 731 1640 769 Clemens
1662 746 1790 769 avun-

87 788 215 834 culus,
243 795 291 824 ut
319 794 484 825 constat
512 801 561 824 ex
589 786 726 824 codice
753 787 881 826 99191
914 787 1187 826 bibliothecae
1214 789 1360 838 regiae.
1390 790 1564 828 contulit
1591 790 1790 828 archidia-

87 854 284 885 conatum
308 846 357 884 de
379 845 602 884 Belvacino
620 845 663 883 in
684 846 863 884 Ecclesia
883 846 1122 885 Belvacensi
1139 861 1246 885 anno
1271 848 1402 898 primo
1421 849 1482 886 sui
1504 850 1789 899 pontificatus,

87 919 134 944 ac
154 905 278 955 paulo
300 912 407 955 post,
425 904 620 943 nimirum
636 919 661 941 v
677 905 756 943 kal.
781 905 919 943 martii
941 901 1004 955 [25
1022 906 1169 945 sevrier
1188 906 1321 963 13OG],
1343 922 1436 945 eum
1455 908 1671 946 constituit
1689 909 1790 958 epis-

89 978 238 1014 copum
271 964 557 1013 Agennensem
578 964 604 1011 2,
640 971 682 1002 et
716 978 813 1001 mox
846 965 963 1002 nonis
999 965 1053 1016 [5]
1084 965 1189 1014 junii
1221 966 1435 1016 transtulit
1475 967 1527 1004 ad
1570 968 1793 1006 Ecclesiam

90 1024 468 1073 Rothomagensem
483 1022 511 1061 3.
549 1023 654 1060 Tum
685 1037 781 1061 vero
821 1023 1038 1061 Eduardus
1081 1024 1110 1071 Ι,
1147 1039 1219 1062 rex
1254 1025 1436 1075 Angliae,
1465 1026 1500 1064 ei
1538 1020 1710 1064 indulsit
1746 1035 1792 1064 ut

86 1082 204 1121 terris
245 1096 346 1132 quas
383 1081 493 1120 idem
530 1081 860 1132 archiepiscopus
901 1083 1083 1121 habebat
1121 1083 1164 1121 in
1202 1098 1325 1133 regno
1366 1085 1534 1134 Angliae
1575 1086 1790 1133 frueretur,

87 1141 277 1191 quamvis
318 1141 353 1179 ei
394 1141 579 1178 nondum
619 1140 782 1179 fecisset
820 1141 1063 1180 fidelitatem
1112 1142 1160 1180 de
1205 1142 1349 1181 iisdem
1392 1144 1521 1191 terris,
1559 1152 1606 1181 ut
1643 1145 1792 1183 docent

87 1200 272 1250 ejusdem
289 1200 392 1249 regis
405 1200 547 1238 literae
566 1199 701 1238 editae
717 1200 759 1238 in
776 1208 891 1238 tomo
913 1201 1035 1238 tertio
1053 1201 1298 1239 Libertatum
1314 1202 1511 1240 Ecclesiae
1527 1203 1791 1252 Anglicanae,

86 1275 124 1310 p.
146 1259 247 1297 1183
267 1267 307 1297 et
326 1259 527 1309 sequenti.
547 1259 668 1296 Anno
694 1259 937 1297 MCCCVIII
956 1260 1032 1297 ivit
1052 1260 1308 1301 Avenionem
1329 1276 1421 1299 cum
1441 1276 1550 1312 papa
1571 1261 1792 1310 Clemente,

85 1318 439 1368 quemadmodum
473 1332 596 1368 supra
630 1333 669 1368 p.
706 1317 781 1355 565
808 1319 1074 1356 observatum
1110 1327 1184 1366 est,
1209 1319 1371 1369 illicque
1395 1321 1530 1359 adhuc
1553 1336 1646 1359 eum
1670 1321 1792 1360 fuisse

84 1391 194 1418 anno
230 1377 411 1415 MCCCX
446 1377 510 1415 die
544 1391 616 1414 xv1
649 1377 797 1416 mensis
831 1379 970 1416 martii
1004 1386 1121 1428 patet
1157 1393 1207 1416 ex
1246 1378 1502 1417 Collectaneis
1541 1380 1585 1417 de
1624 1380 1790 1418 dissidio

87 1436 298 1486 Bonifacio
334 1436 447 1473 VIII
484 1443 518 1473 et
544 1436 733 1486 Philippi
762 1437 911 1483 Pulcri‚
942 1452 980 1487 p.
1010 1437 1098 1475 367.
1133 1437 1317 1487 Denique
1345 1439 1396 1476 ab
1427 1439 1605 1477 Ecclesia
1636 1440 1790 1477 Rotho-

86 1495 268 1546 magensi
295 1495 461 1534 transiit
487 1495 540 1533 ad
568 1495 878 1535 Narbonensem
897 1497 924 1542 ⁴,
952 1496 1013 1534 uti
1041 1510 1162 1546 supra
1189 1510 1228 1546 p.
1259 1496 1347 1545 596,
1385 1497 1542 1536 dictum
1564 1506 1636 1537 est.
1672 1499 1791 1541 Anno

88 1554 339 1601 MCCCXLL
373 1554 436 1593 die
459 1569 563 1592 xxm
588 1554 740 1604 aprilis,
763 1555 948 1593 condidit
970 1563 1268 1595 testamentum
1291 1556 1334 1594 in
1355 1565 1488 1595 castro
1511 1557 1559 1595 de
1581 1558 1791 1596 Montibus

88 1613 364 1652 Narbonensis
407 1613 613 1660 dioecesis,
645 1622 686 1652 et
716 1614 820 1652 obiit
860 1615 982 1664 paulo
1023 1622 1118 1664 post
1136 1615 1161 1652 5.
1208 1614 1313 1652 Nam
1352 1616 1598 1654 Benedictus
1634 1617 1717 1654 XII
1751 1617 1792 1655 in

86 1673 197 1711 bulla
219 1673 318 1711 data
341 1672 536 1711 Avinioni
561 1673 614 1724 [1]
649 1673 727 1711 kal.
762 1673 940 1711 octobris
962 1687 1069 1712 anno
1103 1674 1278 1724 septimo
1311 1674 1451 1725 [1341]
1477 1683 1656 1714 testatur
1678 1676 1792 1713 illum

87 1731 156 1770 diu
180 1739 276 1771 ante
300 1732 408 1770 hunc
441 1732 550 1770 diem
572 1746 657 1770 esse
681 1740 891 1770 mortuum
929 1732 1045 1782 eique
1079 1733 1297 1770 substituit
1321 1734 1569 1772 Gasbertum
1600 1735 1648 1773 de
1679 1735 1791 1773 Valle

83 1791 440 1841 archiepiscopum
470 1791 752 1829 Arelatensem
771 1793 796 1829 ⁶.

140 1850 184 1888 P.
208 1849 270 1897 69,
293 1850 360 1900 lig.
384 1849 446 1888 31.
470 1852 739 1890 BERNARDUS
773 1865 828 1887 DE
864 1850 1027 1888 GARvo.
1065 1850 1208 1889 Nescio
1242 1851 1312 1888 ubi
1347 1851 1526 1890 Joannes
1556 1852 1792 1891 Guesnaeus

84 1909 245 1951 invenit
274 1909 382 1948 hunc
412 1908 620 1947 hominem
651 1909 808 1948 factum
847 1909 968 1948 fuisse
1007 1923 1114 1950 anno
1145 1909 1386 1948 MCCXCIV
1416 1911 1612 1949 abbatem
1642 1912 1793 1956 Montis

87 1968 254 2018 majoris
277 1982 424 2018 propre
448 1968 669 2006 Arelatem.
697 1969 784 2018 Ego
806 1968 915 2007 enim
938 1976 1040 2019 puto
1063 1968 1175 2006 istud
1199 1969 1318 2007 valde
1343 1969 1491 2007 falsum
1515 1985 1612 2008 esse.

141 2027 184 2066 P.
212 2026 261 2064 69
284 2027 351 2076 lig.
387 2027 449 2066 31.
479 2027 542 2064 DE
576 2028 613 2066 S.
643 2028 845 2074 LIBRATA‚
882 2027 1228 2065 Saincte-Livrade
1262 2028 1305 2066 in
1341 2028 1513 2067 dioecesi
1547 2029 1793 2078 Agenmmsi,

87 2100 170 2125 non
194 2100 290 2124 vero
317 2086 453 2125 Sainte
473 2086 663 2134 Delivre'e‚
689 2094 737 2124 ut
761 2087 865 2125 male
902 2087 1028 2125 vertit
1054 2087 1292 2127 Franciscus
1315 2087 1569 2126 Duchesnius
1598 2088 1651 2138 [p.
1678 2087 1793 2139 375].

140 2145 242 2183 Cum
264 2145 303 2183 in
329 2145 456 2187 initiis
480 2145 750 2196 pontificatus
775 2145 993 2186 Clementis
1019 2145 1053 2182 V
1073 2153 1261 2184 vacasset
1291 2145 1647 2186 archidiaconatus
1673 2147 1797 2188 Cons-

87 2203 241 2245 tantini
260 2203 302 2242 in
324 2204 503 2242 Ecclesia
524 2204 841 2252 Constantiensi‚
858 2205 890 2242 is
910 2205 1024 2242 illum
1045 2204 1221 2251 contulit
1239 2204 1282 2245 in
1299 2205 1554 2243 Bernardum
1575 2206 1623 2244 de
1644 2206 1794 2256 Garvo,

88 2270 282 2313 nepotem
305 2277 437 2301 suum.
464 2263 612 2302 Postea
637 2278 730 2302 cum
761 2264 876 2302 illum
900 2277 1008 2302 anno
1033 2263 1212 2302 MCCCX
1236 2263 1389 2302 faceret
1421 2264 1682 2312 cardinalem,
1708 2279 1796 2303 cum

85 2335 143 2370 60,
174 2329 222 2360 ut
250 2322 399 2372 legitur
427 2322 467 2360 in
501 2323 681 2372 quodam
711 2330 869 2372 regesto
913 2322 1160 2373 parlamenti
1191 2322 1440 2370 parisiensis,
1471 2323 1717 2373 dispensavit
1755 2332 1797 2362 at

87 2380 307 2430 predictam
326 2381 692 2419 archidiaconatum
711 2390 745 2419 et
764 2383 908 2420 multas
927 2381 1030 2419 alias
1050 2381 1261 2430 dignitates
1289 2390 1323 2419 et
1345 2381 1533 2431 beneficia
1551 2391 1679 2433 posset
1707 2397 1795 2421 cum

89 2439 328 2478 conscientia
345 2440 507 2478 retinere
526 2441 552 2479 ⁷.

139 2565 171 2598 1.
201 2564 242 2598 Β.
266 2564 324 2605 N.‚
346 2576 413 2598 ms.
434 2565 530 2598 latin
549 2564 646 2598 4038
665 2565 705 2606 B,
728 2565 752 2599 f.
775 2566 820 2598 14
838 2569 883 2600 1⁰.

140 2618 171 2651 2.
201 2617 361 2651 Clement
389 2618 431 2658 V,
458 2629 493 2652 n.
521 2618 601 2652 901.

140 2671 173 2704 3.
203 2670 250 2704 Ce
267 2670 326 2704 fut
342 2671 374 2704 le
392 2671 414 2703 4
429 2671 512 2715 juin
528 2672 621 2705 1306
643 2671 816 2714 (Οἰὲιηεηι
835 2671 877 2712 V,
897 2683 931 2705 n.
951 2671 1072 2715 1030).

140 2724 173 2757 4.
197 2723 356 2757 clement
380 2723 422 2765 V,
444 2735 480 2758 n.
497 2725 591 2758 6775
610 2724 740 2768 (bulles
760 2725 810 2758 du
839 2726 858 2758 5
881 2724 955 2757 mai
977 2724 1098 2767 1311).
1122 2723 1198 2757 Son
1214 2723 1521 2757 administration
1541 2724 1600 2757 fut
1621 2725 1793 2759 ruineuse

91 2788 187 2821 pour
208 2768 359 2820 l'Eglise
383 2777 427 2810 de
453 2777 587 2811 Rouen
609 2777 783 2821 (Clement
804 2778 846 2818 V,
868 2789 903 2811 n.
929 2777 1051 2821 7652).
1069 2777 1140 2810 Sur
1162 2777 1249 2810 celle
1274 2777 1318 2810 de
1341 2769 1491 2820 l'Eglise
1508 2778 1551 2810 de
1578 2778 1793 2819 Narbonne,

93 2829 175 2863 voir
191 2829 356 2864 Histoire
373 2830 414 2864 de
429 2830 658 2874 Languedoc‚
679 2836 706 2864 t.
725 2843 779 2871 1x‚
799 2843 834 2875 p.
855 2831 939 2871 33¹1,
957 2831 1038 2870 420,
1059 2830 1140 2870 424,
1160 2830 1241 2870 492,
1261 2830 1342 2863 494.

142 2882 174 2916 5.
206 2883 263 2915 En
280 2882 403 2926 juillet
421 2883 512 2917 1341
536 2883 682 2928 d'apres
705 2884 835 2924 Eubel,
856 2883 1086 2923 Hierarchia,
1108 2888 1135 2916 t.
1154 2895 1178 2923 1,
1199 2894 1234 2926 p.
1256 2883 1337 2917 356.

142 2937 174 2969 6.
203 2935 325 2976 Vidal‚
356 2947 391 2969 n.
422 2936 527 2970 8429.

142 2988 175 3022 7.
207 2989 237 3022 Il
261 2988 456 3028 cumulait,
482 3001 529 3023 en
552 2989 653 3030 effet,
679 3001 732 3022 un
757 2990 875 3033 grand
900 2989 1055 3022 nombre
1082 2988 1125 3022 de
1151 2988 1336 3022 benefices
1357 2988 1530 3032 (Clement
1553 2989 1595 3030 V,
1621 3001 1656 3024 n.
1684 2991 1796 3024 7487-

91 3042 205 3082 7492;
225 3041 444 3094 1310bbetius,
471 3041 596 3076 Gloria
613 3042 825 3076 Leodiensis
842 3042 1035 3082 Ecclesiae,
1056 3053 1090 3085 p.
1122 3042 1165 3074 22
1186 3039 1311 3085 [Bal.],
1341 3042 1389 3074 οὺ
1406 3042 1431 3075 il
1449 3048 1506 3075 est
1521 3043 1578 3076 dit
1595 3044 1730 3086 prevot
1750 3044 1794 3077 de

95 3100 195 3128 cette
222 3094 355 3138 Eglise.
