2083 3458
279 214 362 255 864
933 227 1086 252 NOTAE
1122 227 1181 251 AD
1216 227 1347 269 v1TAs·
1841 212 1993 268 [1350]

333 314 450 350 Anno
476 312 907 359 MCCCLXXXVIII,
933 310 996 349 die
1022 326 1111 349 xxv
1135 310 1328 360 januarii,
1353 312 1498 351 eadem
1522 312 1660 362 regina
1685 326 1839 362 papam
1862 311 1996 350 adivit

278 372 389 422 apud
417 371 673 410 Avenionem
699 371 965 421 exploratura
982 371 1236 411 sententiam
1261 371 1347 421 ejus
1365 386 1488 422 super
1512 372 1678 422 negotio
1694 372 1808 422 regni
1834 372 1994 422 Neapo-

276 431 408 469 litani.
444 432 546 470 Rem
576 430 636 469 his
668 430 801 468 verbis
833 430 1030 469 describit
1059 430 1100 468 in
1130 446 1203 469 suo
1238 431 1384 468 Diario
1419 431 1472 482 [p.
1505 431 1605 481 499]
1639 431 1749 470 idem
1778 431 1994 482 episcopus

278 490 539 529 Carnotensis
562 506 568 527 2
587 491 663 528 Die
682 490 811 528 XXV
829 490 1039 540 (januarii)
1061 505 1180 540 penes
1204 505 1356 541 papam
1382 491 1462 540 fuit
1480 491 1654 530 domina.
1677 491 1728 529 Et
1744 491 1996 541 propositum

275 551 355 600 fuit
376 550 411 588 si
434 558 516 588 erat
539 550 633 587 utile
656 550 757 599 quocl
779 549 943 587 (lomina
967 550 1037 587 iret
1057 550 1108 587 acl
1130 565 1296 599 regnum
1314 550 1453 588 Sicilie
1476 552 1533 588 wel
1552 551 1716 589 mitteret
1736 551 1869 600 filium
1891 550 1996 588 circa

279 625 449 648 mensem
466 610 699 660 septembris
717 609 896 660 proxime
913 610 1109 659 futurum.
1130 610 1181 648 Et
1196 610 1289 659 feeit
1309 625 1419 660 papa
1437 625 1570 648 omnes
1590 611 1725 660 jurare
1746 610 1788 647 in
1807 610 1995 648 manibus

276 670 363 707 suis
401 670 502 719 quod
542 670 633 707 bene
671 678 705 707 et
742 669 918 718 legaliter
956 670 1201 707 consulerent
1238 670 1347 707 omni
1386 671 1687 720 circumscripta
1723 670 1992 708 simulatione.

278 729 512 767 Carae‘linalis
538 729 830 766 Ambianensis
855 729 957 767 dixit
982 730 1085 779 quod
1107 727 1189 767 erat
1215 730 1322 777 utile,
1348 744 1438 779 ymo
1465 745 1629 777 necesse,
1658 730 1751 780 quia
1776 730 1891 767 aliter
1916 744 1995 767 non

277 797 405 839 posset
421 804 587 838 regnum
604 789 740 826 haberi
757 789 845 826 sine
862 803 961 838 rege.
980 789 1067 827 Hoc
1082 798 1214 827 autem
1231 790 1458 827 consulebat
1474 791 1568 827 dum
1585 799 1715 828 tamen
1729 790 1907 827 Domina
1925 782 1995 826 iret

277 864 365 887 oum
406 849 504 886 bona
545 849 720 899 potentia
761 849 939 898 gentium
976 857 1010 886 et
1039 849 1337 899 peccuniarum.
1380 849 1617 887 Cardinales
1648 849 1908 896 Cusentinus,
1949 850 1992 886 de

280 909 464 956 leureio⁷
496 908 810 957 Ebreclunensis,
843 909 886 946 (le
917 908 1110 957 Murolio‚
1147 909 1411 956 Vivariensis,
1453 909 1556 947 idem
1589 909 1847 947 Camerarius
1876 923 1993 959 pape,

273 969 395 1017 frater
426 983 542 1019 pape,
577 983 702 1006 comes
735 968 1006 1016 CamerariuS,
1041 969 1228 1006 dominus
1261 970 1305 1006 cle
1343 969 1469 1016 Velia,
1504 969 1691 1007 dominus
1724 969 1917 1006 Robertus
1951 969 1994 1006 de

272 1028 428 1075 Drocts,
455 1028 654 1066 dominus*
674 1027 873 1066 Gerardus
897 1029 941 1066 cle
964 1029 1140 1076 Ternier,
1163 1028 1430 1066 seneschallus
1453 1029 1676 1077 Provincia,
1699 1028 1940 1078 Arnulphus
1956 1029 1994 1065 la

276 1087 417 1135 Caille,
444 1096 478 1125 et
502 1102 570 1137 ego
597 1088 649 1125 ad
674 1088 778 1126 idem
795 1103 884 1126 cum
908 1096 1076 1138 quatuor
1101 1088 1412 1126 conditionibus.
1441 1089 1596 1137 Prima,
1619 1089 1721 1138 quod
1746 1088 1995 1126 consentiant

275 1161 341 1185 reat
366 1147 537 1185 Francie
561 1155 595 1185 et
619 1147 773 1185 domini
798 1148 842 1185 de
868 1148 992 1197 regali
1017 1148 1230 1197 sanguine.
1259 1148 1455 1196 Secunda,
1483 1149 1584 1198 quod
1608 1148 1784 1195 domina,
1810 1148 1865 1191 si*
1887 1147 1995 1185 vadit

276 1222 364 1244 cum
389 1221 487 1256 rege,
515 1208 573 1244 vel
596 1221 674 1255 rex,
700 1207 735 1244 si
761 1207 870 1245 vadit
893 1208 979 1245 sine
1006 1216 1140 1255 matre,
1165 1208 1218 1245 sit
1246 1208 1337 1245 bene
1361 1208 1535 1258 stipatus
1561 1223 1684 1245 manu
1708 1207 1813 1257 forti.
1845 1206 1993 1254 Tertia,

277 1268 377 1316 quod
396 1267 536 1305 habeat
559 1267 702 1304 bonam
724 1267 946 1317 financiam
966 1282 1037 1317 pro
1057 1282 1129 1305 suo
1150 1268 1283 1317 viagio
1305 1268 1546 1317 complendo.
1568 1267 1733 1318 Quarta,
1756 1268 1858 1317 quod
1877 1267 1993 1305 datus

275 1326 326 1363 sit
347 1326 462 1376 prius
487 1327 610 1364 bonus
631 1327 724 1364 ordo
746 1327 789 1364 de
812 1326 1004 1376 ftnanciis
1024 1327 1314 1378 sufficientibus
1335 1327 1528 1365 habendis
1550 1342 1620 1378 pro
1641 1335 1851 1377 conquesta
1871 1326 1992 1364 conti-

277 1387 453 1424 nuanda.
493 1386 722 1437 Episcopus
760 1386 1040 1425 Sistaricensis
1077 1387 1316 1437 discrepavit
1351 1387 1401 1424 ab
1439 1387 1628 1436 opinione
1666 1395 1799 1425 nostra
1835 1394 1993 1437 propter

275 1446 578 1483 teneritudinem
595 1446 712 1495 regis,
733 1446 848 1495 cujus
868 1446 1120 1484 imbecillitas
1135 1447 1273 1496 forsan
1292 1461 1370 1484 non
1388 1446 1598 1484 sustineret
1616 1447 1873 1484 mutationem
1889 1445 1993 1483 aeris

275 1514 307 1542 et
327 1505 708 1543 disconvenientiam
728 1505 863 1544 maris.

330 1566 447 1603 Anno
476 1566 703 1613 MCCCXC,
732 1580 870 1604 mense
896 1565 1026 1615 junio,
1055 1566 1165 1604 idem
1202 1581 1274 1604 rex
1300 1565 1535 1604 Ludovicus
1576 1565 1680 1605 mari
1706 1581 1746 1604 se
1785 1564 1992 1603 commisit

275 1624 316 1661 in
334 1639 507 1674 regnum
523 1640 645 1665 suum
661 1625 928 1674 trajecturus‚
948 1625 1226 1676 comitemque
1244 1625 1401 1664 itineris
1420 1640 1442 1663 a
1458 1640 1568 1676 papa
1586 1625 1663 1663 sibi
1680 1625 1827 1665 datum
1843 1623 1993 1662 habuit

276 1684 444 1722 Petrum
468 1685 516 1722 de
542 1685 733 1735 Thureyo
758 1685 1030 1732 cardinalem3
1056 1686 1198 1723 Prima
1221 1686 1302 1723 vita
1325 1685 1539 1723 Clementis
1568 1686 1667 1733 VII,
1691 1700 1730 1736 p.
1757 1684 1845 1723 505.
1873 1684 1927 1722 At
1950 1684 1993 1721 in

275 1744 509 1782 narratione
531 1759 668 1785 rerum
688 1754 898 1795 gestarum
918 1744 959 1782 in
980 1745 1245 1784 coronatione
1266 1745 1453 1794 ejusdem
1472 1745 1575 1796 regis
1596 1744 1723 1792 edita,
1743 1753 1776 1783 t.
1795 1760 1807 1782 1
1830 1744 1991 1781 Miscel-

274 1804 479 1841 laneorum
503 1804 781 1842 historicorum
806 1804 975 1852 Labbei‚
1001 1819 1040 1855 p.
1068 1804 1158 1852 648,
1185 1813 1226 1843 et
1249 1804 1292 1842 in
1316 1804 1659 1843 annotationibus
1686 1804 1738 1841 ad
1764 1803 1992 1841 Historiam

276 1863 418 1900 Kar-oli
445 1864 516 1911 VI,
536 1878 575 1913 p.
598 1864 687 1911 571,
708 1864 911 1914 scriptum
930 1873 992 1903 est
1011 1864 1127 1904 illum
1146 1864 1375 1914 ingressum
1394 1880 1480 1903 esse
1500 1878 1611 1903 mare
1631 1864 1744 1914 apud
1765 1862 1991 1902 Massiliam

273 1922 336 1960 die
365 1922 562 1972 vigesima
588 1923 693 1973 julii,
717 1932 757 1962 et
784 1924 926 1961 navim
953 1924 1041 1974 ejus
1063 1924 1186 1963 fuisse
1214 1924 1507 1963 benedictaml
1531 1939 1553 1962 a
1580 1925 1702 1962 Petro
1727 1923 1775 1962 de
1799 1924 1990 1972 Thureyo

273 1982 408 2031 legato
436 1996 580 2032 papae.
1843 2024 1848 2025 ⁷

330 2042 447 2079 Anno
468 2042 745 2081 MCCCXCIV
764 2044 909 2081 Petrus
930 2043 1147 2082 cardinalis
1168 2044 1216 2081 de
1236 2044 1426 2093 Thureyo
1445 2043 1635 2082 interfuit
1654 2042 1845 2082 electioni
1861 2042 1988 2080 Bene-

272 2100 373 2138 dicti
396 2102 517 2139 XIII.

330 2161 447 2199 Anno
472 2161 726 2200 MCCCXCV
749 2162 871 2201 duces
898 2162 1094 2201 Franciae
1118 2177 1213 2202 cum
1236 2162 1442 2200 nonnullis
1466 2162 1715 2213 primatibus
1740 2162 1858 2215 aulae
1883 2160 1988 2198 Ave-

277 2219 439 2258 nionem
458 2221 634 2271 profecti
652 2230 749 2259 sunt
768 2230 815 2259 ut
834 2221 1060 2260 Benedicto
1080 2221 1302 2260 suaderent
1322 2222 1548 2262 cessionem
1566 2229 1746 2272 papatus
1766 2220 1819 2259 ad
1838 2219 1988 2259 consti-

273 2279 475 2320 tuendam
501 2281 765 2319 concordiam
791 2281 833 2318 in
862 2281 1042 2320 Ecclesia
1075 2281 1161 2329 Dei,
1189 2281 1221 2319 si
1248 2281 1372 2319 modo
1398 2281 1657 2321 adversarius
1684 2281 1772 2330 ejus
1799 2279 2008 2321 eamdem*

274 2338 383 2376 viam
401 2340 516 2389 sequi
531 2340 668 2379 vellet.
690 2341 735 2378 In
751 2341 903 2380 multas
923 2340 981 2378 illi
995 2341 1261 2379 difficultates
1277 2341 1552 2379 incurrerunt.
1572 2340 1677 2378 Illud
1691 2349 1832 2380 tamen
1850 2353 1988 2378 conse-

275 2397 359 2435 cuti
375 2407 472 2437 sunt
488 2408 535 2437 ut
552 2414 645 2437 cum
662 2414 799 2440 mense
815 2400 932 2450 junio
949 2409 1248 2439 convocassent
1265 2400 1491 2439 cardinales
1508 2400 1550 2438 in
1565 2400 1685 2438 aedes
1703 2413 1811 2447 suas,
1828 2412 1987 2438 eorum-

275 2471 352 2506 que
372 2459 623 2499 sententiam
642 2459 963 2509 exquisivissent
982 2474 1036 2497 an
1053 2474 1100 2498 ea
1120 2460 1202 2507 via,
1223 2474 1327 2509 quae
1347 2460 1518 2498 inventa
1539 2469 1579 2498 et
1598 2459 1831 2510 approbata
1850 2458 1988 2496 fuerat

276 2516 438 2555 Parisiis
466 2518 508 2556 in
535 2518 703 2557 consilio
730 2519 854 2569 regio,
882 2519 958 2557 illis
986 2520 1197 2557 videretur
1223 2534 1309 2558 esse
1336 2520 1444 2557 bona
1471 2527 1514 2557 et
1540 2518 1760 2569 expediens
1788 2515 1898 2556 bono
1927 2531 1986 2555 re-

274 2575 475 2624 publicae,
499 2592 580 2615 una
604 2578 685 2616 fere
709 2579 894 2619 omnium
927 2594 1011 2617 vox
1033 2579 1157 2617 fuerit
1192 2579 1349 2617 nullam
1371 2578 1581 2619 meliorem
1612 2593 1698 2617 esse
1719 2577 1832 2617 viam
1854 2576 1987 2615 extin-

276 2636 424 2682 guendi
444 2637 691 2676 schismatis.
717 2638 762 2675 In
782 2637 914 2676 veteri
934 2634 1072 2677 codice
1093 2638 1250 2677 archivi
1269 2638 1368 2688 regii
1389 2638 1627 2677 Parisiensis
1641 2638 1656 2660 2
1675 2637 1834 2688 reperio
1855 2634 1984 2675 cardi-

277 2694 410 2733 nalem
431 2695 477 2733 de
495 2696 685 2746 Tliureyo
700 2697 761 2735 his
778 2697 914 2736 verbis
931 2697 1180 2747 prompsisse
1195 2697 1448 2736 sententiam
1461 2701 1475 2735 ἐ
1489 2697 1690 2735 Dominus
1706 2696 1928 2735 cardinalis
1942 2695 1986 2733 de

279 2753 457 2802 Tliureyo
480 2755 580 2792 stim
603 2756 705 2805 quod
725 2770 879 2806 semper
911 2757 1037 2794 tenuit
1058 2765 1092 2794 et
1116 2757 1282 2806 firmiter
1304 2765 1404 2795 tenet
1427 2772 1578 2807 papam
1601 2756 1839 2794 Clementem
1859 2754 1986 2805 juisse

274 2826 406 2849 verum
424 2828 575 2862 papam
593 2823 627 2852 et
644 2816 775 2853 eodem
795 2817 906 2853 modo
925 2816 1133 2854 dominum
1151 2816 1604 2854 nostrum-Benedictum
1620 2816 1715 2865 sore,
1735 2824 1769 2853 et
1796 2814 1898 2865 quod
1914 2827 1984 2864 pro

276 2885 367 2917 pace
384 2880 417 2909 et
435 2873 580 2910 unione
598 2874 769 2911 Ecclesie
786 2875 1000 2913 obtinenda
1016 2875 1096 2913 sibi
1113 2876 1295 2913 videntur
1311 2876 1385 2913 clue
1410 2875 1469 2913 wie
1495 2876 1711 2922 dumtaxat,
1744 2873 1983 2912 reductionis

276 2929 449 2967 videlicet
478 2931 622 2969 intrusi
650 2934 701 2970 ad
727 2934 965 2972 credentiam
991 2943 1025 2972 et
1049 2934 1315 2972 obedientiam
1341 2934 1494 2972 domini
1521 2934 1644 2972 nostri
1671 2926 1888 2980 Benedicti,
1916 2940 1985 2970 aut

325 3062 351 3092 1.
385 3063 566 3096 Archivcs
591 3064 826 3105 Natfflnales,
851 3066 888 3099 P.
911 3065 1034 3106 1334‘2,
1057 3067 1120 3100 fol.
1143 3068 1188 3101 18
1208 3072 1241 3100 r⁰
1260 3073 1298 3099 et
1322 3067 1364 3099 N.
1386 3066 1514 3100 Valois
1540 3066 1610 3109 (op.
1633 3067 1705 3105 cit„
1728 3072 1754 3099 t.
1776 3078 1813 3105 11,
1832 3078 1866 3109 p.
1884 3066 1981 3109 168).

324 3117 352 3145 ·-'.
376 3116 408 3147 J.
433 3116 512 3150 518²,
538 3117 597 3149 sol.
624 3118 689 3149 102
710 3124 742 3150 r0
762 3125 799 3151 et
821 3119 991 3152 Martene
1016 3120 1280 3164 (Amplissima
1299 3121 1468 3158 collectio,
1491 3126 1516 3152 t.
1541 3132 1602 3156 vn,
1625 3120 1694 3152 col.
1718 3120 1817 3161 469).
