2083 3458
266 185 346 226 602
914 202 1065 227 ΝΟΤΑΕ
1100 203 1160 227 AD
1195 203 1322 228 vlTAs
1817 186 1968 242 [1081]

319 286 397 325 Sed
418 286 617 324 audaciae
637 287 806 336 plenum
827 295 889 325 est
910 287 1021 337 quod
1041 288 1193 338 legitur
1212 289 1254 326 in
1274 289 1533 340 depositione
1552 290 1875 328 Bonaventurae
1897 302 1981 327 car-

265 345 412 384 dinalis
432 346 481 384 de
501 346 658 393 Padua,
678 346 788 384 hunc
804 346 1085 385 Bertrandum
1104 347 1356 387 meditatum
1375 363 1421 387 ea
1440 357 1692 399 tempestate
1711 347 1983 388 secessionem

265 419 288 443 a
305 405 472 454 reliquis
491 405 770 443 cardinalibus
797 414 838 444 et
855 406 1088 445 rediturum
1106 407 1231 446 fuisse
1251 408 1304 446 ad
1322 408 1554 456 Urbanum,
1584 408 1661 446 nisi
1686 407 1911 458 impeditus
1930 406 1983 444 ab

264 465 310 503 iis
338 464 495 503 fuisset.
526 464 638 503 Haec
664 465 773 503 enim
797 466 911 503 nullo
936 465 1060 504 modo
1086 467 1303 506 cohaerere
1328 476 1504 518 possunt
1529 482 1623 506 cum
1646 467 1694 506 iis
1721 481 1826 517 quae
1859 479 1983 516 supra

267 524 378 563 dicta
396 532 494 562 sunt
511 524 560 562 de
576 523 823 572 Bertrando,
842 539 893 563 ex
910 525 1060 575 quibus
1078 534 1190 564 certo
1209 527 1416 576 colligitur
1430 527 1547 565 illum
1564 527 1688 565 fuisse
1706 526 1844 564 animo
1861 525 1984 563 valde

267 583 505 621 abalienato
529 598 551 621 a
575 584 765 633 partibus
790 584 962 623 Urbani.
992 585 1204 635 Integrum
1226 586 1549 625 Bonaventurae
1572 585 1861 625 testimonium
1883 584 1982 622 refe-

267 657 402 681 remus
419 643 528 681 infra
547 657 640 681 cum
659 656 827 693 agemus
849 643 898 682 de
917 645 1040 682 Petro
1059 644 1108 683 de
1128 645 1258 684 Luna.

322 702 551 741 Constituti
578 703 706 752 igitur
734 702 845 753 apud
874 703 1381 754 Anagnianrcardinales,
1411 705 1641 755 cogitantes
1671 704 1721 742 de
1750 703 1874 742 modo
1904 717 1986 753 quo

268 776 330 800 res
351 760 406 799 ad
424 762 688 800 concordiam
706 762 858 801 adduci
875 771 1046 813 possent
1063 763 1267 815 simulque
1287 764 1385 802 ordo
1403 764 1669 803 reduceretur
1684 763 1727 802 in
1743 762 1985 810 Ecclesiam,

268 821 496 860 cardinales
518 822 643 860 Italos
661 823 715 860 ad
729 837 770 861 se
787 831 1030 871 evocarunt,
1046 822 1110 860 uti
1126 837 1220 862 cum
1236 824 1291 862 eis
1308 824 1594 862 consultarent
1610 822 1709 874 quid
1726 837 1746 861 e
1760 837 1802 861 re
1817 821 1985 872 publica

269 889 389 929 esset,
413 881 513 931 quid
534 881 646 920 facto
669 896 770 932 opus
792 890 912 920 esset.
937 882 1040 920 Cum
1061 891 1203 921 autem
1224 883 1281 921 illi
1302 883 1355 922 ad
1377 897 1443 922 eos
1473 883 1698 930 venissent,
1721 889 1902 920 testatus
1925 889 1987 919 est

270 940 489 979 cardinalis
525 941 818 997 Glandatensis
846 956 887 980 se
915 941 1225 981 etcardinalem
1260 942 1309 981 de
1343 942 1494 981 Vernio
1526 942 1645 981 facile
1681 941 1877 991 suffragia
1913 954 1987 978 sua

270 1001 493 1039 collaturos
517 1000 560 1038 in
585 1000 837 1039 cardinalem
863 1001 1151 1040 Florentinum
1174 1010 1222 1039 ut
1247 1010 1354 1040 esset
1378 1016 1499 1052 papa.
1527 1002 1660 1040 Extat
1684 1001 1772 1051 ejus
1798 1014 1844 1039 ea
1870 999 1918 1038 de
1945 1014 1986 1038 re

270 1059 559 1099 testimonium
587 1074 726 1110 supra,
755 1075 794 1110 p.
826 1060 942 1109 1049,
971 1073 1046 1100 nee
1072 1061 1175 1099 illud
1202 1061 1296 1100 istic
1324 1061 1454 1111 repeti
1484 1076 1585 1111 opus
1615 1068 1689 1099 est.
1730 1060 1897 1098 Electus
1926 1066 1989 1097 est

271 1127 415 1157 tamen
437 1119 646 1158 Robcrtus
668 1120 888 1158 cardinalis
911 1120 1207 1169 Gebennensis,
1230 1121 1416 1159 Clemens
1434 1121 1515 1158 Vll
1537 1128 1725 1158 vocatus.
1751 1119 1872 1157 Hunc
1893 1132 1988 1168 ergo

271 1187 437 1218 secutus
459 1187 521 1217 est
541 1179 797 1217 Bertrandus
820 1179 1040 1218 cardinalis
1063 1180 1241 1219 Sanctae
1263 1180 1476 1228 Caeciliae,
1499 1180 1551 1217 ab
1573 1194 1619 1218 eo
1640 1187 1786 1230 postea
1809 1178 1988 1216 donatus

273 1238 516 1288 episcopatu
545 1238 739 1286 Ostiensi,
769 1239 886 1288 cujus
914 1240 1238 1290 appellationem
1266 1239 1477 1290 abjecerat
1505 1254 1551 1278 eo
1579 1247 1766 1289 tempore
1795 1252 1876 1286 quo
1904 1251 1989 1275 car-

274 1297 429 1336 dinales
456 1298 721 1336 declararunt
747 1298 965 1336 Urbanum
997 1299 1206 1337 intrusum
1229 1299 1273 1337 in
1305 1307 1465 1349 papatu
1498 1307 1546 1336 ut
1575 1306 1686 1337 lecte
1718 1297 1989 1336 observatum

274 1366 336 1396 est
363 1358 405 1395 in
434 1357 618 1395 Secunda
645 1366 813 1407 epitome
841 1358 1045 1408 Onuphrii
1074 1358 1279 1398 Panvinii.
1309 1358 1427 1397 Adde
1464 1358 1762 1398 auctoritatem
1791 1356 1903 1395 Petri
1940 1355 1989 1394 de

276 1417 475 1465 Barreria,
515 1417 733 1455 cardinalis
771 1417 1014 1466 Aeduensis,
1053 1418 1121 1467 qui
1166 1418 1210 1456 in
1249 1418 1437 1456 Tractatu
1473 1426 1565 1455 tum
1607 1417 1719 1456 edito
1738 1416 1750 1439 ¹
1791 1415 1989 1454 adversus

276 1477 481 1514 joannem
501 1476 550 1515 de
571 1476 770 1526 Lignano,
790 1491 829 1526 p.
851 1476 941 1525 546,
962 1477 1021 1515 ait
1040 1491 1107 1516 eos
1128 1478 1198 1528 qui
1217 1477 1443 1528 dignitates
1463 1484 1711 1527 acceperant
1731 1475 1783 1514 ab
1804 1474 1988 1522 Urbano,

276 1536 330 1575 eis
350 1535 610 1574 renuntiasse
632 1550 725 1574 cum
745 1535 914 1574 fuerunt
933 1537 975 1574 in
995 1537 1115 1586 plena
1136 1537 1344 1585 libertate,
1366 1545 1407 1575 et
1429 1550 1495 1574 eas
1515 1536 1592 1574 sibi
1614 1535 1663 1574 de
1684 1549 1793 1573 novo
1815 1533 1990 1573 conferri

275 1609 531 1645 procurasse,
553 1595 749 1633 nimirum
770 1609 793 1633 a
815 1595 1038 1634 Clemente.

330 1654 450 1693 Anno
468 1654 855 1703 MCCCLXXXIX,
873 1655 952 1694 kal.
972 1655 1035 1705 [1]
1053 1655 1305 1703 novembris,
1321 1655 1489 1693 inunxit
1505 1654 1766 1693 Ludovicum
1783 1654 1838 1701 ΙΙ,
1854 1666 1990 1702 regem

277 1714 437 1752 Siciliae
459 1722 499 1752 et
521 1714 668 1752 ducem
697 1713 899 1764 Andegav
904 1729 1055 1754 ensem
1088 1715 1251 1753 Extant
1279 1714 1409 1753 aeta2
1436 1714 1477 1752 in
1508 1713 1814 1752 ,Μίεσθῖἰαηθίε
1822 1712 1990 1751 curiosis

279 1773 459 1824 Philippi
478 1773 647 1821 Labbei,
667 1788 705 1823 p.
726 1773 816 1850 640,
835 1782 875 1812 et
892 1774 934 1811 in
952 1774 1268 1813 Ρνοῦαιιόηίῖηιὸι
1285 1773 1473 1812 historiae
1494 1773 1639 1811 Karoli
1655 1773 1728 1821 VI,
1747 1772 1851 1822 regis
1866 1772 1992 1809 Fran

278 1846 433 1880 corum,
457 1847 496 1882 p.
522 1832 611 1871 567.

332 1892 380 1930 Ei
403 1906 425 1929 a
450 1891 564 1930 Sede
554 1892 805 1942 apostolica
828 1892 1038 1942 assignata
1063 1892 1144 1931 fuit
1165 1893 1308 1943 pensio
1331 1906 1469 1930 annua
1494 1900 1662 1931 centum
1686 1890 1990 1942 quinquaginta

280 1950 528 1989 florenorum
549 1951 637 1989 auri
657 1966 779 2003 super
797 1951 1029 1991 redditibus
1051 1953 1222 2002 capituli
1244 1952 1449 1991 Ecclesiae
1468 1951 1712 1999 Vaurensis;
1738 1958 1785 1988 ut
1804 1957 1924 2001 patet
1945 1963 1995 1987 cx

278 2011 460 2061 quodam
483 2011 764 2049 instrumento
789 2011 979 2050 confecto
1003 2012 1115 2061 apud
1141 2012 1399 2050 Avenionem
1423 2025 1533 2049 anno
1558 2010 1787 2058 MCCCXC‚
1814 2009 1878 2048 die
1904 2023 1991 2046 xvu

278 2070 389 2118 maii,
414 2070 525 2120 quod
549 2079 668 2109 extat
689 2070 732 2108 in
755 2072 924 2109 archivo
948 2071 1134 2121 ejusdem
1160 2071 1366 2110 Ecclesiae
1389 2071 1625 2109 Vaurensis.

332 2129 447 2168 Obiit
466 2129 482 2152 3
518 2129 745 2177 Avenione,
784 2144 893 2168 anno
922 2130 1199 2178 MCCCXCII,
1231 2145 1269 2168 v1
1298 2130 1389 2169 idus
1430 2130 1493 2180 [8]
1524 2128 1775 2177 novembris,
1805 2128 1990 2178 sepultus

279 2189 391 2239 apud
419 2189 564 2228 fratres
594 2189 790 2236 Minores3
819 2189 1057 2240 Wadding.,
1080 2204 1146 2229 an.
1174 2190 1289 2238 1371,
1317 2190 1333 2239 ἓ
1359 2189 1407 2228 13
1446 2198 1491 2239 lt.
1522 2204 1606 2237 vm,
1634 2203 1672 2239 p.
1703 2187 1818 2239 239}
1849 2187 1990 2225 Recte.

280 2248 447 2286 Etenim
470 2249 512 2287 in
535 2250 739 2299 excerptis
763 2250 816 2287 ad
838 2264 911 2287 nos
935 2249 1067 2288 missis
1092 2264 1143 2287 ex
1163 2249 1269 2299 libro
1293 2249 1596 2298 Obligationum
1619 2247 1776 2286 archivi
1799 2245 1993 2284 Vaticani

280 2316 452 2346 notatur
476 2309 622 2346 obiisse
647 2308 710 2346 die
735 2317 884 2347 octava
907 2308 1158 2348 novembris.
1185 2309 1240 2346 Et
1262 2316 1405 2347 tamen
1429 2307 1685 2346 Contelorius
1721 2307 1775 2356 [p.
1803 2305 1919 2356 100],
1944 2319 1994 2343 ex

279 2367 383 2405 libro
404 2367 550 2407 itidem
573 2367 890 2417 Obligati-onum,
914 2368 1058 2406 scribit
1080 2381 1174 2407 eum
1197 2368 1345 2407 obiisse
1368 2367 1432 2406 die
1457 2382 1513 2405 xv
1536 2366 1785 2405 novembris.

826 2486 1065 2525 JACOBUS
1098 2486 1170 2524 DE
1205 2485 1341 2524 SEVA

336 2581 414 2619 Res
437 2582 648 2631 postulare
671 2581 838 2620 videtur
858 2589 906 2619 ut
929 2581 1126 2631 quoniam
1148 2581 1257 2620 inter
1278 2589 1414 2620 cetera
1438 2593 1543 2631 quae
1566 2580 1615 2618 de
1639 2579 1847 2619 cardinale
1869 2579 1993 2618 Glan-

282 2639 443 2678 datensi
465 2640 659 2688 diximus,
681 2641 723 2678 in
744 2640 1033 2679 testimonium
1055 2641 1181 2679 etiam
1204 2639 1454 2679 adduximus
1476 2640 1636 2678 factum
1659 2638 1769 2689 quod
1790 2638 1834 2677 in
1854 2636 1993 2678 codiee

280 2697 355 2736 842
387 2699 528 2738 Sancti
569 2700 746 2738 Victoris
789 2699 1062 2738 Parisiensis4
1091 2699 1217 2737 tribui
1250 2699 1417 2737 videtur
1449 2699 1607 2737 Jacobo
1640 2698 1689 2736 de
1722 2698 1842 2746 Seva,
1875 2696 1991 2747 cujus

332 2820 362 2852 1.
392 2819 565 2859 Bulaeus,
586 2820 756 2853 Historia
777 2819 1036 2853 Universitatis
1053 2819 1293 2859 Parisien-s‘is,
1314 2825 1340 2852 t.
1359 2830 1410 2852 1v.

333 2873 362 2905 2.
396 2873 438 2906 N.
463 2873 589 2906 Valois
616 2873 655 2916 (t.
677 2886 701 2913 1,
725 2885 760 2916 p.
784 2874 865 2913 154,
890 2879 977 2906 note
1000 2872 1048 2916 1).

331 2926 362 2958 3.
393 2926 463 2958 Sur
492 2926 679 2959 Bertrand
708 2926 852 2970 Lagier,
887 2926 968 2959 voir
991 2926 1031 2959 E.
1054 2926 1149 2959 Albe
1175 2924 1340 2968 (Azttour
1360 2925 1401 2958 de
1420 2924 1518 2957 Jean
1538 2924 1676 2964 XXII,
1701 2929 1726 2957 t.
1749 2936 1786 2963 11,
1809 2935 1844 2966 p.
1869 2921 1990 2966 60-66)

284 2984 320 3010 ct
346 2978 463 3011 Eubcl
491 2978 552 3020 (B.
579 2980 634 3019 F..
660 2985 685 3012 t.
713 2991 760 3019 vl,
785 2991 819 3023 p.
846 2978 941 3023 665).

332 3031 363 3063 si.
396 3032 433 3064 U.
455 3032 595 3069 N.111s.
614 3032 853 3070 1211i1>114643‚
872 3032 933 3065 fol.
952 3032 1021 3065 170
1035 3033 1156 3066 r0—187
1182 3036 1232 3065 v0.
1259 3031 1349 3064 Voir
1370 3030 1607 3064 l’indieation
1623 3031 1685 3063 des
1703 3036 1827 3063 autres
1843 3040 1995 3062 manus-
2023 3041 2025 3045 ·

285 3083 371 3116 crits
397 3086 488 3116 dans
516 3085 556 3117 N.
587 3086 709 3117 Valois
738 3086 776 3128 (t.
801 3098 824 3124 1⁷
850 3098 884 3128 p.
915 3087 991 3124 125,
1017 3091 1104 3118 note
1129 3084 1177 3128 4).
