2083 3458
75 180 197 235 [618]
600 194 816 219 PAPARUM
852 193 1237 219 AVENIONENSIUM
1710 181 1761 221 97

58 279 109 316 de
132 276 352 316 Montilhiis
374 276 412 314 in
445 276 645 314 comitatu
667 276 918 326 Veneyssino
943 291 1069 327 prope
1092 277 1504 327 Carpentoratensem
1534 277 1759 316 civitatem.

61 337 179 374 Liber
215 335 383 374 Arnaldi
421 335 671 374 Camerarii1
705 351 712 373 :
755 335 851 373 Item
897 343 1190 386 transumptum
1228 335 1478 373 instrumenti
1525 336 1761 374 venditionis

60 395 175 434 castri
203 395 246 432 cle
273 394 517 441 Montillziis,
546 394 751 432 comitatus
784 394 1035 444 Veneyssinu·
1064 395 1164 444 quod
1188 394 1267 443 suit
1294 394 1494 432 venditum
1521 409 1590 445 per
1616 396 1760 433 Barra-

58 455 140 492 lum
172 462 206 491 et
237 454 410 502 Agotum
452 454 524 490 cleu
557 453 668 490 BsLLLs
700 453 839 502 fratres
873 454 1030 491 domino
1063 454 1281 491 Bertrando
1314 454 1386 490 dou
1429 453 1511 500 Got,
1547 454 1760 493 vicecomiti

58 512 268 551 Leomanie
289 520 323 550 et
344 512 597 550 Altivillaris.
624 513 773 550 Datum
795 527 901 550 anno
930 513 1096 550 Domini
1120 512 1411 553 MCCCXIII,
1428 512 1489 550 die
1513 528 1580 551 vm
1614 514 1760 551 mensis

58 572 168 610 maii.
206 572 324 609 Anno
355 571 595 617 MCCCXIL
626 571 689 609 die
725 571 855 621 prima
893 571 1099 619 februarii,
1135 572 1351 609 Eduardus
1387 572 1439 619 II,
1470 586 1540 610 rex
1575 572 1757 622 Angliae.

57 631 114 668 ita
128 630 310 680 loquitur
327 630 369 668 in
380 630 505 668 literis
520 645 623 679 quae
639 638 786 668 extant
803 630 844 668 in
861 639 1020 680 regesto
1038 645 1135 668 wa
1151 630 1306 668 archivi
1323 630 1421 680 regii
1442 631 1568 669 Paris.
1601 632 1679 681 [JJ
1692 632 1755 681 46⁴,¹

57 704 143 754 cap.
164 689 239 727 233
263 706 270 728 ε
288 689 452 727 Dudum
474 689 644 727 nobilem
665 689 793 726 virum
815 690 1079 727 Bertranclum
1100 691 1160 727 del
1184 690 1266 737 Got,
1285 689 1490 727 (lominum
1510 691 1554 727 (le
1568 690 1757 732 Duracio,

56 748 131 786 viri
175 748 320 786 nobilis
353 748 526 786 4rncLlLIi
566 748 703 787 Garsie
735 748 947 787 Leomanle
979 757 1015 786 et
1045 748 1287 786 Altivittaris
1330 749 1564 786 ‘’''Lcecomltls
1607 758 1756 797 natum,

54 807 234 858 prosequi
258 808 421 845 volentes
445 822 603 845 munere
628 808 809 856 gratiose,
834 807 913 845 sibL
937 816 971 845 et
994 808 1198 845 heredibus
1221 823 1307 845 suLs
1331 809 1374 845 cle
1397 822 1468 845 suo
1492 823 1647 858 corpore
1670 824 1757 858 pro-

54 866 190 904 creatis
213 874 382 904 castrum
405 875 439 903 et
461 866 596 904 <ullam
619 867 663 904 (le.
686 867 958 915 Blanclzaforti
982 882 1070 904 cum
1092 882 1178 904 sLLLs
1200 867 1373 916 juribus,
1389 875 1480 911 etc„
1504 867 1758 905 ιηεηῑιῗῖηιηιιιε

53 925 267 963 donavisse.
294 925 431 963 Tum
422 940 463 963 1n
488 925 613 964 literis
639 925 701 963 die
726 926 882 964 decima
907 925 1090 975 ejusdem
1118 926 1266 964 mensis
1292 926 1398 964 datis
1423 927 1533 976 apud
1554 926 1757 964 Barenxxi-

53 998 144 1023 cum
174 998 295 1035 supra
325 985 516 1022 Twedam
545 985 587 1024 in
616 985 765 1031 ‘Sc-otia,
789 999 894 1034 quae
922 993 1068 1024 extant
1097 985 1139 1022 in
1167 986 1309 1023 eodem
1338 994 1509 1035 regesto,
1538 986 1757 1024 confirmat

52 1044 125 1082 hoc
144 1044 310 1089 donum,
330 1052 370 1082 et
388 1044 436 1082 de
454 1058 562 1081 novo
581 1044 653 1081 dat
671 1044 705 1081 ei
724 1052 903 1081 castrum
922 1044 970 1082 de
990 1044 1116 1082 Podio
1136 1044 1339 1082 Guillelmi
1357 1052 1397 1082 et
1416 1044 1623 1082 bastidam
1642 1045 1754 1083 Mon-

51 1102 102 1140 tis
129 1102 269 1149 securi,
289 1102 525 1141 Vasatensis
552 1111 592 1141 et
621 1103 960 1152 petragoricensis
988 1103 1231 1142 dioecesum.
1260 1104 1434 1141 Demum
1455 1103 1495 1140 in
1515 1104 1602 1141 aliis
1629 1104 1754 1142 literis

51 1161 156 1199 datis
183 1162 293 1212 apud
321 1162 635 1199 Malumdunum
662 1177 786 1212 prope
816 1162 1087 1208 pontisaram,
1111 1176 1175 1201 an.
1203 1162 1466 1209 MCCCXIII,
1490 1162 1552 1201 die
1579 1163 1753 1213 septima

48 1220 150 1269 julii,
173 1235 277 1270 quae
297 1220 339 1258 in
361 1221 439 1259 alio
457 1221 641 1270 ejusdem
663 1221 817 1259 archivi
839 1221 936 1270 regii
957 1229 1115 1271 regesto
1136 1221 1353 1267 habentur,
1371 1229 1549 1259 testatur
1570 1236 1609 1260 se
1632 1230 1754 1260 antea

20 1282 24 1285 ’
49 1279 204 1318 dedisse
224 1280 349 1321 nobili
365 1280 452 1318 viro
467 1280 695 1318 Bertrando
712 1281 759 1318 de
777 1281 920 1325 Gutto,
937 1280 1167 1319 vicecomiti
1184 1280 1428 1320 Leomaniae
1443 1289 1483 1319 et
1500 1281 1752 1328 Altivillaris‚

49 1346 228 1376 castrum
260 1347 301 1377 et
332 1339 473 1377 villam
506 1340 554 1377 de
585 1339 838 1378 Blancaforti
858 1342 872 1363 '³
904 1354 996 1378 cum
1027 1339 1186 1389 juribus
1228 1348 1268 1377 et
1309 1339 1566 1389 pertinentiis
1600 1339 1680 1377 suis
1712 1340 1752 1377 in

48 1397 219 1436 dioecesi
239 1398 544 1448 Burdegalensi,
567 1407 748 1436 castrum
766 1407 807 1437 et
825 1399 1105 1437 castellaniam
1137 1399 1253 1437 Podii
1283 1398 1488 1437 Guillelmi
1517 1398 1558 1436 in
1580 1399 1751 1437 dioecesi

49 1456 378 1507 Petragoricensi,
402 1465 442 1496 et
462 1457 668 1495 bastidam
694 1458 844 1496 Montis
865 1457 994 1497 securi
1016 1457 1251 1496 Vasatensis
1275 1457 1480 1505 dioecesis,
1501 1466 1681 1496 castrum
1703 1459 1751 1496 de

48 1515 84 1554 S.
119 1516 234 1554 Claro
264 1524 305 1555 et
337 1516 522 1554 bastidas
556 1517 604 1555 de
639 1517 780 1555 Dunas
807 1525 848 1556 et
881 1518 928 1555 de
964 1517 1168 1564 Donzaco,
1197 1516 1388 1556 dioecesis
1422 1517 1672 1566 Agennensis
1711 1526 1751 1555 et

48 1575 312 1614 Lectorensis.
337 1575 481 1614 Eidem
506 1576 685 1623 Carolus,
704 1568 1004 1614 filius-Roberti
1027 1576 1128 1626 regis
1153 1576 1324 1623 Siciliae,
1341 1576 1454 1614 dedit
1477 1590 1566 1614 eam
1589 1584 1749 1626 partem

45 1633 121 1672 loci
161 1634 298 1672 vocati
339 1635 547 1673 Pertusii3
576 1649 700 1685 quam
729 1635 805 1686 ipsi
835 1635 1079 1674 vendiderat
1107 1636 1358 1674 Bertrandus
1398 1649 1530 1673 comes
1561 1635 1749 1682 Avellini,

45 1700 91 1729 ut
119 1693 237 1731 docet
264 1694 542 1743 fragmentum
571 1694 728 1732 editum
755 1694 796 1732 in
824 1695 1055 1732 Annalibus
1083 1694 1427 1741 Massiliensibus,
1455 1710 1493 1745 p.
1517 1694 1605 1732 396.
1630 1694 1748 1732 Anno

46 1751 270 1790 MCCCXII
303 1753 441 1803 posuit
482 1753 722 1803 primarium
755 1753 933 1804 lapidem
965 1753 1005 1791 in
1039 1753 1205 1792 ecclesia
1239 1753 1532 1792 Altivillarensi
1574 1753 1747 1792 fratrum

46 1810 392 1851 Praedicatorum.
408 1812 639 1850 Bernardus
660 1812 857 1851 Guiclonis
880 1813 1022 1850 statim
1041 1821 1135 1863 post
1154 1813 1279 1851 verba
1300 1813 1423 1862 paulo
1448 1820 1543 1850 ante
1563 1813 1691 1851 relata
1705 1814 1720 1836 ⁴
1739 1829 1745 1850 :

47 1869 142 1907 Item
167 1885 273 1908 anno
296 1871 462 1909 Domini
488 1871 753 1919 MCCCXII,
780 1887 821 1909 111
847 1872 924 1910 kat.
951 1872 1194 1922 septembris,
1223 1872 1266 1909 in
1291 1872 1460 1909 crastino
1481 1872 1747 1909 decollationis

42 1929 168 1966 sancti
187 1930 386 1968 „Iohannis
403 1930 594 1980 Baptiste,
610 1931 688 1980 fuit
702 1931 871 1980 fundata
887 1931 1046 1969 ecclesia
1060 1931 1246 1980 fratrum,·
1263 1939 1297 1968 et
1312 1931 1552 1981 primarium
1573 1931 1745 1981 lapidem

42 1988 175 2037 posuit
193 1989 249 2026 ibi
269 1989 453 2027 (lominus
471 1990 715 2027 Bertrandus
734 1991 794 2027 del
818 1989 900 2037 Got,
922 1990 1031 2040 filius
1049 1998 1083 2027 et
1101 1990 1206 2027 lieres
1225 1990 1369 2040 prefati
1387 1990 1539 2027 domini
1558 1990 1744 2037 Arnaldi,

43 2045 246 2085 vicecomes
282 2056 315 2086 et
351 2048 523 2086 marchio
560 2063 753 2099 neposque
789 2049 941 2087 domini
978 2049 1188 2087 Clementis
1224 2064 1339 2099 pape.
1380 2049 1541 2087 Mortuo
1578 2049 1743 2087 demum

43 2104 248 2145 Clemente
278 2107 326 2153 V,
355 2107 573 2146 Bertrandi
611 2116 775 2158 patruo,
807 2109 986 2147 Joannes
1019 2108 1147 2146 XXII
1177 2122 1270 2146 eum
1300 2108 1515 2148 damnavit
1546 2108 1593 2146 de
1632 2122 1743 2158 repe-

41 2165 173 2204 tendis
203 2173 429 2216 extantque
468 2181 514 2204 ea
544 2167 592 2205 cle
621 2182 661 2205 re
700 2167 936 2205 testimonia
964 2167 1006 2205 in
1033 2175 1191 2217 regesto
1231 2167 1402 2205 Joannis
1433 2167 1561 2204 XXII
1600 2166 1742 2205 biblio-

40 2223 183 2264 thecae
215 2225 485 2272 Colbertinae,
514 2234 604 2263 tum
638 2225 762 2264 etiam
788 2226 830 2264 in
863 2225 999 2264 codice
1026 2226 1301 2266 Avenionensi
1327 2226 1453 2264 citato
1487 2226 1539 2263 ab
1567 2225 1741 2265 Odorico

39 2373 133 2400 ment
158 2368 199 2407 1⁷,
221 2380 256 2401 n.
279 2369 386 2412 3839)
412 2370 455 2402 de
478 2369 696 2413 Bruniquel‚
720 2370 827 2403 avait
848 2382 943 2414 pour
964 2373 1049 2414 pere
1070 2370 1231 2410 Beraud‚
1250 2370 1345 2403 ainsi
1366 2370 1458 2413 qu'il
1479 2375 1617 2402 ressort
1639 2370 1682 2402 de
1704 2368 1738 2401 la

38 2421 208 2464 dispeuse
224 2422 267 2454 de
283 2422 446 2466 mariage
461 2424 638 2456 accordee
653 2424 684 2456 le
700 2424 740 2456 21
759 2425 912 2457 octobre
927 2424 1069 2457 1305.A
1084 2430 1183 2457 cette
1198 2424 1285 2456 date
1301 2424 1449 2456 Beraud
1463 2429 1519 2455 est
1534 2422 1587 2455 dit
1604 2423 1737 2455 desunt

41 2473 213 2517 (clement
235 2475 276 2515 V,
297 2487 332 2508 n.
354 2476 402 2519 1).

85 2528 117 2560 1.
141 2528 180 2561 B.
207 2528 263 2567 N„
287 2540 354 2562 ms.
378 2529 473 2561 latin
495 2528 600 2569 5181,
624 2530 647 2562 f.
672 2530 741 2564 ‘108
761 2534 804 2563 r0.
828 2549 876 2552 —
897 2530 1025 2563 L’acte
1058 2530 1212 2563 d'achat
1233 2542 1270 2563 se
1302 2536 1436 2562 trouve
1459 2541 1533 2561 aux
1555 2528 1735 2561 Archives

35 2580 376 2624 departementales
397 2583 459 2615 des
479 2583 831 2626 Basses-Pyrenees,
852 2584 872 2615 a
894 2583 984 2622 Pau,
1005 2584 1049 2623 E,
1071 2584 1151 2617 237.

86 2634 116 2667 2.
143 2634 313 2668 Clement
345 2636 524 2669 remercia
557 2636 588 2668 le
614 2636 667 2669 roi
693 2637 736 2670 de
761 2649 817 2670 ses
842 2637 1045 2670 liberalites
1074 2637 1241 2680 (Rymer,
1269 2643 1295 2669 t.
1320 2635 1358 2675 14,
1385 2648 1419 2679 p.
1447 2635 1533 2673 129;
1560 2635 1658 2668 bulle
1684 2635 1734 2667 du

36 2685 79 2720 18
101 2688 192 2720 aout
213 2688 335 2731 1308).
358 2689 407 2722 Le
430 2690 474 2722 15
497 2701 595 2722 mars
618 2690 724 2730 1311,
746 2690 771 2722 il
792 2691 917 2723 releva
939 2691 983 2723 de
1004 2689 1404 2723 l'excommunication
1425 2700 1492 2721 son
1513 2699 1634 2721 neveu
1656 2687 1732 2731 qui,

33 2741 328 2774 contrairement
358 2742 379 2774 a
408 2743 443 2775 la
474 2743 726 2776 constitution
755 2744 1134 2783 Excommunicantes,
1164 2743 1270 2775 avait
1300 2743 1453 2785 accepte
1484 2742 1519 2774 la
1550 2740 1733 2774 donation

33 2794 158 2836 royale
181 2794 272 2827 faite
294 2806 340 2827 en
363 2807 434 2828 vue
457 2796 680 2830 d'accelerer
701 2797 736 2830 la
757 2797 924 2830 solution
945 2797 1133 2830 d’ass'aires
1156 2797 1366 2840 pandantes
1390 2795 1533 2827 devant
1554 2794 1585 2826 le
1608 2793 1733 2826 Saint-

34 2844 137 2889 Siege
157 2847 331 2888 (Clement
349 2848 390 2888 V,
409 2860 443 2882 n.
461 2849 583 2892 7584).
600 2849 691 2882 Voir
706 2850 872 2883 d’autres
888 2850 1253 2883 faveursaccordees
1270 2861 1338 2892 par
1352 2849 1383 2881 le
1400 2847 1453 2880 roi
1470 2847 1729 2890 d'Angleterre

33 2898 125 2932 dans
146 2899 286 2943 Rymcr
306 2903 345 2944 (t.
363 2900 417 2941 11¹,
437 2914 471 2945 p.
493 2903 549 2941 24,
570 2903 625 2942 25,
646 2904 717 2946 28).

81 2953 112 2985 3.
133 2952 185 2986 La
202 2954 348 2987 maison
374 2955 418 2988 de
447 2955 583 2999 Naples
601 2956 651 2988 lui
669 2962 826 3000 octroya
843 2968 974 2989 encore
992 2956 1042 2988 les
1060 2956 1248 2988 chateaux
1265 2961 1303 2987 et
1319 2953 1544 2997 seigneuries
1562 2953 1606 2986 de
1625 2953 1726 2997 Mey-

30 3015 181 3048 mrgues
198 3013 235 3039 et
253 3007 296 3040 dc
316 3007 415 3040 Pena
433 3006 654 3042 Savordona
674 3009 833 3051 (Archiv,
852 3016 879 3042 t.
899 3021 933 3049 v,
952 3021 986 3052 p.
1006 3009 1103 3052 143).

80 3058 112 3091 4.
130 3059 326 3099 Toulousffi
344 3073 410 3094 ms.
428 3061 509 3101 490,
527 3062 550 3095 s.
570 3063 636 3094 214
653 3067 697 3096 r0.

678 3145 827 3168 BALUZE
853 3154 900 3158 —-
929 3136 964 3167 11
989 3154 1036 3158 ——
1060 3136 1081 3166 4
