2083 3458
245 244 327 286 280
907 253 1058 278 NOTAE
1093 252 1152 277 AD
1187 250 1315 276 vlTAS
1591 281 1593 283 ,
1824 233 1950 289 [778]

243 343 403 389 mensis,
420 341 489 379 ubi
514 339 691 389 interfuit
710 338 997 376 matutinarum
1018 334 1264 386 solempniis,
1281 342 1314 371 et
1336 333 1379 371 in
1397 333 1568 371 crastino
1587 333 1801 371 missarum
1818 347 1949 371 sacra-

244 409 372 440 menta
393 401 444 438 ad
465 413 654 448 magnum
676 398 796 435 altare
816 396 950 445 festive
972 394 1188 441 celebravit,
1214 393 1257 430 in
1279 407 1427 442 magna
1447 393 1543 431 aula
1564 392 1776 430 nobiliores
1797 391 1952 443 patriae

243 460 445 511 splendzde
475 457 726 496 commando
760 456 813 493 Et
843 455 906 492 die
936 453 1114 492 secunda
1143 452 1233 502 julii
1260 452 1450 502 pervenit
1479 452 1727 500 Londinum,
1757 452 1828 490 ubi
1858 465 1951 490 cum

246 519 425 557 inaximo
444 518 595 555 honore
613 523 800 566 receptus
821 514 899 552 fuit
916 528 988 564 per
1005 526 1141 562 regem
1159 511 1350 561 Angliae3
1366 511 1489 550 Odor.
1509 511 1730 561 Raynald„
1749 524 1815 549 an.
1837 509 1953 558 1357,

252 579 268 628 ἓ
298 579 331 616 1.
366 578 510 627 Itaque
538 574 821 624 Talayrandus
851 581 892 611 et
922 572 1052 610 socius
1082 571 1169 621 ejus
1199 570 1391 609 Nicolaus
1428 570 1477 609 de
1514 570 1690 621 Capocia
1733 569 1952 608 inducias

248 637 416 676 tandem
468 642 705 673 statuerunt
751 634 858 671 inter
897 645 1028 681 reges3
1065 630 1228 669 Odoric.
1274 630 1494 679 Raynald.,
1540 629 1636 668 ibid.
1681 629 1784 668 Vide
1828 637 1954 670 etlam

248 696 506 734 Matthaeum
539 693 775 740 Villanium,
814 691 883 729 lib.
920 690 1038 738 VIII,
1079 704 1166 739 cap.
1213 703 1326 737 XLIV,
1368 703 1482 727 XLVII
1526 688 1755 740 [Muratori,
1794 696 1825 728 t.
1866 702 1952 735 ΧΠ,

248 756 320 794 col,
338 754 412 792 495
428 762 468 792 et
483 753 557 790 497
570 753 596 802 ].
615 751 693 790 Sed
708 765 777 789 636
795 750 900 788 111316
916 757 1104 788 servatae
1122 748 1290 787 fuerunt
1307 756 1476 799 propter
1490 748 1654 786 fraudes
1671 747 1856 785 Eduardi
1876 747 1953 793 ΙΙΙ,

246 814 346 864 regis
368 813 611 862 Anglorum3
634 810 794 849 Odoric.
813 808 1033 858 Raynald.,
1050 822 1114 846 an.
1133 807 1248 855 1358,
1271 807 1287 855 ἓ
1306 807 1341 846 3.
1359 807 1518 846 Moram
1533 807 1767 846 biennalem
1780 806 1956 845 traxisse

248 887 312 911 cos
349 872 390 909 in
425 871 571 920 Anglia
609 869 749 908 scribit
785 868 1130 918 Walsinghamus.
1166 867 1319 905 Verum
1364 867 1715 905 recte-observat
1757 866 1955 905 Odoricus

250 931 503 981 Raynaldus,
527 944 590 967 an.
616 928 730 976 1357,
759 928 775 976 ἓ
796 927 832 975 2,
857 942 922 966 603
945 926 1028 965 11116
1051 934 1233 964 moratos
1256 940 1340 964 non
1362 941 1446 965 esse
1471 926 1631 976 integro
1655 925 1821 964 biennio
1845 925 1956 975 quod

248 991 482 1028 Matthaeus
503 987 715 1035 Villanius,
737 987 806 1026 lib.
827 987 923 1034 VII,
947 1000 1034 1037 cap.
1058 1000 1143 1024 xcv
1165 984 1393 1035 [Muratori,
1411 993 1441 1024 t.
1463 1000 1549 1033 xiv,
1571 985 1644 1024 col.
1664 984 1756 1034 460]
1774 984 1833 1022 ait
1846 984 1956 1035 ipsos

247 1058 429 1088 extremo
456 1056 631 1098 augusto
658 1046 874 1085 excessisse
892 1060 942 1084 ex
967 1045 1126 1095 Anglia.
1145 1045 1275 1083 Addit
1299 1044 1409 1083 idem
1429 1044 1642 1092 Odoricus,
1660 1058 1725 1083 an.
1745 1043 1860 1091 1358,
1885 1043 1901 1092 ἓ
1918 1043 1955 1092 3,

247 1123 313 1147 603
334 1122 470 1146 11161136
495 1106 652 1145 octobri
668 1106 682 1128 ²
704 1106 757 1143 ad
781 1105 926 1144 Sedem
952 1104 1224 1155 apostolicam
1248 1119 1431 1143 reversos
1453 1119 1550 1142 6336.
1576 1104 1729 1142 Verum
1751 1118 1802 1142 ex
1827 1103 1956 1142 literis

247 1166 494 1217 Talayrandi
510 1165 628 1204 editis
644 1165 754 1216 apud
771 1163 1002 1203 Severtium
1015 1164 1058 1202 in
1072 1163 1260 1212 Catalogo
1286 1163 1561 1214 episcoporum
1579 1162 1956 1210 NIatisconensium,

248 1241 333 1277 cap.
359 1241 437 1273 LIII,
467 1225 483 1274 ξ
506 1226 541 1273 7,
565 1232 737 1275 apparet
756 1224 873 1261 illum
895 1224 1029 1261 adhuc
1050 1223 1091 1261 in
1114 1223 1245 1261 Gallia
1267 1223 1390 1261 fuisse
1412 1237 1519 1261 anno
1542 1222 1795 1271 MCCCLIX,
1818 1236 1957 1260 mense

247 1285 408 1323 martio,
433 1285 535 1322 Vide
557 1284 625 1322 lib.
653 1284 704 1332 Χ,
726 1284 785 1321 De
808 1282 1015 1321 concordia
1036 1280 1243 1320 sacerdotii
1266 1290 1300 1320 et
1323 1282 1496 1333 imperii,
1522 1296 1609 1332 cap.
1636 1296 1671 1330 L,
1703 1282 1718 1313 9
1741 1281 1778 1330 8,
1801 1296 1841 1332 p.
1867 1280 1955 1319 145.

303 1344 472 1383 Interim
494 1358 590 1382 vero
615 1343 714 1381 dum
738 1342 962 1381 cardinales
987 1357 1037 1380 ex
1060 1341 1207 1392 Anglia
1229 1341 1397 1380 reduces
1420 1341 1463 1379 in
1486 1341 1617 1380 Gallia
1639 1355 1800 1379 moram
1823 1340 1956 1379 trahe-

247 1405 363 1451 bant,
406 1402 668 1441 Innocentius
707 1402 761 1440 eis
799 1401 997 1452 imposuit
1034 1401 1218 1439 laborem
1249 1401 1506 1439 revocandae
1545 1400 1785 1439 concordiae
1801 1399 1816 1422 3
1850 1399 1958 1438 inter

252 1463 450 1501 Karolum
482 1462 721 1512 delphinum
753 1469 794 1499 et
824 1475 960 1510 regem
993 1461 1084 1498 Nav
1076 1474 1223 1506 arrae;
1254 1460 1395 1508 Bzov„
1428 1474 1492 1498 an.
1527 1460 1642 1507 1358,
1676 1460 1693 1508 ἓ
1720 1459 1762 1506 1ζ,
1795 1459 1956 1498 Ο(10116.

251 1522 470 1571 Raynald,
501 1535 564 1559 an.
597 1521 700 1568 eod,
737 1521 753 1569 ἓ
783 1520 818 1559 3.

302 1581 459 1619 Eodem
488 1589 672 1645 tempore
704 1580 833 1629 Talay
824 1579 987 1617 randus
1018 1579 1134 1629 jussu
1165 1579 1350 1629 ejusdem
1384 1578 1614 1617 Innocentii
1645 1592 1812 1629 operam
1842 1591 1958 1616 suam

246 1640 467 1690 insumpsit
493 1640 534 1677 in
562 1639 853 1690 componendis
882 1638 1057 1677 dissidiis
1086 1652 1190 1688 quae
1217 1646 1385 1689 propter
1412 1638 1588 1676 Cristam
1617 1638 1815 1688 oppidum
1842 1645 1959 1675 erant

248 1700 354 1738 inter
385 1700 593 1750 episcopos
626 1707 666 1737 et
698 1698 866 1737 comites
897 1697 1209 1736 Valentinenses
1240 1706 1288 1736 ut
1319 1697 1461 1735 scribit
1489 1697 1668 1736 ,Ioannes
1701 1696 1888 1736 Columbi
1917 1696 1959 1733 in

247 1759 350 1797 libro
377 1758 501 1797 tertio
526 1758 584 1795 De
612 1758 726 1795 rebus
755 1758 872 1807 gestis
900 1758 1175 1808 episcoporum
1207 1757 1567 1795 Valentinensium.

302 1819 420 1855 Anno
446 1817 675 1865 MCCCLX,
706 1816 969 1855 Innocentius
996 1817 1054 1854 VI
1080 1816 1342 1866 Talayrando
1368 1816 1558 1866 episcopo
1584 1815 1821 1863 Albanensi,
1850 1815 1960 1865 Ray-

249 1878 402 1915 mundo
430 1877 670 1927 presbytero
689 1876 801 1914 tituli
831 1876 1004 1914 Sanctae
1027 1876 1162 1914 Crucis
1190 1876 1233 1913 in
1257 1876 1528 1924 Hierusalem,
1552 1883 1593 1914 et
1614 1875 1819 1926 Audoyno
1847 1875 1959 1913 tituli

250 1936 493 1975 Sanctorum
517 1936 688 1974 joannis
714 1944 754 1974 et
775 1935 892 1973 Pauli
914 1935 1113 1985 imposuit
1131 1949 1271 1973 curam
1291 1935 1511 1985 sopiendae
1532 1934 1835 1973 controversiae
1856 1947 1959 1984 quae

250 2003 340 2032 turn
363 2002 450 2033 erat
471 1994 578 2033 inter
600 1994 844 2044 magistrum
861 1994 1236 2045 Hospitalariorum
1251 2002 1292 2033 et
1316 1994 1585 2033 castellanum
1613 1994 1850 2044 Empostae.
1872 1993 1960 2041 Qua

251 2055 298 2092 (16
329 2069 370 2092 16
400 2053 525 2092 vide4
556 2054 760 2092 Jacobum
797 2053 979 2102 Bosium,
1020 2062 1127 2104 part.
1164 2054 1218 2101 ΙΙ,
1250 2053 1401 2093 Hister.
1433 2053 1745 2103 Hierosolymit.,
1776 2052 1847 2093 lib.
1883 2052 1958 2091 III.

303 2113 422 2151 Anno
439 2112 715 2160 MCCCLXII,
734 2113 918 2151 extincto
939 2113 1179 2151 Innocentio
1195 2113 1268 2161 VI,
1286 2113 1349 2151 die
1366 2127 1424 2150 ΧΠ
1441 2112 1699 2163 septembris,
1717 2126 1810 2150 cum
1825 2111 1962 2162 plures

252 2187 301 2210 ex
326 2172 599 2210 cardinalibus
625 2172 676 2210 ad
702 2186 910 2210 summum
933 2172 1229 2222 pontificatum
1253 2172 1497 2223 aspirarent,
1523 2179 1731 2210 certamen
1754 2168 1796 2208 in
1820 2170 1962 2221 primis

252 2231 330 2269 fuit
353 2231 460 2269 inter
483 2231 792 2281 Talayrandum
816 2239 857 2269 et
882 2231 1114 2269 Guidonem
1139 2231 1187 2270 de
1211 2231 1396 2270 Bolonia.
1423 2231 1608 2269 Tandem
1638 2244 1684 2269 ea
1709 2229 1961 2268 concertatio

251 2291 306 2328 sic
336 2290 573 2340 conquievit
601 2298 648 2328 ut
678 2290 774 2340 quia
798 2299 943 2329 neuter
971 2291 1023 2328 ad
1053 2304 1147 2329 eum
1169 2291 1342 2340 gradum
1369 2289 1583 2341 pervenire
1607 2297 1773 2340 poterat
1793 2296 1964 2340 propter

253 2349 620 2388 contradictionem
648 2358 889 2399 ceterorum,
917 2349 1123 2388 neminem
1150 2364 1200 2388 ex
1226 2349 1501 2388 cardinalibus
1527 2349 1570 2387 in
1596 2363 1641 2388 eo
1666 2349 1864 2397 locarent,
1891 2347 1961 2386 sed

254 2408 487 2458 quempiam
503 2416 619 2446 extra
636 2408 861 2458 collegium,
875 2408 1069 2446 nimirum
1087 2408 1351 2447 Guillelmum
1364 2408 1596 2447 Grimoardi
1611 2408 1807 2446 abbatem
1822 2406 1963 2446 Sancti

253 2466 426 2505 Victoris
455 2467 735 2517 Massiliensis3
757 2468 971 2516 Froissart,
1000 2476 1029 2507 t.
1060 2483 1098 2516 v,
1123 2482 1162 2518 p.
1185 2468 1245 2507 78.
1271 2468 1416 2518 Itaque
1447 2467 1638 2506 Urbanus
1657 2467 1692 2505 V
1711 2467 1864 2506 electus
1882 2465 1962 2504 fuit

254 2525 465 2564 adnitente
492 2526 533 2563 in
559 2526 699 2576 primis
727 2527 1002 2576 Talayrando,
1030 2535 1078 2564 ut
1105 2527 1290 2577 colligere
1315 2527 1412 2565 licet
1439 2541 1489 2565 ex
1515 2526 1688 2577 epistola
1716 2525 1962 2564 Petrarchae

304 2698 331 2728 1.
354 2696 591 2737 Dclachcnal,
610 2708 666 2741 ορ.
686 2699 756 2737 cit„
777 2704 803 2731 t.
820 2710 857 2739 11,
877 2710 911 2742 p.
932 2699 988 2732 55.
1019 2717 1069 2722 —
1090 2698 1159 2732 Les
1175 2699 1294 2742 legats
1313 2698 1552 2742 pontificaux
1569 2697 1764 2732 obtinrent
1779 2698 1816 2731 la
1838 2697 1962 2757 signa-

259 2755 335 2781 turc
362 2749 393 2781 d
402 2761 451 2782 un
475 2749 586 2783 traite
612 2761 631 2782 a
655 2725 821 2784 Londres
849 2751 1103 2794 (Delachenal,
1131 2757 1168 2784 ul
1185 2763 1226 2791 3.,
1252 2764 1287 2796 p.
1314 2753 1375 2785 61-
1361 2751 1451 2796 -73).

304 2802 334 2833 23.
366 2802 412 2833 113
440 2805 630 2835 cntrcicnt
657 2804 677 2835 ἱι
705 2804 807 2837 Paris
834 2805 866 2837 lc
893 2806 937 2838 13
966 2806 1162 2839 decembre
1189 2806 1282 2838 1358
1323 2804 1578 2848 (Delachenal,
1617 2804 1852 2848 Chroniques,
1881 2810 1909 2838 t.
1934 2816 1959 2843 1,

258 2866 289 2896 1
324 2855 389 2886 -2l
378 2860 417 2897 j·

305 2912 335 2939 23.
368 2907 605 2948 Ι)(Ι.1(11(1111
632 2909 795 2943 Histoire
820 2911 860 2943 de
886 2910 1034 2944 Charles
1063 2894 1104 2951 V,
1132 2916 1158 2944 t.
1184 2923 1221 2951 11,
1249 2923 1284 2972 p.
1312 2911 1483 2944 119-120

367 2961 401 2992 J.
429 2960 609 2994 Dczlxvillc
634 2962 683 2996 Lc
710 2963 845 3003 Roulx,
881 2964 950 2996 Les
972 2964 1221 3008 Hospitaliers
1244 2965 1266 2997 (ὶ
1287 2963 1440 3004 Rhodes,
1476 2963 1592 3004 Paris,
1617 2964 1722 3004 1913,
1748 2975 1784 3008 p.
1808 2963 1890 2997 139.
1913 2982 1963 2987 -—

261 2960 391 3044 Maluze
423 3013 549 3055 ajoutc
580 3026 586 3045 :
619 3014 667 3047 Lc
698 3016 904 3049 chastclain
934 3016 1156 3061 dAmposte
1185 3017 1300 3050 estoit
1328 3016 1372 3050 de
1401 3017 1438 3050 la
1465 3016 1613 3050 maison
1641 3017 1691 3050 du
1720 3016 1887 3050 cardinal
1916 3017 1960 3049 de

263 3064 425 3106 l'v'·1·ig01·t
459 3065 666 3107 (Froissart,
700 3074 724 3100 1.
758 3080 791 3108 ν,
824 3081 857 3113 p.
890 3070 963 3113 30).
995 3069 1088 3103 Vide
1127 3069 1304 3114 epistolas
1337 3069 1549 3103 Innocentii
1577 3069 1630 3103 VI
1659 3070 1703 3102 de
1733 3080 1832 3103 anno
1861 3080 1962 3103 nono

263 3116 452 3158 (Mau-liam,
482 3119 698 3160 Thesaurus,
725 3127 750 3153 t.
775 3133 811 3161 11,
838 3123 904 3155 col.
931 3123 1012 3163 847,
1038 3123 1118 3163 954,
1144 3122 1240 3166 995).
