2083 3458
112 229 239 285 [961]
559 274 565 279 ,
640 248 857 273 PAPARUM
892 249 1277 275 AVENIONENSIUM
1716 234 1797 274 477

105 326 149 363 in
173 328 352 376 proximo
377 328 474 377 sesto
498 327 627 365 sancti
656 327 800 365 leome
825 335 1000 377 presente
1024 335 1059 364 et
1082 327 1266 365 audiente
1296 329 1382 378 ipso
1417 330 1574 366 domino
1606 329 1800 367 Vabrensi

98 385 261 434 publice
284 395 419 436 postea
430 387 647 436 predicavit
658 388 853 437 recipiens
864 401 935 436 pro
947 386 1108 424 themate
1122 387 1300 434 :Thornia
1315 388 1408 437 quia
1420 389 1569 436 vidisti,
1584 388 1797 427 credidisti.

156 444 407 484 Vabrensem
436 447 602 484 vocavit
631 446 894 485 Guillelmum
922 446 1097 495 Bragose
1127 447 1221 496 quia
1250 448 1372 495 paulo
1401 456 1496 485 ante
1527 462 1650 497 quam
1686 448 1801 486 fieret

96 504 320 543 cardinalis
350 506 485 544 fuerat
513 506 665 544 electus
695 506 907 556 episcopus
938 505 1171 553 Vabrensis,
1201 513 1242 543 et
1270 515 1437 556 propter
1466 507 1570 544 hanc
1598 508 1800 545 rationem

103 564 225 613 vulgo
246 565 475 603 vocabatur
495 564 711 603 cardinalis
733 565 964 618 Vabrensis.
989 565 1090 603 Erat
1110 573 1251 602 autem
1270 580 1460 614 praesens
1482 566 1521 602 in
1542 566 1650 614 curia
1673 579 1800 615 quum

97 623 271 672 >collegio
307 624 577 662 cardinalium
612 625 842 674 adscriptus
879 632 953 671 est,
989 633 1035 662 ut
1070 632 1240 662 notatur
1274 625 1315 662 in
1349 625 1452 662 libro
1488 624 1801 673 Obligationum,

104 681 332 732 habuitque
354 684 524 721 titulum
546 684 707 721 diaconi
729 684 868 722 Sancti
890 684 1051 733 Georgii
1071 684 1123 721 ad
1145 683 1291 722 Velum
1311 698 1492 722 aureum.

158 742 216 779 Eo
237 757 333 781 vero
354 751 538 793 tempore
560 757 640 792 quo
661 751 748 781 erat
769 743 984 781 cardinalis
1007 743 1147 781 Sancti
1168 743 1342 792 Georgii,
1364 752 1569 781 commota
1592 743 1801 781 academia

105 800 321 840 Parisiensi
349 802 545 841 adversus
574 802 744 841 fratrem
774 803 978 840 ,Ioannem
1007 803 1227 841 Soulechat
1245 802 1273 850 1,
1302 816 1395 840 cum
1422 803 1452 840 is
1483 802 1736 841 Avenionem
1763 817 1803 840 se

105 861 324 910 recepisset
344 870 384 900 et
405 862 632 911 cognitores
645 870 817 912 peteret,
840 862 1032 900 Urbanus
1054 862 1087 899 V
1102 862 1136 900 ei
1157 862 1270 900 dedit
1292 863 1496 899 Joannem
1517 862 1565 899 de
1580 861 1803 899 Blandiaco

98 927 146 956 -et
172 919 437 959 Guillelmum
460 921 698 972 Bragosam.
732 922 793 959 Ita
820 921 928 959 enim
955 929 1135 959 testatur
1159 921 1245 971 ipse
1272 921 1463 959 Urbanus
1484 921 1498 943 2
1524 921 1634 970 apud
1662 919 1803 957 Odori-

107 993 201 1016 cum
233 980 512 1029 Raynaldum,
544 995 608 1019 an.
645 980 759 1028 1368,
798 980 814 1029 ξ
849 980 908 1027 16,
942 981 1001 1018 his
1033 981 1167 1018 verbis
1202 997 1208 1018 z
1238 980 1433 1018 Dilectum
1468 980 1598 1029 filium
1630 988 1804 1016 nostrum

110 1038 306 1077 Joannem
340 1040 446 1077 tituli
480 1040 618 1078 Sancti
652 1040 786 1077 Marci
819 1048 853 1077 et
889 1040 983 1076 bone
1016 1040 1199 1077 memorie
1238 1040 1494 1077 Guillelmum
1529 1039 1633 1076 tituli
1669 1038 1805 1075 Sancti

105 1096 315 1136 Laurentii
338 1099 381 1136 in
402 1099 571 1146 Lucina,
595 1108 687 1137 tunc
709 1099 846 1137 Sancti
872 1099 1031 1148 Georgii
1053 1100 1104 1137 acl
1121 1100 1430 1137 velum-aureum
1452 1099 1676 1144 diaconum,
1700 1111 1805 1146 pres-

109 1156 256 1206 byteros
285 1159 507 1196 cardinales
535 1159 587 1197 ad
614 1159 858 1196 audiendum
880 1158 1179 1196 declarationem
1208 1173 1323 1196 suam
1344 1173 1464 1207 super
1485 1156 1805 1195 conclusionibus

105 1217 271 1266 prefatis
294 1218 492 1256 auditores
514 1233 584 1268 per
608 1233 677 1255 nos
700 1218 780 1255 sibi
805 1218 976 1255 obtinuit
1000 1218 1193 1267 deputari.
1223 1219 1285 1255 Ex
1319 1218 1466 1267 quibus
1491 1216 1647 1255 Urbani
1673 1215 1806 1253 verbis

107 1276 310 1326 colligitur
331 1278 443 1316 illam
464 1277 699 1316 academiae
723 1277 958 1315 parisiensis
981 1278 1331 1316 concertationem
1353 1291 1445 1315 cum
1470 1276 1665 1324 Dionysio
1688 1274 1806 1312 citius

106 1336 301 1375 accidisse
323 1351 448 1387 quam
469 1339 591 1387 vulgo
611 1337 815 1375 scribitur.
842 1337 1055 1374 Praeterea
1077 1351 1126 1375 ex
1145 1337 1290 1375 iisdem
1311 1336 1468 1374 Urbani
1489 1335 1622 1373 verbis
1645 1341 1808 1371 constat

107 1395 414 1434 emendandum
435 1412 519 1435 esse
540 1397 740 1445 insignem
763 1410 939 1434 errorem
961 1396 1029 1445 qui
1051 1396 1213 1446 irrepsit
1234 1396 1275 1433 in
1296 1395 1602 1433 revocationem
1624 1393 1808 1443 ejusdem

111 1453 296 1503 Dionysii
311 1455 465 1494 factam
482 1456 643 1494 Parisiis
659 1469 766 1493 anno
783 1455 1059 1493 MCCCLXVI
1079 1454 1108 1503 3,
1124 1455 1164 1492 in
1181 1470 1260 1505 qua
1276 1456 1335 1493 ait
1349 1470 1389 1493 se
1405 1454 1592 1492 debuisse
1607 1466 1808 1502 exponere

108 1512 219 1551 dicta
242 1528 315 1553 sua
338 1530 468 1553 coram
491 1515 827 1553 reverendissimis
850 1515 1032 1564 patribus
1055 1515 1229 1552 dominis
1252 1513 1526 1552 cardinalibus
1549 1510 1810 1549 Remansensi

109 1580 145 1609 et
174 1572 380 1614 Vabrensi.
411 1575 487 1613 Pro
515 1589 595 1625 quo
622 1574 884 1612 scribendum
909 1582 971 1612 est
997 1573 1264 1611 Nemausensi
1289 1582 1324 1611 et
1353 1572 1559 1611 Vabrensi.
1585 1569 1809 1609 cardinalis

110 1631 219 1669 enim
245 1633 293 1672 de
319 1634 543 1672 Blandiaco
570 1635 693 1683 vulgo
721 1633 951 1671 vocabatur
977 1633 1193 1671 cardinalis
1222 1632 1524 1671 Nemausensis.
1553 1630 1655 1668 Vide
1683 1629 1809 1679 Spon-

108 1688 278 1740 danum,
293 1707 357 1732 an.
376 1693 492 1743 1369,
512 1694 577 1742 §Q
592 1702 632 1731 et
645 1707 749 1742 quae
763 1693 811 1731 de
825 1694 967 1731 eodem
984 1692 1179 1741 Dionysio
1192 1693 1315 1731 refert
1330 1692 1598 1740 Waddingus,
1612 1704 1677 1728 an.
1694 1687 1808 1733 1362,

79 1760 81 1762 ’
116 1749 174 1802 §5
193 1759 234 1789 et
252 1752 290 1789 in
316 1752 487 1801 RegestO,
519 1768 557 1803 p.
581 1753 629 1790 76
659 1752 703 1802 [t.
727 1767 809 1800 vm,
829 1767 867 1802 p.
891 1752 965 1789 154
984 1760 1025 1790 et
1044 1751 1144 1801 492]
1165 1760 1206 1790 et
1233 1760 1262 1791 t.
1291 1766 1333 1788 1v
1352 1751 1503 1789 Histor.
1531 1747 1810 1788 Universitatis

110 1810 259 1858 Paris,
283 1826 321 1862 p.
348 1811 437 1859 373,
463 1812 552 1859 378,
578 1811 667 1858 382,
693 1811 780 1850 424.

163 1869 282 1908 Anno
304 1871 588 1910 MCCCLXIII
607 1871 623 1894 4
639 1871 807 1909 ineunte
826 1871 935 1909 idem
956 1870 1147 1909 Urbanus
1169 1871 1433 1909 Guillelmum
1453 1884 1502 1907 ex
1522 1869 1694 1906 diacono
1715 1865 1811 1904 fecit

110 1930 401 1979 presbyterum
434 1931 683 1969 cardinalem
715 1931 827 1968 tituli
861 1930 1000 1968 Sancti
1034 1930 1243 1968 Laurentii
1270 1930 1310 1967 in
1339 1927 1683 1974 Lucina3.Prima
1720 1924 1812 1961 Vita

117 1987 272 2027 Urbani
299 1990 344 2038 V,
367 2006 404 2041 p.
428 1991 516 2030 351.

165 2048 283 2087 Anno
297 2050 573 2089 MCCCLXIV
585 2059 632 2088 ut
645 2050 776 2099 major
787 2048 1146 2100 paenitentiarius5
1158 2049 1301 2087 abbati
1314 2049 1362 2086 de
1376 2047 1617 2097 Albispetris
1630 2051 1812 2096 potesta-

112 2115 197 2146 tem
210 2109 324 2147 dedit
337 2110 577 2149 absolvendi
591 2110 855 2148 Guillelmum
868 2109 1064 2147 abbatem
1078 2109 1332 2146 Varenarum
1344 2108 1384 2145 in
1398 2106 1571 2145 dioecesi
1583 2104 1811 2142 Bituricen-

112 2167 144 2205 si
165 2181 187 2205 a
210 2170 388 2208 censuris
413 2184 513 2219 quas
537 2169 780 2214 incurrerat,
797 2168 847 2206 ob
861 2169 1042 2218 sepultos
1055 2168 1093 2205 in
1109 2168 1352 2206 caemeterio
1366 2165 1603 2204 monasterii
1617 2164 1811 2212 suiquos-

109 2226 210 2264 dam
233 2229 376 2275 laicos;
403 2229 709 2267 Sammarthani
733 2228 774 2265 in
799 2227 988 2276 Catalogo
1010 2227 1199 2264 abbatum
1216 2227 1463 2264 Varenarum
1493 2225 1536 2275 [t.
1552 2224 1679 2270 11‚col.
1694 2221 1768 2260 212
1782 2221 1807 2271 ].

167 2287 285 2325 Anno
320 2288 609 2335 MCCCLXVI‚
643 2288 752 2326 idem
785 2287 917 2336 major
948 2286 1288 2336 paenitentiarius
1323 2285 1502 2322 absolvit
1535 2283 1811 2333 presbyterOS,

110 2347 349 2395 monachOS,
375 2348 538 2386 clericos
563 2355 604 2385 et
627 2347 750 2385 laicos
777 2347 998 2384 Tolosanos
1023 2354 1064 2383 et
1087 2345 1291 2383 relaxavit
1314 2344 1581 2382 inteidictum
1606 2340 1811 2380 ecclesias—

115 2405 244 2444 ticum
275 2420 355 2456 quo
385 2407 510 2445 iidem
541 2406 806 2453 tenebantur,
822 2406 872 2443 ob
904 2406 1074 2443 missum
1105 2405 1145 2442 in
1178 2418 1381 2442 carcerem
1412 2402 1610 2440 vicarium
1642 2401 1811 2437 Tolosae

111 2466 269 2504 domini
295 2466 601 2517 archiepiscopi.
632 2466 765 2516 Hujus
792 2465 847 2503 rei
874 2473 998 2503 testes
1026 2472 1172 2501 extant
1197 2464 1338 2501 literae
1366 2460 1568 2500 Guillelmi
1596 2458 1811 2496 cardinalis

111 2525 249 2564 editae
270 2526 377 2564 inter
398 2525 658 2564 Probationes
678 2525 891 2562 annalium
913 2524 1024 2561 urbis
1048 2523 1223 2570 Tolosae,
1246 2538 1283 2572 p.
1310 2522 1395 2560 128.

168 2586 287 2623 Anno
309 2585 610 2623 MCCCLXVII
631 2592 719 2622 erat
740 2583 913 2621 Viterbii
935 2597 1027 2621 cum
1049 2582 1217 2620 Urbano
1240 2582 1273 2618 V
1294 2581 1363 2618 ubi
1385 2580 1463 2618 suit
1483 2592 1504 2616 a
1524 2578 1677 2628 populo
1702 2576 1808 2613 male

119 2653 336 2684 tractatus,
359 2644 459 2682 Vide
478 2653 508 2684 t.
528 2659 539 2682 1
557 2645 598 2682 in
617 2644 768 2692 Quarta
786 2642 865 2680 vita
883 2642 1067 2691 ejusdem
1088 2641 1258 2687 Urbani,
1278 2655 1315 2689 p.
1337 2639 1424 2677 409.

171 2704 285 2742 Obiit
311 2704 466 2742 Romae
489 2718 597 2741 anno
621 2701 937 2749 MCCCLXVIL
962 2701 1025 2739 die
1052 2715 1093 2738 XI
1117 2699 1364 2737 novembris.
1394 2698 1450 2734 De
1476 2712 1521 2734 eo
1546 2710 1641 2733 vero
1665 2693 1810 2732 intelli·

164 2853 197 2886 1.
226 2852 329 2886 Lisez
366 2851 477 2885 Denis
514 2851 731 2884 Foullechat
765 2862 828 2884 sur
859 2849 980 2893 lequel
1013 2848 1248 2890 renseignent
1283 2845 1560 2888 copieusement
1596 2842 1739 2876 Denisse
1775 2848 1812 2875 et

117 2905 312 2939 Chatelain
343 2905 639 2948 (Chartularium,
669 2910 694 2937 t.
723 2915 773 2943 111,
803 2915 837 2947 p.
869 2902 964 2945 703).

166 2960 197 2992 2.
228 2958 356 2997 Eubel,
385 2958 428 2991 Β.
458 2957 513 2997 F„
543 2964 569 2991 t.
599 2968 647 2996 VI,
676 2968 710 2989 n.
740 2956 849 2990 1049.

165 3013 197 3045 3.
222 3012 325 3045 Lisez
346 3012 377 3044 le
401 3011 446 3043 12
469 3010 561 3043 avril
584 3010 676 3043 1369
703 3008 861 3052 (Denisse
884 3014 921 3041 et
944 3006 1149 3045 Chatelain,
1175 3004 1457 3043 Chartularium,
1483 3009 1507 3036 t.
1532 3014 1581 3042 111,
1605 3013 1639 3045 p.
1666 3002 1759 3044 185).

164 3066 197 3098 4.
227 3064 275 3097 Le
300 3065 320 3098 6
344 3063 537 3097 decembre
561 3063 665 3102 1362,
691 3062 836 3105 d'apres
863 3061 979 3093 Eubel
1007 3058 1246 3103 (Hierarcffla,
1271 3064 1297 3090 t.
1321 3069 1344 3095 1,
1370 3069 1403 3100 p.
1431 3056 1499 3098 20).

165 3118 197 3151 5.
223 3117 264 3151 E.
289 3117 412 3150 Geller
435 3116 515 3159 (Die
536 3115 735 3159 pdpstliche
755 3113 1027 3152 penitentiam,
1053 3119 1078 3145 t.
1101 3110 1141 3152 1¹,
1164 3122 1199 3155 p.
1225 3111 1268 3143 93
1291 3116 1329 3143 et
1352 3116 1376 3142 t.
1400 3108 1439 3149 12,
1464 3121 1498 3152 p.
1524 3108 1659 3151 11-20).
