2083 3458
269 259 351 300 536
914 273 1066 299 NOTAE
1100 273 1161 299 AD
1195 273 1323 300 V1TAs
1591 296 1595 303 .
1818 259 1972 317 [1019]

271 359 425 395 creavit
459 359 697 408 episcopum
731 358 1086 396 Cavallionensem
1104 357 1132 405 1,
1166 366 1213 395 ut
1246 366 1353 396 esset
1389 357 1496 396 illius
1528 358 1733 397 Ecclesiae
1758 367 1901 409 pastor
1931 359 1974 397 in

270 430 349 465 qua
371 431 487 456 suam
507 432 578 466 per
599 431 737 455 omnes
759 417 907 467 gradus
928 417 1197 466 transegisset
1217 424 1413 465 aetatem,
1436 432 1520 465 seu,
1541 426 1588 455 ut
1609 418 1833 457 petrarcha
1854 418 1913 456 ait
1931 418 1974 457 in

269 477 440 525 epistola
464 476 649 526 praefixa
672 476 784 514 libris
806 476 865 512 De
888 476 968 513 vita
989 475 1185 524 solitaria,
1209 485 1256 514 ut
1279 476 1314 514 ei
1336 476 1430 514 inde
1454 485 1560 514 esset
1583 477 1761 527 dignitas
1785 478 1894 516 unde
1916 478 1974 516 illi

270 536 391 585 origo.
429 536 529 573 Erat
562 544 703 573 autem
735 543 827 574 tum
860 535 1114 573 constitutus
1147 535 1253 573 infra
1286 550 1415 574 annos
1450 536 1599 586 quibus
1632 537 1728 575 licet
1761 537 1972 587 episcopos

272 594 354 632 lieri
390 595 617 633 secundum
651 595 810 644 regulas
842 594 1152 633 ecclesiasticas.
1183 594 1398 633 Testaturs
1417 595 1528 633 istud
1550 596 1785 644 petrarcha,
1812 596 1881 634 lib.
1914 596 1971 644 II,

265 654 322 690 De
345 654 425 691 vita
445 655 639 701 solitaria,
663 653 843 693 sectione
868 668 908 701 x,
933 667 1021 703 cap.
1048 668 1117 691 vni
1143 670 1149 691 :
1174 654 1226 691 ad
1247 668 1360 704 quem
1380 662 1527 692 statam
1548 663 1638 692 ante
1659 669 1787 692 annos
1818 664 1975 694 matura

267 722 299 750 te
320 713 443 751 virtus
462 714 593 751 ereatz't.
617 714 799 751 Parvum
819 713 943 751 fuisse
962 712 1069 750 illius
1091 713 1376 763 episcopatum
1400 714 1666 763 conqueritur
1684 715 1793 752 idem
1813 714 1973 753 Petrar-

268 773 355 820 cha,
382 773 451 810 lib.
484 773 592 810 XIII
613 773 701 811 Rer.
730 772 860 820 senil„
888 772 1007 822 epist.
1037 787 1079 810 xl
1101 788 1108 810 ε
1130 780 1223 810 tunc
1247 773 1412 822 praesul
1435 773 1617 822 exiguas,
1640 788 1746 811 nanc
1773 773 1974 812 maximus

266 832 497 870 cardinalis.
524 832 577 869 Et
598 832 641 869 in
663 831 837 882 epistola
858 831 917 868 De
939 831 1020 869 vita
1040 846 1116 869 saa
1138 845 1151 869 .·
1180 832 1293 869 Vitae
1314 832 1518 870 solitariae
1540 833 1662 870 libros
1684 833 1781 870 daos
1803 833 1856 871 ad
1876 833 1973 871 Phi-

264 890 424 940 lippum
445 906 597 941 semper
619 905 810 940 magnam
833 891 976 939 virum,
999 891 1068 928 sed
1087 905 1257 941 parvum
1279 899 1372 929 tanc
1393 892 1625 941 episcopam
1648 891 1970 941 Cavallicensem,

266 965 372 988 nanc
407 965 598 999 magnam
634 945 897 988 Sabinensern
932 949 1165 1000 episcopam
1199 950 1454 989 cardinalem.
1494 951 1698 991 Eumdem
1736 951 1973 1000 petrarcha,

270 1010 338 1049 lib.
362 1010 472 1048 XIII
500 1010 588 1048 Rer.
619 1010 749 1057 senil„
779 1010 897 1060 epist.
930 1024 1001 1057 ΧΠ,
1030 1018 1155 1049 vocat
1177 1010 1360 1049 virorum
1389 1010 1595 1060 optimum
1614 1019 1655 1049 et
1672 1019 1790 1061 patre
1808 1024 1974 1051 msuum
1995 1008 1999 1010 .

269 1070 688 1120 supet-indulgentem.
722 1069 811 1117 Quo
839 1069 1005 1108 nomine
1034 1081 1128 1109 eum
1156 1084 1303 1107 vocare
1333 1070 1449 1117 solet,
1478 1070 1520 1107 in
1548 1070 1689 1120 primis
1713 1085 1809 1108 vero
1837 1070 1906 1109 lib.
1937 1070 1973 1108 V

267 1129 354 1167 Her.
378 1129 508 1176 senil„
533 1129 651 1179 epist.
676 1143 701 1176 Ι,
727 1137 767 1166 et
789 1128 858 1167 lib.
886 1128 1009 1176 XIII,
1033 1129 1152 1179 epist.
1179 1143 1233 1167 xi.

318 1188 381 1225 Ad
408 1202 501 1227 eum
528 1189 767 1238 episcopum
794 1187 1114 1227 Cabellicensem
1140 1188 1282 1226 scribit
1307 1188 1416 1226 idem
1446 1184 1756 1227 Petrarchal'ib.
1791 1189 1971 1238 Variar.,

264 1247 378 1297 epist.
399 1262 501 1294 XXV,
523 1262 620 1295 XLv,
639 1256 680 1286 et
695 1247 764 1286 lib.
785 1247 824 1284 ΙΙ
843 1247 931 1285 Rer.
950 1247 1096 1296 famil„
1114 1248 1234 1297 epist.
1253 1262 1344 1295 1,11;
1363 1247 1431 1286 lib.
1453 1247 1528 1295 XI,
1548 1249 1665 1298 epist.
1685 1263 1740 1295 lv,
1761 1263 1801 1296 x,
1822 1263 1878 1296 xl,
1896 1263 1970 1292 xv;

266 1307 333 1345 lib.
363 1306 461 1354 XII,
487 1308 605 1358 epist.
633 1321 692 1354 VI3
717 1307 786 1345 lib.
815 1307 905 1354 XV,
931 1307 1049 1357 epist.
1077 1321 1133 1354 x1,
1160 1321 1230 1354 XII,
1258 1322 1349 1353 X1113
1374 1307 1443 1345 lib.
1472 1307 1615 1353 XXII,
1641 1308 1759 1357 epist.
1782 1322 1818 1355 V,
1837 1316 1878 1346 et
1900 1307 1969 1346 lib.

266 1365 423 1413 XXIV,
446 1367 564 1416 epist.
585 1381 610 1405 1.

316 1426 436 1464 Anno
457 1425 744 1464 MCCCXLIII
766 1426 972 1463 Robertus
991 1440 1063 1463 rex
1083 1425 1241 1464 Siciliae
1260 1426 1498 1474 moriturus,
1521 1426 1766 1476 praevidens
1784 1427 1972 1465 Joannae

262 1486 425 1535 reginae
452 1485 782 1524 imbecillitatem
802 1499 848 1523 ac
878 1485 954 1522 viri
974 1484 1061 1534 ejus
1082 1485 1271 1523 Andreae
1298 1493 1481 1524 aetatem
1500 1485 1779 1525 moderandae
1806 1486 1972 1536 amplis-

262 1544 388 1582 simae
411 1545 557 1583 ditioni
578 1545 755 1595 impares
778 1559 877 1592 esse,
893 1544 1016 1582 vdedit
1037 1545 1106 1592 eis,
1131 1558 1306 1594 quorum
1329 1545 1504 1582 consiliis
1527 1553 1756 1593 uterentur,
1781 1545 1972 1585 Sanciam

262 1604 458 1653 reginam,
482 1618 653 1643 uxorem
676 1618 807 1651 suam,
831 1612 872 1642 et
903 1604 1063 1654 aliquot
1086 1604 1193 1642 viros
1219 1618 1376 1653 graves,
1400 1604 1441 1642 in
1464 1604 1605 1654 primis
1629 1619 1725 1642 vero
1748 1605 1857 1643 hunc
1878 1599 1970 1643 Phi-

260 1663 422 1714 lippum
463 1664 786 1702 Cavallicensem
827 1663 1080 1713 episcopum,
1106 1664 1219 1713 regni
1249 1663 1408 1701 Siciliae
1443 1663 1780 1711 cancellarium23
1806 1664 1968 1703 Odoric.

267 1722 457 1771 Raynal.,
476 1738 541 1761 an.
564 1722 678 1770 1343,
704 1723 720 1771 ξ
740 1723 789 1760 74
806 1736 864 1772 sq.

318 1783 474 1822 Eodem
503 1797 669 1821 munere
699 1782 929 1821 cancellarii
958 1782 1150 1821 functum
1178 1797 1263 1821 esse
1292 1782 1367 1820 sub
1398 1783 1562 1820 Joanna
1589 1782 1728 1832 regina
1765 1791 1884 1833 patet
1921 1794 1970 1821 ex

264 1842 407 1881 eodem
434 1842 666 1891 Raynaldo,
692 1856 756 1880 an.
786 1842 900 1890 1344,
932 1842 949 1891 ἓ
973 1841 1036 1889 30,
1063 1842 1191 1880 donec
1215 1842 1297 1889 illa,
1324 1849 1494 1892 captata
1520 1841 1732 1880 occasione
1756 1842 1970 1880 absentiae

262 1900 447 1950 ejusdem
469 1902 661 1951 Philippi,
685 1901 733 1939 de
756 1915 836 1951 qua
858 1910 1017 1952 postea,
1041 1901 1306 1939 Guillelmum
1327 1901 1567 1952 episcopum
1590 1901 1851 1940 Casinensem
1872 1901 1970 1940 fecit

261 1961 549 1999 cancellarium
586 1961 699 2010 regni
739 1961 910 2000 Siciliae.
952 1961 1076 2010 Cujus
1116 1960 1360 1998 mutationis
1401 1960 1775 2008 confirmationem,
1815 1974 1908 2000 cum
1947 1974 1969 1998 a

260 2020 468 2059 Clemente
491 2020 547 2057 VI
569 2028 729 2070 peteret
751 2021 895 2060 eadem
916 2020 1069 2070 regina,
1094 2020 1301 2057 consensit
1321 2020 1387 2058 ille
1409 2028 1455 2057 ut
1476 2018 1644 2059 interim
1666 2020 1881 2070 episcopus
1903 2020 1969 2058 ille

258 2078 498 2128 fungeretur
513 2095 559 2118 eo
575 2094 743 2119 munere
761 2080 960 2130 quamdiu
978 2079 1192 2129 Philippus
1210 2087 1316 2117 esset
1333 2079 1499 2125 absens3
1517 2079 1702 2118 Clemens
1720 2079 1791 2127 VI,
1807 2079 1877 2117 lib.
1899 2079 1968 2127 IV,

260 2138 377 2187 epist.
404 2153 561 2176 CDLXIII
584 2153 642 2188 sq.

312 2198 431 2236 Anno
467 2199 575 2238 enim
612 2198 913 2237 MCCCXLVII
950 2199 1134 2236 Clemens
1171 2198 1228 2235 VI
1265 2198 1503 2248 Philippum
1538 2211 1619 2235 una
1655 2211 1749 2237 cum
1794 2197 1968 2247 Hugone

259 2257 565 2308 archiepiscopo
590 2258 871 2296 Bisuntinensi
888 2258 1010 2297 *misit
1033 2272 1107 2308 pro
1132 2257 1395 2297 reformanda
1421 2271 1521 2307 pace
1545 2257 1653 2295 inter
1677 2256 1833 2295 nobiles
1859 2257 1967 2294 viros

260 2317 461 2364 odonem,
485 2316 643 2355 'ducem
676 2317 953 2367 Burgundiae,
989 2332 1035 2355 ac
1072 2317 1305 2355 Johannem
1342 2317 1390 2354 de
1425 2316 1633 2363 Cabilone,
1669 2316 1884 2355 dominum
1919 2316 1967 2354 de

260 2376 440 2424 VrelatO,
464 2384 504 2415 et
528 2377 730 2427 quosdam
752 2377 851 2414 alios
875 2384 1089 2426 magnates
1111 2376 1272 2414 illarum
1296 2375 1480 2426 partium
1500 2375 1679 2413 invicem
1701 2375 1966 2422 dissidentes3

261 2435 443 2475 Clemens
469 2436 539 2483 VI,
563 2436 632 2474 lib.
664 2436 730 2483 IV,
756 2437 874 2486 epist.
902 2450 1060 2474 CDLXIII
1084 2449 1142 2485 sq.
1161 2434 1187 2473 3.

313 2494 524 2533 Venerat4
549 2495 761 2545 Philippus
789 2496 840 2533 ad
868 2495 1120 2534 Clementem
1144 2495 1260 2544 jussu
1286 2494 1449 2543 reginae
1476 2494 1663 2531 Joannae
1689 2501 1736 2531 ut
1762 2507 1856 2533 eum
1885 2508 1965 2532 cer-

264 2554 409 2593 tiorem
446 2554 598 2592 faceret
637 2568 727 2592 eam
757 2555 962 2605 peperisse
995 2554 1125 2592 filium
1153 2554 1196 2591 in
1221 2561 1342 2592 nocte
1370 2552 1606 2590 nativitatis
1643 2552 1823 2600 Domini,
1854 2560 1895 2590 et
1925 2567 1966 2590 se

260 2614 375 2649 illum
398 2613 437 2650 in
458 2613 521 2651 die
540 2614 877 2651 festivatisbeati
898 2613 1097 2663 Stephani
1125 2612 1394 2662 subsequenti
1421 2613 1601 2650 elevasse
1627 2611 1667 2649 in
1696 2612 1819 2650 sacris
1839 2611 1965 2649 fonti—

306 2778 336 2809 1.
371 2777 537 2820 philippe
559 2777 759 2811 Cabassole
779 2778 839 2810 fut
857 2779 1008 2811 nomme
1033 2777 1215 2810 chanoine
1237 2777 1280 2810 de
1301 2776 1495 2809 Cavaillon
1515 2776 1546 2808 le
1568 2776 1611 2809 23
1632 2775 1836 2808 novembre
1856 2775 1962 2816 1316,

259 2830 339 2871 puis
365 2831 591 2863 archidiaere
617 2832 646 2863 lc
673 2832 716 2864 26
741 2832 833 2864 aosit
856 2831 949 2864 1330
973 2837 1011 2864 et
1033 2830 1137 2864 enfin
1160 2831 1295 2874 prevot
1320 2830 1352 2862 le
1377 2830 1421 2862 ‘18
1445 2829 1659 2872 septembre
1684 2829 1774 2862 1331
1805 2828 1962 2871 (Mollat‚

262 2895 295 2914 η.
324 2884 428 2922 2048,
456 2885 583 2923 50643,
607 2891 644 2915 et
670 2884 759 2927 Beg.
776 2884 888 2917 Avin.
908 2883 1045 2924 40,f01.
1067 2885 1136 2917 108
1155 2888 1212 2923 v0;
1239 2883 1321 2915 voir
1344 2882 1444 2915 aussi
1468 2882 1612 2923 Mollat‚
1630 2893 1665 2915 n.
1684 2881 1813 2921 54979,
1830 2882 1965 2916 54981-

262 2936 402 2978 38983),
433 2936 460 2967 ll
488 2937 617 2968 ‹levint
642 2939 783 2980 eveque
809 2938 852 2970 de
878 2937 1072 2970 Cavaillon
1095 2937 1127 2970 le
1152 2938 1195 2970 17
1221 2937 1312 2969 aofit
1337 2936 1430 2969 1334-
1458 2935 1603 2979 (Eubel,
1629 2935 1860 2975 Hier-archia,
1886 2940 1913 2968 t.
1937 2947 1960 2975 1,

260 3000 291 3029 Ι),
326 2989 415 3030 173).

307 3044 335 3072 2.
373 3042 438 3073 lm
466 3043 581 3074 balles
606 3043 655 3074 lui
681 3032 847 3077 (lonnent
874 3044 904 3076 lc
932 3044 1016 3076 titrc
1043 3043 1086 3076 de
1117 3042 1425 3076 vice-chancolier
1452 3041 1621 3084 (Deprez,
1647 3053 1682 3074 n.
1710 3041 1777 3074 239
1801 3047 1838 3074 et
1863 3040 1959 3084 724).

306 3096 336 3125 53.
372 3096 512 3125 Ιὶωίηγικ
537 3096 764 3138 1.1V,p.95.

311 3147 336 3178 ἰ.
369 3148 513 3182 Malim&
539 3155 635 3187 1.1V,
661 3160 694 3191 p.
720 3150 773 3181 [39.
