2083 3458
253 240 334 281 SOS
863 296 865 300 y
902 260 1054 285 NOTAE
1089 261 1149 285 AD
1185 261 1312 286 V1TAs
1809 246 1961 302 [1290]

251 340 386 379 Sancii
418 340 695 390 portionarius
725 343 962 392 Toletanus,
1000 345 1162 384 Garsias
1199 345 1311 384 Petri
1337 346 1385 384 de
1414 347 1601 393 Tassara,
1637 345 1804 384 Sancius
1834 344 1965 383 archi-

250 399 445 437 diaconus
474 400 521 438 de
550 401 697 439 Guiart
724 402 766 440 in
788 404 969 442 Ecclesia
996 404 1318 455 Pampilonensi,
1345 406 1490 444 Petrus
1514 405 1720 443 Fernandi
1739 404 1964 455 archipres-

251 459 371 508 byter
391 459 439 497 dc
472 459 575 507 Fita,
610 461 788 500 Joannes
815 462 950 501 Sancii
976 464 1197 503 canonicus
1227 465 1497 515 Hispalensis,
1528 465 1720 503 Alfonsus
1758 463 1964 503 Fernandi

251 518 466 568 presbyter
495 519 763 570 Hispalensis,
794 522 970 562 Thomas
1001 524 1246 562 Gundisalvi
1278 524 1559 563 thesaurarius
1591 524 1962 575 Compostellanus,

252 570 431 615 joannes
447 578 636 618 Columbi
656 580 823 619 clericus
845 581 1038 621 dioecesis
1060 583 1372 632 Avenionensis,
1394 584 1633 623 Fernandus
1655 583 1765 622 Petri
1784 583 1963 622 decanus

252 637 545 685 Tirasonensis,
573 639 765 678 Nicolaus
792 640 959 679 Martini
987 643 1299 682 archidiaconus
1327 644 1649 692 Salamantinus,
1682 643 1809 682 frater
1832 643 1963 692 Ange-

251 697 311 734 lus
348 697 544 746 generalis
582 698 769 738 minister
800 701 952 739 ordinis
982 701 1202 751 Minorum,
1229 703 1466 742 Bonifacius
1495 703 1543 741 de
1570 703 1760 750 pistorio,
1787 702 1886 749 alias
1913 702 1963 740 de

252 755 483 803 Amanatis,
503 757 639 807 legum
658 758 815 807 doctor,
835 760 1027 811 Aegidius
1050 762 1191 801 Sancti
1207 762 1411 801 Munionis
1430 763 1688 814 praepositus
1703 761 1964 809 Valentinus,

252 824 292 853 et
317 815 443 854 frater
470 816 647 866 Angelus
676 818 890 870 episcopus
917 820 1183 861 pisaurensis.

317 874 418 924 [Fol.
446 875 520 914 193
544 876 693 916 ΓΟ-253
717 879 768 929 ΓΟ]
797 879 1020 931 Descriptis
1057 881 1385 932 depositionibus
1415 882 1584 921 testium
1612 882 1962 931 interrogatorum

251 948 372 984 super
403 949 499 973 casu
530 936 651 985 primi
681 938 813 987 electi,
844 949 1059 989 ponuntur
1089 957 1160 992 per
1192 942 1377 980 ordinem
1409 942 1685 992 depositiones
1717 955 1857 979 eorum
1893 940 1964 990 qui

252 993 495 1043 interrogati
527 995 637 1034 fuere
671 1012 793 1047 super
825 1013 922 1037 casu
954 1001 1124 1039 secundi
1156 1002 1288 1040 electi.

306 1054 444 1092 Testes
460 1054 584 1094 iidem
599 1056 766 1095 omnino
782 1057 893 1097 fuere
908 1059 979 1109 qui
1002 1060 1247 1111 interrogati
1261 1061 1426 1100 fuerant
1440 1076 1562 1111 super
1576 1076 1672 1099 casu
1691 1060 1814 1111 primi
1828 1059 1959 1098 electi.

316 1112 417 1163 [Fol.
453 1113 528 1152 253
562 1115 722 1158 xxo-258
755 1117 808 1167 ΓΟ]
845 1118 1084 1169 Sequuntur
1125 1120 1271 1159 deinde
1316 1121 1599 1172 responsiones
1634 1120 1796 1171 publice
1825 1119 1960 1157 factae

252 1186 389 1209 coram
420 1187 511 1223 rege
543 1174 713 1225 ejusque
744 1185 836 1215 toto
869 1179 1037 1217 consilio
1068 1195 1140 1230 per
1171 1181 1421 1219 cardinalem
1454 1181 1689 1231 hispanum,
1721 1179 1961 1230 episcopum

254 1231 532 1272 Faventinum
556 1242 596 1272 et
622 1235 885 1275 Franciscum
911 1238 959 1277 de
986 1239 1152 1278 Siclenis
1179 1240 1226 1278 de
1252 1240 1380 1290 Papia
1405 1240 1458 1278 ad
1483 1254 1622 1278 casum
1648 1239 1818 1278 secundi
1841 1237 1959 1277 electi

251 1305 360 1328 anno
388 1291 730 1343 MCCCLXXXI,
757 1296 820 1335 die
847 1306 996 1347 quarta
1022 1300 1172 1338 mensis
1199 1300 1351 1338 martii.

315 1350 416 1399 [Fol.
444 1351 519 1390 258
544 1354 684 1392 νΟ-265
709 1355 762 1405 ΓΟ]
791 1357 1009 1396 Ponuntur
1032 1367 1177 1409 postea
1203 1359 1486 1410 responsiones
1514 1359 1625 1398 Petri
1654 1359 1703 1397 de
1734 1359 1849 1396 Luna
1874 1372 1958 1396 car-

251 1409 413 1457 dinalis,
443 1411 625 1463 episcopi
655 1414 923 1464 pisaurensis,
954 1426 994 1455 et
1023 1418 1227 1458 Bonifacii
1257 1419 1305 1457 de
1337 1419 1553 1459 Amanatis
1584 1419 1636 1456 ad
1667 1432 1809 1457 casum
1837 1416 1959 1468 primi

251 1468 370 1507 electi
391 1470 526 1510 factae
548 1473 711 1522 publice
733 1490 872 1515 coram
894 1492 984 1527 rege
1007 1477 1178 1528 ejusque
1200 1487 1291 1517 toto
1314 1479 1496 1517 consilio.

314 1528 417 1578 [Fol.
446 1530 521 1568 265
547 1532 597 1582 ΓΟ]
628 1533 773 1572 Finitis
800 1536 1360 1589 responsionibuspartium,
1388 1537 1634 1577 describitur
1659 1544 1959 1587 consequenter

252 1587 461 1627 intimatio
484 1605 556 1640 per
579 1592 766 1632 dominos
791 1595 1018 1635 cardinales
1042 1598 1153 1636 facta
1176 1598 1377 1636 universis
1402 1598 1513 1648 quod
1530 1597 1719 1636 Barensis
1743 1605 1805 1635 est
1827 1596 1958 1634 intru-

251 1662 331 1686 sus.
353 1648 503 1699 Incipit
526 1650 581 1689 sic
600 1667 606 1688 :
629 1652 769 1702 Exigit
783 1664 914 1693 Sancte
928 1664 962 1693 et
976 1657 1160 1695 catholice
1181 1658 1274 1708 fidei
1296 1658 1466 1708 puritas.
1487 1657 1611 1695 Edita
1633 1665 1696 1696 est
1719 1658 1761 1695 in
1776 1656 1958 1695 Secunda

250 1706 331 1744 vita
360 1707 538 1757 Gregorii
561 1711 642 1759 XI,
666 1727 704 1762 p.
730 1713 819 1752 452.

314 1766 415 1816 [Fol.
450 1768 526 1806 266
557 1770 610 1820 ΓΟ]
645 1771 840 1822 Sequitur
872 1774 1049 1824 qualiter
1081 1777 1307 1815 cardinales
1343 1777 1565 1816 notificant
1603 1775 1804 1814 universis
1846 1774 1956 1826 quod

251 1825 440 1865 dominus
462 1828 644 1868 Clemens
666 1831 744 1870 fuit
763 1833 838 1871 rite
858 1842 899 1872 et
919 1836 1113 1874 canonice
1133 1851 1204 1887 per
1222 1851 1288 1875 eos
1309 1837 1461 1875 electus
1481 1845 1522 1875 et
1541 1836 1779 1876 solemniter
1799 1835 1955 1873 inthro-

250 1884 410 1924 nizatus
433 1895 474 1924 et
496 1899 729 1929 coronatus.
758 1892 907 1943 Incipit
931 1910 937 1931 :
962 1895 1163 1945 Quoniam
1184 1897 1370 1934 nonnulli
1395 1896 1657 1934 intrusionem
1678 1895 1955 1933 detestabilem.

314 1944 414 1994 [Fol.
450 1946 525 1984 267
559 1948 612 1999 ΓΟ]
651 1950 806 1990 Deinde
840 1952 958 1991 litera
993 1963 1152 2005 septem
1186 1956 1459 1995 cardinalium
1488 1956 1569 1994 suis
1604 1955 1742 2006 sigillis
1777 1954 1954 2005 sigillata

249 2003 516 2043 existentium
549 2008 752 2047 Avenioni
782 2012 1092 2052 notificantium
1121 2015 1394 2054 intrusionem
1424 2015 1545 2066 primi
1586 2015 1716 2054 electi.
1764 2014 1914 2065 Incipit
1946 2029 1953 2050 :

249 2062 315 2100 Ad
343 2073 508 2103 vestram
538 2068 721 2107 notitiam
751 2072 994 2112 deducimus,

313 2122 413 2171 [Fol.
443 2124 517 2162 267
544 2127 598 2177 ΓΟ]
627 2129 731 2167 Tum
758 2130 968 2171 intimatio
996 2142 1036 2171 et
1065 2134 1299 2173 notificatio
1335 2134 1606 2174 cardinalium
1642 2133 1954 2184 deprecantium

248 2181 459 2221 universos
491 2186 640 2224 Christi
673 2188 810 2228 fideles
841 2200 887 2229 ut
913 2192 1114 2231 Clementi
1133 2194 1400 2232 adhaereant.
1429 2194 1578 2244 Incipit
1604 2210 1611 2230 z
1638 2194 1911 2244 Speculatores
1930 2208 1953 2230 a

245 2240 419 2278 Domino
443 2244 537 2283 Deo.

311 2299 413 2349 [Fol.
448 2302 522 2340 267
554 2305 613 2355 VO]
648 2307 922 2348 Prostestatio
955 2311 1110 2349 domini
1149 2313 1369 2351 Bertrandi
1409 2312 1627 2351 cardinalis
1661 2311 1951 2351 Glandatensis

247 2367 473 2409 antequam
494 2362 668 2403 intraret
690 2368 884 2407 conclave
905 2385 978 2408 suo
1000 2371 1130 2420 sigillo
1152 2372 1328 2422 sigillata
1351 2387 1444 2411 cum
1462 2372 1763 2422 subscriptione
1786 2370 1951 2409 notarii.

251 2417 400 2468 Incipit
434 2436 440 2457 :
478 2422 527 2459 In
560 2423 733 2463 Nomine
762 2428 943 2467 Domini.
978 2430 1119 2469 Amen.

310 2477 411 2526 [Fol.
434 2480 510 2519 268
531 2483 592 2532 VO]
616 2485 824 2524 Confessio
846 2488 1002 2527 domini
1024 2490 1182 2540 Anglici
1202 2490 1419 2529 cardinalis
1441 2490 1683 2529 Albanensis
1705 2505 1796 2529 cum
1826 2490 1949 2540 signis

246 2534 421 2577 duorum
448 2542 704 2582 notariorum
731 2554 771 2583 et
798 2562 871 2584 suo
898 2548 1027 2598 sigillo
1055 2550 1245 2599 sigillata.
1278 2550 1455 2600 Incipit:
1484 2550 1691 2588 Universis
1717 2558 1751 2587 et
1774 2549 1950 2599 singulis

245 2605 440 2643 presentes
470 2600 603 2638 literas
635 2603 885 2652 inspecturis.

309 2654 409 2703 [Fol.
452 2657 527 2696 268
544 2661 628 2719 ’νΟ]
675 2662 1003 2705 Instrumentum
1045 2668 1310 2707 confessionis
1352 2668 1508 2706 domini
1547 2668 1765 2707 cardinalis
1808 2667 1950 2706 Sancti

247 2712 458 2753 Eustachii
480 2732 573 2756 cum
594 2720 708 2770 signo
731 2732 771 2760 et
792 2725 1094 2776 subscriptione
1117 2727 1267 2765 notarii
1283 2736 1324 2766 et
1341 2728 1533 2766 undecim
1553 2728 1739 2766 testium.
1766 2727 1916 2778 Incipit
1941 2742 1948 2764 :

247 2771 296 2807 In
327 2775 484 2812 nomine
510 2778 690 2818 Domini.
725 2783 865 2822 Amen.

302 2830 405 2878 [Fol.
432 2834 508 2872 269
536 2838 593 2886 νῦ]
626 2839 912 2881 Extractioncs
941 2845 1146 2893 quaedam
1171 2846 1338 2884 habitae
1364 2860 1386 2883 a
1413 2846 1532 2884 dictis
1558 2845 1730 2884 testium
1754 2860 1826 2896 per
1858 2845 1946 2883 illos

243 2886 292 2925 (lc
321 2892 487 2930 consilio
513 2896 641 2944 regim
671 2913 846 2947 quorum
872 2903 1010 2952 aliqua
1038 2905 1169 2943 facere
1197 2905 1392 2943 videntur
1418 2920 1491 2955 pro
1519 2905 1709 2943 libertate
1736 2904 1946 2943 electiOnis

242 2959 410 2995 prunae,
442 2960 481 2989 ct
514 2957 717 3003 quaedam
746 2974 819 3009 pro
850 2962 1061 3001 coactione
1092 2979 1161 3002 seu
1191 2964 1469 3014 impressione.

306 3006 406 3055 [Fol.
441 3010 515 3048 273
548 3013 597 3062 ΓΟ]
634 3016 873 3066 Sequuntur
904 3022 1183 3061 conclusiones
1216 3023 1380 3063 illorum
1413 3024 1460 3061 de
1494 3023 1605 3072 regio
1635 3022 1803 3061 consilio
1841 3022 1944 3061 cirea

243 3063 364 3102 <lubia
396 3076 436 3105 ct
467 3070 642 3120 allegata
672 3090 792 3125 super
822 3080 1007 3118 materia.
1040 3082 1313 3120 Subscribunt
1336 3091 1500 3132 praeter
1527 3097 1593 3120 eos
1623 3081 1691 3119 alii
1719 3082 1842 3119 multi
1869 3080 1948 3119 viri

243 3122 366 3169 ‹hu—ii,
394 3134 433 3163 ct
460 3128 565 3167 inter
591 3132 662 3169 hos
692 3134 891 3175 Martinus
918 3139 1131 3190 episcopus
1160 3141 1501 3192 pampilonensis.
