2083 3458
86 167 211 223 [631]
612 181 828 205 PAPARUM
865 180 1248 205 AVENloNENsmM
1698 165 1774 205 111

129 267 316 304 Ceterum
334 272 382 302 ut
399 264 499 301 illud
519 278 681 313 quoque
701 263 834 301 dicam
854 262 999 309 obiter,
1020 270 1166 301 extant
1184 262 1222 299 in
1244 262 1379 300 codice
1398 263 1501 302 5092
1519 262 1777 301 bibliothecae

77 324 317 363 Colbertinae
339 325 352 346 ¹
373 322 478 361 varii
499 336 702 361 sermones
734 330 774 360 et
795 322 873 360 alia
904 335 1026 372 opera
1058 321 1241 370 ejusdem
1283 321 1445 370 Rogerii
1478 321 1625 368 Fortis,
1647 322 1777 360 archi-

77 383 253 434 episcopi
275 381 551 421 Bituricensis.
843 392 845 395 ·

132 443 178 481 In
204 442 306 479 libro
334 440 632 490 Obligationum
659 439 813 478 archivi
843 439 1031 477 Vaticani
1059 440 1307 477 adnotatum
1336 447 1397 477 est
1435 440 1602 477 Petrum
1631 439 1777 478 obiisse

79 515 185 540 anno
219 500 458 546 MCCCXII,
495 499 559 537 die
595 513 665 536 ΧΠ
685 500 699 521 '2
734 499 843 537 maii.
881 498 1038 537 Obiisse
1073 513 1169 537 vero
1213 498 1254 536 in
1289 498 1462 538 dioecesi
1498 498 1778 536 Lemovicensi

80 560 216 598 scribit
247 559 479 598 Bernardus
510 557 708 596 Guidonis
733 565 773 595 et
803 557 845 596 in
873 557 1083 608 praedicto
1113 558 1201 595 1000
1227 572 1323 597 suae
1350 557 1512 607 originis
1534 557 1582 596 de
1614 558 1777 608 Capella

79 619 282 669 sepultum
305 618 426 656 fuisse
447 632 555 655 anno
578 617 817 663 MCCCXII,
840 631 976 657 mense
997 617 1114 666 junii.
1137 616 1323 667 Vidimus
1344 631 1417 655 nos
1439 616 1526 666 ejus
1547 617 1777 667 sepulcrum

77 692 173 716 sane
203 676 550 727 elegantissimum
581 691 631 714 ex
661 690 779 726 opere
811 675 1057 723 encaustico,
1090 676 1200 725 quod
1231 675 1350 714 hodie
1381 675 1438 713 ita
1469 675 1688 726 integrum,
1719 675 1777 713 ita

79 744 298 775 venustum
319 744 381 774 est
401 750 448 774 ac
470 736 501 773 si
523 735 683 774 noviter
705 735 847 772 fuisset
869 735 1129 773 fabricatum.
1154 736 1284 772 Extat
1305 735 1347 773 in
1368 734 1501 773 medio
1523 734 1634 772 chori
1655 735 1777 772 eccle-

78 796 160 836 siae
181 796 228 834 de
250 795 426 845 Capella,
446 795 534 832 loco
555 794 942 832 incommodissimo.
968 794 1144 844 Insignia
1166 794 1252 843 ejus
1275 793 1474 843 gentilitia
1496 802 1592 832 sunt
1612 793 1689 831 ista
1717 811 1724 832 ς

132 1526 175 1564 Ρ.
200 1526 261 1572 61,
294 1525 359 1576 lig.
394 1525 454 1565 17.
488 1526 798 1564 BERENGAmUS
836 1527 1039 1564 Fnssoom.
1075 1524 1302 1562 Amalricus
1342 1522 1505 1573 Augerii
1540 1522 1782 1561 Biterrensis

91 1585 103 1635 [
127 1593 156 1623 t.
182 1600 206 1631 1,
232 1600 270 1635 p.
297 1584 371 1635 92]
397 1599 490 1623 eum
515 1594 637 1624 vocat
660 1585 950 1635 Berengarium
978 1584 1160 1622 Fredelli.
1188 1584 1353 1622 Certum
1381 1590 1517 1620 tamen
1545 1590 1605 1619 est
1630 1582 1782 1632 ubique

80 1643 118 1681 in
144 1644 349 1682 veteribus
374 1645 664 1691 monumentis,
690 1645 757 1682 ubi
785 1646 831 1683 sit
855 1643 1008 1682 mentio
1038 1643 1251 1681 hominum
1274 1641 1378 1680 illius
1415 1641 1559 1691 gentis,
1583 1641 1781 1691 scriptum

57 1716 163 1741 ’0550
190 1703 346 1740 Fredoli
382 1703 581 1754 [Fredol]
609 1704 752 1742 Tradit
776 1711 916 1742 autem
943 1704 1087 1741 Petrus
1123 1702 1320 1741 Gariellus
1346 1701 1386 1738 111
1422 1700 1529 1738 Serie
1553 1701 1782 1750 praesulum

82 1762 447 1811 AIagalonen-s‘ium,
485 1777 524 1813 p.
565 1763 654 1810 387,
692 1763 926 1813 posterioris
958 1761 1147 1800 editionis
1181 1761 1287 1799 inter
1325 1774 1505 1797 summos
1545 1759 1783 1798 Occitaniae

81 1836 262 1870 proceres
296 1821 476 1860 floruisse
508 1822 618 1859 omni
649 1837 807 1872 semper
836 1822 956 1860 laude
987 1821 1240 1859 cumulatam
1273 1819 1536 1857 Fredoloruin
1568 1818 1778 1856 familiam.

80 1880 196 1926 Sane,
222 1888 384 1930 praeter
408 1881 515 1919 hunc
539 1881 843 1931 Berengarium,
869 1880 1127 1931 reperiuntur
1152 1880 1293 1918 eadem
1312 1885 1559 1928 tempestate
1578 1877 1781 1916 Biterren-

80 1953 163 1977 sem
185 1940 424 1978 cathedram
447 1940 624 1978 tenuisse
646 1940 913 1990 Berengarius
936 1948 976 1978 et
999 1939 1237 1977 Guillelmus
1263 1938 1434 1984 Fredoli,
1458 1945 1499 1975 et
1523 1937 1781 1986 Magalonen—

79 2012 162 2036 sem
185 1998 380 2037 Andreas.
406 1999 524 2036 Anno
550 1999 775 2038 MCCCXII
798 1999 968 2037 vivebat
1001 1997 1244 2036 Saturninus
1279 1996 1438 2035 Fredoli
1460 1995 1569 2046 prior
1592 1995 1782 2034 secularis

79 2057 267 2096 ecclesiae
296 2057 333 2098 S,
365 2057 530 2096 Martini
559 2058 606 2096 dc
636 2058 858 2108 Serignano
884 2057 925 2096 in
954 2057 1125 2097 dioecesi
1159 2056 1351 2103 Uticensi,
1390 2064 1436 2093 ut
1464 2055 1613 2093 docent
1641 2055 1780 2093 collec-

79 2123 199 2155 tanea
214 2116 272 2153 De
287 2116 454 2154 dissidio
470 2117 674 2166 Bonisacii
693 2118 805 2154 VIII
818 2126 851 2155 et
863 2116 1050 2167 Philippi
1062 2116 1213 2163 Pulcri,
1228 2131 1267 2165 p.
1282 2115 1369 2153 610.
1384 2115 1503 2154 Anno
1516 2113 1779 2152 MQ‘CCXVII

80 2175 248 2213 Joannis
268 2175 429 2213 Fredoli
450 2176 673 2226 praepositi
697 2176 899 2216 Ecclesiae
919 2175 1205 2214 Nemausensis
1221 2174 1377 2213 mentio
1392 2174 1568 2212 habetur
1586 2172 1627 2211 in
1649 2180 1779 2210 veter-

79 2233 187 2271 rimis
229 2234 488 2273 membranis.
523 2235 641 2273 Anno
674 2235 928 2283 MCCCXIV,
972 2235 1115 2273 Petrus
1150 2234 1322 2280 Fredoli,
1364 2232 1552 2270 dominus
1594 2231 1780 2277 Verinae,

78 2292 357 2339 locumtenens
386 2294 594 2332 senescalli
621 2294 836 2332 Bellicadri
864 2302 904 2332 et
935 2293 1142 2340 Nemausi,
1171 2292 1323 2343 recepit
1351 2291 1513 2330 nomine
1542 2290 1643 2340 regis
1670 2289 1780 2339 jura-

80 2360 264 2390 mentum
291 2352 501 2390 fidelitatis
524 2353 686 2391 Beraldi
711 2354 758 2391 de
785 2353 936 2402 Far-gis,
962 2352 1140 2403 episcopi
1159 2351 1378 2397 Albiensis;
1403 2350 1651 2399 alteriusque
1676 2348 1780 2397 ejus·

79 2410 170 2448 dem
192 2411 322 2460 gentis
344 2419 385 2449 et
405 2411 579 2450 nominis
602 2412 757 2451 mentio
777 2412 953 2450 habetur
973 2411 1014 2449 in
1035 2411 1303 2456 collectaneis,
1326 2410 1448 2460 paulo
1469 2417 1564 2446 ante
1586 2407 1780 2453 laudatis,

78 2484 116 2518 p.
141 2469 228 2508 510.
256 2470 440 2520 Denique
462 2470 570 2509 idem
594 2471 804 2517 Gariellus,
828 2485 913 2521 par.
943 2471 995 2518 II,
1019 2485 1057 2521 p.
1085 2470 1147 2517 15,
1172 2469 1312 2508 scribit
1335 2468 1596 2507 Guillehnum
1621 2465 1779 2504 Fredoli

78 2527 120 2566 in
150 2524 280 2577 genua
312 2529 456 2566 nixum
487 2544 595 2568 anno
629 2521 889 2568 MCCCXLII
932 2529 1122 2579 episcopo
1164 2527 1441 2578 Magalonensi
1474 2524 1778 2564 beneficiarium

78 2587 290 2636 agnovisse
315 2596 496 2626 castrum
521 2589 776 2636 Fabricense,
801 2588 899 2636 sive,
924 2589 987 2626 uti
1011 2603 1083 2626 nos
1108 2587 1326 2638 loquimur,
1352 2586 1386 2624 ei
1411 2584 1646 2634 homagium
1671 2583 1778 2633 geni-

78 2645 153 2683 bus
172 2646 285 2684 ssexis
301 2647 553 2696 praestitisse
570 2663 643 2698 pro
660 2663 705 2686 eo
723 2656 869 2686 castro.

131 2704 207 2743 Sed
235 2713 282 2742 ut
308 2705 359 2743 ad
385 2705 676 2756 Berengarium
702 2705 920 2745 nostrum3
945 2707 1173 2752 redeamus,
1203 2713 1315 2742 ortus
1343 2711 1404 2742 est
1429 2702 1493 2741 ille
1521 2717 1540 2740 e
1567 2709 1701 2740 castro
1728 2701 1778 2739 de

124 2834 156 2866 1.
177 2834 216 2867 Β.
240 2835 296 2874 Ν.,
317 2847 383 2868 ms.
403 2835 499 2868 latin
517 2836 623 2870 1083.

125 2888 156 2920 2.
179 2887 340 2921 Clement
363 2888 405 2928 V,
426 2888 653 2932 Appeudice,
676 2901 710 2933 p.
735 2890 814 2922 241.

123 2941 156 2973 3.
176 2940 223 2973 M.
242 2941 380 2974 Viollct
396 2953 418 2974 a
433 2942 526 2975 ecrit
542 2954 613 2975 une
630 2943 764 2986 longuc
783 2943 1000 2985 biographie
1019 2943 1063 2975 de
1081 2942 1265 2983 Berenger
1283 2939 1414 2972 Fredol
1436 2938 1496 2981 (H.
1515 2938 1569 2977 L.‚
1589 2944 1615 2970 t..
1635 2949 1773 2976 xxx1v,

75 3004 110 3036 p.
137 2994 298 3037 62-178).
325 2994 415 3027 Voir
437 3006 501 3027 sur
523 2995 574 3027 lui
599 2996 778 3039 quelques
804 2996 936 3029 details
962 2985 1313 3038 complenicntaircs
1338 2992 1430 3024 dans
1457 2991 1496 3024 L.
1524 2991 1666 3023 Mohler
1693 2990 1777 3033 (Die

75 3045 282 3080 Κανάίηᾶίε
296 3047 417 3080 Jalcob
435 3049 511 3081 und
524 3048 627 3081 Peter
643 3048 817 3088 Colomm,
838 3049 1066 3086 Paderlmrn,
1084 3048 1189 3086 1914,
1207 3058 1241 3090 p.
1260 3046 1445 3087 270-272).
