2083 3458
134 208 284 263 [1134]
652 225 867 251 PAPARUM
904 227 1287 253 AVENIONENsmM
1733 212 1814 255 655

119 306 384 345 similitudine
405 307 445 344 di
468 307 507 345 S.
531 308 659 346 Piero.
685 309 839 348 Eadem
860 318 953 359 post
973 310 1291 360 Boninsegnium
1311 311 1440 348 tradit
1462 311 1593 361 Scipio
1616 311 1813 350 Ammira·

121 375 202 413 tus,
219 366 288 404 lib.
310 366 417 403 XIII
435 366 541 404 Hist.
562 367 746 415 Florent.,
763 383 802 418 p.
823 369 908 407 702.

175 425 382 463 Fundasse
412 439 502 463 eum
535 426 674 465 decem
715 428 991 466 anniversaria
1020 428 1062 465 in
1089 428 1267 467 Ecclesia
1290 428 1544 467 Narbonensi
1572 429 1740 479 legimus
1774 429 1816 466 in

115 483 352 533 Necrologio
375 483 559 533 ejusdem
591 486 807 534 Ecclesiae,
839 487 1028 525 videlicet
1059 502 1100 524 XI
1123 488 1201 525 kal.
1232 488 1383 528 martii.
1415 503 1499 525 xvn
1530 496 1570 526 et
1599 488 1701 538 prid.
1734 489 1812 527 kal.

122 543 273 594 aprilis,
302 558 373 581 xm
402 544 481 581 kal.
510 544 620 592 maii,
649 559 720 582 xlv
747 553 787 583 et
816 560 843 582 x
871 547 950 584 kal.
977 546 1095 595 junii,
1122 546 1224 596 prid.
1254 547 1334 585 kal.
1361 547 1464 596 julii,
1492 562 1531 584 vl
1559 562 1685 586 nonas
1711 547 1814 597 julii,

121 617 163 640 1v
189 603 269 641 kal.
293 602 471 652 augusti,
499 611 539 641 et
564 618 606 640 iv
633 604 712 642 kal.
737 605 992 654 septembris.
1020 605 1232 644 Praeterea
1259 606 1301 643 in
1325 606 1467 645 eodem
1496 605 1723 655 Necrologio
1757 606 1814 643 ita

121 662 270 712 legitur
291 661 343 699 ad
366 662 474 700 diem
496 676 696 700 nonarum
718 663 808 712 julii
833 680 839 701 :
865 664 1024 701 Festum
1044 664 1171 702 sancti
1193 664 1399 702 Martialis
1424 665 1606 713 fundavit
1633 665 1816 703 dominus

123 721 263 759 Petrus
288 721 332 758 de
358 721 535 765 Judi'cia.
558 723 754 771 quondam
776 723 992 760 cardinalis
1018 723 1216 771 Narbone,
1239 731 1273 761 et
1293 724 1490 761 ordinavit
1509 725 1608 774 quocl
1630 724 1731 762 (licta
1755 724 1816 762 die

125 780 194 829 fiat
209 780 402 830 processio
420 780 612 829 generalis
628 789 662 818 et
677 782 861 819 solemnis
876 796 964 819 curn
980 782 1091 832 capis
1101 782 1353 820 solemnibus
1370 783 1457 830 Qua
1473 783 1520 821 de
1537 798 1576 821 re
1593 783 1815 821 videndum

122 847 184 878 est
214 847 514 878 testamentum
546 840 730 889 ejusdem
763 841 871 879 Petri
904 841 1132 880 cardinalis.
1169 842 1369 880 Habuisse
1401 856 1494 880 eum
1526 842 1816 880 bibliothecam

123 906 286 937 constat
315 913 366 937 ex
394 906 646 937 testamento
676 899 775 949 ejuS.
809 900 1023 939 Librorum
1053 901 1139 950 ejus
1170 901 1353 938 nonnulli
1384 909 1599 939 censentur
1627 901 1745 939 hodie
1775 901 1817 938 in

124 957 388 996 Colbertina1
428 958 470 995 in
511 958 657 1007 quibus
690 959 774 1009 ipse
807 973 932 996 manu
964 960 1125 1009 propria
1159 960 1345 1009 scripsit:
1367 960 1428 997 Ea·
1459 960 1572 997 libris
1605 960 1678 998 mei
1710 959 1818 998 Petri

126 1016 297 1064 Judicis,
326 1017 613 1067 archiepiscopi
643 1016 928 1056 Narbonensis.

177 1076 220 1114 P.
251 1075 340 1123 423,
369 1076 434 1125 lig.
468 1077 500 1114 1.
533 1076 685 1115 SYMON
714 1091 768 1113 DE
791 1078 1051 1114 BROUSSANO
1070 1076 1097 1115 2.
1132 1078 1219 1127 Ipse
1249 1092 1288 1115 se
1319 1086 1439 1115 vocat
1469 1077 1598 1117 civem
1628 1077 1817 1116 Mediola-

124 1149 287 1173 nensem
313 1135 355 1173 in
380 1135 653 1174 declaratione
679 1140 803 1185 quam
828 1136 923 1174 fecit
948 1135 1181 1174 moriturus.
1210 1136 1430 1186 Utriusque
1454 1136 1552 1186 juris
1578 1135 1818 1175 solemnissi-

124 1208 235 1232 mum
257 1195 524 1244 professorem
547 1209 640 1234 eum
661 1204 783 1233 vocat
803 1195 994 1245 Aegidius
1014 1195 1252 1242 Bellamera,
1275 1195 1367 1233 dist.
1390 1195 1635 1243 XXXVIII,
1655 1210 1742 1245 cap.
1763 1210 1818 1242 lv,

126 1253 171 1291 Si
213 1253 256 1291 in
305 1253 433 1301 laicis,
475 1268 671 1303 magnum
720 1254 909 1294 clericum
950 1255 1092 1292 Petrus
1132 1254 1318 1292 Roderici
1368 1255 1584 1292 canonicus
1618 1254 1818 1292 Ecclesiae

125 1313 395 1351 Cordubensis
420 1313 463 1351 in
487 1313 739 1363 depositione
764 1328 856 1360 sua3
882 1313 952 1351 ubi
976 1312 1134 1351 inducit
1159 1313 1406 1351 cardinalem
1431 1313 1737 1352 Gebennensem
1762 1313 1818 1351 ita

124 1372 402 1422 alloquentem
427 1373 651 1411 cardinales
678 1381 773 1411 ante
800 1373 1024 1422 ingressum
1051 1372 1253 1411 conclavis
1279 1372 1319 1410 in
1347 1387 1426 1422 quo
1454 1373 1642 1410 Urbanus
1669 1373 1819 1410 electus

125 1439 186 1470 est
201 1430 216 1452 ³
237 1447 243 1469 :
262 1432 441 1478 Domini,
461 1432 497 1469 si
517 1432 716 1470 volueritis
734 1432 873 1480 eligere
892 1431 1214 1478 Lemovicensem,
1235 1446 1314 1469 ecce
1333 1431 1394 1468 hic
1413 1432 1628 1469 cardinalis
1646 1431 1819 1468 Lemovi—

126 1490 264 1538 censis,
294 1491 360 1541 qui
388 1499 443 1529 est
469 1491 581 1528 homo
608 1491 796 1541 antz'quus
823 1500 857 1529 et
883 1491 1103 1528 (wzmculus
1131 1505 1233 1540 pape
1267 1490 1456 1539 Gregorii.
1486 1491 1536 1528 Et
1562 1490 1596 1527 si
1624 1489 1821 1528 volueritis

125 1549 263 1599 eligere
294 1550 501 1597 Gallicum,
525 1565 605 1588 ecce
628 1551 690 1588 hic
712 1550 928 1588 cardinalis
953 1550 1087 1588 Sancti
1112 1549 1330 1588 Eustachii.
1355 1550 1405 1587 Et
1437 1549 1472 1587 si
1502 1549 1711 1596 Ytalicurn,
1743 1563 1822 1586 ecce

126 1609 187 1646 liic
219 1609 436 1647 cardinalis
468 1610 797 1656 Mediolanensz's,
832 1610 898 1659 qui
931 1618 984 1647 est
1017 1624 1185 1657 magnus
1218 1609 1390 1646 clericus.
1427 1609 1651 1658 Receperat
1684 1616 1821 1646 autem

126 1669 298 1718 gradum
321 1669 559 1707 doctoratus
582 1669 623 1707 in
644 1669 799 1719 legibus
823 1683 843 1706 a
870 1669 1036 1706 Nicolao
1061 1668 1250 1718 Spinello‚
1275 1668 1343 1717 qui
1365 1676 1506 1717 postea
1530 1668 1607 1705 fuit
1630 1667 1822 1705 cancella-

126 1727 206 1765 rius
231 1728 415 1767 Joannae
437 1728 598 1778 reginae
621 1728 791 1774 Siciliae,
814 1728 875 1765 uti
897 1736 1038 1778 postea
1062 1727 1185 1765 visuri
1207 1741 1359 1767 sumus.
1385 1728 1488 1764 Eum
1511 1726 1611 1764 citat
1633 1726 1822 1775 Aegidius

125 1787 350 1826 Bellamcra
376 1787 417 1825 in
443 1801 530 1838 cap.
558 1788 814 1834 Escaminata,
838 1788 897 1824 De
919 1787 1104 1836 jucliciis:
1131 1787 1182 1824 ab
1209 1800 1335 1835 eoque
1362 1801 1401 1824 se
1427 1786 1626 1836 accepisse
1652 1784 1823 1834 insignia

127 1846 364 1885 doctoratus
387 1847 429 1884 in
450 1856 625 1896 utroque
647 1847 734 1896 jure
759 1848 978 1896 profitetur
999 1846 1041 1883 in
1063 1845 1356 1884 commentario
1379 1845 1430 1882 ad
1453 1859 1540 1894 cap.
1565 1845 1610 1882 Si
1634 1844 1675 1881 in
1697 1843 1822 1881 laicis.

96 1898 98 1903 ⁸
131 1905 246 1943 Illum
271 1906 474 1956 scripsisse
498 1906 812 1944 commentarios
835 1906 876 1943 in
895 1906 1102 1954 Digestum
1123 1913 1163 1942 et
1185 1905 1224 1942 in
1247 1904 1513 1942 Clementinas
1534 1903 1648 1941 facile
1678 1902 1823 1952 colligi-

127 1973 194 2002 tur
211 1979 261 2003 ex
280 1965 583 2003 commentariis
601 1965 801 2003 Bonifacii
820 1965 867 2002 de
888 1964 1102 2002 Amanatis
1118 1963 1134 1986 4
1150 1964 1191 2001 in
1209 1963 1488 2010 Clernentinas,
1505 1962 1574 2000 ubi
1594 1962 1825 2011 frequenter

127 2024 250 2062 refert
285 2024 494 2075 opiniones
531 2024 704 2063 Simonis
741 2025 789 2062 de
817 2024 1033 2070 Brossano,
1058 2022 1272 2061 cardinalis
1298 2021 1620 2060 Mediolanensis.
1646 2022 1824 2058 Joannes

126 2082 316 2133 Baptista
339 2084 387 2123 de
410 2084 624 2134 Gasalupis
647 2084 688 2121 in
713 2084 896 2121 Tractatu
917 2084 961 2120 de
982 2083 1092 2120 modo
1112 2081 1293 2120 studendi
1316 2081 1359 2118 in
1381 2089 1538 2130 utroque
1561 2080 1648 2129 jure
1678 2079 1824 2117 diserte

128 2142 268 2180 scribit
287 2143 402 2180 illum
422 2143 627 2193 scripsisse
648 2157 768 2193 super
788 2141 1058 2180 Clementinis.

180 2201 299 2240 Anno
322 2202 580 2240 MCCCLXX
602 2202 734 2240 factus
757 2210 818 2240 est
836 2201 852 2224 ⁵
874 2200 1198 2250 archiepiscopus
1222 2198 1545 2245 Mediolanensis,
1567 2206 1708 2248 postea
1731 2211 1825 2235 vero

177 2352 208 2385 1.
234 2352 294 2385 Un
322 2350 548 2394 exemplaire
579 2350 622 2383 de
652 2350 687 2382 la
708 2349 876 2381 practica
898 2346 1158 2389 Inquisitionis
1179 2346 1222 2378 de
1244 2344 1410 2377 Bernard
1433 2344 1514 2382 Gui,
1538 2343 1600 2386 qui
1621 2343 1671 2375 lui
1693 2354 1827 2386 appar-

131 2405 215 2445 tint,
255 2404 373 2437 existe
406 2405 426 2436 a
456 2405 491 2436 la
522 2403 780 2446 bibliotheque
812 2401 993 2433 Vaticane
1029 2400 1084 2442 (G.
1118 2399 1260 2438 Mollat‚
1292 2398 1459 2430 Bernard
1493 2396 1575 2435 Gai,
1602 2396 1758 2444 Manuel
1787 2396 1827 2428 de

130 2458 395 2501 l'Inquisiteur,
425 2457 539 2496 Paris,
567 2457 672 2495 1926,
700 2468 733 2499 p.
763 2454 899 2496 xxvn).
927 2472 974 2475 —
998 2452 1068 2485 Sur
1095 2452 1215 2484 Pierre
1239 2451 1282 2483 de
1308 2451 1342 2483 la
1368 2450 1488 2493 Jugie,
1513 2449 1592 2482 voir
1614 2449 1651 2482 P.
1677 2449 1828 2481 Pansier

134 2511 310 2555 (Histoire
339 2511 389 2544 du
419 2511 616 2543 monastere
646 2510 686 2542 de
718 2507 1024 2541 Sainte-Praaeede
1054 2505 1275 2547 d'Avignon,
1294 2504 1386 2536 dans
1410 2503 1576 2535 Annales
1606 2502 1826 2544 cl'Awignon,

131 2571 157 2598 t.
179 2577 219 2597 1v
245 2563 378 2606 (1917),
403 2575 437 2606 p.
462 2564 571 2596 42-43
594 2568 631 2595 et
654 2561 775 2604 86-87)
801 2567 837 2593 et
862 2559 989 2592 Mahul
1015 2558 1233 2601 (Cartulaire
1253 2562 1283 2589 et
1303 2556 1462 2589 archives
1484 2556 1542 2588 des
1563 2566 1767 2587 communes
1789 2555 1829 2587 de

131 2618 288 2651 l’ancien
307 2617 480 2649 diocese...
502 2617 543 2649 de
562 2616 820 2653 Carcassonm,
844 2613 958 2651 Paris,
980 2612 1084 2650 1857,
1106 2617 1132 2644 t.
1152 2622 1202 2649 ιν,
1223 2622 1258 2653 p.
1279 2610 1348 2642 319
1367 2609 1451 2652 sq.).

183 2672 212 2703 2.
234 2669 372 2702 Baluze
392 2669 521 2712 ajoute
542 2680 549 2700 τ
570 2668 715 2700 Auctor
733 2672 922 2699 tractatus
944 2665 987 2697 de
1007 2663 1164 2696 concilio
1184 2661 1346 2706 generali
1373 2661 1410 2693 in
1433 2660 1558 2693 codice
1586 2660 1682 2693 3026
1696 2660 1748 2702 [B.
1768 2659 1825 2698 Ν.,

133 2735 199 2756 ms.
231 2722 326 2755 latin
355 2722 460 2761 1474,
490 2721 552 2754 fol.
584 2721 650 2754 321
683 2719 738 2765 v0]
764 2731 851 2753 cum
879 2719 1097 2761 loqueretur
1133 2716 1176 2748 de
1206 2715 1326 2748 tribus
1355 2713 1608 2747 cardinalibus
1634 2712 1734 2745 italis
1763 2712 1826 2755 qui
1862 2754 1871 2762 .

132 2781 367 2809 recesserunt
391 2775 438 2807 ab
464 2774 619 2807 Urbano
644 2773 699 2806 ait
723 2785 729 2805 :
756 2772 826 2806 Hii
848 2771 998 2814 suerunt
1022 2771 1062 2803 in
1083 2769 1237 2802 scientia
1259 2767 1355 2810 juris
1380 2767 1517 2809 magni,
1545 2771 1663 2809 utpote
1687 2766 1727 2798 in
1748 2765 1828 2808 jure

135 2830 289 2862 doctores
310 2828 456 2871 famosi,
481 2827 688 2870 specialiter
710 2824 1005 2859 Mediolanensis
1027 2823 1089 2866 qui
1114 2822 1301 2864 utriusque
1322 2820 1419 2862 juris
1437 2820 1554 2852 doctor
1576 2819 1742 2861 egregius
1756 2818 1829 2860 suit

136 2881 354 2915 mirabiliter
376 2880 570 2913 eminentis
593 2885 624 2912 et
647 2885 787 2912 esctense
811 2878 1007 2911 litterature
1029 2875 1102 2918 sere
1124 2875 1163 2907 in
1186 2873 1344 2917 qualibet
1365 2872 1546 2915 facultate.
1569 2890 1616 2893 —
1637 2870 1766 2903 Simon
1784 2871 1827 2903 de

135 2935 322 2968 Brossano
350 2932 588 2977 praepositus
617 2931 834 2964 Leodiensis
860 2928 1061 2973 (Lobbetii,
1088 2927 1213 2961 Gloria
1231 2926 1414 2959 Ecclesiae
1439 2925 1663 2962 Leodiwsis,
1693 2936 1728 2967 p.
1755 2924 1826 2966 22).

184 2990 216 3022 3.
239 2988 279 3020 B.
306 2987 362 3026 N.‚
386 2997 453 3019 ms.
476 2985 572 3018 latin
592 2985 722 3024 11745,
745 2984 807 3017 fol.
831 2983 900 3016 148
922 2986 964 3015 r0.

185 3041 217 3074 4.
248 3040 353 3073 Lisez
379 3039 423 3071 de
449 3037 637 3071 Vitalinis.
1006 3050 1008 3052 ’

186 3095 216 3127 5.
249 3093 353 3126 Lisez
381 3092 412 3124 le
442 3092 487 3125 18
514 3090 638 3134 juillet
662 3090 753 3123 1371
785 3088 932 3132 (Euhel,
958 3086 1190 3126 Ηίενανοὴὶα,
1216 3091 1242 3119 t.
1267 3096 1291 3124 1,
1318 3096 1352 3128 p.
1379 3083 1476 3126 333).
