2083 3458
252 200 331 241 622
442 242 450 255 ,
899 213 1050 238 NOTAE
1084 213 1144 237 AD
1179 212 1307 237 vms
1605 165 1607 167 ¹
1804 198 1955 254 [1455]

256 299 352 337 Item
370 306 519 336 constat
537 297 656 334 michi
675 298 777 347 quod
794 296 981 334 dominus
998 296 1257 335 Florentinus
1275 304 1310 334 et
1326 296 1513 334 dominus
1530 297 1574 334 de
1596 297 1760 335 Ursinis
1776 311 1816 335 se
1834 298 1956 335 decla-

253 366 436 396 raverunt
458 372 529 407 pro
553 364 663 406 parte
688 356 840 394 domini
866 356 989 394 nostri
1015 356 1058 394 in
1081 364 1206 394 castro
1231 355 1370 394 Sancti
1397 356 1597 394 „Iohannis
1622 358 1666 394 de
1690 357 1846 404 Charte,
1871 371 1957 407 pre-

251 418 429 456 sentibus
447 416 605 454 domino
624 429 706 453 meo
724 416 768 453 de
784 416 918 463 Luna,
938 430 1010 463 me,
1028 424 1063 454 et
1079 416 1239 454 domino
1257 415 1452 453 Niclzolao
1470 416 1515 453 de
1533 415 1706 466 Neapoli
1724 416 1958 454 cancellario

252 477 363 526 regni
386 476 543 523 Cecilie,
559 483 594 513 et
613 474 858 525 scripserunt
879 475 1038 513 domino
1062 483 1191 513 nostro
1215 483 1256 512 ut
1277 488 1381 524 pape
1404 475 1592 512 manibus
1614 475 1804 526 propriis.
1829 475 1959 513 Addit

226 557 229 563 =
253 535 469 574 cardinalis
484 535 532 573 de
546 534 725 572 Vernhio
738 534 780 571 in
792 548 865 573 sua
879 534 1135 585 depositione
1149 534 1162 557 1
1178 535 1280 585 quod
1299 534 1447 572 sciebat
1465 535 1649 572 assertive
1661 536 1763 585 quod
1774 534 1960 573 dominus

253 596 296 633 de
319 594 482 634 Ursinis
496 594 649 644 juravit
665 594 795 632 venire
811 595 864 632 ad
880 595 1087 632 dominum
1103 609 1255 645 papam
1272 594 1522 642 Clementem,
1541 602 1576 631 et
1590 608 1662 644 pro
1679 602 1776 632 certo
1794 594 1960 632 venisset

254 654 333 693 nisi
362 654 457 706 quia
485 668 587 691 mors
617 653 825 704 impedivit
851 668 953 692 eum.
984 654 1219 692 Gilabertus
1250 653 1298 691 de
1328 653 1585 703 Thodimgen
1612 654 1880 702 Alemannus,
1911 653 1959 692 de

253 714 426 753 dioecesi
441 712 664 751 Morinensi
679 713 890 761 oriundus,
906 713 1118 752 literarum
1134 713 1457 763 apostolicarum
1469 713 1705 751 abreviator
1717 721 1759 751 et
1771 713 1959 764 scriptor,

253 774 440 812 eamdem
463 772 679 811 historiam
703 773 925 811 confirmat
947 773 990 810 in
1013 772 1269 823 depositione
1293 786 1380 820 sua,
1404 772 1446 810 in
1470 786 1550 822 qua
1574 773 1630 812 sic
1653 774 1802 823 legitur
1826 773 1876 810 do
1898 773 1959 811 his

254 847 357 884 quae
382 841 495 883 gesta
520 840 618 871 sunt
641 840 736 882 post
760 832 1003 870 electionem
1027 832 1248 871 Clementis
1274 832 1288 855 2
1314 847 1321 869 :
1350 832 1448 870 Item
1481 832 1583 870 dixit
1614 834 1716 883 quod
1738 840 1827 883 post
1851 832 1962 871 illam

254 892 579 939 nominationem,
602 893 758 942 quando
778 891 1001 930 cardinales
1027 892 1175 930 Ytalici
1195 900 1435 930 recesserunt
1453 892 1506 929 ad
1524 899 1696 930 castrum
1716 893 1760 930 de
1782 892 1962 930 Tallacoz

252 953 357 1002 facta
380 953 466 1002 jam
492 951 674 989 electione
702 951 854 989 domini
882 966 986 1002 pape
1013 951 1240 999 Clementis,
1270 952 1340 989 iste
1367 951 1528 989 miserat
1554 953 1767 1001 quamdam
1794 951 1963 990 litteram

254 1012 412 1050 domino
433 1011 632 1049 cardinali
654 1012 698 1048 de
727 1011 889 1049 Ursinis
910 1011 946 1048 si
968 1011 1200 1061 dignaretur
1221 1011 1397 1061 recipere⁴
1414 1010 1534 1049 istum
1562 1011 1807 1049 Gilabertum
1830 1011 1873 1048 in
1896 1011 1962 1048 illo

254 1079 389 1110 castro.
418 1071 530 1108 Tunc
551 1071 771 1108 cardinalis
793 1070 997 1121 rescripsit
1016 1071 1097 1109 sibi
1120 1071 1222 1121 quod
1243 1071 1314 1108 iret
1334 1071 1387 1108 ad
1406 1085 1508 1118 eum,
1533 1086 1627 1108 nam
1647 1071 1684 1108 si
1706 1070 1806 1108 alibi
1840 1070 1960 1121 [non]

254 1139 394 1182 posset,
417 1131 555 1168 saltem
576 1130 763 1180 reciperet
782 1145 872 1168 eum
893 1131 968 1167 sub
990 1139 1152 1180 pectore.
1177 1131 1229 1168 Et
1250 1139 1342 1168 tunc
1366 1130 1436 1167 iste
1459 1129 1530 1167 ivit
1550 1131 1603 1168 ad
1622 1144 1730 1177 eum3
1755 1138 1789 1168 et
1812 1129 1962 1167 invenit

253 1190 333 1229 sibi
356 1190 563 1228 dominum
586 1190 631 1228 de
660 1189 823 1228 Ursinis
846 1190 1090 1228 cardinalem
1112 1189 1332 1241 predictum
1355 1198 1389 1228 et
1411 1190 1512 1227 alios
1535 1190 1715 1227 dominos
1739 1189 1961 1228 cardinales

259 1250 445 1288 Ytalicos.
470 1250 522 1288 Et
543 1257 752 1300 postquam
773 1250 957 1299 exposuit
977 1249 1034 1287 eis
1058 1250 1160 1300 quod
1182 1249 1408 1287 intendebat
1431 1249 1486 1287 ire
1508 1250 1560 1287 ad
1580 1264 1732 1300 papam
1755 1249 1962 1287 dominum

253 1310 502 1357 Clementem,
528 1309 595 1359 qui
618 1318 701 1347 erat
724 1309 768 1347 in
791 1310 886 1347 villa
908 1309 1159 1356 Fundorum,
1185 1309 1371 1347 diverunt
1392 1308 1472 1347 sibi
1496 1309 1649 1346 domini
1671 1306 1893 1347 cardinales
1917 1309 1961 1346 de

259 1369 422 1409 Ursinis
455 1377 489 1406 et
522 1370 565 1406 de
599 1369 805 1407 Florentia
839 1369 940 1419 quod
972 1370 1300 1407 recommendat-et
1332 1383 1395 1406 eos
1430 1369 1473 1406 in
1508 1369 1637 1418 gratia
1671 1368 1824 1406 domini
1858 1382 1962 1418 pape

253 1428 477 1467 Clementis.
507 1428 558 1467 Et
585 1428 763 1479 quotiens
789 1428 1049 1479 loquebantur
1075 1429 1120 1467 de
1148 1429 1214 1466 illo
1242 1428 1450 1476 Clemente,
1478 1442 1631 1478 semper
1657 1428 1847 1466 vocabant
1872 1442 1962 1465 eum

252 1503 415 1539 papam.
438 1489 490 1526 Et
509 1489 666 1538 quando
687 1488 952 1526 nominabant
970 1488 1200 1535 Barensem,
1224 1502 1303 1525 non
1323 1488 1583 1538 appellabant
1601 1502 1691 1525 eum
1710 1502 1875 1537 papam,
1895 1488 1964 1525 sed

253 1548 447 1596 dicebant,
476 1547 540 1585 ille
565 1547 633 1598 qui
658 1556 713 1586 est
737 1548 871 1586 Rome.
898 1548 951 1586 Et
973 1549 1191 1586 secundum
1219 1547 1289 1585 illa
1314 1562 1385 1598 que
1411 1547 1510 1585 vidit
1533 1562 1596 1584 eos
1621 1548 1818 1597 loquentes
1843 1547 1963 1585 credit

254 1608 355 1658 quod
384 1607 465 1658 ipsi
495 1606 648 1645 domini
677 1607 900 1645 cardinales
936 1607 1084 1646 Ytalici
1114 1615 1299 1657 reputant
1328 1607 1535 1645 dominum
1563 1606 1799 1644 Clementem
1829 1621 1962 1644 verum

255 1682 404 1718 papam
427 1675 461 1705 et
482 1667 610 1705 alium
634 1666 847 1705 intrusum.
875 1667 1061 1717 Denique
1087 1667 1232 1705 Petrus
1257 1667 1306 1705 de
1331 1668 1475 1705 Crosso
1499 1666 1537 1705 S.
1565 1667 1613 1704 R.
1640 1667 1686 1705 E.
1713 1665 1959 1705 camerarius

254 1726 296 1764 in
322 1740 394 1765 sua
423 1726 680 1777 depositione
707 1726 765 1764 ita
791 1727 954 1765 locutus
982 1734 1044 1764 est
1067 1725 1082 1748 3
1111 1742 1119 1764 :
1149 1727 1248 1764 Item
1273 1726 1375 1764 dixit
1411 1726 1513 1777 quod
1549 1725 1608 1763 illi
1636 1727 1711 1764 duo
1738 1725 1960 1764 cardinales

258 1786 420 1833 Ytalici,
438 1786 588 1824 scilicet
604 1787 648 1823 de
673 1786 836 1824 Ursinis
853 1794 888 1823 et
905 1786 1091 1824 dominus
1107 1786 1378 1833 Florentinus,
1393 1786 1629 1835 juraverunt
1645 1793 1678 1823 et
1692 1784 1978 1841 promiserunt

254 1860 460 1896 nunquam
483 1845 538 1883 ire
560 1846 612 1883 ad
632 1846 679 1884 Β.
706 1860 774 1883 nec
795 1846 996 1884 audebant
1017 1845 1147 1883 venire
1169 1846 1221 1883 ad
1242 1845 1450 1883 dominum
1471 1845 1515 1883 C.
1539 1852 1699 1895 propter
1720 1844 1959 1894 consangui-

254 1919 344 1942 neos
369 1913 404 1942 et
428 1913 586 1955 propter
614 1905 714 1943 bona
740 1920 811 1955 que
838 1905 919 1955 ipsi
945 1913 979 1943 et
1002 1905 1068 1943 sui
1093 1905 1291 1943 habebant
1317 1905 1360 1942 in
1384 1904 1570 1955 partibus
1601 1904 1743 1943 Ytalie.
1772 1904 1959 1942 Attamen

254 1979 459 2014 nunquam
480 1972 615 2014 postea
636 1973 881 2002 accesserunt
901 1965 954 2002 ad
973 1965 1021 2003 Β.
1046 1964 1141 2015 quia
1162 1964 1339 2002 sciebant
1360 1965 1463 2015 quod
1484 1979 1563 2002 non
1583 1972 1680 2002 esset
1701 1978 1813 2002 verus
1835 1978 1955 2013 papa.

253 2024 367 2062 Obiit
384 2024 400 2046 4
418 2032 557 2062 autem
577 2023 619 2062 in
638 2023 872 2062 obedientia
892 2024 1112 2064 Clementis
1132 2024 1227 2072 VII,
1247 2032 1294 2062 ut
1324 2023 1432 2062 bona
1453 2024 1533 2062 fide
1551 2023 1737 2074 agnoscit
1764 2022 1957 2073 Augusti-

251 2098 326 2121 nus
350 2083 562 2122 Oldoinus.
587 2084 642 2121 Et
666 2092 804 2122 tamen
824 2083 984 2122 inventi
1005 2091 1104 2122 sunt
1125 2083 1195 2133 qui
1217 2083 1400 2122 dicerent
1420 2083 1535 2120 illum
1555 2083 1598 2120 in
1618 2083 1792 2121 articulo
1814 2082 1956 2122 mortis

252 2143 533 2193 recognovisse
554 2143 783 2181 Urbanum.
806 2142 913 2182 Nam
933 2143 1173 2181 Franciscus
1194 2143 1241 2181 de
1263 2142 1434 2190 Urbino,
1454 2142 1668 2193 episcopus
1690 2141 1958 2187 Faventinus,
2001 2137 2004 2141 ’

238 2216 373 2252 agens
394 2217 467 2252 pro
489 2203 657 2241 Urbano
679 2217 816 2243 coram
836 2217 927 2253 rege
944 2203 1157 2251 Castellae,
1175 2217 1258 2241 non
1278 2202 1491 2240 dubitavit
1511 2216 1688 2240 asserere
1709 2201 1960 2240 cardinalem

252 2261 300 2299 de
320 2262 475 2300 Ursinis
493 2262 777 2312 recognovisse
795 2270 958 2313 partem
976 2262 1062 2311 ejus
1082 2277 1166 2300 esse
1185 2262 1394 2300 meliorem
1416 2278 1422 2299 ι
1442 2261 1509 2312 qui
1528 2276 1606 2299 non
1623 2262 1750 2299 solum
1767 2274 1958 2310 expresse,

250 2320 400 2370 inquit,
420 2322 488 2359 sed
505 2321 624 2360 etiam
643 2321 757 2359 tacite
776 2330 832 2359 est
849 2323 1066 2372 confessus,
1087 2322 1200 2359 tacite
1219 2323 1376 2372 quando
1396 2322 1440 2359 de
1459 2335 1530 2358 suo
1551 2328 1776 2358 testamento
1795 2320 1846 2357 ab
1866 2319 1957 2357 olim

250 2380 351 2428 sacto
375 2381 566 2419 revocavit
589 2381 796 2419 dominum
819 2381 958 2419 Sancti
982 2381 1193 2419 Eustachii
1217 2390 1251 2419 et
1274 2380 1481 2427 dominum
1505 2379 1557 2419 N.
1584 2381 1628 2417 de
1653 2379 1840 2430 Neapoli,
1865 2393 1960 2429 quos

252 2440 381 2489 primo
406 2441 658 2490 deputaverat
681 2449 911 2488 executores,
937 2440 1071 2478 dicens
1096 2455 1202 2478 nunc
1226 2442 1328 2491 quod
1351 2440 1505 2477 nolebat
1523 2447 1741 2477 executores
1766 2439 1960 2476 involutos

254 2498 297 2535 in.
322 2499 515 2538 scismate.
548 2500 662 2537 Idem
688 2508 868 2538 testatus
896 2508 958 2538 est
985 2500 1162 2539 Thomas
1200 2500 1248 2537 de
1276 2499 1448 2546 Acervo,
1477 2499 1691 2549 episcopus
1721 2497 1957 2540 Lucerinus,

252 2558 320 2606 qui
345 2573 437 2597 cum
462 2558 632 2597 dixisset
657 2559 883 2597 cardinales
912 2559 1075 2597 Italicos
1100 2559 1221 2597 ivisse
1246 2559 1298 2596 ad
1322 2567 1504 2597 castrum
1528 2557 1732 2606 Talacozi,
1756 2557 1858 2608 quod
1879 2565 1959 2595 erat

252 2616 383 2665 ipsius
405 2618 625 2656 cardinalis
648 2619 691 2656 de
719 2618 895 2666 Ursinis,
918 2619 1038 2656 addit
1062 2634 1069 2656 :
1094 2618 1163 2656 ubi
1185 2619 1342 2656 tandem
1365 2626 1542 2655 mortuus
1563 2626 1619 2655 est
1649 2617 1719 2655 iste
1740 2616 1960 2654 cardinalis

252 2676 294 2712 de
331 2677 492 2714 Ursinis
521 2692 567 2714 esc
597 2678 723 2715 nimio
753 2678 891 2716 dolore.
926 2678 1034 2716 Nam
1065 2677 1205 2715 medici
1236 2677 1450 2715 nescientes
1488 2678 1601 2726 plene
1631 2691 1709 2727 qua
1737 2675 1960 2725 egritudine

253 2744 427 2772 mortuus
458 2736 612 2785 fuisset,
645 2737 820 2786 fecerunt
850 2752 940 2775 eum
971 2737 1194 2784 eviscerari,
1230 2745 1270 2774 ut
1301 2751 1443 2786 corpus
1475 2736 1561 2785 ejus
1593 2750 1683 2773 cum
1714 2734 1959 2773 aromatibus

254 2804 542 2832 conservaretur
562 2796 702 2833 melius
724 2811 843 2846 usque
863 2798 914 2834 ad
932 2797 1035 2834 diem
1052 2796 1220 2846 funeris.
1238 2797 1351 2847 Quod
1367 2796 1493 2845 funus
1514 2810 1592 2832 non
1612 2795 1740 2845 potuit
1764 2794 1837 2831 cito
1857 2793 1958 2843 fieri,

302 2937 330 2967 ¹1.
363 2937 427 2969 Ms.
452 2938 535 2976 cite,
561 2938 621 2971 fol.
645 2940 689 2971 38
713 2944 762 2972 νο.

302 2992 331 3020 23.
363 2990 428 3022 MS.
459 2991 542 3029 cite,
569 2991 629 3024 fol.
656 2993 696 3025 51
725 2997 775 3025 v0.

303 3044 331 3073 ¹5.
364 3042 428 3075 Ms.
459 3044 541 3082 citc',
571 3044 631 3077 fol.
661 3046 704 3078 63
732 3050 782 3079 v0.

301 3094 331 3125 ft.
366 3095 392 3126 Il
413 3102 565 3128 mourut
584 3097 614 3129 lc
635 3098 678 3130 15
699 3099 790 3131 nont
810 3099 902 3132 1379
926 3098 1029 3141 (Reg.
1053 3099 1162 3132 Avin.
1185 3098 1265 3138 279,
1288 3098 1348 3132 fol.
1371 3099 1415 3131 89
1438 3102 1500 3141 v0)v
