2083 3458
125 205 250 261 [653]
684 220 901 246 PAPARUM
937 221 1323 247 AVENIONENSIUM
1743 206 1821 248 137

113 303 342 343 libellorum
369 303 649 353 conceptione,
676 304 846 354 loquens
875 305 922 343 de
950 305 1082 344 titulis
1111 305 1393 353 cardinalium,
1422 306 1563 344 scribit
1590 306 1665 344 sibi
1693 306 1822 345 videri

113 361 201 402 illos
216 378 333 414 posse
357 377 441 401 esse
457 362 541 400 sine
565 362 701 409 titulo,
722 372 762 401 ut
777 364 920 402 nostris
939 364 1193 414 temporibus,
1209 364 1358 414 inquit,
1375 365 1453 414 suit
1477 365 1520 402 in
1534 365 1693 402 domino
1708 366 1823 403 Petro

113 423 158 460 de
184 422 393 469 Columna,
419 421 486 471 qui
509 421 579 459 diu
603 422 689 459 sine
713 423 824 460 titulo
847 437 886 460 se
909 423 1056 461 vocavit
1077 431 1235 461 sanctae
1258 438 1443 461 romanae
1473 424 1670 462 Ecclesiae
1696 424 1822 462 cardi-

114 482 255 528 nalem,
277 481 395 518 donec
412 495 487 531 per*
499 480 585 530 ejus
604 481 845 519 vacationem
864 483 1106 532 recuperavit
1125 483 1283 520 titulum
1303 497 1414 532 quem
1433 491 1522 520 ante
1541 483 1824 533 depositionem

114 540 315 587 habuerat,
337 540 484 577 scilicet
506 540 642 577 Sancti
664 540 823 589 Angeli.
852 541 898 579 In
918 555 998 590 quo
1020 549 1158 579 tamen
1184 541 1332 579 falsum
1354 542 1476 580 fuisse
1498 550 1601 592 puto
1619 542 1822 580 Joannem

113 599 301 638 Andreae
319 598 334 621 1
358 613 451 636 cum
474 606 631 636 certum
655 599 721 645 sit,
746 608 792 636 ut
815 608 937 640 antea
962 599 1060 647 dixi,
1084 600 1192 641 hunc
1216 601 1384 639 Petrum
1408 600 1530 639 fuisse
1553 600 1672 642 initio
1695 601 1823 639 cardi-

113 658 247 696 nalem
271 656 409 696 Sancti
445 657 671 695 Eustachii.
709 658 911 697 Existimo
946 667 1085 697 autem
1120 659 1154 697 ei
1189 660 1334 697 datum
1368 674 1452 698 esse
1486 659 1657 697 titulum
1684 660 1822 698 Sancti

115 716 260 766 Angeli
284 730 392 755 anno
418 716 645 755 MCCCXII
670 725 765 767 post
789 725 963 755 mortem
990 718 1222 768 Landulphi
1246 718 1470 757 Brancatii.
1499 719 1628 766 Quem
1653 718 1824 756 titulum

112 784 256 826 postea
287 776 467 814 Joannes
498 775 628 813 XXII
657 789 765 816 anno
796 776 1104 814 MCCCXXVII
1135 777 1249 815 dedit
1279 777 1431 815 Joanni
1461 777 1698 825 Columnae,
1730 792 1823 816 cum

114 849 207 873 eum
222 848 400 872 vacuum
417 834 621 884 superiore
637 848 745 874 anno
763 835 924 873 fecisset
940 850 1046 873 mors
1064 836 1174 874 Petri
1194 836 1220 874 ².

169 894 289 932 Hunc
313 894 481 932 Petrum
505 894 685 931 Joannes
707 893 920 941 Villanius,
943 895 1012 933 h'b.
1037 895 1131 943 VII,
1156 909 1243 945 cap.
1270 909 1395 932 cxvm
1431 894 1659 944 [Muratori,
1682 903 1712 934 t.
1737 910 1825 942 xm,

115 953 187 991 col.
216 952 315 1003 317]
345 951 404 990 ait
429 966 600 991 uxorem
627 953 818 991 habuisse
845 967 892 991 eo
918 961 1102 1003 tempore
1131 968 1211 1003 quo
1239 954 1372 992 factus
1401 962 1462 991 est
1495 954 1725 1001 cardinalis,
1754 954 1824 992 sed

115 1011 330 1050 Nicolaum
357 1011 411 1048 IV
435 1025 527 1049 cum
550 1025 595 1049 ea
620 1011 888 1062 dispensasse,
912 1012 953 1050 id
976 1020 1050 1059 est,
1075 1012 1328 1050 matrimonii
1350 1012 1562 1050 vinculum
1585 1013 1751 1051 solvisse
1775 1013 1824 1051 de

113 1065 369 1121 p‘lenitudine
398 1070 632 1120 potestatis,
663 1078 753 1108 tum
784 1085 880 1109 vero
909 1085 999 1109 eam
1030 1071 1184 1109 factam
1214 1086 1297 1109 esse
1328 1071 1696 1110 sanctimonialem.
1727 1072 1826 1109 Fece

114 1130 314 1167 cardinale
331 1143 493 1167 messere
509 1129 628 1167 Piero
654 1130 755 1168 della
772 1129 805 1167 C
807 1131 951 1167 olonna
969 1144 1047 1167 non
1074 1138 1222 1168 ostante
1239 1130 1303 1168 clze
1321 1130 1477 1168 havesse
1495 1145 1555 1168 mo
1560 1131 1653 1179 glie,·
1672 1131 1826 1180 laquale

114 1189 313 1239 dispenso,
330 1203 348 1226 e
361 1188 441 1237 fece
457 1189 659 1227 monacha.
680 1189 756 1227 Hic
773 1197 834 1227 est
851 1189 957 1226 enim
974 1203 1094 1227 verus
1110 1190 1257 1227 horum
1272 1189 1492 1227 verborum
1510 1204 1662 1230 sensus.
1683 1189 1826 1239 Neque

114 1247 214 1285 mihi
237 1248 373 1298 placet
397 1247 560 1286 detorta
585 1262 631 1286 ac
656 1248 837 1286 violenta
862 1248 1023 1286 illorum
1047 1248 1337 1298 interpretatio
1362 1248 1431 1298 qui
1455 1248 1550 1286 hinc
1575 1249 1827 1298 collegerunt

113 1306 226 1344 illam
259 1307 483 1356 ingressam
533 1321 617 1345 esse
663 1307 960 1345 monasterium
1008 1315 1104 1345 ante
1153 1321 1277 1357 quam
1325 1306 1498 1345 maritus
1543 1306 1657 1346 fieret
1696 1307 1824 1345 cardi—

114 1365 231 1404 nalis.

169 1425 415 1474 Quanquam
443 1425 683 1463 Guillelmus
711 1425 759 1463 de
789 1424 1144 1463 Montelaudun03
1169 1424 1211 1463 in
1244 1424 1383 1462 Glossa
1409 1425 1461 1462 ad
1490 1439 1578 1475 cap.
1608 1425 1674 1462 Ad
1699 1425 1824 1462 succi-

115 1484 272 1531 dendos,
296 1483 344 1522 de
366 1483 600 1531 schismate,
622 1484 664 1522 in
687 1484 814 1531 Sexto,
838 1483 1003 1522 videtur
1024 1484 1155 1522 dicere
1179 1483 1395 1531 Jacobum,
1418 1498 1501 1523 non.
1522 1498 1618 1522 vero
1642 1484 1825 1531 Petrum,

114 1542 305 1581 habuisse
340 1557 523 1581 uxorem.
563 1543 722 1593 Quippe
757 1539 927 1592 loouens
964 1543 1012 1580 de
1048 1543 1124 1581 hac
1158 1542 1360 1581 Bonifacii
1395 1542 1500 1580 VIII
1536 1542 1827 1580 Constitutione

114 1603 300 1639 adversus
320 1601 603 1639 Columnenses
623 1602 683 1639 ait
705 1618 711 1640 :
734 1602 819 1639 Nos
840 1610 969 1640 tamen
993 1602 1193 1649 Tolosani,
1216 1601 1360 1651 quihus
1379 1601 1465 1651 ejus
1486 1601 1673 1639 memoria
1690 1601 1824 1639 odiosa

114 1669 169 1698 est
188 1669 345 1711 propter
366 1675 524 1699 uxorem
548 1661 702 1709 Jacobi,
725 1675 795 1711 que
816 1675 862 1698 ex
883 1661 996 1698 nobis
1017 1661 1135 1698 traxit
1156 1660 1349 1709 originem
1370 1660 1541 1698 Francie
1561 1661 1702 1710 patrie,
1725 1660 1826 1698 hanc

117 1720 160 1757 in
175 1720 331 1767 scholis,
350 1720 407 1757 vel
423 1720 523 1758 alibi
540 1721 663 1769 legere
681 1735 759 1757 non
777 1734 974 1758 curamus.

168 1779 404 1817 Matthaeus
438 1779 919 1820 Westmonasteriensis4
951 1778 1010 1816 ait
1042 1779 1147 1816 hanc
1181 1777 1453 1818 cardinalium
1488 1778 1822 1817 Columnensium

115 1838 422 1877 restitutionem
447 1838 701 1889 displicuisse
728 1838 976 1888 quibusdam
1003 1853 1021 1875 e
1047 1852 1160 1876 sacro
1187 1836 1366 1886 collegio.
1383 1837 1507 1884 Hinc,
1526 1837 1675 1887 inquit,
1697 1837 1825 1886 aliqui

115 1911 134 1934 e
155 1897 348 1946 fratribus
372 1905 683 1936 murmurarunt.
712 1897 764 1935 Hi
787 1912 870 1936 non
903 1897 970 1934 alii
995 1897 1117 1935 fuisse
1141 1896 1336 1934 videntur
1369 1909 1494 1945 quam
1519 1896 1588 1946 qui
1612 1910 1634 1934 a
1658 1896 1822 1934 Bonifa-

117 1956 177 1994 cio
201 1956 306 1994 VIII
330 1956 663 1997 Columnensium
694 1957 811 1994 hoste
836 1956 935 1994 facti
966 1956 1130 1993 fuerant
1154 1955 1392 2002 cardinales,
1418 1955 1656 1993 Franciscus
1677 1969 1823 2005 nempe

118 2015 303 2062 Ursinus,
326 2023 373 2052 ut
394 2029 496 2076 reor,
521 2015 602 2053 duo
625 2015 812 2065 Cajetani
835 2023 876 2054 et
901 2015 1128 2053 Richardus
1153 2015 1366 2060 Petronus,
1391 2027 1437 2051 ac
1458 2013 1630 2052 fortasse
1654 2014 1821 2063 quidam

164 2182 196 2215 1.
228 2181 503 2215 L'affirmation
533 2182 576 2215 de
606 2182 704 2215 Jean
732 2182 859 2215 Andre
888 2187 945 2214 est
974 2181 1252 2224 partiellement
1282 2180 1465 2213 inexacte.
1502 2180 1622 2212 Pierre
1654 2179 1819 2213 Colonna

115 2236 240 2279 parait
260 2246 356 2278 pour
376 2235 411 2267 la
432 2235 612 2278 premiere
634 2235 705 2268 fois
727 2247 818 2268 avec
839 2235 870 2268 le
893 2235 980 2267 titre
1004 2235 1047 2267 de
1070 2233 1175 2267 Sant'
1198 2234 1340 2277 Angelo
1362 2233 1400 2265 in
1423 2233 1629 2272 Pescheria,
1654 2233 1746 2266 dans
1767 2234 1818 2266 les

115 2287 287 2331 registres
315 2288 565 2331 pontifieaux,
594 2289 625 2322 16
654 2289 699 2322 18
728 2288 802 2321 mai
830 2289 923 2321 1318
956 2287 1111 2331 (Mollat‚
1141 2298 1176 2320 n.
1206 2287 1311 2325 7242,
1341 2287 1445 2325 7243,
1476 2286 1580 2325 7247,
1612 2285 1692 2318 voir
1719 2286 1817 2319 aussi

114 2352 150 2374 n.
168 2342 273 2381 7922,
292 2342 396 2381 8031,
416 2342 520 2381 8042,
539 2341 684 2385 10778),
703 2341 796 2374 mais
813 2341 837 2374 il
854 2341 959 2373 avait
976 2340 1069 2373 celui
1087 2341 1130 2372 de
1143 2339 1461 2372 Saint-Eustache
1479 2345 1597 2371 avant
1614 2350 1654 2371 sa
1671 2339 1819 2382 deposi-

117 2394 209 2428 tion.
239 2394 285 2427 Ni
311 2394 446 2427 Benoit
472 2394 529 2427 XI
556 2394 593 2427 ni
620 2394 789 2428 Clement
814 2394 846 2427 V
872 2406 916 2427 ne
944 2394 1153 2426 donnerent
1178 2405 1229 2425 un
1255 2393 1341 2425 titre
1369 2392 1590 2425 cardinali-:e
1617 2403 1691 2424 aux
1719 2392 1816 2425 deux

115 2447 293 2481 Colonna.
315 2447 443 2489 Quant
462 2448 484 2480 a
502 2448 665 2492 Jacques
684 2447 709 2480 il
729 2448 816 2480 n'en
834 2453 939 2489 recut
959 2458 1082 2479 aucun
1102 2447 1145 2478 de
1165 2446 1262 2478 Jean
1283 2445 1413 2478 XXII.
1436 2445 1485 2477 Le
1505 2445 1545 2476 11
1570 2445 1661 2477 aout
1680 2445 1772 2478 1318
1792 2445 1816 2478 il

115 2500 287 2534 obtenait
311 2501 590 2534 l'autorisation
616 2501 660 2534 de
687 2507 803 2534 tester
832 2500 987 2544 (Mollat‚
1015 2511 1050 2532 n.
1079 2500 1199 2542 8016).
1228 2499 1296 2531 Les
1322 2498 1494 2541 registres
1522 2498 1570 2529 du
1597 2497 1759 2530 Vatican
1784 2499 1816 2531 le

113 2553 378 2587 mentionnent
397 2554 428 2587 16
449 2555 494 2587 13
516 2555 607 2587 aout
627 2566 772 2587 comme
793 2554 941 2587 n⁷etant
962 2553 1044 2596 plus
1065 2564 1111 2585 en
1132 2552 1189 2584 vie
1216 2551 1371 2594 (Mollat‚
1394 2563 1428 2584 n.
1452 2551 1573 2594 8032),
1596 2550 1689 2583 mais
1710 2551 1816 2594 Ange

114 2607 158 2640 de
186 2606 341 2640 Clareno
366 2607 470 2650 place
509 2618 556 2640 au
581 2607 627 2640 14
653 2608 745 2640 aout
770 2618 810 2640 sa
842 2606 893 2639 fin
918 2605 1097 2639 edifiante
1128 2605 1269 2648 (Finke,
1296 2604 1389 2637 Acta
1412 2604 1681 2647 Aragonensia,
1709 2610 1735 2636 t.
1761 2616 1814 2644 111,

112 2671 147 2693 n.
179 2660 276 2703 169).

161 2711 193 2747 2.
213 2713 369 2756 D’apres
386 2725 438 2745 un
455 2713 725 2746 ambassadeur
741 2712 937 2756 aragonais
959 2712 1099 2755 (Finke,
1121 2716 1157 2744 ut
1173 2722 1268 2754 sup„
1287 2716 1313 2743 t.
1331 2722 1381 2750 111,
1400 2721 1435 2753 p.
1455 2709 1536 2753 504)
1556 2721 1612 2742 ses
1630 2709 1815 2753 obseques

112 2772 244 2799 eurent
266 2766 339 2799 lieu
361 2766 393 2799 le
418 2767 437 2800 8
460 2766 607 2809 janvier
628 2766 750 2810 1326).
1568 2806 1579 2813 ρ

160 2819 193 2852 3.
218 2819 466 2852 Montlauzun
488 2830 525 2852 se
549 2825 696 2863 trompe
720 2831 782 2852 sur
804 2819 835 2851 16
860 2830 949 2851 nom
973 2818 1016 2850 de
1040 2829 1107 2849 son
1131 2827 1372 2860 personnage.
1400 2815 1446 2848 Ce
1470 2815 1529 2848 fut
1555 2814 1725 2855 Etienne,
1755 2815 1810 2849 fils

113 2871 156 2905 de
177 2872 275 2905 Jean
296 2871 473 2912 Colonna‚
497 2872 560 2916 qui
581 2874 721 2916 epousa
741 2873 773 2905 le
795 2873 815 2905 8
835 2871 983 2915 janvier
1003 2871 1096 2903 1286
1118 2869 1373 2909 Gaueerande,
1400 2868 1471 2901 fille
1494 2868 1537 2901 de
1559 2868 1745 2901 Jourdain
1767 2869 1810 2902 de

110 2924 416 2959 l'Isle-Jourdain
437 2925 492 2968 (Ε.
514 2925 832 2965 Martin-Chabot‚
855 2923 1111 2957 Contributi'on
1129 2923 1151 2955 ὰ
1170 2922 1343 2955 l'hi'stoire
1361 2922 1402 2955 de
1424 2921 1458 2954 la
1475 2921 1616 2964 famille
1634 2920 1808 2960 Colonna,

111 2978 205 3011 dans
231 2977 607 3012 Annuaire-Bulletin
634 2979 675 3012 de
701 2978 736 3011 la
763 2977 897 3011 Societe
924 2978 964 3009 de
991 2976 1164 3009 l'histoire
1190 2975 1230 3008 de
1256 2975 1407 3014 France,
1436 2974 1541 3014 1920,
1573 2985 1608 3018 p.
1638 2974 1811 3015 137-140,

109 3031 295 3074 181-185).

158 3084 190 3117 4.
220 3084 344 3117 Flores
362 3084 607 3124 historiarum,
630 3089 656 3117 t.
676 3096 713 3124 11,
735 3095 770 3127 p.
792 3083 873 3116 126.
