2083 3458
275 258 358 300 554
913 275 1063 300 NOTAE
1099 274 1158 299 AD
1194 274 1321 300 VITAS
1834 257 1986 313 [1439]

274 358 499 396 letabantur
535 359 637 409 quod
673 373 751 396 non
786 358 874 396 sine
910 358 1111 396 devotione
1146 358 1239 396 talis
1273 358 1488 407 spectaculi
1526 358 1676 397 intuitu
1712 358 1777 397 via:
1811 366 1991 408 poterant

274 418 430 456 satiari.
450 418 593 468 Aliqui
610 417 748 456 omnia
765 418 985 455 derivantes
1004 417 1047 454 in
1063 417 1181 467 pejus
1198 417 1358 455 Cesaris
1374 414 1707 467 pusillanimitati
1723 418 1840 456 talem
1858 417 1989 467 impu-

274 485 360 515 tant
394 477 649 525 famulatum‚
690 477 853 527 quidam
891 477 1010 514 etiam
1049 476 1134 526 ficte
1172 476 1404 516 humilitati.
1444 477 1586 527 Aliqui
1623 477 1796 516 Ecclesie
1834 476 1990 514 nomini

274 550 428 585 semper
447 536 582 586 infesti
601 537 670 574 hoc
688 536 805 586 pium
823 536 1056 586 obsequium
1074 544 1144 574 aut
1163 535 1393 574 deridebant
1410 544 1480 574 aut
1497 536 1774 586 dampnabant
1791 535 1991 588 obstinata

277 595 485 644 protervia.
508 596 544 633 Ε
547 610 593 645 go
613 604 744 633 autem
763 603 870 633 tanto
892 595 1039 645 gaudio
1058 594 1246 645 perfusus
1264 610 1354 633 sum
1375 604 1417 634 ut
1435 596 1501 634 vix
1519 596 1674 634 meimet
1698 610 1827 646 capax
1851 595 1989 645 sorem,

275 654 491 703 aspiciens,
515 655 617 705 quod
636 664 848 705 parentum
870 662 1093 692 nostrorum
1115 654 1263 693 ibidem
1284 655 1474 693 memoria
1493 663 1528 693 et
1548 655 1791 705 temporibus
1813 654 1990 692 invisum

274 713 373 763 sorte
389 722 424 752 et
443 714 692 763 insperatum
704 714 797 763 suit,
812 722 1011 764 papatum
1024 728 1114 752 cum
1132 714 1301 764 imperio
1318 714 1536 762 convenire,
1554 729 1712 752 carnem
1725 713 1990 763 obtemperare

274 772 455 823 spiritui,
481 782 515 811 et
537 774 704 823 denique
726 782 923 811 terrenum
946 773 1163 823 imperium
1184 773 1313 812 celesti
1335 773 1495 824 obsequi
1519 773 1756 814 monarchia.

330 832 374 871 P.
403 832 493 881 369,
519 833 587 883 lig.
617 832 679 871 23.
713 833 1031 871 IMPERATRICIS.
1061 832 1149 871 Elle
1175 833 1310 871 arriva
1336 834 1372 871 le
1399 832 1449 870 29
1475 833 1641 872 octobre
1669 833 1849 882 (Baluze,
1877 840 1906 871 t.
1932 846 1988 880 1v,

275 906 314 942 p.
364 891 469 941 134x

332 951 374 989 P.
405 951 497 999 369,
516 951 584 1002 lig.
609 951 671 990 25.
699 952 949 990 EPISCOPUM
973 952 1237 999 OSTIENSEM‚
1260 951 1526 990 Guillelmum
1549 952 1689 991 Sudre.
1718 952 1920 990 Garoscus
1941 951 1989 989 de

279 1010 487 1050 Ulmoisca
514 1010 679 1050 veteii1
707 1026 714 1049 :
742 1011 795 1049 Et
819 1011 1007 1048 dominus
1032 1011 1253 1049 cardinalis
1279 1010 1476 1049 Ostiensis
1501 1011 1618 1050 unxit
1641 1025 1727 1049 eam
1753 1011 1832 1048 oleo
1857 1019 1992 1048 sancto

275 1084 322 1108 em
336 1071 492 1108 dextera
507 1079 542 1109 et
555 1070 725 1109 sinistra
738 1078 851 1120 parte
866 1079 900 1108 et
914 1079 1013 1109 retro
1029 1071 1201 1110 dorsum.
1220 1070 1364 1109 Oratio
1380 1071 1547 1121 quando
1561 1071 1807 1121 imperatrix
1821 1070 1992 1120 ungitur

275 1130 364 1168 oleo
387 1144 502 1168 sacro
526 1138 647 1182 extat
666 1130 709 1168 in
731 1137 846 1168 tomo
870 1130 1051 1168 secundo
1075 1129 1213 1168 Musei
1238 1130 1386 1178 Italici,
1403 1145 1441 1180 p.
1462 1129 1552 1177 405,
1569 1138 1610 1168 et
1633 1130 1745 1180 apud
1765 1129 1990 1168 Odor-icum

278 1188 561 1238 Rayxmldum,
594 1184 660 1228 an.
695 1188 810 1237 1355,
849 1189 866 1238 ξ
899 1189 959 1228 10.
1685 1189 1686 1192 ’

331 1248 373 1287 Ρ.
398 1248 488 1296 369,
509 1249 577 1298 lig.
601 1248 663 1288 26.
688 1249 839 1287 PROUT
861 1262 990 1287 Moms
1013 1263 1101 1288 EST.
1127 1249 1287 1300 Quippe
1309 1249 1360 1287 ad
1383 1249 1622 1299 episcopum
1645 1248 1878 1287 Ostiensem
1902 1262 1990 1298 per-

276 1307 382 1345 tinet
407 1308 603 1358 inungere
628 1309 937 1358 imperatorem,
965 1317 1005 1346 et
1031 1323 1103 1358 per
1127 1323 1381 1359 consequens
1406 1308 1724 1358 imperatricem.
1753 1307 1856 1346 Vide
1883 1307 1989 1346 Odo-

275 1367 406 1405 ricum
432 1367 714 1417 Raynaldum,
739 1382 805 1406 an.
833 1367 948 1416 1311,
980 1368 997 1417 ξ
1021 1368 1057 1415 9,
1082 1375 1124 1406 et
1147 1382 1211 1406 an.
1240 1367 1354 1416 1355,
1386 1367 1403 1417 §
1427 1368 1461 1407 7.

331 1427 373 1465 P.
397 1426 486 1474 369,
507 1427 574 1477 lig.
597 1426 659 1466 30.
683 1424 809 1466 SUUM
834 1441 1055 1466 VICARIUM.
1080 1427 1242 1465 Extant
1267 1427 1309 1465 in
1329 1435 1444 1466 tomo
1475 1427 1655 1467 secundo
1677 1425 1855 1465 Bullarii
1876 1425 1990 1464 Casi-

277 1486 427 1534 nensis,
446 1501 484 1536 p.
505 1486 595 1534 281,
612 1487 757 1525 literae
778 1486 921 1525 Karoh'
939 1486 954 1509 2
972 1487 1095 1525 datae
1113 1486 1224 1537 apud
1243 1487 1399 1525 Lucam
1416 1501 1473 1524 ΧΠ
1491 1487 1570 1525 kal.
1590 1486 1728 1536 aprilis
1757 1485 1821 1536 [21
1839 1499 1947 1524 mars
1962 1485 1988 1536 ]‚

275 1545 316 1583 in
350 1546 499 1593 quihus
530 1546 590 1584 ita
622 1547 774 1597 legitur
806 1562 813 1584 :
851 1546 982 1584 Testes
1012 1545 1135 1596 liujus
1166 1546 1222 1583 rei
1252 1555 1347 1584 sunt
1376 1545 1727 1584 reverendissimus
1759 1545 1803 1583 in
1833 1544 1990 1583 Christo

276 1613 387 1654 pater
403 1605 589 1643 dominus
608 1605 737 1643 Guido
752 1605 988 1644 Portuensis
1003 1605 1216 1655 episcopus
1230 1613 1362 1644 sancte
1377 1605 1556 1643 Romane
1566 1605 1740 1643 Ecclesie
1755 1604 1988 1652 cardinalis,

275 1678 346 1713 pro
379 1664 581 1713 majestate
612 1674 746 1704 nostra
777 1664 947 1703 Cesarea
978 1665 1022 1702 in
1051 1664 1237 1716 partibus
1273 1664 1405 1703 Ytalie
1435 1665 1699 1702 locumtenens
1729 1672 1764 1702 et
1794 1663 1990 1713 generalis

276 1723 464 1762 vicarius.
488 1724 592 1763 Item
609 1725 713 1763 aliae
729 1725 772 1762 in
788 1724 974 1762 Historia
987 1724 1172 1773 familiae
1187 1723 1357 1772 Fliscae‚
1375 1739 1414 1775 p.
1433 1723 1520 1772 104,
1539 1724 1662 1762 datae
1677 1723 1832 1762 ibidem
1851 1737 1889 1761 VI
1907 1723 1985 1762 kal.

274 1782 381 1832 junii
416 1783 480 1833 [27
505 1784 585 1822 mai
601 1783 628 1834 ],
652 1784 695 1823 in
718 1783 867 1834 quibus
892 1784 1037 1822 eadem
1061 1783 1186 1822 verba
1209 1784 1415 1834 leguntur.

332 1842 374 1880 P.
403 1842 492 1890 370,
518 1844 585 1893 lig.
614 1843 649 1882 3.
679 1843 841 1881 NOMEN
872 1840 1002 1882 s'UUM.
1031 1843 1184 1882 Verum
1211 1843 1378 1893 quidem
1402 1843 1528 1881 istud.
1558 1843 1636 1881 Sed
1670 1851 1813 1882 tamen
1837 1856 1986 1880 nomen

275 1901 377 1938 illud
403 1902 437 1939 ei
462 1902 706 1952 impositum
730 1917 814 1941 non
838 1911 901 1941 est
924 1911 1142 1953 propterea
1171 1903 1282 1952 quod
1306 1910 1426 1953 pater
1450 1902 1537 1952 ejus
1561 1902 1621 1940 ita
1646 1901 1891 1950 vocabatur,
1917 1901 1987 1940 sed

278 1961 374 2010 quia
405 1970 640 2012 cumpater
668 1976 762 2001 eum
792 1963 841 2000 de
879 1977 952 2000 suo
981 1962 1147 2000 nomine
1176 1962 1315 2000 vocari
1335 1962 1472 2009 vellet,
1499 1962 1685 2012 patrinos
1715 1961 1750 2000 ei
1774 1961 1889 1999 dedit
1918 1960 1986 2010 qui

275 2020 422 2058 eodeni
441 2021 604 2061 nomine
623 2021 958 2072 appellabantur,
976 2021 1018 2060 id
1037 2029 1112 2069 est,
1135 2019 1336 2059 Karolum
1355 2021 1570 2060 dominum
1586 2020 1987 2059 Montismorenciaci

277 2087 318 2117 et
337 2079 540 2118 Karolum
558 2082 753 2119 comitem
772 2081 821 2119 de
842 2080 1203 2128 Domnomartino,
1223 2081 1285 2118 uti
1301 2081 1388 2130 jam
1407 2081 1566 2124 dictum
1583 2088 1646 2119 est
1659 2094 1797 2130 supra,
1813 2094 1852 2129 p.
1871 2078 1984 2118 1028.

332 2138 374 2176 P.
397 2138 487 2186 370,
508 2140 575 2190 lig.
598 2141 633 2178 4.
657 2140 855 2179 MAGNUM
877 2154 1089 2179 GAUD1um.
1109 2140 1177 2178 Du
1197 2140 1285 2190 quel
1301 2139 1568 2189 enfantement
1585 2140 1618 2177 le
1637 2139 1695 2177 dit
1712 2154 1781 2189 roy
1799 2147 1834 2176 et
1852 2147 1933 2177 tout
1955 2139 1988 2176 le

276 2198 419 2247 peuple
445 2199 489 2236 de
515 2199 670 2237 France
694 2208 803 2238 orent
826 2208 902 2238 tres
928 2208 1045 2249 grant
1066 2198 1147 2249 joie
1174 2199 1374 2249 (Grandes
1399 2199 1631 2249 chroniques
1657 2199 1701 2236 de
1726 2198 1893 2246 France,
1923 2198 1984 2237 ed.

279 2256 541 2303 Delachenal,
564 2267 593 2297 t.
615 2273 656 2307 11,
678 2274 715 2308 p.
739 2258 819 2307 62).

331 2316 373 2354 Ρ.
401 2315 491 2364 370,
516 2318 582 2367 lig.
609 2318 644 2356 S.
674 2318 711 2357 S.
739 2318 994 2357 ALZJARHJM.
1023 2318 1154 2356 Multa
1171 2319 1229 2357 'de
1261 2318 1330 2356 illo
1356 2318 1463 2355 dixit
1495 2317 1749 2367 Waddingus
1774 2316 1816 2355 in
1842 2316 1983 2354 Anna-

274 2375 383 2412 libus
403 2376 627 2424 ]Winorum,
650 2391 755 2427 quae
772 2377 896 2416 isthic
914 2377 1045 2427 repeti
1063 2391 1147 2416 non
1166 2384 1229 2416 est
1248 2391 1362 2427 opus.
1389 2376 1493 2414 Illud
1512 2384 1680 2417 tantum
1700 2376 1849 2424 dicam,
1874 2375 1984 2426 quod

227 2439 231 2443 ”
275 2434 326 2471 ad
350 2436 631 2485 genealogiam
653 2437 741 2486 ejus
763 2437 958 2487 pertinet,
980 2437 1178 2486 reperisse
1199 2450 1264 2475 me
1284 2436 1326 2476 in
1348 2436 1531 2486 antiquis
1554 2435 1757 2485 excerptis
1780 2450 1800 2473 e
1821 2435 1985 2484 Regesto

276 2494 373 2531 anni
401 2495 520 2543 primi
552 2494 688 2545 [1305]
720 2496 940 2534 Clementis
962 2496 996 2533 V
1022 2496 1180 2534 bullam
1205 2495 1351 2533 datam
1378 2495 1568 2545 Lugduni
1596 2509 1668 2533 xvi
1696 2495 1776 2533 kal.
1804 2494 1983 2544 januarii

278 2551 344 2601 [17
370 2553 601 2603 decembre]
625 2569 705 2604 qua
725 2555 939 2608 dispensat
960 2568 1054 2594 cum
1070 2554 1198 2593 nobili
1219 2554 1307 2593 viro
1326 2554 1577 2600 Bermund0‚
1592 2554 1762 2592 Ucetiae
1781 2561 1821 2592 et
1839 2552 1983 2591 Arma-

276 2612 509 2650 sanicarum
541 2614 722 2661 domino,
754 2622 795 2652 et
828 2614 1071 2662 Dulcedina,
1096 2621 1196 2652 nata
1226 2613 1374 2652 nobilis
1405 2613 1482 2651 viri
1507 2612 1683 2658 Elisiarii
1707 2613 1758 2651 de
1784 2612 1982 2660 Sabrano,

276 2670 432 2708 domini
452 2673 575 2711 castri
597 2672 777 2711 Ansorfii
797 2674 920 2723 vulgo
938 2673 1145 2720 Anboiris,
1166 2672 1369 2722 Aquensis
1389 2672 1597 2720 dioecesis,
1618 2680 1665 2710 ut
1687 2686 1771 2710 non
1790 2671 1983 2710 obstante

277 2737 426 2775 quarto
450 2732 823 2781 consanguinitatis
856 2733 1000 2783 gradu,
1023 2746 1104 2782 quo
1133 2747 1174 2771 se
1207 2731 1518 2781 contingebant,
1543 2731 1857 2770 matrimonium
1877 2731 1982 2769 invi—

276 2801 362 2825 cem
395 2790 636 2829 contrahere
670 2792 874 2837 valerent,
905 2792 1030 2841 idque
1061 2806 1102 2830 se
1133 2791 1266 2830 facere
1297 2790 1357 2829 ait
1399 2790 1712 2829 consideratione
1742 2789 1872 2828 dilecti
1905 2789 1984 2839 filii

276 2847 398 2884 nostri
430 2848 699 2897 Neapoleonis
731 2850 869 2888 Sancti
900 2850 1078 2888 Adriani
1109 2849 1269 2888 diaconi
1300 2849 1520 2888 cardinalis
1549 2849 1616 2900 qui
1646 2863 1766 2899 super
1797 2849 1866 2886 hoc
1894 2862 1983 2886 cum

276 2904 470 2943 instantia
488 2922 558 2944 nos
575 2908 737 2957 rogavit.
759 2909 957 2947 Elziarius
974 2910 1040 2948 ille
1058 2917 1147 2948 erat
1163 2923 1265 2946 avus
1283 2909 1415 2947 sancti
1435 2909 1612 2956 Elziarii,
1632 2909 1817 2957 adeoque
1837 2907 1982 2946 Dulce-

275 2962 370 3001 dina
394 2964 578 3013 ejusdem
601 2968 731 3005 sancti
756 2968 884 3006 amita
907 2976 1007 3007 erat.
1036 2968 1082 3006 In
1102 2967 1246 3005 Diario
1270 2968 1441 3006 Joannis
1466 2967 1601 3016 Fabri,
1630 2967 1809 3018 episcopi
1833 2967 1982 3005 Carno-

324 3095 354 3126 1.
389 3096 533 3135 lsszduze,
565 3103 590 3129 t.
619 3109 670 3137 iv,
701 3110 735 3141 p.
766 3099 846 3132 134.

327 3150 354 3178 2.
393 3148 477 3181 Voir
496 3148 658 3182 Theincr
680 3149 824 3192 (Codex,
846 3158 873 3184 t.
894 3162 932 3192 11,
954 3162 989 3186 n.
1011 3151 1109 3195 453),
