2083 3458
62 195 184 250 [742]
588 208 804 234 PAPARUM
840 205 1228 241 AVENIONENSIUM
1663 187 1743 228 241

47 293 157 333 edita
178 300 240 331 est
257 292 300 330 in
319 291 500 329 Bullario
521 304 681 328 romano
701 291 726 329 ¹.
750 290 915 340 Legitur
933 290 972 327 in
1000 297 1115 327 tomo
1142 288 1265 326 tertio
1284 287 1528 325 Libertatum
1548 286 1744 325 Ecclesiae

48 352 308 401 Anglicanae,
333 365 373 400 p.
402 348 515 396 1070,
541 349 712 399 epistola
740 348 922 386 Eduardi
950 348 980 396 Ι,
1005 347 1108 397 regis
1133 346 1316 397 Angfiae,
1342 345 1393 383 ad
1420 345 1670 384 Clementem
1696 345 1743 392 V,

52 424 128 461 qua
147 424 240 449 eum
259 416 349 447 orat
366 416 413 446 ut
430 408 538 446 hunc
557 408 757 445 Thomam
777 408 966 457 dignetur
992 406 1220 445 adscribere
1247 405 1434 454 catalogo
1460 411 1698 442 sanctorum
1716 403 1742 441 ⁸².

50 470 224 507 Thomas
246 467 574 517 Walsinghamus
596 466 647 504 ad
668 480 823 504 annum
844 466 1014 504 MCCCL
1037 481 1044 503 :
1066 465 1213 502 Eodem
1232 478 1338 501 anno
1359 477 1447 501 cum
1468 477 1614 512 magna
1639 476 1745 500 vene-

49 528 197 566 ratione
209 526 314 576 sacta
327 534 382 564 est
396 525 600 563 translatio
614 525 741 563 sancti
760 525 902 562 leome
913 523 1212 573 Herefordensis
1226 522 1415 573 episcopi,
1432 536 1518 571 rege
1532 529 1744 571 praesente,

49 601 136 625 cum
174 585 378 624 nonnullis
413 584 610 622 Ecclesiae
645 583 895 632 Anglicanae
931 582 1093 633 prelatis
1131 581 1316 632 regnique
1354 580 1555 619 nobilibus
1585 588 1619 618 et
1652 580 1746 617 aliis

50 644 214 696 plebeijs
235 645 277 683 in
295 643 547 682 multitudine
564 642 723 693 copiosa
751 643 795 693 [t.
814 657 840 690 1,
859 657 897 692 p.
918 642 1033 692 275].

103 704 145 743 P.
167 702 254 750 163,
273 703 339 752 lig.
360 702 395 741 4.
416 702 644 740 ADVENTU.
662 701 739 739 Die
766 699 816 738 19
842 701 1003 750 fuerunt
1032 700 1150 738 creati
1179 707 1324 749 septem
1355 699 1575 736 cardinales
1607 697 1745 747 (Scha-

50 763 120 810 fer,
145 762 305 800 ιῘοΙιαηη
324 760 475 809 XXII,
504 775 541 810 p.
565 759 643 809 65).

104 822 146 860 Ρ.
169 820 257 868 163,
277 820 343 870 lig.
361 820 395 858 7.
419 820 713 857 REGINALDUM
744 833 795 855 LA
818 819 972 856 PORTA.
1002 817 1233 856 Bernardus
1264 816 1460 855 Guidonis
1489 816 1530 853 in
1559 815 1746 864 Catalogo

47 880 321 930 episcoporum
352 877 714 916 Lemovicensium3
742 894 749 916 :
779 877 1025 926 Reginaldus
1059 877 1103 914 de
1134 877 1254 914 Porta
1276 875 1469 913 oriundus
1492 875 1535 912 de
1558 874 1748 912 Alassaco

49 938 233 976 successit
251 938 293 975 in
307 938 537 988 episcopatu
550 937 708 974 domino
730 936 917 983 Girberw,
933 936 1071 973 electus
1087 936 1130 972 in
1141 935 1370 984 episcopum
1384 933 1485 971 circa
1505 933 1748 983 quindenam

48 1005 135 1048 post
153 997 296 1046 festum
317 997 506 1034 Omnium
529 996 762 1034 Sanctorum
783 1009 888 1032 anno
902 994 1067 1033 Domini
1085 993 1362 1031 MCCXCIV.
1379 992 1477 1030 Erat
1490 1000 1619 1029 autem
1634 1006 1746 1029 cano-

49 1056 162 1094 nicus
184 1064 217 1094 et
239 1055 541 1093 archidiaconus
565 1055 608 1092 in
624 1054 799 1092 Ecclesia
816 1052 1101 1101 Lemovicensi5
1123 1060 1156 1090 et
1179 1052 1263 1102 ipse
1281 1065 1385 1089 unus
1405 1051 1579 1089 extiterat
1601 1051 1644 1088 de
1667 1050 1746 1087 hiis

48 1115 114 1165 qui
131 1123 338 1152 memorato
355 1114 512 1152 domino
528 1114 642 1151 Petro
659 1114 703 1151 de
720 1113 883 1163 Seperia
899 1112 1119 1150 electionem
1135 1125 1180 1149 ea:
1195 1119 1303 1160 parte
1320 1109 1486 1160 capituli
1502 1109 1748 1147 Lemovicen-

44 1174 101 1212 sis
125 1173 295 1212 Ecclesie
317 1180 579 1224 portaverunt.
604 1172 684 1210 Hic
707 1172 891 1210 dominus
914 1170 1160 1220 Reginaldus
1178 1169 1257 1219 suit
1272 1169 1519 1219 postmodum
1536 1169 1749 1206 translatus

47 1234 90 1270 de
119 1232 386 1270 Lemovicensi
414 1232 501 1269 sede
529 1240 563 1269 et
590 1231 718 1281 jactus
746 1230 1066 1280 archiepiscopus
1096 1228 1360 1267 Bituricensis
1389 1241 1457 1278 per
1486 1226 1749 1277 provisionem

47 1291 199 1330 domini
226 1290 425 1329 Johannis
447 1305 550 1340 pape
572 1289 723 1337 XXII,
750 1290 792 1327 in
815 1290 1027 1336 Avinione,
1052 1288 1122 1326 ubi
1145 1286 1256 1325 curia
1280 1286 1516 1334 morabatur,
1544 1286 1586 1322 in
1610 1285 1750 1333 vigilia

48 1350 362 1388 circumcisionis
388 1349 555 1387 Domini
585 1350 714 1399 pridie
744 1349 820 1386 lfal.
850 1348 1047 1398 januarii,
1071 1347 1218 1385 scilicet
1242 1354 1374 1383 octava
1403 1345 1464 1382 die
1494 1360 1518 1382 a
1546 1345 1749 1394 sepultura

47 1409 327 1460 predecessoris
351 1409 416 1446 sui
443 1408 594 1446 domini
619 1408 755 1457 fratris
782 1407 934 1457 Egidii‚
962 1406 1028 1457 qui
1056 1406 1099 1444 in
1127 1405 1268 1454 vigilia
1303 1403 1522 1442 nativitatis
1556 1403 1749 1440 dominice

49 1468 93 1506 in
118 1468 317 1506 Awinione
344 1468 387 1505 in
413 1468 571 1506 ecclesia
595 1467 764 1516 fratrum
789 1467 916 1504 sancti
937 1465 1160 1514 Augustini
1185 1463 1360 1501 extiterat
1394 1463 1610 1500 tumulatus
1645 1476 1749 1499 anno

46 1527 213 1565 Domini
238 1526 515 1574 MCCCXVI,
542 1534 633 1564 tunc
657 1527 841 1576 completo
857 1525 883 1564 4.

103 1586 197 1624 Fuit
220 1600 313 1636 ergo
338 1585 531 1623 oriundus
555 1600 574 1623 e
598 1585 688 1624 vico
712 1585 904 1623 Alassaco
927 1598 1053 1634 prope
1075 1582 1243 1620 Brivam
1265 1581 1306 1619 in
1329 1580 1516 1619 inferiore
1540 1579 1750 1630 provincia

51 1644 343 1691 Lemovicensi‚
372 1645 499 1683 frater
524 1643 742 1682 Bertrandi
769 1644 807 1681 13
836 1644 960 1681 Porta
989 1641 1210 1687 domicelli3
1234 1641 1302 1690 qui
1323 1639 1648 1677 dominationem
1675 1638 1751 1675 loci

48 1704 154 1742 illius
191 1704 367 1742 divisam
399 1703 582 1741 habebat
617 1717 710 1741 cum
743 1702 932 1752 episcopo
959 1700 1253 1747 Lemovicensi,
1281 1713 1373 1737 cum
1407 1706 1524 1748 gente
1559 1697 1749 1735 Combor-

50 1762 177 1810 nensi‚
209 1777 301 1801 cum
331 1763 542 1810 Chanacis‚
573 1770 614 1800 et
643 1762 743 1800 aliis.
777 1762 883 1799 Puto
913 1760 1038 1799 etiam
1068 1760 1213 1798 fratres
1244 1758 1330 1808 ejus
1361 1757 1483 1795 fuisse
1514 1757 1681 1794 Petrum
1712 1756 1751 1793 la

52 1822 175 1860 Porta
195 1822 467 1869 domicellum,
489 1822 556 1871 qui
576 1835 683 1859 anno
703 1820 920 1859 MCCXCV
940 1828 980 1858 et
1001 1819 1155 1857 XCVII
1174 1831 1255 1855 una
1275 1831 1367 1855 cum
1384 1815 1613 1854 Bertrando
1633 1828 1751 1852 voca·

51 1889 117 1918 tur
140 1880 407 1919 condominus
427 1880 475 1919 de
499 1880 706 1927 Alassaco,
732 1880 995 1929 Aymericum
1012 1879 1050 1916 13
1074 1878 1197 1916 Porta
1220 1876 1405 1923 militem,
1432 1875 1688 1925 Stephanum
1710 1881 1750 1912 et

52 1939 273 1978 Geraldum
297 1940 336 1977 la
363 1940 487 1977 Porta
514 1939 761 1987 domicellos,
788 1946 829 1977 et
853 1938 1070 1987 Hugonem
1090 1937 1128 1974 la
1150 1936 1275 1974 Porta
1300 1933 1573 1972 infirmarium
1591 1946 1751 1970 monas-

50 1997 142 2037 terii
170 1999 414 2037 Usercensis.
442 1997 661 2036 Bertrandi
690 1997 772 2035 filia
799 2006 840 2036 et
869 1996 1074 2046 Raynaldi
1101 1995 1235 2045 neptis
1263 1994 1342 2032 fuit
1369 1993 1537 2031 Galiena
1564 1992 1602 2029 13
1627 1992 1751 2029 Porta

51 2071 153 2095 uxor
180 2057 350 2096 Roberti
377 2057 425 2096 de
452 2057 591 2095 Monte
615 2056 822 2107 Berulphi‚
851 2056 966 2105 cujus
993 2069 1104 2093 soror
1133 2053 1327 2100 IsabeHis,
1353 2060 1400 2089 ut
1424 2051 1530 2089 infra
1557 2050 1750 2097 dicemus,

51 2116 191 2166 nupsit
211 2116 389 2156 Guidoni
409 2116 458 2155 de
479 2116 668 2155 Chanaco
687 2115 796 2166 patri
817 2114 1021 2153 Guillelmi
1041 2122 1082 2152 et
1100 2111 1318 2152 Bertrandi
1338 2109 1618 2150 cardinalium.
1644 2109 1751 2157 Ray-

52 2175 198 2214 naldus
230 2175 269 2213 13
304 2175 427 2213 Porta
470 2175 550 2213 fuit
590 2174 722 2225 primo
764 2173 1088 2216 archidiaconus.
1131 2172 1178 2210 de
1209 2169 1456 2209 Combrailla
1492 2169 1531 2207 in
1571 2166 1750 2205 Ecclesia

54 2234 347 2282 Lemovicensi,
394 2234 612 2272 canonieus
659 2233 862 2272 Ecclesiae
904 2232 1142 2279 Aniciensis,
1182 2238 1224 2269 et
1263 2229 1437 2268 vicarius
1473 2225 1668 2277 generalis
1710 2225 1751 2262 in

52 2292 333 2344 spiritualibus
368 2300 410 2331 et
437 2292 733 2343 temporalibus
760 2288 957 2330 Guidonis
986 2291 1034 2330 de
1059 2289 1277 2328 Novavilla
1303 2287 1481 2338 episcopi
1510 2285 1749 2331 AniciensiS‚

53 2359 100 2389 ut
126 2352 276 2391 docent
298 2359 391 2390 acta
417 2351 580 2389 illorum
602 2359 837 2402 temporum
862 2350 973 2389 edita
993 2350 1100 2388 inter
1123 2346 1382 2386 Probationes
1399 2344 1584 2383 historiae
1604 2344 1751 2380 Turen-

54 2410 201 2458 nensis,
225 2425 264 2461 p.
292 2410 353 2450 68.
412 2461 414 2463 ,

105 2469 224 2507 Anno
263 2469 504 2507 MCCXCIV
523 2468 538 2491 5
575 2469 707 2508 evasit
745 2469 958 2519 episcopus
998 2464 1310 2506 Lemovicensis.
1353 2463 1496 2501 Habeo
1534 2468 1674 2499 autem
1710 2459 1752 2497 in

100 2588 132 2622 1.
165 2587 242 2621 Elle
254 2593 311 2621 est
323 2588 432 2621 datee
449 2588 499 2620 du
511 2588 555 2621 17
572 2588 666 2621 avril
682 2588 776 2621 1320
791 2586 1058 2631 (CocquelineS‚
1076 2591 1102 2618 t.
1119 2582 1186 2623 111²,
1203 2595 1238 2627 p.
1253 2583 1321 2615 178
1338 2587 1375 2614 et
1391 2574 1534 2620 Mollat2
1552 2590 1587 2612 n.
1605 2576 1750 2621 11249).

101 2642 132 2674 2.
163 2640 316 2684 Rymer,
336 2646 363 2674 t.
382 2639 419 2681 1⁴,
439 2652 475 2685 p.
495 2641 540 2674 43
564 2640 596 2684 (2
615 2641 820 2674 novembre
838 2639 966 2683 1305);
986 2638 1068 2672 voir
1086 2636 1196 2676 aussi,
1216 2647 1250 2679 p.
1273 2635 1328 2668 51.

100 2695 132 2728 3.
161 2694 210 2727 H.
232 2694 289 2734 F.,
311 2699 338 2727 t.
360 2706 441 2734 XXI,
463 2706 498 2738 p.
520 2695 601 2727 756.

98 2747 130 2780 4.
153 2746 202 2780 M.
224 2746 356 2780 Seholz
379 2746 461 2790 (Die
478 2747 703 2780 Publizistik
720 2758 785 2780 zur
802 2747 883 2780 Zeit
901 2745 1077 2788 Philipps
1097 2743 1156 2776 des
1176 2741 1342 2775 Schonen
1362 2739 1439 2772 und
1454 2736 1613 2780 Bonisaz
1635 2735 1750 2774 VIII,

52 2799 257 2843 stuttgart,
280 2800 386 2840 1903,
409 2811 444 2844 p.
467 2799 525 2844 42)
551 2811 573 2832 a
593 2800 698 2844 place
720 2805 819 2833 cette
839 2804 941 2831 mort
962 2808 1010 2830 au
1032 2797 1076 2829 22
1098 2794 1294 2829 decembre
1315 2803 1361 2826 en
1381 2803 1418 2825 se
1439 2791 1578 2824 basant
1597 2800 1661 2822 sur
1681 2799 1753 2821 une

52 2852 229 2896 epitaphe
253 2854 454 2896 rapportee
478 2864 547 2897 par
565 2853 727 2885 Bulaeus
751 2852 932 2896 (Historia
952 2848 1199 2883 universitatis
1218 2845 1456 2884 Parisiensis,
1478 2849 1505 2877 t.
1523 2854 1574 2882 111,
1597 2853 1632 2885 p.
1655 2840 1751 2884 672).

54 2905 108 2938 La
129 2905 229 2939 bulle
251 2906 296 2938 de
317 2905 556 2940 nomination
578 2906 622 2939 de
644 2917 712 2939 son
733 2915 947 2938 successeur
966 2903 1083 2936 relate
1105 2911 1177 2945 que
1200 2899 1310 2933 Gilles
1332 2902 1487 2930 mourut
1508 2895 1609 2939 apud
1630 2893 1754 2927 Sedem

54 2958 289 3002 apostolicam
308 2958 464 3002 (Monet,
482 2970 518 2992 n.
538 2958 658 3002 2382).

104 3011 135 3045 5.
156 3011 243 3044 Plus
261 3017 502 3044 exactement
517 3011 550 3044 le
568 3011 612 3045 17
631 3011 725 3044 avril
742 3011 836 3043 1295
853 3008 1019 3053 (Digard‚
1039 3018 1074 3040 n.
1094 3006 1151 3049 75)
1166 3018 1173 3046 3
1192 3004 1274 3038 voir
1290 3015 1353 3037 sur
1369 3014 1437 3036 son
1454 3000 1623 3039 election,
1637 3000 1678 3033 B.
1695 2999 1751 3039 N.‚

55 3075 123 3097 ms.
144 3064 282 3097 Baluze
301 3063 357 3104 40,
378 3063 403 3097 f.
424 3064 493 3097 199
512 3068 556 3097 r0.
