2083 3458
257 200 340 241 478
393 193 398 198 ’
907 214 1058 240 NOTAE
1093 215 1154 240 AD
1188 215 1316 241 V1TAs
1840 201 1973 257 [963]

258 300 388 349 genda
409 308 505 337 sunt
526 300 625 337 haec
646 300 770 337 verba
793 300 959 337 Garosci
984 299 1041 337 De
1064 299 1272 338 Ulmoisca
1291 301 1421 339 Veteri
1438 300 1473 339 1:
1492 301 1591 339 Item
1608 301 1651 339 in
1669 302 1800 339 eodem
1819 315 1966 348 mense,

259 359 432 396 videlicet
462 359 694 406 novembris,
727 359 770 395 in
799 359 944 396 octavis
972 359 1100 396 sancti
1130 359 1320 407 Martini,
1351 360 1457 398 dedit
1481 375 1592 411 papa
1621 361 1893 410 indulgentias
1916 361 1966 398 in

259 418 430 468 hospitio
446 418 665 456 cardinalis
688 418 904 457 Guillelmi.
922 418 1036 456 Obiit
1053 432 1147 468 ergo
1174 419 1237 457 die
1264 419 1464 468 vigesima
1491 421 1667 471 septima
1692 429 1788 471 post
1813 421 1966 459 adven-

258 487 348 515 tum
371 492 490 515 suum
511 479 551 515 in
575 478 719 516 urbem
743 478 989 517 Romanam.

313 539 504 588 Sepultus
529 547 590 576 est
612 538 723 587 apud
749 537 949 576 Sanctum
973 538 1245 576 Laurentium
1267 539 1308 576 in
1333 539 1500 578 Lucina.
1528 540 1617 588 Quo
1643 540 1690 577 fit
1712 548 1760 578 ut
1783 539 1970 577 dubitari

258 612 339 635 non
360 612 476 648 posse
497 598 730 636 existimem
752 598 851 647 quin
872 597 920 636 de
940 598 1009 635 illo
1028 598 1345 648 intelligendum
1365 599 1418 636 sit
1439 599 1548 648 quod
1568 599 1620 637 ad
1639 599 1827 637 Brunum
1846 613 1967 637 suum

257 658 398 696 scribit
421 658 656 705 petrarcha,
678 657 747 696 lib.
775 658 836 694 IX
856 657 945 696 Rer.
968 657 1099 705 senil„
1122 658 1239 708 epist.
1264 673 1305 706 11,
1327 658 1451 697 fuisse
1472 659 1667 697 nimirum
1692 659 1733 697 in
1764 659 1967 697 comitatu

260 717 415 755 Urbani
448 718 494 765 V,
531 717 707 755 Romam
740 717 1052 767 proficiscentis,
1087 718 1309 767 quemdam
1353 717 1604 757 cardinalem
1633 719 1702 768 qui
1737 718 1968 756 maledictis

258 785 297 814 et
319 777 583 827 blasphemiis
606 777 849 827 pontificem
872 785 1061 815 oneraret
1084 777 1208 827 quod,
1232 777 1364 815 Gallia
1386 777 1544 826 relicta,
1567 778 1608 816 in
1635 778 1799 815 Italiam
1820 778 1968 827 migra-

256 845 344 874 ret:
376 837 522 874 Merito
553 837 682 887 itaque
699 838 809 874 Deus
840 837 900 874 illi
930 837 997 886 qai
1028 837 1070 873 in
1099 836 1161 874 his
1190 837 1410 874 maledictis
1438 837 1654 875 acerrimus
1683 837 1864 875 omnium
1884 836 1971 886 fuit

257 896 512 945 manifestam
542 911 587 933 ac
616 897 789 934 terribile
817 897 980 945 signam
1009 896 1115 945 fecit,
1148 905 1189 934 at
1216 896 1363 934 scilicet
1391 911 1437 934 ea:
1465 911 1537 946 qao
1566 905 1744 934 sanctam
1773 897 1970 934 civitatem

257 956 400 1005 attigit,
428 956 533 993 illico
558 965 779 995 moreretur.
807 956 937 993 Addit
963 956 1185 994 petrarcha
1211 956 1313 994 adeo
1338 957 1589 1006 paenituisse
1612 957 1742 1003 illum,
1758 965 1806 994 ut
1831 956 1968 994 omnia

258 1015 365 1053 bona
388 1030 459 1053 sua
480 1016 626 1065 legarit
647 1016 838 1055 ecclesiae
859 1016 973 1053 tituli
993 1016 1068 1064 sui,
1089 1016 1130 1053 in
1152 1016 1281 1065 eaque
1302 1016 1462 1065 sepeliri
1482 1017 1672 1055 voluerit.
1696 1016 1976 1062 Cardinalem,

256 1076 406 1124 inquit,
430 1076 473 1113 de
495 1090 568 1125 qao
588 1075 800 1125 sigillatim
820 1081 946 1125 Sapra
967 1075 1066 1123 elixi,
1088 1075 1146 1112 sic
1169 1075 1211 1113 in
1232 1083 1351 1113 morte
1372 1075 1583 1113 contritam
1607 1084 1650 1113 ut
1669 1076 1845 1113 devotius
1865 1074 1971 1112 nihil

257 1143 369 1184 atque
392 1135 447 1172 ita
467 1135 616 1184 prioris
636 1135 883 1185 paenituisse
903 1135 1158 1184 pervicaciae,
1183 1141 1225 1172 ut
1246 1135 1402 1172 nullam
1422 1135 1550 1173 alium
1565 1135 1646 1172 sibi
1667 1136 1776 1173 vellet
1795 1135 1970 1172 heredem

259 1194 340 1231 nisi
358 1195 483 1232 solam
502 1195 608 1232 titali
626 1195 919 1242 suiecclesiam,
939 1195 1055 1244 cajus
1068 1194 1111 1231 in
1129 1194 1376 1244 rejectionem
1403 1209 1515 1232 omne
1532 1209 1652 1232 suam
1680 1194 1969 1245 patrimonium

256 1253 379 1302 jussit
410 1254 592 1304 expendi,
627 1263 742 1305 atque
777 1255 834 1292 ibi
867 1254 1028 1304 sepeliri
1063 1262 1240 1292 mortuas
1274 1255 1406 1294 voluit.

315 1313 415 1363 Ejus
437 1314 746 1353 lucubrationes
769 1329 889 1364 saepe
910 1314 1057 1352 laudat
1073 1314 1267 1364 Aegidius
1289 1314 1518 1353 Bellamera
1540 1329 1663 1365 super
1680 1313 1967 1353 Decreialibus.

315 1374 356 1412 P.
379 1374 468 1421 327,
487 1375 552 1424 lig.
575 1374 635 1413 26.
660 1375 789 1412 HUGo
811 1388 866 1411 DE
888 1374 924 1413 S.
947 1374 1171 1412 MARTIALI.
1194 1374 1318 1412 Ortus
1339 1389 1358 1412 e
1378 1383 1512 1412 castro
1541 1374 1589 1413 de
1609 1374 1761 1413 Sancto
1781 1373 1970 1412 Martiale

259 1433 301 1470 in
325 1434 541 1483 parrochia
568 1434 604 1473 S.
632 1433 814 1472 Thomae
840 1434 888 1472 de
914 1434 1078 1484 Capella
1105 1434 1153 1472 de
1179 1434 1330 1481 Planis,
1356 1435 1480 1484 vulgo
1504 1434 1543 1471 la
1567 1434 1740 1484 chapelle
1763 1448 1844 1471 aaa:
1866 1432 1976 1483 pla-5¹,

259 1492 301 1529 in
322 1493 494 1532 dioecesi
515 1494 737 1542 Tutelensi,
758 1502 806 1531 ut
823 1494 955 1544 liquet
975 1507 1024 1532 ex
1042 1502 1297 1532 testamento
1317 1492 1333 1515 2
1351 1493 1489 1531 fratris
1509 1494 1596 1543 ejus
1617 1494 1728 1532 Petri
1748 1493 1797 1532 de
1817 1493 1970 1531 Sancto

261 1551 447 1591 Martiale
478 1554 774 1604 archiepiscopi
805 1553 1009 1592 Tolosani.

317 1613 535 1663 Hugonem
570 1614 807 1652 Matthaeus
841 1613 1056 1660 Villanius,
1089 1613 1159 1652 lib.
1196 1613 1248 1660 X,
1283 1627 1370 1663 cap.
1408 1627 1509 1651 LXXI
1553 1613 1783 1663 [Muratori,
1816 1621 1846 1652 t.
1882 1626 1975 1659 xiv,

262 1673 335 1711 col.
370 1672 471 1724 668]
503 1674 634 1711 tradit
668 1674 798 1711 filium
830 1674 953 1712 fuisse
986 1673 1097 1711 Petri
1130 1673 1178 1711 de
1212 1673 1363 1711 Sancto
1396 1672 1601 1721 Marcello,
1633 1688 1703 1712 seu
1736 1673 1785 1711 de
1817 1672 1969 1710 Sancto

262 1730 463 1781 Martiale,
481 1733 587 1772 illius
605 1734 800 1771 nimirum
819 1747 942 1784 quem
960 1733 1144 1772 Clemens
1164 1733 1234 1780 Vl,
1252 1733 1321 1772 lib.
1345 1732 1413 1781 IV,
1432 1733 1550 1783 epist.
1571 1747 1609 1781 v,
1637 1741 1762 1770 vocat
1786 1731 1970 1770 nubilem

259 1791 394 1828 virum
412 1801 452 1831 et
470 1794 745 1840 domicellum,
764 1802 1026 1843 testaturque
1043 1793 1289 1842 magistrum
1306 1793 1521 1831 ostiarium
1538 1801 1579 1831 et
1591 1792 1836 1830 familiarem
1850 1805 1977 1830 suum.

262 1850 385 1890 fuisse
401 1851 428 1892 3.
457 1853 571 1891 Idem
593 1854 673 1891 fuit
694 1854 868 1892 nuncius
891 1853 1143 1904 apostolicus
1165 1853 1207 1890 in
1231 1852 1365 1890 Sicilia
1388 1867 1496 1890 anno
1520 1852 1754 1899 MCCCLII,
1777 1851 1830 1889 ad
1851 1850 1969 1890 redu-

262 1911 435 1949 cendam
457 1913 720 1951 concordiam
739 1914 847 1951 inter
869 1914 1141 1961 Ludovicum,
1167 1912 1417 1962 Hungariae,
1440 1920 1481 1950 et
1503 1912 1762 1949 Ludovicum
1782 1919 1824 1949 et
1845 1911 1970 1948 Joan-

262 1984 373 2018 nam,
395 1972 553 2011 Siciliae
572 1988 699 2023 reges,
719 1981 767 2011 ut
786 1973 906 2011 docet
926 1973 1192 2011 continuator
1205 1973 1431 2010 Ptolemaei
1452 1972 1644 2010 Lucensis
1657 1971 1769 2021 apud
1790 1970 1970 2008 Duches-

263 2030 390 2079 nium,
409 2041 438 2071 t.
460 2047 498 2080 V,
517 2047 554 2082 p.
575 2033 663 2072 897.
685 2032 787 2071 Vide
805 2033 932 2071 etiam
949 2032 1164 2079 Bzovium,
1192 2047 1256 2071 an.
1279 2031 1393 2080 1352,
1419 2031 1435 2080 ξ
1456 2031 1489 2079 7,
1504 2045 1616 2069 num.
1637 2030 1673 2077 5,
1692 2039 1733 2069 et
1747 2030 1969 2068 Odorieum

265 2090 544 2139 Raynaldum,
570 2093 658 2131 eod.
685 2106 766 2140 an.,
798 2092 814 2141 ξ
840 2093 872 2131 1.
901 2093 961 2131 De
985 2092 1129 2131 eodem
1154 2100 1194 2131 et
1219 2092 1436 2130 Guillelmo
1461 2090 1768 2140 archiepiscopo
1790 2089 1968 2127 Bracha-

263 2152 368 2188 rensi
399 2152 510 2189 socio
541 2153 627 2201 ejus
658 2153 699 2190 in
729 2152 934 2202 legatione
966 2152 1099 2190 Sicula
1130 2151 1384 2190 mentionem
1414 2151 1514 2189 facit
1547 2150 1810 2188 Innocentius
1841 2148 1899 2186 VI
1927 2148 1970 2186 in

265 2211 446 2260 epistolis
478 2212 596 2249 initio
628 2212 689 2250 sui
721 2211 1007 2261 pontificatus,
1026 2212 1187 2262 scriptis
1213 2211 1264 2248 ad
1292 2211 1550 2248 Ludovicum
1580 2223 1717 2259 regem
1740 2208 1898 2247 Siciliae
1929 2215 1975 2246 et

265 2270 469 2308 Joannem
500 2271 854 2321 archiepiscopum
886 2271 1220 2322 Neapolitanum.

320 2330 518 2379 Ejusdem
545 2331 655 2369 Petri
682 2332 828 2369 fratres
856 2331 978 2369 fuisse
1005 2331 1200 2369 videntur
1226 2331 1352 2368 frater
1380 2330 1500 2379 Hugo
1528 2329 1576 2367 de
1603 2329 1754 2367 Sancto
1781 2327 1968 2365 Martiale

265 2389 474 2438 religiosus
499 2390 650 2428 ordinis
670 2391 1022 2437 praedicatorum,
1040 2404 1162 2439 quem
1185 2390 1226 2427 in
1250 2390 1379 2428 veteri
1404 2389 1541 2427 codice
1564 2402 1636 2427 ms.
1658 2388 1834 2425 fratrum
1849 2387 1968 2425 Prae·

267 2449 499 2486 dicatorum
521 2450 691 2488 Tolosae
712 2451 868 2500 reperio
891 2450 1147 2499 assignatum
1168 2449 1291 2487 fuisse
1313 2463 1421 2486 anno
1444 2447 1754 2486 MCCCXXVII
1774 2448 1968 2485 lectorem

266 2508 495 2558 theologiae
526 2510 568 2547 in
601 2518 809 2548 conventu
843 2509 1168 2557 Carcassonensi,
1202 2517 1242 2547 et
1272 2508 1506 2547 Bernardus
1539 2509 1603 2546 vel
1633 2506 1887 2546 Bertrandus
1921 2504 1975 2543 de·

270 2568 419 2606 Sancto
470 2569 657 2617 Martiale
674 2568 701 2616 4,
753 2569 967 2619 episcopus
1018 2568 1157 2606 Sancti
1195 2568 1339 2618 Papuli
1389 2569 1541 2606 electus
1590 2581 1698 2604 anno
1755 2565 1969 2603 millesimo

267 2627 560 2676 CCCXLVIII,
588 2637 773 2666 mortuus
799 2642 907 2666 anno
934 2627 1187 2673 MCCCLXI,
1213 2628 1277 2665 die
1301 2641 1409 2665 nona
1435 2627 1611 2676 augusti.
1971 2672 1976 2676 ἱ

323 2688 441 2737 Ilugo
459 2688 585 2726 literis
605 2688 719 2725 dedit
737 2702 904 2737 operam
922 2688 961 2725 in
980 2687 1191 2725 academia
1211 2687 1433 2726 Tolosana:
1452 2686 1522 2724 ubi
1540 2686 1675 2723 adhuc
1693 2693 1781 2724 erat
1798 2684 1968 2723 studens

316 2823 346 2855 1.
377 2823 522 2863 Balnze,
543 2831 568 2857 t.
586 2836 635 2864 iv,
655 2836 689 2868 p.
709 2825 789 2858 133.
807 2843 855 2846 —
874 2825 901 2858 II
919 2831 1072 2858 mourut
1089 2837 1160 2868 peu
1178 2825 1222 2857 de
1240 2831 1361 2868 temps
1380 2830 1497 2857 avant
1513 2824 1544 2857 Ie
1563 2825 1583 2857 8
1600 2823 1803 2857 novembre
1825 2821 1974 2864 (Euhel,

270 2874 495 2916 Hier-archia,
516 2884 541 2910 t.
558 2890 581 2917 1,
601 2890 635 2921 p.
656 2878 726 2921 20).

318 2929 347 2961 2.
378 2929 524 2969 Balum,
548 2938 571 2963 t.
593 2943 642 2970 iv,
665 2943 699 2974 p.
721 2932 801 2964 375.
819 2951 869 2954 —
888 2932 917 2964 II
938 2931 1042 2964 avait
1062 2930 1144 2964 huit
1164 2943 1229 2964 ans
1250 2942 1295 2963 en
1315 2931 1409 2964 1344
1432 2930 1599 2974 (Deprez,
1621 2941 1656 2963 n.
1679 2928 1774 2972 742).

317 2983 347 3014 3.
381 2981 533 3025 Deprcz,
565 2996 597 3016 n.
631 2985 699 3018 839
728 2991 765 3017 et
793 2985 897 3018 1496.

318 3035 348 3066 si.
380 3035 560 3069 Rom-and
582 3038 624 3069 dc
640 3037 674 3070 S.
689 3037 838 3070 Martia]
860 3038 990 3070 devint
1010 3039 1151 3081 eveque
1173 3037 1216 3070 de
1233 3036 1268 3070 S.
1286 3037 1430 3080 Papoul
1450 3037 1481 3070 10
1498 3036 1543 3069 19
1558 3035 1692 3069 fevrier
1711 3034 1804 3068 1347
1824 3032 1973 3076 (Eubel,

269 3086 494 3129 Hierarchia,
518 3096 542 3122 t.
565 3102 588 3129 1,
611 3102 645 3133 p.
667 3090 764 3132 390).
