2083 3458
256 232 335 273 612
903 247 1054 272 NOTAE
1090 248 1149 272 AD
1185 247 1312 272 VITAs
1806 232 1957 288 [1089]

254 328 498 367 Albanensis
515 337 557 367 et
573 330 834 377 cusentinus,
853 344 1070 380 comesque
1088 331 1294 377 Casertae,
1312 337 1353 368 et
1370 329 1616 379 Angelucius
1635 330 1683 368 de
1703 331 1853 377 Fumo,
1870 338 1961 368 tum

255 388 381 428 etiam
408 388 622 439 episcopus
651 390 913 427 Carnotensis
942 398 982 427 et
1010 390 1079 427 alii
1105 389 1241 427 nuntii
1269 389 1453 438 ejusdem
1483 389 1610 437 ducis,
1639 404 1791 440 papam
1821 404 1960 428 omnes

254 447 416 486 adirent
436 448 523 497 ejus
545 449 795 486 sententiam
817 449 1084 499 exploraturi.
1109 449 1227 497 Quod
1249 463 1342 488 cum
1363 448 1521 486 facturn
1542 457 1661 497 esset,
1686 449 1959 498 Raymundus

254 506 451 545 Bernardi
483 507 675 558 exposuit
707 522 845 548 coram
877 522 986 559 papa
1020 507 1228 558 quomodo
1262 508 1458 558 Georgius
1491 508 1540 546 de
1574 509 1730 556 Marlio‚
1765 509 1960 558 magister

255 566 423 616 hospitii
445 566 601 604 domini
622 581 770 618 papae,
794 568 941 607 ducem
962 568 1154 606 hortatus
1178 576 1266 606 erat
1288 582 1339 606 ex
1359 575 1477 618 parte
1499 582 1631 618 papae
1654 568 1706 606 ad
1737 568 1815 606 iter
1849 568 1961 605 ltali-

255 639 361 673 cum‚
396 626 705 676 responsionem
740 627 869 674 ducis,
905 635 946 665 et
981 623 1494 677 quaecumque'Lutetiae
1528 636 1622 665 acta
1657 636 1776 666 erant
1809 627 1851 664 in
1885 628 1961 665 hac

256 685 428 724 materia
455 700 593 724 coram
623 680 783 724 Karolo¹
803 680 874 734 VI,
902 701 993 737 rege
1022 687 1232 732 Franciae,
1260 694 1301 724 et
1326 686 1594 737 principibus.
1625 687 1827 737 Reposuit
1852 701 1961 737 papa

255 759 402 794 cupere
423 759 464 783 se
484 753 532 783 ut
553 746 780 784 cardinales
802 746 879 784 sibi
900 746 1151 785 sententiam
1173 760 1290 785 suam
1312 746 1464 796 scripto
1487 746 1646 793 darent,
1670 747 1780 796 quod
1802 746 1961 785 facturn

255 812 317 842 est
334 804 376 841 in
393 804 563 843 aedibus
583 805 755 855 Anglici‚
775 805 992 844 cardinalis
1012 806 1269 844 Albanensis.
1290 806 1395 844 Tum
1413 806 1583 843 advenit
1601 806 1797 856 magister
1815 807 1959 844 Petrus

257 863 440 902 Gerardi.
470 865 530 902 Eo
553 873 694 903 autem
718 865 781 903 die
804 865 875 913 illi,
901 865 996 915 quia
1019 866 1178 903 tardius
1202 866 1472 913 advenerant,
1497 880 1590 904 cum
1612 880 1720 916 papa
1743 865 1856 915 loqui
1878 879 1961 903 non

255 930 440 973 potuere.
465 923 692 974 Episcopus
716 925 968 974 Agennensis
992 925 1184 964 coenavit
1205 925 1316 975 apud
1338 939 1491 975 papam
1513 933 1554 963 et
1573 925 1705 975 jacuit
1726 925 1768 962 in
1789 925 1958 975 palatio.

256 983 361 1020 Tum
381 983 445 1022 die
464 983 653 1022 mercurii
674 982 820 1033 quinta
840 984 1026 1034 ejusdem
1045 985 1195 1024 mensis
1215 984 1366 1022 allatae
1386 993 1482 1022 sunt
1502 984 1553 1021 ad
1572 999 1727 1035 papam
1748 985 1963 1034 opiniones.

256 1042 528 1081 cardinalium
559 1043 818 1092 Albanensis‚
852 1044 1078 1082 Florentini
1110 1053 1150 1082 et
1182 1044 1406 1083 Cusentini.
1441 1044 1545 1081 Tum
1577 1044 1806 1083 excitatum
1839 1058 1961 1094 grave

253 1101 436 1152 jurgium
465 1102 574 1141 inter
604 1103 840 1153 episcopum
874 1103 1160 1153 Agennensem
1192 1112 1232 1141 et
1264 1104 1572 1150 Carnotensem‚
1606 1104 1715 1153 quod
1747 1117 1877 1153 usque
1909 1104 1961 1141 ad

256 1161 526 1201 contumelias
543 1162 762 1200 verborum
778 1163 944 1202 exarsit.
963 1164 1241 1212 Quamobrem
1256 1172 1430 1213 uterque
1445 1163 1525 1201 fuit
1537 1164 1656 1202 valde
1673 1164 1959 1201 conturbatus.

256 1221 412 1259 Tamen
430 1229 575 1271 postea
595 1222 789 1260 convenit
807 1223 913 1261 inter
931 1237 997 1261 eos
1017 1231 1065 1261 ut
1083 1222 1281 1274 postridie
1302 1223 1465 1261 adirent
1480 1223 1532 1260 ad
1552 1237 1717 1273 papam.
1747 1223 1821 1261 Die
1836 1223 1962 1273 igitur

253 1281 360 1330 jovis
395 1280 459 1332 [6]
482 1281 662 1332 primum
685 1282 797 1333 apud
820 1282 1072 1321 cardinalem
1096 1283 1384 1321 Mimatensem
1408 1291 1705 1329 convenerunt,
1730 1282 1877 1321 deinde
1909 1283 1962 1320 ad

255 1354 409 1391 papam
434 1349 714 1389 accesserunt3
740 1342 812 1379 ubi
839 1356 932 1380 cum
958 1344 1090 1381 multa
1116 1356 1138 1380 a
1164 1342 1309 1392 legatis
1337 1341 1449 1380 ducis
1477 1342 1587 1380 dicta
1614 1342 1802 1390 fuissent,
1830 1342 1961 1380 multa

254 1414 327 1450 per
354 1414 522 1451 papam,
554 1401 721 1440 demum
750 1401 807 1439 illi
837 1402 938 1440 nihil
966 1402 1079 1440 aliud
1108 1402 1160 1440 ab
1191 1417 1237 1440 eo
1267 1409 1513 1452 extorquere
1540 1410 1770 1452 potuerunt
1798 1410 1962 1452 praeter

256 1460 471 1498 consilium
492 1460 605 1510 quod
627 1461 658 1499 is
683 1461 813 1499 dabat
834 1462 876 1499 in
899 1476 1021 1500 causa
1044 1461 1265 1512 praesenti,
1290 1461 1490 1512 scriptum
1512 1476 1584 1511 per
1606 1461 1845 1512 episcopum
1868 1462 1943 1500 Cas

254 1519 469 1558 tellanum.
500 1520 555 1557 Et
582 1520 638 1559 sic
665 1535 706 1559 re
734 1520 887 1559 infecta
917 1521 1141 1560 discessum
1169 1530 1243 1560 est.
1276 1522 1334 1559 Ea
1363 1521 1427 1559 die
1455 1521 1669 1571 episcopus
1699 1521 1961 1559 Carnotensis

255 1592 429 1629 pransus
464 1587 526 1618 est
560 1594 650 1618 cum
687 1580 893 1619 cardinale
928 1581 1247 1631 Pampilonensi.
1282 1582 1381 1618 Post
1412 1581 1635 1631 prandium
1669 1581 1961 1619 mareschallus

254 1653 388 1689 papae
414 1646 456 1677 et
481 1639 677 1689 magister
703 1641 848 1678 Petrus
877 1640 1047 1679 Gerardi
1073 1641 1265 1679 eumdem
1291 1640 1529 1690 episcopum
1555 1648 1598 1678 et
1624 1648 1779 1678 ceteros
1805 1641 1961 1690 legatos

256 1698 369 1737 ducis
395 1698 703 1749 Andegavensis
729 1708 957 1738 evocarunt
979 1700 1021 1737 in
1045 1700 1164 1738 aedes
1190 1699 1407 1738 cardinalis
1430 1700 1700 1748 Mimatensis‚
1725 1700 1797 1737 ubi
1821 1707 1962 1738 actum

255 1766 317 1796 est
337 1757 386 1796 de
408 1758 672 1796 conciliandis
694 1767 735 1797 et
754 1759 796 1797 in
815 1768 954 1810 partes
977 1760 1089 1798 ducis
1110 1760 1322 1797 trahendis
1345 1759 1685 1798 provincialibus.
1710 1760 1783 1798 Die
1804 1759 1962 1798 veneris

254 1817 445 1867 sequenti
484 1818 661 1868 septima
700 1819 911 1866 februarii,
952 1833 1045 1857 cum
1086 1819 1319 1857 Ludovicus
1361 1819 1691 1857 Constanciensis
1733 1834 1751 1857 e
1791 1819 1962 1870 Neapoli

258 1876 450 1924 venisset,
468 1877 592 1926 jussit
610 1892 719 1928 papa
739 1878 801 1916 uti
820 1878 944 1918 iidem
963 1879 1089 1928 legati
1109 1893 1202 1918 cum
1221 1878 1362 1917 amicis
1383 1879 1464 1916 suis
1485 1887 1832 1928 congregarentur
1851 1879 1962 1929 apud

256 1936 506 1974 cardinalem
540 1936 841 1976 Mimatensem.
879 1938 1005 1976 Fuere
1039 1938 1081 1976 in
1114 1952 1160 1976 eo
1195 1946 1404 1976 conventu
1438 1952 1530 1976 cum
1564 1938 1709 1987 legatis
1744 1938 1961 1976 cardinalis

255 1995 516 2043 Cusentinus,
547 1998 793 2035 camerarius
823 2011 970 2048 papae,
1002 2012 1135 2037 comes
1167 1998 1372 2045 Casertae,
1403 1998 1677 2036 seneschallus
1707 1998 1961 2045 Provinciae,

254 2055 546 2093 mareschallus
576 2070 722 2106 papae,
754 2057 949 2107 magister
979 2057 1124 2095 Petrus
1156 2057 1340 2105 Gerardi,
1371 2057 1609 2095 Ludovicus
1635 2057 1961 2096 Constantiensis

255 2122 296 2152 et
323 2115 597 2164 Raymundus
622 2116 835 2154 Bernardi.
864 2117 1081 2155 Statutum
1107 2125 1169 2155 est
1197 2117 1496 2166 Raymundum
1520 2116 1720 2155 Bernardi
1745 2117 1890 2155 statim
1915 2125 1962 2153 ut

254 2174 437 2224 legatum
469 2175 572 2224 regis
606 2183 647 2213 et
680 2176 793 2213 ducis
827 2176 1032 2226 proficisci
1065 2176 1212 2214 debere
1247 2177 1426 2214 Januam
1461 2176 1759 2226 impediturum
1794 2176 1959 2214 consilia

255 2233 548 2281 Genuensium‚
573 2234 642 2284 qui
664 2235 821 2285 legatos
847 2235 1063 2286 Neapolim
1086 2236 1285 2275 miserant
1308 2236 1479 2274 fratrem
1503 2236 1616 2274 ducis
1640 2244 1846 2275 eorumet
1869 2235 1961 2273 doc-

253 2300 385 2331 torem
419 2293 670 2332 Damianum
701 2294 753 2332 ad
784 2295 1122 2335 constituendam
1150 2309 1296 2345 pacem
1325 2295 1433 2333 inter
1462 2295 1644 2344 reginam
1677 2296 1886 2333 Joannam
1921 2303 1962 2333 et

257 2353 455 2390 Karolum
486 2354 533 2391 de
562 2354 750 2402 Duram'o,
778 2368 827 2392 ne
854 2355 1046 2393 videlicet
1068 2355 1222 2405 aliquid
1248 2363 1437 2404 ageretur
1462 2355 1504 2392 in
1529 2355 1823 2392 detrimentum
1849 2355 1960 2392 ducis

256 2412 582 2461 Andegavensis3
612 2427 735 2463 quam
756 2414 990 2464 opinionem
1011 2415 1107 2452 licet
1128 2428 1210 2451 non
1230 2414 1525 2464 approbaverit
1546 2411 1959 2463 idemRaymundm,

254 2472 468 2521 amplexus
486 2480 548 2509 est
563 2479 704 2510 tamen
722 2480 769 2510 ut
786 2487 1048 2513 communem
1065 2481 1164 2511 et›³se
1181 2472 1380 2510 mandata
1398 2480 1667 2511 executurum
1687 2481 1867 2511 testatus
1885 2481 1959 2511 est.

256 2531 354 2568 Post
372 2531 594 2580 prandium
611 2545 721 2582 papa
740 2532 928 2570 accersiri
945 2532 1068 2582 jussit
1088 2532 1338 2571 cardinalem
1359 2532 1645 2570 Mimatensem
1663 2540 1704 2570 et
1723 2532 1961 2583 episcopum

255 2590 563 2638 Carnotensem‚
592 2592 876 2639 camerarium,
904 2592 1199 2630 seneschallum
1230 2591 1484 2639 Provinciae,
1512 2591 1727 2629 dominum
1754 2592 1802 2629 de
1831 2591 1959 2639 Saltu,

258 2649 554 2697 Raymundum
582 2650 795 2698 Bernardi‚
826 2651 996 2690 Petrum
1027 2651 1216 2697 Gerardi;
1247 2659 1288 2688 et
1317 2650 1413 2688 visis
1443 2650 1570 2689 literis
1602 2650 1802 2689 Ludovici
1831 2651 1959 2698 ducis,

256 2708 450 2746 convenit
472 2717 519 2746 ut
542 2710 789 2748 camerarius
814 2718 1053 2760 expectaret
1076 2710 1304 2748 adventum
1328 2709 1430 2759 ejus,
1454 2710 1619 2748 interim
1643 2710 1889 2748 scriberetur
1911 2710 1959 2748 de

257 2775 347 2804 toto
379 2767 458 2804 isto
492 2769 656 2818 negotio
689 2769 739 2806 ad
774 2769 1013 2819 episcopum
1047 2769 1372 2816 Gebennensem,
1407 2769 1477 2818 qui
1508 2777 1599 2807 tum
1633 2769 1824 2807 Lutetiae
1857 2778 1957 2808 erat.

260 2826 533 2875 Sequentibus
571 2827 713 2866 diebus
751 2828 1013 2867 examinatae
1050 2836 1148 2866 sunt
1184 2828 1440 2866 conditiones
1477 2828 1704 2868 secundum
1737 2842 1837 2878 quas
1875 2829 1959 2866 dux

260 2884 491 2924 Ludovicus
526 2886 753 2937 adoptatus
789 2896 877 2925 erat
912 2902 933 2925 a
968 2888 1107 2937 regina
1144 2888 1321 2934 Joanna‚
1357 2883 1612 2937 approbatus
1648 2902 1670 2925 a
1704 2902 1827 2938 papa,
1863 2902 1960 2927 mox

259 2945 515 2982 coronandus
542 2960 613 2983 rex
640 2946 802 2985 Adriae.
834 2947 907 2984 Die
935 2947 1125 2985 mercurii
1152 2961 1209 2984 ΧΠ
1236 2946 1432 2985 februarii
1458 2947 1672 2997 episcopus
1696 2947 1957 2985 Carnotensis

257 3016 429 3051 pransus
457 3012 518 3041 est
545 3019 637 3042 cum
662 3019 785 3056 papa.
816 3006 928 3056 Papa
956 3020 1052 3044 vero
1079 3014 1174 3057 post
1199 3005 1436 3056 prandium,
1463 3013 1666 3045 secretum
1694 3020 1828 3054 orans,
1856 3005 1892 3044 ei
1917 3014 1958 3044 et

258 3061 398 3100 comiti
421 3062 694 3111 Gebennensi,
718 3065 835 3102 fratri
858 3079 945 3113 suo,
969 3073 1010 3103 et
1032 3065 1229 3115 magistro
1254 3065 1376 3103 Petro
1401 3064 1571 3103 Gerardi
1593 3065 1755 3115 aperuit
1776 3073 1956 3103 mentem

257 3133 374 3157 suam
394 3120 441 3159 de
462 3123 678 3161 concordia
698 3131 738 3161 et
759 3124 919 3162 foedere
938 3124 1126 3163 ineundis
1146 3139 1217 3175 per
1236 3124 1383 3163 ducem
1402 3137 1495 3163 cum
1514 3116 1605 3173 rege
1624 3124 1896 3174 Arragonum‚
1916 3138 1956 3162 Se
