2083 3458
76 187 200 242 [700]
604 204 820 230 PAPARUM
856 204 1239 230 AVENIONENSIUM
1683 191 1762 232 195

65 286 301 336 dispensari,
319 295 353 324 et
366 301 475 336 papa
490 295 646 336 propter
661 287 880 337 simplicem
896 289 1265 326 commaternitatem
1282 289 1380 326 inter
1395 304 1519 337 regem
1536 298 1569 327 et
1584 289 1761 339 reginam

60 345 145 394 jam
164 345 312 394 factum
335 345 632 383 matrimonium
653 346 887 385 annullavit.
917 347 1028 384 Unde
1048 347 1289 397 seripserunt
1311 348 1353 387 in
1375 348 1593 398 parietibus
1616 363 1628 386 :

538 450 572 486 Α
591 452 629 488 lu
647 460 752 488 court
769 452 819 488 (lu
837 452 948 501 Pape
965 461 1115 490 covc’art

537 508 616 546 N'a
639 524 712 559 pas
732 512 805 547 este
828 510 1054 549 Billeuwart.

536 567 616 605 Car
638 583 711 617 par
732 569 882 618 l’ottroy
905 570 956 607 du
981 570 1019 608 S.
1046 571 1142 607 Pere

536 627 571 663 A
600 627 714 676 prins
739 642 784 664 sci
811 628 947 665 double
974 643 1171 675 eommere,

535 686 585 723 Et
607 686 659 722 (Iu
683 700 750 735 roy
772 701 846 735 par
868 689 1093 736 comperuge

535 745 570 782 Α
597 744 737 793 dejaict
760 746 792 783 le
817 746 1002 794 mariage.

114 839 298 888 Denique
327 839 510 877 Clemens
539 839 594 876 VI
622 853 730 876 anno
758 837 1032 877 MCCCXLIV
1061 841 1314 891 dispensavit
1349 858 1441 881 cum
1481 843 1698 894 Radulpho
1726 845 1760 882 le

61 897 194 935 Moine
223 898 416 935 seutifero
445 906 485 935 et
514 898 675 935 Joanna
704 898 751 935 de
781 899 951 937 Guerres
980 914 1105 937 uxore
1133 900 1219 949 ejus
1248 909 1294 938 ut
1321 916 1403 940 non
1431 903 1621 941 obstante
1650 904 1758 952 quod

58 965 175 1006 pater
190 957 316 1006 ipsius
336 957 520 994 Joannae
539 957 695 994 dietum
716 957 980 1008 Radulphum
999 967 1091 1008 post
1109 959 1356 998 creationem
1373 962 1556 1010 ejusdem
1575 962 1759 1000 Joannae

58 1015 106 1054 de
131 1029 244 1053 sacro
271 1015 382 1053 fonte
406 1016 595 1061 levasset,
621 1025 834 1054 manerent
859 1025 999 1054 tamen
1022 1017 1062 1054 in
1087 1018 1274 1068 conjugio
1297 1019 1456 1068 jamdiu
1483 1028 1694 1058 contracto
1719 1029 1759 1059 et

57 1083 356 1112 consummato.

112 1133 153 1171 Ρ.
179 1133 265 1178 136,
295 1133 360 1183 lig.
394 1132 453 1172 19.
486 1134 710 1172 meuus
744 1134 785 1172 P.
818 1134 1029 1183 Lehugeur
1076 1135 1251 1173 Histoire
1280 1137 1323 1173 de
1353 1137 1542 1187 Plzilippe
1570 1139 1602 1175 le
1634 1138 1757 1187 Long,

56 1207 93 1242 p.
117 1192 205 1229 1645
226 1193 338 1242 place
357 1206 399 1230 sa
418 1200 526 1230 mort
543 1206 594 1230 au
615 1192 662 1229 16
678 1192 811 1241 juillet
834 1193 946 1237 1322,
967 1208 1057 1231 sans
1076 1194 1264 1243 indiquer
1282 1210 1340 1233 ses
1360 1211 1531 1234 sources.

112 1251 153 1289 P.
187 1251 272 1296 137,
314 1251 379 1300 lig.
414 1251 472 1289 13.
519 1252 645 1289 Cmm
689 1266 819 1288 FINEM
851 1267 1003 1289 MENSls
1050 1267 1321 1292 SEPTEMssms.
1370 1255 1414 1292 In
1456 1255 1581 1293 veteri
1622 1256 1757 1294 codice

57 1311 336 1360 manuscripto
364 1310 625 1360 Lugdunensi
651 1319 820 1348 notatur
844 1311 957 1348 illum
990 1312 1189 1360 Lugduno
1215 1312 1440 1351 discessisse
1466 1314 1641 1351 sabbato
1665 1323 1758 1364 post

56 1368 207 1407 festum
232 1369 341 1407 beati
366 1369 580 1407 Matthaei.
606 1370 707 1407 Cum
731 1370 838 1407 enim
862 1378 1005 1407 auctor
1027 1371 1143 1408 istius
1168 1371 1386 1419 fragmenti
1409 1381 1636 1410 enarrasset
1659 1374 1757 1411 elee-

57 1428 210 1465 tionem
233 1427 332 1476 ejus,
357 1428 415 1465 ait
436 1428 551 1465 illum
574 1428 694 1466 fuisse
718 1437 959 1466 coronatum
983 1444 1084 1466 more
1105 1430 1338 1479 pontificum
1360 1446 1608 1469 romanorum
1630 1432 1757 1469 domi-

56 1487 144 1524 nica
182 1487 312 1536 prima
348 1487 604 1537 septembriS,
641 1488 794 1525 scilieet
828 1488 944 1525 nonis
980 1489 1221 1538 septembris
1256 1489 1297 1526 in
1333 1490 1498 1528 ecelesia
1535 1491 1757 1528 cathedrali

57 1546 94 1584 S.
122 1546 320 1583 Johannis
345 1546 558 1596 Baptistae
586 1546 879 1595 Lugdunensis.
909 1547 1131 1585 Prandium
1158 1563 1252 1585 vero
1277 1556 1318 1586 et
1343 1549 1493 1586 festum
1517 1564 1637 1586 suum
1662 1550 1757 1587 feeit

54 1603 95 1642 in
128 1605 307 1654 virgulto
340 1613 566 1643 conventus
601 1605 775 1643 fratrum
810 1606 1157 1645 Praedicatorum.
1194 1607 1247 1644 Et
1280 1607 1358 1645 fuit
1390 1608 1541 1645 ibidem
1574 1608 1614 1645 in
1647 1608 1756 1646 dicto

55 1672 262 1701 conventu
290 1672 432 1714 postea
459 1678 587 1714 usque
615 1665 666 1702 ad
694 1664 801 1702 diem
829 1665 991 1703 sabbati
1020 1674 1199 1715 quatuor
1225 1674 1458 1716 temporum
1486 1675 1578 1717 post
1605 1667 1755 1705 festum

55 1723 165 1761 beati
191 1723 390 1761 Matthaei
427 1722 491 1773 [25
515 1724 769 1773 septembre]
799 1723 917 1773 [Bam.

111 1782 151 1820 Ρ.
176 1782 262 1828 138,
284 1782 348 1832 lig.
381 1782 442 1820 22.
474 1782 621 1820 Novis
653 1797 866 1820 CIVITATES
899 1798 1065 1822 EREXIT.
1100 1783 1332 1822 Hadrianus
1362 1784 1544 1822 Valesius
1574 1785 1635 1822 vir
1663 1785 1755 1822 doe-

54 1841 235 1878 tissimus
258 1841 298 1878 in
323 1841 478 1879 Notitia
507 1841 741 1889 Galliarum,
766 1857 803 1892 p.
829 1842 916 1889 578,
942 1843 1039 1880 haee
1072 1843 1196 1880 verba
1229 1843 1351 1880 refert
1374 1858 1422 1881 ex
1454 1844 1555 1880 libro
1579 1843 1755 1881 secundo

54 1900 200 1937 Rerum
221 1901 562 1938 memorandarum
582 1901 813 1938 petrarchae
830 1915 841 1938 .·
870 1900 1000 1939 Gallia
1020 1901 1146 1939 adhue
1166 1902 1338 1951 queritur
1356 1902 1604 1951 episcopatus
1623 1903 1755 1952 plures

53 1959 103 1996 ab
130 1973 171 1996 eo
218 1959 376 1997 Joanne
407 1959 551 2008 XXII)
582 1959 727 1997 divisos
754 1961 969 2010 locuto-sque
989 1975 1132 2010 parum
1162 1961 1312 1998 idoneis
1339 1961 1445 2007 locis,
1475 1976 1561 1998 rum
1597 1969 1685 1998 ante
1713 1961 1754 1998 in

54 2018 165 2066 longe
181 2018 342 2068 optimis
360 2018 747 2068 opulentissimisque
766 2019 931 2056 urbibus
948 2019 1150 2069 episcopos
1167 2027 1320 2057 tantum
1337 2020 1529 2058 haberent.
1553 2020 1629 2057 Diu
1647 2020 1754 2057 hunc

54 2077 188 2114 locum
216 2077 412 2126 quaesivi,
440 2091 521 2115 non
548 2078 680 2115 solum
705 2078 747 2115 in
772 2078 883 2116 libris
911 2078 1058 2115 Rerum
1085 2079 1438 2125 memorandarum,
1467 2079 1533 2116 sed
1563 2079 1686 2116 etiam
1713 2079 1754 2116 in

53 2136 195 2174 ceteris
213 2136 458 2174 petrarchae
478 2136 847 2184 lucubrationibus,
869 2137 1279 2175 attameninutiliter.
1303 2138 1485 2175 Tandem
1508 2137 1752 2187 deprehendi

52 2194 165 2232 illum
190 2209 271 2232 non
295 2209 378 2233 esse
403 2195 660 2242 Petrarchae,
685 2196 754 2234 sed
778 2194 929 2246 Papirii
955 2196 1131 2234 Massoni
1154 2196 1195 2233 in
1218 2196 1321 2234 libro
1342 2204 1458 2234 sexto
1478 2197 1536 2233 De
1558 2196 1754 2245 episcopis

57 2253 190 2299 Urbis,
211 2254 277 2292 fol.
299 2253 386 2301 280,
406 2254 475 2291 ubi
491 2262 584 2304 post
602 2255 727 2292 allata
747 2255 990 2293 Petrarehae
1009 2255 1133 2292 verba
1149 2255 1197 2293 de
1214 2255 1371 2292 Joanne
1393 2255 1532 2302 XXII,
1553 2269 1601 2292 ex
1620 2255 1752 2304 eapite

53 2312 198 2350 ultimo
224 2313 315 2350 libri
342 2313 508 2350 secundi
536 2313 681 2351 Rerum
708 2314 1062 2361 memorandarum,
1091 2321 1131 2351 et
1166 2322 1258 2363 post
1294 2313 1508 2351 laudatum
1536 2313 1751 2362 Augustini

53 2371 265 2421 Triumphi
302 2371 548 2409 Anconitani
584 2373 776 2410 volumen
813 2373 860 2410 de
896 2373 1087 2410 Potestate
1121 2372 1390 2418 ecclesiastica,
1427 2372 1543 2410 addit
1579 2372 1751 2409 Galliam

52 2430 199 2473 adhuc,
222 2430 262 2468 id
284 2439 357 2478 est,
380 2444 480 2468 aevo
505 2431 655 2481 Papirii
678 2431 868 2478 Massoni,
892 2431 1003 2481 queri
1025 2431 1284 2481 episcopatus
1306 2431 1438 2480 plures
1460 2431 1512 2468 ab
1533 2445 1578 2468 eo
1601 2430 1750 2468 divisos

52 2489 288 2538 locatosque
307 2503 454 2539 parum
473 2490 628 2527 idoneis
648 2490 757 2528 loeis.
780 2490 930 2528 Verum
952 2490 1045 2539 quia
1066 2491 1189 2540 paulo
1208 2498 1301 2539 post
1320 2490 1427 2527 idem
1449 2490 1658 2527 Massonus
1679 2489 1749 2536 ait,

53 2548 115 2585 Ecc
138 2548 411 2597 superioribus
436 2549 668 2586 Petrarelzae
693 2549 818 2586 verbis
847 2549 1043 2586 Joannem
1069 2549 1111 2586 in
1140 2548 1259 2586 Italia
1287 2548 1426 2586 bellum
1453 2548 1615 2596 gessisse
1642 2548 1750 2585 intel-

53 2607 231 2644 teximus.
271 2607 468 2654 Valesius,
508 2607 576 2656 qui
614 2608 723 2645 haud
762 2608 882 2646 dubie
921 2607 1174 2645 existimaret
1213 2607 1454 2644 Petrarehae
1492 2621 1575 2644 esse
1614 2607 1749 2644 omnia

54 2679 157 2714 quae
174 2679 302 2714 usque
319 2666 371 2703 ad
388 2666 486 2704 haec
503 2666 628 2704 verba
644 2667 835 2716 leguntur
851 2667 960 2716 apud
980 2667 1227 2711 Massonum,
1246 2666 1451 2714 querelam
1467 2665 1578 2702 illam
1596 2665 1748 2703 Galliae

54 2724 101 2762 de
121 2724 317 2762 divisione
336 2724 648 2775 episcopatuum
672 2725 812 2763 retulit
829 2725 881 2763 ad
906 2725 1182 2770 petrarcham,
1213 2738 1315 2773 quae
1340 2732 1479 2761 tamen
1507 2723 1747 2775 petrarchae

54 2797 134 2820 non
157 2791 230 2827 est,
254 2783 323 2821 sed
347 2783 498 2833 Papirii
529 2784 719 2822 Massoni.
756 2784 870 2821 Istud
893 2791 1032 2821 autem
1063 2783 1272 2820 admoneri
1297 2796 1441 2832 operae
1460 2782 1637 2832 pretium
1656 2782 1746 2830 fuit,

53 2855 102 2879 ne
119 2841 146 2878 ii
166 2841 234 2890 qui
261 2842 433 2891 posthac
459 2843 603 2880 lecturi
629 2851 725 2880 sunt
753 2842 948 2880 Notitiam
973 2842 1205 2889 Galliarum,
1234 2841 1303 2878 ubi
1327 2841 1378 2878 ad
1411 2841 1517 2878 hune
1541 2841 1675 2878 locum
1699 2855 1748 2879 ex

55 2900 273 2937 Petrareha
306 2901 523 2938 laudatum
556 2901 755 2948 venerint,
794 2901 836 2939 in
869 2901 1057 2939 eumdem
1093 2914 1267 2937 errorem
1301 2900 1504 2945 incidant3
1544 2899 1585 2936 in
1626 2913 1746 2948 quem

52 2958 227 2996 inridere
257 2959 345 2997 illos
378 2959 493 2998 facile
524 2974 640 3010 posse
671 2960 821 3010 probat
851 2959 1083 3008 exemplum
1125 2958 1294 2996 Joannis
1328 2958 1471 2995 Jacobi
1508 2957 1745 3005 Hofmanni⁷

53 3017 122 3066 qui
157 3017 198 3054 in
233 3031 304 3069 suo
340 3017 479 3055 Leaeico
510 3017 726 3055 universali
772 3019 816 3068 [t.
851 3033 892 3064 11,
926 3033 964 3068 p.
1001 3017 1097 3067 505]
1137 3018 1305 3066 loquens
1343 3017 1391 3054 de
1430 3017 1574 3054 Tutela
1607 3024 1746 3054 monet

52 3075 276 3113 videndum
297 3091 380 3114 esse
404 3072 680 3124 Petrar'cham‚
702 3077 770 3115 lib.
798 3077 850 3124 ΙΙ,
873 3077 959 3114 Rer.
984 3090 1137 3113 memor.
