2083 3458
300 245 383 287 404
964 261 1117 286 NOTAE
1152 260 1213 286 AD
1247 261 1375 287 VITAs
1879 244 2007 301 [892]

298 346 475 385 evaserit
514 345 709 395 magister
746 346 1000 395 theologicae
1039 345 1250 384 facultatis
1288 345 1330 383 in
1369 345 1580 384 academia
1629 345 1845 383 Parisiensi
1861 345 1889 384 1.
1938 345 2008 383 Ait

298 414 439 445 autem
455 404 724 454 VVaddingus,
742 419 807 444 an.
828 404 942 453 1337,
965 404 982 453 ἓ
1001 404 1020 442 1
1041 403 1087 454 [t.
1108 420 1176 453 vn,
1193 420 1232 455 p.
1253 403 1362 454 203],
1379 405 1495 442 illum
1512 405 1688 444 electum
1703 405 1746 442 in
1773 404 2008 443 ministrum

297 464 533 516 provinciae
564 464 802 502 Provinciae
830 464 1007 502 noluisse
1034 472 1202 514 patrum
1230 464 1338 502 votis
1366 464 1555 502 assentiri
1572 463 1605 511 '³3
1628 464 1738 514 quod
1766 463 1834 502 alii
1862 463 2007 502 deinde

297 523 515 574 scriptores
547 523 727 573 amplexi
758 532 867 562 sunt.
901 523 1055 561 Verum
1088 523 1280 562 Nicolaus
1313 523 1506 561 Minorita
1525 522 1554 571 3,
1586 523 1655 563 fol.
1691 523 1766 561 150
1796 525 1855 570 v⁰‚
1887 523 2008 561 affert

296 582 642 634 protestationem
674 582 957 620 ministrorum
990 591 1032 620 et
1063 582 1237 622 aliorum
1270 583 1446 620 fratrum
1479 589 1820 633 congregatorum
1845 582 2008 620 Parisiis

298 656 406 680 anno
437 642 652 681 millesimo
683 642 933 680 CCCXXIX
963 642 1004 679 in
1037 642 1218 692 capitulo
1250 642 1440 692 generali,
1470 641 1512 680 in
1544 656 1624 691 qua
1656 642 1803 680 Pastor
1833 649 2008 680 vocatur

296 702 483 741 minister
520 701 775 749 Provinciae,
813 709 923 739 certo
960 709 1205 751 argumento
1242 716 1335 739 eum
1373 701 1635 740 consensisse.
1676 701 1765 739 Hoc
1801 709 1863 739 est
1898 700 2006 739 enim

295 761 461 799 initium
499 760 606 798 illius
647 760 960 810 protestationis
1003 776 1011 798 τ
1054 760 1247 798 Νονενὶηι
1287 760 1462 798 universi
1502 775 1661 810 presens
1702 760 2007 798 instrumentum

296 819 514 870 inspecturi
539 820 640 870 quod
662 834 768 857 anno
789 820 957 857 Domini
982 819 1310 868 MCCCXXIX,
1337 820 1551 857 indictione
1573 819 1682 867 XII,
1708 819 1770 856 die
1792 819 1834 856 X
1860 819 2007 856 mensis

293 879 418 928 junii,
443 879 632 917 Parisius
657 879 699 916 in
733 879 812 916 loco
834 879 1004 928 fratrum
1025 879 1250 926 Minorum,
1270 879 1339 917 ubi
1363 887 1454 917 tunc
1473 879 1674 916 tenebatur
1699 879 1875 928 generale
1898 879 2005 928 capi-

296 939 423 976 tulum
454 939 688 985 eorumdem,
722 938 899 987 religiosi
931 939 1006 976 viri
1037 939 1157 988 frater
1191 939 1395 976 Johannes
1426 938 1606 976 minister
1636 938 1856 985 Romanus,
1887 938 2007 986 frater

295 998 438 1036 Pastor
466 998 646 1035 minister
673 998 896 1046 provincie,
925 1006 959 1035 et
986 999 1098 1036 ceteri
1124 998 1265 1048 fratres
1294 998 1447 1035 ordinis
1473 998 1643 1047 fratrum
1672 997 1896 1045 Minoram,
1927 1005 2003 1035 etc.

298 1057 386 1105 Quo
408 1058 496 1095 loco
521 1057 827 1095 observandum
850 1066 911 1096 est
930 1057 1055 1096 illum·
1070 1057 1200 1096 videri
1222 1072 1304 1095 non
1326 1057 1449 1095 fuisse
1472 1057 1749 1095 constitutum
1770 1056 2005 1093 ministrum

297 1116 536 1155 Provinciae
555 1117 752 1155 electione
771 1117 960 1163 fratrum,
980 1117 1049 1155 sed
1068 1117 1318 1155 auctoritate
1335 1116 1554 1154 Bertrandi
1572 1116 1751 1166 episcopi
1770 1115 2004 1163 Tusculani,

296 1190 418 1226 quem
446 1176 626 1214 Joannes
655 1176 784 1213 XXII
812 1177 1085 1215 constituerat
1111 1176 1311 1214 vicarium
1338 1176 1566 1226 generalem
1591 1175 1719 1213 totius
1748 1175 1898 1213 ordinis
1926 1174 2004 1212 fra-

295 1243 407 1274 trum
433 1235 649 1274 Minorurn.
678 1235 749 1273 Ait
774 1235 882 1274 enim
907 1235 1015 1274 idem
1049 1236 1240 1280 Nicolaus
1278 1236 1401 1285 paulo
1437 1234 1561 1273 ante4
1587 1235 1758 1272 :Postea
1791 1248 1876 1272 vero
1910 1233 2002 1271 dicti

292 1295 432 1343 fratres
456 1309 525 1345 per
549 1294 696 1332 dictum
719 1295 925 1332 dominum
950 1295 1215 1333 Bertrandum
1239 1295 1283 1332 de
1305 1295 1406 1344 sacto
1430 1303 1463 1332 et
1487 1302 1620 1332 contra
1642 1294 1812 1343 formam
1836 1293 2004 1343 predicte

295 1355 425 1403 regule
450 1369 495 1392 ac
521 1354 679 1391 concilii
707 1354 900 1403 generalis
928 1354 971 1391 in
997 1354 1200 1392 ministros
1225 1362 1259 1391 et
1284 1354 1458 1391 custodes
1483 1368 1690 1403 perperam
1717 1353 1889 1391 instituti
1915 1366 2003 1390 cum

295 1414 435 1463 paucis
463 1413 557 1450 aliis
587 1413 783 1450 ministris
813 1422 1144 1463 congregaverunt
1179 1428 1219 1451 se
1247 1413 1435 1451 Parisius
1473 1413 1515 1450 in
1552 1413 1632 1450 loco
1665 1413 1836 1462 fratrum
1865 1412 2001 1449 Mino-

294 1487 395 1520 rum,
421 1481 497 1511 etc.
526 1473 742 1511 Praeterea
766 1473 807 1510 in
831 1473 958 1511 literis
984 1473 1197 1522 encyclicis
1224 1473 1387 1511 Geraldi
1414 1472 1581 1519 Odonis,
1604 1472 1780 1512 ministri
1806 1471 2001 1521 generalis

294 1532 532 1570 eorumdem
549 1532 719 1571 fratrem
737 1532 954 1579 Minorum,
971 1532 1108 1570 relatis
1126 1532 1178 1569 ab
1195 1532 1339 1570 eodem
1356 1531 1563 1579 Nicolao5,
1580 1531 1646 1569 fol.
1666 1531 1739 1568 271
1757 1532 1814 1578 v⁰,
1831 1531 1999 1581 legitur:

291 1591 468 1629 Dilectus
495 1591 537 1628 in
561 1590 716 1628 Christo
738 1591 858 1640 frater
881 1591 1022 1629 Pastor
1046 1592 1196 1629 dudum
1220 1591 1399 1629 minister
1424 1591 1466 1628 in
1488 1589 1696 1642 provincia
1722 1588 1932 1628 Provincie
1957 1588 2000 1626 in

295 1657 430 1687 nostra
482 1649 682 1701 presentia
712 1649 961 1697 constitutus,
992 1658 1068 1689 ete.

346 1710 466 1747 Anno
490 1710 857 1762 MCCCXXXVII,
876 1710 953 1748 kal.
986 1710 1047 1760 [1]
1074 1710 1224 1757 octob.,
1244 1709 1378 1747 factus
1399 1717 1461 1748 est
1483 1710 1696 1760 episcopus
1720 1708 1953 1747 Assisiensis
1971 1707 1999 1757 ⁶,

293 1777 339 1806 ut
360 1769 508 1807 docent
526 1769 668 1807 literae
686 1769 899 1807 Benedicti
921 1769 1005 1806 XII
1026 1769 1136 1819 apud
1155 1769 1448 1818 Waddingum,
1468 1777 1498 1807 t.
1520 1783 1574 1806 vn
1593 1768 1635 1806 in
1654 1768 1829 1817 Regesto,
1849 1783 1888 1818 p.
1909 1767 1997 1806 479.
2031 1766 2036 1771 ’

294 1828 481 1865 Adnotat
499 1836 639 1866 autem
657 1828 766 1867 idem
784 1828 1052 1878 Waddingus,
1072 1843 1136 1867 an.
1158 1828 1272 1876 1337,
1298 1828 1314 1877 ,ξ
1335 1828 1353 1865 1
1376 1828 1420 1878 [t.
1442 1843 1510 1875 vn,
1528 1843 1567 1878 p.
1588 1827 1695 1877 203]‚
1716 1828 1751 1866 ei
1771 1827 1813 1865 in
1835 1827 1998 1865 Italiam

293 1887 344 1924 ad
380 1901 497 1925 suam
531 1887 743 1926 ecclesiam
778 1887 1055 1937 proficiscenti
1091 1888 1352 1927 commissum
1389 1902 1411 1925 a
1446 1887 1643 1937 pontifice
1683 1895 1730 1925 ut
1773 1887 1825 1924 ad
1860 1901 1997 1937 preces

293 1946 461 1984 Sanciae
500 1946 657 1984 Siciliae
694 1947 856 1996 reginae
895 1947 1041 1997 viginti
1079 1962 1233 1985 sorores
1272 1947 1468 1985 discretas
1507 1961 1553 1985 ac
1590 1954 1811 1997 provectae
1849 1946 1998 1984 aetatis

293 2006 533 2044 transferret
551 2020 601 2044 ex
618 2006 876 2044 monasteriis
897 2006 1136 2044 Provinciae
1154 2007 1206 2044 ad
1223 2006 1380 2056 regium
1399 2006 1577 2056 corporis
1594 2006 1742 2044 Christi
1761 2005 1998 2055 Neapolitau

291 2079 404 2112 num,
426 2079 530 2115 quae
551 2065 891 2103 adolescentiores
913 2065 1135 2115 disciplinis
1156 2074 1197 2103 et
1216 2065 1419 2103 institutis
1439 2065 1693 2115 regularibus
1713 2064 1997 2112 informarent,
2042 2066 2045 2069 ⁴

291 2124 484 2163 nimirum
505 2124 626 2174 juxta
649 2124 690 2162 id
714 2125 824 2174 quod
847 2139 969 2175 supra
994 2125 1246 2175 descriptum
1269 2133 1330 2163 est
1353 2139 1402 2163 ex
1425 2124 1566 2162 Codice
1588 2125 1838 2162 rubricarum
1856 2124 1870 2146 7
1893 2123 1997 2173 ejus-

292 2183 384 2221 dem
405 2183 632 2222 Benedicti.

343 2242 463 2280 Anno
496 2242 887 2290 MCCCXXXVIII,
921 2258 959 2281 v1
994 2244 1073 2282 kal.
1107 2243 1207 2282 febr.
1227 2242 1255 2291 8,
1287 2243 1396 2281 idem
1436 2257 1544 2293 papa
1583 2243 1700 2282 illum
1731 2243 1783 2280 ab
1817 2241 1996 2280 Ecclesia

290 2301 582 2340 Assisinatensi
614 2303 829 2340 transtulit
862 2303 913 2339 ad
946 2303 1208 2353 metropolim
1243 2302 1598 2348 Ebredunensem3
1622 2302 1856 2352 Wadding.,
1883 2310 1913 2340 t.
1942 2316 1996 2338 vn

290 2360 331 2398 in
354 2361 528 2410 Regesto,
552 2369 581 2399 t.
619 2377 686 2410 vn,
719 2376 757 2412 p.
790 2361 878 2400 484.
913 2362 1064 2399 Errant
1094 2376 1188 2411 ergo
1220 2361 1527 2401 Sammarthani
1561 2361 1784 2409 scribentes
1817 2375 1910 2399 eun]
1944 2360 1996 2398 ad

337 2498 368 2530 1.
389 2497 435 2531 Ce
452 2498 511 2531 sut
527 2498 624 2531 Jean
637 2497 756 2531 XXII
775 2499 837 2542 qui
854 2499 905 2531 lui
923 2505 1078 2542 octroya
1094 2500 1126 2532 le
1139 2499 1225 2532 titre
1241 2499 1283 2531 de
1298 2498 1712 2542 docteurle17janvier
1724 2498 1816 2532 1333
1833 2498 1993 2542 (Denifle

289 2557 326 2583 ct
342 2551 550 2591 Chatelain,
569 2551 856 2592 Chartularium,
874 2559 900 2585 t.
917 2565 953 2592 11,
972 2564 1006 2585 n.
1025 2552 1121 2595 950).

338 2605 368 2637 2.
392 2605 472 2637 Une
492 2605 591 2638 bulle
612 2606 656 2638 de
676 2605 811 2638 Benoit
831 2606 909 2638 XII
930 2605 1117 2649 temoigne
1138 2606 1182 2638 de
1201 2617 1269 2638 son
1287 2605 1386 2638 refus
1411 2604 1555 2648 (EubeL
1579 2610 1616 2638 ut
1632 2616 1674 2645 s.‚
1695 2616 1730 2638 n.
1752 2604 1825 2649 76).

337 2658 369 2690 3.
398 2657 437 2691 B.
469 2658 525 2698 N.‚
553 2670 621 2692 ms.
650 2659 744 2691 latin
769 2658 874 2692 5154.

337 2711 368 2744 4.
401 2711 448 2744 Ut
470 2722 511 2751 s.‚
538 2712 600 2745 fol.
628 2712 697 2745 150
722 2716 773 2745 v0.

338 2764 368 2796 5.
398 2764 445 2796 Ut
465 2776 492 2797 s.

338 2817 368 2850 6.
393 2817 522 2857 Eubel,
542 2817 585 2851 B.
607 2818 663 2858 F„
685 2824 710 2851 t.
733 2830 780 2858 VI,
802 2830 836 2851 n.
858 2819 914 2852 75.
933 2837 982 2841 —
998 2818 1133 2851 Benoit
1153 2818 1231 2851 XII
1251 2817 1459 2861 appreciait
1476 2818 1512 2850 13
1529 2817 1672 2851 science
1689 2817 1927 2862 theologique
1948 2818 1991 2851 de

292 2869 459 2904 Pasteur.
485 2882 547 2903 car
569 2871 591 2903 il
616 2871 666 2903 lui
691 2871 815 2904 confla
838 2872 1025 2905 l’exanien
1049 2872 1092 2904 de
1116 2883 1172 2904 ses
1191 2882 1372 2914 ouvrages
1390 2882 1435 2904 en
1458 2871 1563 2911 1335,
1588 2871 1682 2904 1336
1706 2871 1812 2911 ,1338
1835 2876 1874 2904 et
1896 2871 1990 2905 1339

295 2921 428 2962 (ΕΙῙΓῙυ,
447 2923 615 2957 Historia
633 2923 873 2965 bibliothecae,
898 2931 923 2957 t.
949 2937 972 2965 1,
991 2936 1025 2968 p.
1044 2925 1113 2958 155
1129 2930 1167 2957 et
1183 2925 1263 2964 583,
1282 2931 1320 2957 et
1337 2923 1482 2957 Denisse
1507 2930 1545 2957 et
1570 2923 1777 2964 Chatelain,
1800 2923 1991 2957 Chartula-

291 2975 399 3014 rium,
424 2982 449 3008 t.
474 2988 509 3015 11,
535 2989 568 3009 n.
594 2977 689 3020 995).
717 2978 874 3011 Pasteur
897 2978 1071 3011 travailla
1094 2977 1193 3011 aussi
1215 2978 1236 3010 3
1257 2978 1292 3010 13
1314 2977 1508 3011 redaction
1532 2978 1576 3010 de
1598 2977 1633 3010 la
1655 2977 1754 3010 bulle
1776 2976 1991 3021 Redemptor

290 3033 405 3060 noster
430 3029 574 3069 (Eubel,
601 3035 637 3062 ut
657 3042 697 3070 s.‚
723 3043 757 3063 n.
783 3031 853 3074 51).

337 3081 367 3112 7.
395 3081 521 3120 Eubel,
547 3087 583 3115 ut
601 3094 642 3121 s.‚
665 3095 698 3116 n.
722 3085 778 3117 72.

337 3134 366 3165 8.
390 3134 492 3166 Lisez
511 3135 541 3167 le
563 3136 605 3168 27
623 3137 770 3179 janvier
788 3137 881 3170 1339
904 3137 1048 3180 (Eubel,
1071 3141 1108 3170 ut
1124 3148 1165 3176 s.‚
1185 3148 1220 3170 n.
1241 3136 1337 3180 105).
