2083 3458
266 200 348 241 920
896 211 1048 236 NOTAE
1082 211 1143 236 AD
1177 211 1305 237 VITAs
1829 195 1979 252 [1408]

268 298 443 338 descivit
470 298 522 335 ab
551 296 787 335 obedientia
814 295 1001 346 ejusdem
1026 295 1256 335 Benedicti.
1285 296 1435 334 Postea
1461 295 1672 346 profectus
1700 304 1762 334 est
1789 296 1902 335 Pisas
1930 295 1983 335 ad

269 358 488 399 concilium
528 356 639 406 quod
679 355 760 394 illic
800 355 1102 403 celebrabatur,
1144 370 1226 406 quo
1264 355 1437 394 advenit
1476 369 1585 393 anno
1625 355 1878 403 MCCCCIX,
1919 356 1983 394 die

269 418 448 458 secunda
474 416 585 454 maii.
613 415 714 454 Vide
739 423 770 453 t.
800 430 837 452 VI
864 415 1072 465 Spicileg.,
1097 430 1137 465 p.
1164 415 1256 463 249,
1281 423 1323 454 et
1349 415 1635 466 Spondanum,
1660 429 1726 454 an.
1755 415 1870 463 1409,
1902 416 1919 465 ἓ
1943 416 1982 454 8.

324 479 366 516 P.
394 476 483 523 540,
508 476 574 525 lig.
601 475 663 513 24.
687 475 806 512 DATO
829 489 1128 513 PRESBYTERIO
1149 474 1191 513 id
1210 482 1286 522 est,
1307 474 1523 522 donativo,
1544 483 1591 512 ut
1610 483 1720 513 recte
1743 475 1984 514 observavit

269 537 331 576 vir
367 536 615 575 clarissimus
653 534 829 572 domnus
868 535 1049 572 Joannes
1088 534 1351 572 Mabillonius
1388 534 1430 572 in
1474 543 1590 572 tomo
1627 534 1807 573 secundo
1845 533 1984 572 Musei

273 596 419 636 Italici.
449 595 549 633 Vide
579 594 794 644 Sugerium
820 593 862 631 in
895 593 988 632 Vita
1013 594 1206 632 Ludovici
1241 593 1376 632 Grossi
1403 594 1520 644 regis,
1548 609 1587 644 p.
1616 594 1706 642 318,
1733 594 1776 632 in
1802 594 1983 633 editione

272 654 508 695 Duchesnii.
546 654 592 691 In
625 654 746 692 Facto
780 653 928 692 Jacobi
961 653 1009 692 de
1044 653 1149 692 Seva
1181 669 1253 692 seu
1284 653 1423 704 potius
1458 653 1631 692 ,Ioannis
1667 654 1715 692 de
1749 654 1935 704 Lignano
1954 653 1983 701 1,

269 732 309 767 p.
326 715 415 762 500,
429 714 501 752 ubi
515 713 805 752 describuntur
818 713 1017 752 solemnia
1031 713 1309 752 coronationis
1327 713 1485 752 Urbani
1499 714 1556 751 VI
1569 712 1720 763 legitur
1735 729 1742 752 :
1755 713 1986 751 Distributa

270 784 372 814 certa
383 789 541 812 summa
551 773 743 824 pecuniae
760 773 860 810 inter
874 773 994 810 dictos
1004 773 1351 822 cardinalesjuoeta
1362 787 1523 822 morem,·
1534 787 1631 823 quae
1641 773 1814 823 pecunia
1828 781 1986 811 vocatur

271 834 573 886 presbyterium.
599 833 711 882 Quae
726 832 881 871 fuerint
894 840 1036 871 autem
1051 833 1159 871 dona
1174 832 1274 871 data
1288 833 1566 871 cardinalibus
1582 847 1604 870 a
1623 832 1851 872 Benedicto
1875 833 1985 871 XIII

273 894 464 945 nuspiam
484 892 617 943 reperi
637 892 714 931 nisi
734 892 775 930 in
794 900 1051 931 testamento
1074 892 1247 931 Joannis
1269 892 1488 931 cardinalis
1510 893 1559 930 de
1575 892 1749 931 Murolio
1769 892 1797 940 ²,
1812 907 1852 943 p.
1869 892 1986 939 1104,

272 955 313 992 in
338 968 419 1004 quo
443 953 646 1003 scriptum
669 960 732 991 est
754 952 871 990 illum
895 951 1041 990 statim
1065 960 1160 1002 post
1184 952 1515 1003 assumptionem
1539 967 1656 990 suam
1681 952 1916 1002 promisisse
1947 960 1988 991 et

271 1013 431 1053 dedisse
446 1013 572 1051 verbo
587 1011 756 1051 cuilibet
770 1011 970 1053 cardinali
982 1011 1137 1050 ibidem
1149 1012 1359 1063 praesenti
1373 1020 1553 1062 quatuor
1573 1012 1699 1050 millia
1724 1012 1988 1059 florenorum,

275 1075 318 1112 de
343 1087 416 1123 quo
436 1086 515 1110 non
537 1072 661 1110 habui
680 1071 904 1119 denarium,
918 1071 1056 1121 inquit
1077 1071 1187 1110 idem
1201 1072 1435 1119 cardinalis,
1454 1072 1541 1109 licet
1563 1072 1724 1121 fecerim
1743 1072 1988 1121 diligentias.

329 1134 373 1172 P.
394 1132 484 1180 541,
502 1131 569 1181 lig.
590 1132 625 1170 3.
648 1132 736 1170 Nos
757 1145 916 1170 OMNES.
939 1131 1051 1170 Haec
1070 1131 1215 1170 cedula
1233 1131 1437 1182 reperitur
1454 1131 1496 1169 in
1515 1132 1656 1169 multis
1676 1131 1859 1181 antiquis
1880 1131 1988 1170 codi-

275 1193 405 1240 cibus,
427 1200 468 1230 et
489 1191 601 1230 edita
623 1199 685 1229 est
706 1191 819 1241 apud
841 1191 1065 1230 Odoricum
1089 1191 1357 1241 Raynaldum
1378 1200 1419 1229 et
1440 1191 1550 1229 alibi.
1576 1192 1707 1228 Extat
1729 1191 1856 1229 etiam
1877 1190 1989 1242 apud

276 1252 535 1290 Zabarellam
559 1251 600 1288 in
624 1251 728 1289 libro
750 1252 809 1288 De
832 1251 1054 1289 schismate.

331 1312 374 1350 Ρ.
404 1310 493 1359 542,
521 1311 587 1361 lig.
618 1310 680 1350 21,
711 1311 1035 1349 FLOREerNUS.
1068 1311 1114 1348 In
1142 1310 1280 1349 codice
1305 1309 1384 1348 818
1410 1310 1686 1349 bibliothecae
1714 1310 1989 1358 Colbertinae,

277 1387 328 1410 ex
345 1385 426 1421 quo
443 1370 522 1408 ista
540 1379 708 1420 sumpta
725 1378 837 1418 sunt,
851 1370 1104 1409 adnotatum
1120 1378 1182 1408 est
1195 1370 1429 1421 antiquitus
1446 1370 1674 1409 cardinales
1689 1370 1990 1417 Florentinum,

276 1431 325 1469 de
357 1430 555 1481 Agrifolio
584 1438 626 1468 et
650 1430 698 1468 de
724 1430 876 1468 Sancto
899 1429 1087 1468 Martiale
1111 1444 1194 1468 non
1215 1430 1504 1480 subscripsisse
1527 1430 1695 1468 cedulae
1719 1429 1993 1468 cardinalium

276 1505 350 1541 pro
364 1489 619 1529 extinctione
634 1489 868 1528 schismatis
883 1489 1019 1528 factae
1033 1489 1075 1527 in
1089 1489 1289 1537 conclavi,
1305 1498 1449 1540 postea
1466 1503 1591 1540 quam
1604 1490 1788 1528 Clemens
1804 1489 1884 1527 VII
1899 1489 1993 1528 sub-

277 1551 385 1588 latus
412 1557 474 1588 est
499 1549 541 1587 in
567 1550 745 1597 coelum3
771 1549 882 1599 quod
906 1549 1034 1587 etiam
1057 1549 1310 1588 adnotatum
1334 1558 1395 1587 est
1419 1549 1460 1587 in
1481 1549 1664 1599 margine
1686 1548 1993 1587 informationis

277 1609 452 1649 seriosae
467 1623 608 1647 eorum
623 1608 853 1658 quaefacta
869 1609 1037 1647 fuerunt
1051 1609 1163 1659 apud
1173 1609 1431 1647 Avenionem
1444 1624 1516 1659 per
1530 1608 1718 1647 dominos
1730 1609 1852 1647 duces
1870 1609 1995 1647 Fran-

280 1669 363 1709 ciae
378 1683 486 1706 anno
501 1668 768 1715 MCCCXCV,
784 1683 888 1718 quae
902 1668 944 1706 in
960 1669 1195 1706 Collectione
1208 1677 1385 1706 actorum
1398 1677 1567 1707 veterum
1580 1668 1692 1706 edita
1706 1677 1769 1707 est
1779 1668 1808 1716 3,
1822 1675 1861 1718 p'.
1879 1668 1995 1716 1107,

279 1743 330 1767 ex
342 1728 474 1766 veteri
490 1728 627 1766 codice
642 1743 716 1766 ms.
732 1728 1007 1767 bibliothecae
1029 1728 1302 1767 Colbertinae.
1330 1727 1453 1766 Ratio
1475 1737 1617 1766 autem
1636 1743 1707 1767 cur
1726 1728 1784 1766 illi
1802 1742 1885 1766 non
1900 1728 1994 1766 sub-

278 1787 518 1837 scripserint
536 1789 637 1825 haec
660 1787 702 1824 in
722 1788 859 1826 codice
882 1786 960 1825 813
988 1788 1175 1837 ejusdem
1194 1787 1470 1826 bibliothecae
1497 1787 1513 1810 4
1535 1788 1721 1835 affertur,
1757 1787 1853 1838 quia
1876 1795 1996 1825 erant

280 1856 544 1886 scrutatores.
564 1847 675 1885 Haec
689 1847 798 1885 enim
812 1855 910 1885 sunt
923 1848 1048 1886 verba
1072 1847 1219 1886 veteris
1236 1847 1329 1885 libri
1345 1847 1484 1885 :Dicta
1508 1848 1646 1885 cedula
1668 1847 1748 1896 suit
1770 1861 1840 1898 per
1862 1861 1996 1885 omnes

280 1907 503 1945 cardinales
526 1907 674 1956 jurata,
690 1914 724 1943 et
734 1907 884 1956 scripta
899 1907 941 1944 in
953 1921 1191 1957 pergameno
1210 1921 1278 1957 per
1295 1907 1502 1945 dominum
1519 1908 1563 1945 de
1580 1908 1821 1955 Petramala,
1848 1915 1882 1944 et
1903 1907 1995 1944 sab-

280 1967 430 2017 scripta
443 1981 511 2016 per
536 1980 669 2004 omnes
683 1966 920 2013 cardinales,
946 1966 1117 2016 exceptis
1134 1967 1262 2004 tribus
1277 1966 1522 2014 Florentino,
1538 1967 1582 2004 de
1596 1967 1797 2016 Agrifolio
1810 1975 1844 2004 et
1858 1965 1997 2004 Sancti

283 2026 505 2073 Martialis,
531 2026 598 2076 qui
628 2034 740 2063 erant
770 2034 1015 2064 scrutatores.
1040 2026 1157 2064 Istud
1178 2034 1319 2064 tamen
1339 2026 1467 2064 habet
1487 2026 1671 2076 aliquam
1692 2025 1995 2065 difficultatem.

283 2087 385 2124 Cum
398 2085 507 2123 enim
521 2100 571 2123 ex
585 2085 732 2123 Ordine
755 2100 917 2123 romano
942 2085 1012 2135 qui
1026 2094 1115 2124 tum
1130 2085 1171 2123 in
1184 2100 1261 2123 usu
1275 2094 1363 2124 erat
1385 2094 1549 2124 constet
1567 2094 1818 2124 scrutatores
1833 2099 1998 2123 manere

283 2145 423 2183 solitos
461 2145 502 2182 in
530 2144 717 2183 conclavi
745 2159 839 2183 cum
867 2145 1044 2195 collegis,
1073 2145 1185 2183 nulla
1206 2145 1313 2183 ratio
1345 2145 1481 2183 innuit
1513 2145 1628 2192 istos,
1650 2144 1683 2183 si
1714 2160 1807 2184 vere
1829 2145 1999 2183 fuerunt

284 2213 550 2251 scrutatores,
572 2204 746 2243 nescisse
769 2204 868 2254 quid
891 2218 913 2241 a
936 2204 1079 2243 ceteris
1095 2213 1298 2254 ageretur,
1314 2205 1500 2255 adeoque
1516 2205 1673 2242 nullam
1687 2204 1999 2243 excusationem

285 2264 434 2301 habere
449 2263 632 2313 potuisse
649 2278 730 2313 quo
745 2264 879 2302 minus
894 2263 988 2302 huic
1004 2264 1171 2302 cedulae
1186 2264 1506 2303 subscriberent.
1532 2265 1678 2313 Itaque
1693 2264 1880 2303 fortassis
1895 2263 1998 2307 exis-

285 2323 433 2361 timare
447 2323 588 2361 liceret
602 2323 689 2361 illos
706 2323 843 2371 fuisse,
859 2338 940 2361 non
955 2332 1222 2371 scrutatores,
1237 2324 1307 2362 sed
1323 2323 1701 2373 compromissarios
1722 2323 1750 2362 5.
1768 2323 1928 2374 Quippe
1950 2337 2001 2362 ex

287 2382 551 2420 Ceremoniali
573 2396 735 2420 romano
760 2382 981 2432 Augustini
1005 2383 1186 2430 Patricii,
1212 2383 1323 2433 quod
1347 2397 1368 2420 a
1393 2383 1689 2433 Christophoro
1713 2383 1905 2421 Marcello
1918 2382 2000 2421 edi-

286 2449 378 2478 tum
401 2450 475 2489 est,
500 2441 631 2491 liquet
654 2442 1032 2492 compromissarios
1057 2442 1194 2492 egredi
1217 2442 1357 2481 solitos
1373 2458 1392 2481 e
1417 2442 1603 2481 conclavi
1616 2451 1658 2480 et
1671 2457 1711 2481 se
1725 2443 1933 2483 retrahere
1947 2441 2000 2479 ad

287 2509 449 2550 partem
473 2500 513 2537 in
536 2501 674 2550 aliquo
698 2502 786 2539 loco
821 2510 1026 2551 separato.
1053 2503 1157 2539 Tum
1183 2516 1277 2551 ergo
1292 2516 1420 2552 quum
1434 2501 1491 2539 illi
1506 2501 1627 2540 divisi
1641 2510 1759 2540 erant
1785 2516 1808 2539 a
1832 2515 2000 2551 corpore

289 2560 552 2608 collegarum,
586 2562 799 2610 proposita
837 2569 899 2599 est
935 2561 1078 2599 cedula
1114 2561 1196 2608 illa,
1228 2562 1381 2612 scripta
1409 2575 1431 2598 a
1460 2562 1647 2609 Galeoto,
1675 2561 1727 2598 ab
1754 2575 1883 2611 eoque
1910 2568 1952 2599 et
1978 2574 2000 2598 a

291 2619 432 2656 veteris
462 2618 738 2657 cardinalibus
765 2620 999 2670 subscripta
1025 2620 1067 2657 in
1092 2620 1282 2659 absentia
1309 2621 1435 2658 trium
1462 2620 1928 2671 compromissariorum.

346 2778 372 2810 1.
402 2779 576 2818 Bulaeus,
605 2779 775 2813 Historia
806 2781 1066 2815 Universitalis
1093 2782 1335 2821 Parisiensis,
1364 2788 1390 2815 t.
1417 2794 1467 2815 1v.

344 2833 373 2862 2.
394 2832 542 2871 Baluzc,
567 2839 588 2865 t.
608 2845 658 2872 lv,
679 2846 712 2877 p.
733 2834 814 2867 389.
833 2854 882 2858 ——
898 2834 948 2868 Lc
967 2835 1096 2868 chiffre
1116 2835 1160 2868 de
1179 2836 1286 2869 4.000
1308 2835 1435 2868 florins
1458 2841 1514 2868 est
1535 2836 1676 2868 atteste
1704 2835 1917 2878 egalement
1938 2847 2005 2878 par

296 2883 357 2914 dc³
380 2884 602 2917 ‹locumcnts
624 2886 770 2929 publies
792 2899 859 2930 par
881 2888 919 2921 P.
942 2888 990 2921 M.
1012 2889 1274 2932 Baumgarten
1297 2889 1618 2932 (VVahlgeschenke
1638 2889 1698 2921 der
1715 2888 1854 2931 Pdpste
1872 2899 1921 2921 an
1941 2889 2006 2922 das

297 2936 424 2976 heiliga
453 2938 673 2980 Hollegium,
701 2940 793 2972 dans
819 2941 1011 2974 Rotnisclze
1036 2941 1329 2985 Quartalsclirist,
1357 2948 1383 2975 t.
1411 2954 1495 2974 xxn
1525 2941 1660 2986 (1908),
1687 2953 1722 2985 p.
1749 2941 1822 2985 46).

346 2992 375 3021 33.
412 2990 555 3030 llaluzc,
587 2997 612 3024 t.
642 3004 692 3031 ῐν,
724 3005 757 3036 p.
789 2994 870 3026 392.

350 3043 375 3073 1.
404 3042 441 3074 Β.
472 3043 527 3080 N„
554 3056 619 3076 ms,
645 3045 740 3078 latin
764 3046 868 3086 1479,
894 3047 956 3080 fol.
982 3048 999 3079 1
1026 3052 1069 3081 r0.

349 3096 377 3125 Γ).
406 3096 446 3127 λ.
473 3096 597 3129 N'alois
625 3098 662 3139 (t.
685 3110 735 3138 111,
760 3111 794 3142 p.
819 3100 875 3139 14,
899 3107 987 3133 note
1009 3101 1042 3144 3)
1070 3101 1131 3134 n'a
1152 3113 1218 3145 pas
1242 3102 1362 3134 admis
1386 3107 1485 3134 cette
1507 3101 1732 3145 hypothese.
