2083 3458
261 215 341 256 642
965 229 1116 253 NOTAE
1152 229 1211 253 AD
1247 228 1374 253 viTAs
1811 213 1964 269 [1119]

260 315 385 352 locum
409 322 548 361 tutum,
571 322 604 352 et
626 314 726 363 quod
748 313 818 351 iste
839 312 1057 351 cardinalis
1078 313 1185 350 daret
1204 312 1284 350 sibi
1306 327 1446 351 vocem.
1472 313 1542 350 Ille
1563 313 1765 365 respondit
1787 329 1794 351 :
1815 313 1874 351 De
1897 312 1968 351 isto

263 389 340 411 non
361 374 512 412 curetis.
536 372 581 411 Si
602 373 822 410 cardinales
842 372 1031 422 reeligant
1051 386 1121 420 me,
1147 372 1237 410 bene
1252 371 1420 422 quidem.
1439 372 1515 410 Sin
1530 381 1674 421 autem,
1689 372 1833 423 sufficit
1848 372 1966 410 michi

264 434 364 483 quod
380 433 511 471 liabeo,
536 432 581 469 In
599 432 854 482 depositione
874 432 1044 470 Joannis
1065 432 1112 470 de
1130 432 1250 479 Baro,
1269 431 1510 470 subdiaconi
1527 446 1672 483 papae,
1691 433 1750 470 ita
1768 432 1967 482 scriptum

264 501 325 531 est
342 493 356 514 1
372 509 379 530 z
400 493 496 530 Item
509 492 610 530 dimit
634 492 734 542 quod
754 500 841 542 post
852 492 896 529 de
906 506 989 529 sero
1003 491 1154 529 iverunt
1166 491 1387 529 cardinales
1397 505 1464 529 sex
1474 492 1526 529 ad
1537 500 1707 530 castrum
1717 491 1792 530 sub
1805 491 1968 529 diversis

266 552 478 590 habitibus.
510 551 561 589 Et
588 560 692 599 tunc,
723 566 812 589 cum
839 559 1058 601 quereretur
1085 559 1110 588 a
1138 550 1295 588 domino
1324 551 1368 588 de
1401 551 1546 588 Vernio
1574 552 1740 601 qualiter
1766 551 1970 600 elegissent

267 612 381 649 illurn
401 611 443 648 in
462 625 624 661 papam,
645 619 679 648 et
698 610 799 648 dixit
817 610 1002 648 dominus
1022 611 1065 648 de
1090 610 1234 648 Vernio
1254 611 1355 660 quod
1374 610 1498 648 nichil
1522 611 1693 660 jecerant
1712 625 1779 648 nec
1797 619 1878 648 erat
1907 610 1970 647 ille

267 686 387 721 papa,
405 679 439 708 et
463 679 554 708 tunc
580 670 680 708 dizit
707 670 924 708 cardinalis
950 670 1238 708 Lemovicensis
1265 670 1366 720 quod
1393 685 1502 720 papa
1532 679 1612 708 erat
1642 685 1766 708 verus.
1799 670 1850 707 Et
1880 678 1971 707 tunc

269 731 409 768 iterum
441 730 541 767 dixit
569 729 754 767 dominus
792 730 835 767 de
870 729 1014 767 Vernio
1046 730 1147 780 quod
1177 743 1258 767 vere
1290 744 1369 766 non
1399 737 1481 767 erat
1511 745 1631 780 papa.
1663 730 1714 767 Et
1738 744 1844 767 nunc
1873 728 1973 766 dixit

268 790 451 828 dominus
485 789 770 827 Lemovicensis
799 789 939 827 iterum
966 790 1067 839 quod
1094 804 1172 826 non
1200 789 1482 837 dicebatbene,
1512 790 1605 840 quia
1632 789 1801 840 ponebat
1827 803 1889 826 eos
1931 788 1973 825 in

268 849 441 900 periculo
482 849 628 896 mortis,
670 849 706 886 si
752 849 827 887 ista
867 849 1016 887 diceret.
1061 849 1107 886 In
1148 848 1402 899 depositione
1442 849 1627 898 ejusdem
1669 848 1884 887 cardinalis
1925 847 1972 885 de

268 909 430 955 Vernio,
452 922 554 958 quae
581 917 698 947 extat
722 908 765 946 in
789 908 926 947 codice
949 907 1029 947 815
1059 908 1332 946 bibliothecae
1366 908 1623 947 Colbertinae
1641 907 1669 956 2,
1696 909 1807 946 facta
1833 915 1974 946 autem

269 977 330 1007 est
346 968 466 1018 juxta
484 968 849 1018 interrogationem
869 968 1138 1006 cardinalium
1161 968 1372 1016 Italorum,
1391 968 1476 1018 ipse
1497 968 1545 1007 de
1564 983 1604 1006 sc
1623 969 1682 1006 ait
1700 983 1740 1006 se
1760 981 1974 1017 nunquam

270 1028 467 1077 cogitasse
506 1027 553 1066 de
590 1028 759 1065 Urbano
792 1027 991 1077 eligendo,
1022 1041 1154 1077 neque
1188 1041 1373 1077 unquam
1409 1028 1582 1066 voluisse
1612 1028 1749 1078 ipsum
1772 1027 1974 1077 reeligere,

268 1087 338 1126 sed
363 1095 530 1138 propter
560 1095 718 1126 metum
742 1101 788 1126 ea
812 1087 952 1126 fecisse
977 1101 1081 1137 quae
1106 1087 1269 1126 fecerat.

326 1146 383 1185 De
403 1162 449 1185 eo
466 1147 545 1185 ista
563 1147 756 1196 leguntur
772 1147 815 1184 in
833 1146 1087 1197 depositione
1107 1147 1243 1185 fratris
1264 1147 1429 1185 Henrici
1448 1146 1496 1185 de
1513 1147 1631 1184 Buda
1651 1146 1699 1185 de
1717 1160 1841 1196 regno
1862 1146 1975 1183 Hun-

272 1207 404 1256 gariae
425 1206 473 1245 de
495 1206 633 1244 ordine
656 1206 962 1245 H'eremitarum
981 1215 1022 1245 et
1046 1207 1353 1257 paenitentiarii
1375 1220 1506 1257 papae
1529 1206 1686 1244 Urbani
1701 1205 1717 1227 3
1735 1222 1741 1244 :
1760 1206 1857 1243 Item
1877 1205 1976 1243 dixit

271 1266 372 1316 quod
388 1280 492 1303 unus
511 1266 554 1304 de
572 1266 845 1304 cardinalibus
862 1266 1063 1315 confessus
1079 1266 1158 1315 suit
1176 1266 1241 1304 isti
1254 1266 1371 1315 fratri
1387 1266 1521 1304 statim
1533 1275 1620 1316 post
1633 1265 1855 1303 electionem
1871 1265 1975 1314 elap-

268 1325 325 1363 sis
350 1325 491 1375 paucis
517 1325 667 1373 diebus,
694 1334 727 1363 et
751 1325 865 1375 petiit
887 1340 927 1363 se
951 1325 1101 1363 absolvi
1127 1326 1176 1363 ab
1201 1340 1243 1362 eo
1267 1340 1313 1363 ex
1336 1325 1520 1375 plenaria
1544 1325 1786 1363 remissione.
1814 1325 1865 1362 Et
1889 1338 1977 1362 cum

271 1385 433 1423 dixisset
450 1385 518 1422 iste
533 1385 653 1434 frater
669 1386 770 1435 quod
784 1385 1006 1423 absolvebat
1020 1400 1110 1423 eum
1125 1385 1352 1423 auctoritate
1374 1385 1528 1423 Urbani
1545 1400 1661 1435 pape,
1681 1385 1744 1422 ille
1760 1383 1977 1422 cardinalis

272 1444 372 1482 dixit
382 1446 573 1495 quodnon
594 1445 733 1483 diceret
745 1444 815 1492 sic.
835 1446 903 1482 sed
923 1446 1024 1495 quod
1041 1445 1263 1482 absolvebat
1277 1459 1366 1482 eum
1385 1444 1611 1482 auctoritate
1626 1444 1809 1482 Ecclesie.
1826 1444 1978 1482 Etcum

272 1504 356 1554 ipse
368 1504 572 1554 replicaret
583 1505 684 1554 quod
693 1504 867 1554 sequenti
880 1505 942 1542 die
954 1505 997 1542 de
1004 1505 1101 1542 beret
1112 1505 1400 1542 communicare
1412 1505 1456 1542 de
1468 1504 1655 1542 manibus
1667 1505 1765 1553 ejus,
1779 1503 1979 1553 respondit.

271 1564 372 1614 quod
382 1564 566 1613 reciperet
579 1564 629 1601 ab
643 1578 684 1601 eo
700 1564 980 1602 eucharistiam
994 1573 1182 1614 tanquam
1197 1564 1247 1602 ab
1261 1564 1555 1614 archiepiscopo
1568 1565 1611 1602 de
1623 1564 1740 1602 Baro.
1758 1563 1977 1612 Interroga-

268 1632 333 1661 tus
345 1623 433 1673 quis
444 1632 540 1661 esset
552 1623 616 1661 ille
627 1623 857 1671 cardinalis,
871 1624 971 1661 dixit
982 1632 1068 1674 post
1079 1624 1201 1661 multa
1213 1624 1327 1661 verba
1337 1624 1525 1673 quoderat
1533 1623 1750 1661 cardinalis
1762 1623 1806 1661 de
1819 1622 1976 1660 Vernio,

328 1684 475 1721 Postea
507 1697 631 1732 quam
662 1683 885 1721 cardinales
916 1692 1169 1722 recesserunt
1198 1684 1250 1720 ab
1282 1683 1464 1731 Urbano,
1496 1697 1585 1721 cum
1617 1683 1724 1721 inter
1753 1697 1794 1721 se
1824 1682 1978 1720 confer·

273 1751 365 1781 rent
391 1743 479 1792 quis
504 1743 547 1780 in
570 1743 660 1780 loco
686 1743 867 1792 Gregorii
894 1743 956 1780 XI
981 1751 1215 1793 poneretur,
1243 1743 1458 1781 cardinalis
1485 1742 1533 1781 de
1560 1742 1709 1781 Vernio
1734 1750 1775 1780 et
1801 1741 1977 1784 Glanda-

274 1802 398 1840 tensis
418 1802 671 1840 mentionem
690 1802 875 1841 fecerunt
895 1802 1110 1840 cardinalis
1136 1802 1374 1850 Florentini,
1399 1802 1460 1840 uti
1484 1802 1642 1841 dictum
1661 1815 1783 1852 supra
1802 1816 1841 1852 p.
1864 1800 1976 1839 1049.

332 1862 524 1899 Interfuit
556 1862 745 1900 electioni
777 1862 995 1900 Clementis
1029 1862 1123 1910 VII,
1157 1876 1332 1912 eumque
1365 1870 1528 1900 secutus
1562 1870 1624 1900 est
1655 1861 1896 1900 redeuntem
1927 1860 1979 1898 ad

275 1921 417 1959 urbem
448 1921 788 1960 Avenionensem.

329 1980 466 2019 Fuisse
511 1981 626 2018 illum
673 1981 915 2019 canonicum
960 1989 1002 2019 et
1047 1981 1450 2031 archipresbyterum
1496 1980 1826 2030 Segobricensem
1871 1993 1978 2017 anno

276 2040 601 2078 MCCCLXXXI
619 2040 738 2079 docet
754 2040 954 2078 Martinus
972 2040 1155 2079 Carillius
1171 2041 1213 2078 in
1227 2040 1411 2078 Historia
1427 2040 1815 2089 Caesaraugustana‚
1833 2054 1870 2089 p.
1889 2038 1977 2077 367.

327 2100 446 2137 Anno
469 2099 743 2137 MCCCXCIV
765 2100 954 2138 interfuit
976 2100 1164 2138 electioni
1185 2100 1398 2138 Benedicti
1422 2100 1543 2138 XIII.

327 2159 446 2197 Anno
478 2159 678 2209 sequenti,
713 2173 806 2197 cum
838 2160 959 2197 duces
990 2159 1269 2207 Bituricensis,
1310 2160 1556 2209 Burgundus
1600 2167 1641 2197 et
1678 2157 1978 2196 Aurelianensis

274 2218 574 2268 interrogarent
594 2219 818 2257 cardinales
848 2233 1052 2268 (Iliaenam
1074 2219 1138 2256 via
1163 2219 1368 2258 videretur
1386 2219 1540 2267 melior,
1562 2218 1741 2256 sanctior
1760 2226 1801 2256 et
1826 2216 1980 2255 facilior

276 2278 328 2314 ad
356 2277 680 2327 extinguendum
709 2278 897 2325 schisma,
928 2278 1175 2317 cardinalem
1204 2279 1252 2317 de
1281 2278 1456 2328 Vergnio
1482 2278 1541 2316 ita
1568 2277 1824 2327 respondisse
1852 2275 1981 2314 tradit

278 2338 540 2375 continuator
567 2337 728 2387 Nangii,
755 2352 792 2387 p.
822 2338 908 2379 141,
935 2338 976 2375 in
1001 2346 1114 2376 tomo
1140 2346 1257 2376 sexto
1289 2337 1498 2388 Spicilegii
1534 2337 1779 2375 Dacheriani
1806 2353 1812 2374 :
1840 2335 1979 2374 Cardi-

279 2397 382 2434 nalis
408 2398 451 2434 de
482 2397 625 2434 Vernio
650 2396 751 2434 discit
775 2398 876 2447 quod
900 2397 965 2435 via
988 2397 1227 2435 reductionis
1250 2397 1330 2434 sibi
1358 2396 1620 2447 impossibilis
1645 2396 1860 2443 Videbatur,
1887 2394 1981 2444 quia

278 2464 406 2505 partes
438 2465 548 2494 erant
581 2456 623 2493 in
653 2456 754 2505 sacto
786 2456 980 2494 contrario
1012 2465 1045 2494 et
1077 2456 1208 2494 varias
1242 2457 1475 2494 intentiones
1507 2456 1702 2493 habebant
1731 2469 1851 2505 super
1881 2454 1981 2502 jacto

279 2515 510 2565 principali,
531 2524 565 2553 et
585 2515 668 2553 ideo
689 2530 768 2553 non
787 2516 905 2553 lauda
914 2516 976 2553 bat
996 2516 1112 2553 istam
1132 2530 1252 2566 neque
1271 2516 1506 2563 consulebat,
1527 2516 1594 2553 sed
1612 2515 1677 2553 wia
1696 2513 1883 2552 cessionis
1902 2512 1981 2550 sibi

280 2574 413 2611 melior
433 2575 647 2622 videbatur,
674 2583 707 2612 et
730 2589 799 2624 per
827 2575 927 2612 lianc
947 2575 1179 2613 conscientie
1199 2583 1376 2625 poterant
1394 2575 1536 2622 sedari,
1558 2575 1747 2612 scandala
1773 2573 1982 2611 ambarum

279 2633 454 2681 partium
481 2634 597 2671 vitari
626 2643 812 2682 poterant.
844 2634 1073 2672 Emendavi
1101 2643 1240 2673 autem
1267 2635 1375 2673 hunc
1402 2635 1550 2680 locum,
1587 2634 1656 2684 qui
1690 2633 1805 2683 gravi
1832 2631 1981 2670 mendo

278 2692 439 2729 laborat
464 2693 505 2729 in
533 2693 724 2741 editione,
752 2693 821 2730 ubi
849 2693 1064 2732 cardinalis
1091 2694 1167 2732 iste
1194 2702 1368 2732 vocatur
1394 2693 1442 2732 de
1475 2694 1613 2743 Vergil.
1643 2693 1750 2730 Nam
1775 2692 1818 2730 in
1844 2691 1980 2730 codice

279 2751 462 2798 Thuano,
484 2766 533 2789 ex
552 2766 632 2802 quo
652 2766 697 2790 ea
717 2752 883 2802 prodiit,
904 2753 1052 2791 diserte
1072 2761 1246 2791 vocatur
1264 2753 1482 2790 cardinalis
1501 2753 1545 2790 de
1569 2752 1712 2801 Vergn,
1732 2759 1773 2790 et
1790 2751 1833 2789 in
1852 2750 1980 2788 veteri

280 2810 414 2847 codice
435 2811 589 2849 archivi
609 2812 706 2861 regii
727 2812 976 2860 parisiensis,
998 2812 1068 2849 ubi
1088 2813 1187 2850 haec
1207 2812 1350 2850 eadem
1371 2812 1495 2850 verba
1516 2812 1760 2858 referuntur,
1782 2810 1980 2860 scriptum

280 2877 339 2906 est
362 2870 577 2907 cardinalis
601 2871 650 2906 flu
681 2871 842 2919 Vei-gne.

327 3005 358 3036 1.
388 3004 454 3037 ΜΞ.
485 3005 567 3045 cite,
597 3006 658 3038 sol.
691 3007 733 3038 52
762 3011 804 3040 ΓΟ.

328 3057 357 3089 ΞΖ.
388 3057 535 3097 Baluzc,
570 3064 591 3091 t.
620 3071 670 3098 1v‚
701 3071 734 3103 p.
767 3060 846 3093 267.

326 3110 357 3142 3.
388 3110 427 3143 Β.
460 3110 515 3150 Ν,
547 3123 612 3144 HIS.
642 3111 737 3144 latin
765 3113 893 3150 11745,
924 3113 985 3146 fol.
1016 3114 1057 3147 71
1090 3118 1140 3147 v0.
