2083 3458
70 235 216 292 [1462]
594 253 809 278 PAPARUM
845 254 1228 280 AVENIONENSIUM
1525 265 1528 269 -
1676 242 1756 283 705

56 344 282 374 accesserat
317 336 369 373 ad
414 336 663 376 cardinalem
698 337 745 375 de
781 338 894 375 Luna
928 346 974 376 ut
1011 339 1154 378 modus
1188 340 1430 390 reperiretur
1472 355 1551 390 quo
1591 341 1755 379 obviam

56 394 182 433 iretur
204 395 319 434 malis
343 409 446 444 quae
469 410 518 433 ex
542 396 618 433 hac
642 396 782 446 populi
803 397 961 435 romani
1000 398 1219 437 offensione
1254 399 1346 437 oriri
1378 408 1557 450 possent,
1585 401 1755 439 innuens

56 453 318 503 rejiciendam
345 469 428 492 esse
466 468 556 493 eam
594 455 834 494 electionem
870 470 972 505 quae
1009 457 1118 495 facta
1156 458 1289 496 fuerat
1326 458 1373 496 de
1414 459 1595 506 Urbano,
1632 459 1756 497 alium

56 527 152 551 vero
200 513 431 563 eligendum
484 513 553 562 qui
600 528 791 552 romanus
838 524 956 562 esset,
1005 516 1063 553 ait
1121 517 1368 555 cardinalem
1416 518 1482 556 de'
1515 519 1628 556 Luna
1681 519 1757 556 sibi

56 571 204 610 dixisse
222 571 236 594 ¹
266 588 274 610 ;
313 572 435 609 Prius
472 573 644 610 Romani
667 582 823 622 possent
844 574 962 611 michi
986 575 1157 613 membra
1185 576 1319 613 omnia
1340 577 1561 625 frustratim
1590 577 1758 615 incidere

56 645 172 680 quam
195 645 458 669 revocaremus
482 646 552 681 que
572 628 738 680 fecimus
761 641 793 670 et
815 633 941 670 alium
962 633 1177 682 faceremus
1199 650 1361 684 papam,
1386 636 1479 685 quia
1503 651 1571 673 nos
1593 636 1757 685 fecimus

55 698 89 727 et
121 690 308 728 habemus
341 705 472 728 verum
505 705 666 740 papam.
703 691 803 730 Vide
838 692 963 731 etiam
998 693 1218 731 Odoricum
1246 694 1520 743 Raynaldum,
1550 709 1614 733 an.
1644 695 1756 742 1378,

62 749 78 797 ,ξ
108 749 173 795 13;
205 749 318 796 1379,
353 750 369 798 ξ
399 749 446 787 15
473 759 514 788 et
542 751 820 800 sequentibus.
844 751 994 789 Verum
1020 752 1099 790 ista
1128 753 1263 792 omnia
1292 754 1392 791 falso
1419 753 1578 802 jactata
1605 769 1688 792 esse
1716 754 1757 791 in

56 809 199 858 vulgus
227 809 344 847 testis
373 817 434 847 est
463 809 591 847 omnis
619 810 858 859 exceptione
887 811 1030 859 major,
1060 812 1209 862 quippe
1239 812 1307 862 qui
1336 813 1502 850 Urbano
1530 813 1756 851 addictissi-

55 881 143 905 mus
176 876 277 915 erat,
310 868 436 906 frater
468 868 690 906 Menendus
725 869 874 907 ordinis
907 870 1081 908 fratrum
1114 871 1330 918 Minoruni,
1362 871 1573 922 episcopus
1607 873 1756 910 Cordu-

56 926 189 965 bensis
221 927 354 965 factus
386 942 457 977 per
486 928 675 965 eumdem
709 928 937 975 Urbanum,
968 937 1015 966 ut
1045 930 1217 979 ipsemet
1249 931 1471 968 Menendus
1503 931 1687 981 agnoscit
1717 931 1758 968 in

54 985 172 1024 initio
200 986 510 1036 responsionum
540 1001 707 1027 suarum
736 987 787 1024 ad
818 988 1010 1026 articulos
1041 1002 1155 1026 casus
1186 989 1305 1039 primi
1334 990 1463 1027 electi.
1495 990 1626 1028 Verba
1656 990 1757 1039 ejus,

55 1045 243 1094 quamvis
268 1046 391 1095 paulo
415 1046 649 1096 prolixiora,
675 1055 883 1086 merentur
906 1047 993 1085 heic
1016 1048 1154 1085 referri
1178 1048 1230 1085 ad
1254 1054 1493 1098 perpetuam
1520 1049 1758 1088 memoriam

54 1118 186 1142 rerum
219 1113 438 1154 gestarum.
475 1105 554 1143 Illis
584 1105 690 1143 enim
722 1105 827 1144 inest
850 1106 1071 1156 plurimum
1093 1106 1204 1144 artis.
1228 1108 1281 1145 Et
1304 1116 1444 1145 tamen
1464 1116 1584 1145 tanta
1607 1116 1669 1146 est
1697 1108 1757 1145 vis

54 1163 240 1201 veritatis
265 1172 312 1201 ut
337 1178 428 1202 eam
451 1164 493 1201 in
520 1164 598 1202 fine
625 1165 744 1203 fateri
769 1174 934 1203 coactus
960 1165 1025 1203 sit.
1055 1166 1164 1203 Haec
1190 1175 1286 1204 sunt
1310 1167 1433 1216 igitur
1457 1167 1543 1216 ejus
1571 1167 1692 1205 verba
1718 1167 1759 1204 in

54 1223 314 1272 responsione
346 1223 398 1260 ad
428 1223 648 1262 articulum
680 1224 729 1261 40
759 1224 943 1273 ejusdem
975 1239 1104 1271 casus,
1136 1225 1178 1262 in
1209 1240 1288 1274 quo
1319 1226 1453 1275 agitur
1484 1226 1531 1264 de
1563 1226 1757 1264 electione

56 1282 226 1329 Urbani,
251 1296 376 1332 quam
393 1282 452 1320 ait
470 1283 624 1321 factam
651 1298 734 1321 csse
754 1284 960 1321 communi
982 1284 1163 1322 omnium
1200 1284 1466 1322 cardinalium
1495 1299 1692 1323 consensu
1710 1284 1725 1307 ²
1749 1301 1756 1322 :

58 1341 324 1390 Interrogatus
350 1342 385 1379 si
413 1342 480 1379 hoc
506 1342 660 1379 audivit
685 1343 735 1380 ab
761 1342 894 1392 aliquo
920 1343 1116 1380 cardinali
1143 1344 1200 1380 wel
1224 1344 1303 1380 alio
1331 1345 1374 1381 de
1402 1344 1482 1381 illis
1509 1344 1575 1393 qui
1601 1344 1760 1392 fuerunt

54 1400 161 1437 intus
184 1401 227 1437 in
248 1401 421 1438 conclavi
444 1401 544 1438 discit
566 1402 667 1451 quod
686 1402 891 1439 audiverat
912 1417 934 1439 a
957 1402 1153 1439 cardinali
1177 1403 1220 1439 de
1242 1403 1359 1440 Luna
1381 1404 1481 1452 quod
1501 1403 1758 1452 archiepisco-

52 1474 128 1509 pus
152 1460 343 1497 Barensis
366 1460 496 1509 fuerat
520 1461 705 1498 canonice
729 1469 763 1498 et
781 1461 1017 1498 concorditer
1041 1462 1180 1499 electus
1204 1470 1236 1498 et
1253 1470 1333 1499 erat
1358 1476 1468 1499 verus
1492 1477 1614 1511 papa,
1633 1470 1666 1499 et
1690 1476 1759 1511 pro

52 1519 122 1556 tali
144 1519 309 1557 habebat
330 1534 419 1557 eum
440 1528 474 1557 et
497 1519 719 1557 intendebat
741 1520 879 1571 habere
902 1528 975 1558 toto
998 1528 1165 1570 tempore
1196 1521 1269 1558 vite
1300 1535 1381 1560 sue.
1405 1521 1440 1557 si
1469 1521 1582 1558 sciret
1614 1521 1759 1558 serrari

51 1592 119 1627 per
149 1579 333 1617 medium.
366 1579 416 1617 Et
445 1579 513 1616 hoc
543 1579 644 1616 dixit
671 1579 751 1616 sibi
781 1580 888 1616 solus
919 1579 1018 1616 inter
1046 1594 1085 1616 se
1114 1588 1148 1616 et
1178 1580 1312 1629 ipsum
1341 1580 1473 1627 Rome,
1504 1579 1759 1617 existentibus

54 1637 239 1675 omnibus
261 1638 535 1676 cardinalibus
557 1638 690 1685 Rome,
715 1647 748 1676 et
770 1639 886 1676 etiam
910 1647 1115 1688 postquam
1138 1639 1263 1688 aliqui
1287 1639 1507 1676 cardinales
1529 1647 1760 1676 recesserant

54 1696 98 1733 de
120 1696 256 1744 Roma,
278 1705 312 1735 et
332 1698 553 1735 recordatur
573 1697 752 1735 distincte
774 1699 875 1748 quod
894 1698 961 1735 hoc
982 1698 1082 1735 discit
1101 1698 1180 1735 sibi
1210 1698 1336 1735 tribus
1357 1698 1509 1735 vicibus
1529 1698 1759 1747 reportando

53 1763 87 1792 et
108 1756 269 1793 dicendo
290 1756 370 1794 sibi
393 1757 516 1794 dubia
538 1757 764 1806 aliquarum
786 1771 1044 1806 personarum
1067 1772 1137 1807 que
1159 1757 1338 1794 audierat
1359 1766 1392 1794 et
1414 1757 1549 1807 all'qua
1570 1756 1761 1806 colloquia

54 1815 159 1852 mala
180 1810 250 1865 q'ue
277 1815 423 1865 fiebant
449 1817 492 1853 de
519 1816 621 1853 dicta
646 1816 827 1854 electione
852 1831 920 1866 per
939 1816 1094 1866 aliquas
1116 1830 1304 1866 personas
1331 1817 1655 1854 ultramontana&
1679 1816 1760 1865 Que

52 1874 167 1912 verba
189 1875 289 1912 dimit
312 1875 438 1912 dictus
460 1875 566 1913 testis
589 1876 690 1925 quod
713 1875 862 1913 dixerat
883 1875 962 1912 sibi
988 1876 1029 1912 in
1051 1876 1152 1924 facie
1175 1875 1274 1913 dicto
1297 1875 1492 1913 cardinali
1515 1875 1648 1912 statim
1672 1889 1759 1912 cum

54 1933 123 1970 iste
142 1934 248 1971 testis
265 1934 344 1983 fuit
362 1943 501 1984 captus
519 1943 553 1972 et
571 1943 816 1984 presentatus
833 1934 913 1971 sibi
935 1934 977 1971 in
995 1949 1069 1972 sua
1090 1936 1213 1983 galea,
1234 1935 1439 1983 allegando
1458 1934 1537 1971 sibi
1558 1934 1657 1983 quod
1677 1933 1760 1983 ipse

51 2007 139 2030 cum
169 1993 343 2031 doctrina
374 2001 408 2031 et
435 1993 522 2031 suis
552 1994 678 2030 verbis
707 2002 741 2031 et
769 2008 843 2030 sua
872 1994 1062 2042 firmitate
1089 1994 1350 2043 baptizaverat
1379 2008 1467 2030 eum
1498 1993 1540 2029 in
1570 1993 1641 2030 liae
1672 1992 1759 2041 fide,

50 2051 272 2101 specialiter
291 2053 451 2090 dicendo
470 2053 550 2090 sibi
571 2067 650 2090 non
667 2053 784 2090 semel
797 2053 863 2090 sed
881 2061 934 2090 ter
950 2053 1006 2090 vel
1021 2061 1153 2102 quater
1172 2052 1273 2090 dicta
1293 2052 1418 2090 verba.
1438 2052 1487 2089 Et
1507 2052 1590 2101 ipse
1606 2051 1758 2100 negavit

52 2110 212 2148 dicendo
233 2111 312 2149 sibi
336 2128 343 2149 ;
367 2112 549 2149 Caveatis
571 2126 617 2149 ne
639 2112 780 2149 dicatis
802 2112 876 2149 ista
899 2112 1026 2159 verba,
1049 2112 1143 2161 quia
1164 2126 1232 2161 per
1247 2120 1424 2149 sanctam
1444 2111 1625 2148 illariam
1645 2110 1757 2147 liabe-

52 2184 131 2207 rem
154 2171 320 2208 multum
343 2186 413 2220 pro
437 2172 551 2209 malo.
576 2171 684 2208 Nam
708 2185 772 2208 vos
794 2179 827 2208 et
849 2170 922 2208 alii
946 2170 1169 2208 discurritis
1192 2170 1352 2207 dicendo
1375 2170 1472 2207 talia
1495 2170 1620 2207 verba.

107 2229 178 2267 His
207 2230 395 2269 omnibus
423 2230 669 2268 testimoniis
697 2230 845 2267 addere
872 2230 986 2268 lubet
1013 2229 1297 2268 testimonium
1324 2228 1527 2267 Francisci
1555 2227 1757 2266 Fernandi

53 2288 229 2326 cantoris
259 2289 477 2336 Palentini,
505 2289 575 2339 qui
600 2289 875 2338 interrogatus
903 2304 1024 2338 super
1050 2288 1222 2326 articulo
1249 2288 1295 2326 31
1324 2288 1443 2338 primi
1478 2287 1594 2325 electi
1630 2285 1758 2324 dixit3

52 2348 153 2397 quod
174 2356 380 2398 postquam
403 2348 624 2401 cardinales
649 2348 802 2385 iverunt
824 2347 1071 2396 Anagniam,
1096 2356 1130 2384 et
1152 2355 1275 2384 creato
1299 2347 1508 2396 antipapa,
1533 2345 1686 2383 audivit
1708 2345 1758 2382 ab

51 2406 254 2456 aliquibus
278 2407 457 2457 personis
481 2408 524 2444 de
549 2407 692 2457 quibus
717 2421 795 2444 non
819 2408 1052 2453 recordatur,
1078 2407 1265 2455 loquendo
1290 2407 1333 2443 de
1358 2405 1433 2442 ista
1457 2405 1632 2451 materia,
1659 2405 1759 2453 quod

52 2480 139 2503 cum
162 2475 288 2503 essent
311 2481 442 2503 omnes
467 2466 687 2504 cardinales
713 2466 755 2503 in
779 2466 966 2512 conclavi,
991 2465 1208 2503 cardinalis
1232 2464 1434 2513 Aragonie
1458 2464 1608 2501 [limet-at
1631 2463 1756 2500 cardi—

52 2525 135 2562 nali
156 2525 422 2562 Lemovicensi
437 2539 448 2562 .·
462 2525 645 2572 Domine,
665 2525 814 2562 videtur
833 2525 950 2562 michi
969 2525 1069 2574 quod
1084 2532 1179 2561 esset
1198 2523 1460 2560 necessarium
1475 2531 1508 2559 et
1527 2522 1619 2559 utile
1635 2521 1756 2559 statui

50 2584 222 2621 Ecclesie
252 2585 353 2634 quod
381 2584 611 2633 eligeremus
646 2584 859 2630 Ytalicum,
891 2592 924 2621 et
955 2583 1055 2632 quod
1084 2591 1175 2620 tunc
1210 2582 1361 2619 dixerat
1389 2582 1514 2618 dictus
1539 2580 1755 2618 cardinalis

51 2643 338 2680 Lemovicensis
356 2656 368 2679 .·
389 2642 572 2689 Domine,
597 2643 641 2680 de
665 2657 737 2692 quo
758 2642 866 2679 vobis
890 2642 1052 2688 videtur,
1072 2650 1105 2678 et
1126 2642 1226 2691 quod
1245 2641 1370 2678 dictus
1391 2639 1607 2677 cardinalis
1631 2639 1754 2676 nomi-

52 2710 210 2739 naverat
242 2710 334 2739 tunc
365 2701 706 2751 archiepiscopum
739 2702 966 2747 Barensem,
999 2709 1033 2737 et
1061 2700 1311 2749 responderat
1337 2698 1650 2736 Lemovicensis:
1676 2698 1755 2735 Pro

52 2769 148 2798 certo
183 2761 273 2798 bene
304 2769 337 2798 et
366 2768 496 2798 sancte
518 2760 698 2813 discistis,¹
721 2768 755 2797 et·
785 2768 876 2797 tunc
899 2760 1000 2796 idem
1022 2758 1309 2796 Lemovicensis
1340 2759 1489 2795 locutus
1509 2757 1637 2806 fuerat
1667 2771 1755 2793 cum

52 2819 146 2857 aliis
171 2819 457 2865 cardinalibus,
484 2827 517 2856 et
540 2833 612 2869 pro
638 2818 780 2868 majori
805 2826 914 2868 parte
939 2818 1261 2855 concordaverant
1286 2831 1373 2854 cum
1398 2831 1452 2854 eo.
1482 2816 1578 2853 Item
1603 2815 1756 2853 audivit

52 2879 172 2916 Rome
197 2879 240 2916 in
263 2878 423 2916 ecclesia
447 2877 583 2915 Sancti
607 2878 715 2915 Petri
739 2892 763 2915 a
787 2878 953 2927 quodam
977 2876 1111 2914 clerico
1133 2875 1330 2926 familiari
1354 2875 1446 2913 dicti
1472 2874 1688 2912 cardinalis
1711 2875 1755 2912 de

100 3017 132 3050 ‘l.
163 3017 230 3050 Ms.
256 3016 340 3055 cite,
365 3015 427 3048 fol.
454 3015 497 3048 93
520 3020 563 3048 r0.

101 3070 132 3103 2.
164 3070 230 3103 Ms.
257 3069 341 3108 cite,
367 3068 429 3101 fol.
455 3069 524 3102 138
547 3073 591 3103 r0.

100 3124 132 3157 3.
163 3123 230 3156 Ms.
250 3122 333 3161 cite,
353 3121 413 3155 fol.
433 3122 501 3154 152
519 3126 570 3154 νο.

697 3204 845 3226 BALUZF.
865 3213 911 3216 —
936 3194 983 3226 II.
1004 3212 1051 3216 -—
1069 3195 1113 3226 23
