2083 3458
106 270 259 326 [1014]
625 286 841 312 PAPARUM
876 287 1260 313 AVENJONENsmM
1709 273 1788 315 531

93 384 194 419 pour
212 371 302 408 eulx
318 384 458 407 sauver
477 370 560 407 leur
578 370 648 408 oie.
671 369 721 408 Et
738 371 774 407 si
793 371 938 408 alerent
957 371 1097 409 devant
1115 372 1147 409 le
1166 371 1311 409 chastet
1328 372 1372 409 de
1391 373 1509 410 ladite
1529 373 1629 420 ville,
1650 374 1790 424 ouquel

95 429 208 467 estoit
233 429 262 467 li
287 443 404 478 pape.
433 428 547 466 Mais
575 428 623 466 ils
650 428 717 477 n’y
741 438 879 478 porent
904 439 1040 468 entrer.
1070 430 1121 468 Et
1144 445 1246 479 pour
1271 445 1309 468 ce
1335 432 1367 468 le
1392 445 1497 481 pape
1522 433 1668 470 manda
1696 446 1789 481 gens

92 487 275 535 d’armes‚
301 497 335 526 et
358 488 505 525 dedans
530 488 624 525 trois
647 487 758 536 jours
782 501 829 524 en
850 497 886 526 ot
909 503 956 525 en
980 489 1098 527 ludite
1123 490 1211 526 ville
1234 490 1269 526 si
1299 491 1512 538 lar-gement
1536 505 1606 540 que
1630 492 1662 529 le
1685 505 1789 541 pape

94 555 157 584 eut
175 548 214 584 la
232 547 457 595 seignour-ie
476 555 509 584 et
532 547 570 584 la
589 547 813 595 puissance.
837 547 882 584 Si
902 562 949 584 en
970 547 1034 596 fist
1051 549 1217 597 prendre
1236 549 1449 597 plusieurs,
1473 558 1507 587 et
1524 551 1690 599 proceda
1708 566 1733 588 a
1751 552 1789 589 la

92 606 314 655 pugnicion
331 606 444 643 dudit
457 605 544 654 fait,
563 614 597 643 et
611 619 660 642 en
674 605 805 653 jurent
822 606 1021 654 plusieurs
1038 607 1113 643 inis
1130 610 1154 644 a
1170 616 1278 646 mort.

149 665 190 703 P.
216 664 305 712 364,
329 665 395 714 lig.
421 664 482 703 22.
509 665 763 702 SUTGERIUS.
786 664 1048 713 Sicprofecto
1065 666 1264 715 scriptum
1284 674 1345 704 est
1368 666 1408 703 in
1432 667 1638 706 veteribus
1661 668 1786 708 libris.

95 724 181 774 Ego
204 732 344 762 tamen
367 723 544 761 arbitror
565 723 845 773 reponendum
870 738 954 761 esse
983 723 1179 762 Guterius.
1207 725 1365 775 Quippe
1387 726 1428 763 id
1454 740 1603 764 nomen
1625 735 1788 765 suetum

93 783 136 821 in
164 783 364 833 Hispania
391 791 432 820 et
457 783 499 820 in
525 783 681 821 familia
709 782 1008 822 Gomeciorum.
1036 791 1084 819 ut
1110 791 1227 832 patet
1252 784 1376 822 etiam
1404 799 1454 822 ex
1478 785 1525 822 iis
1553 799 1657 834 quae
1683 785 1787 824 infra

92 843 283 880 dicentur
305 842 355 894 de
377 841 546 880 Guterio
570 841 751 879 Gomecii
767 840 979 879 ‘cardinale
1003 842 1220 880 Clementis
1245 842 1337 881 VII.

149 902 190 940 P.
244 900 334 948 364,
382 901 448 950 lig.
492 900 552 939 27.
607 901 884 938 PATmAchA
926 900 1485 940 CONSTANTINOPOLITANUS.
1526 903 1674 941 Paulus
1692 902 1707 925 ¹
1741 918 1790 942 ex

96 961 333 1009 Smyrnensi
347 960 704 1009 archiepiscopatu
718 959 770 996 ad
782 959 1112 1009 patriarchatum
1126 960 1633 1010 Constantinopolitanum
1646 971 1740 1012 post
1751 962 1788 1001 b.

97 1020 206 1058 Petri
225 1019 406 1057 Thomae
426 1027 602 1058 mortem
622 1026 787 1057 evectus
822 1026 868 1055 ut
887 1019 945 1055 ait
966 1018 1127 1056 Odoric.
1151 1019 1342 1067 Raynal„
1362 1033 1428 1078 an.
1452 1020 1564 1067 1367,
1596 1021 1613 1069 ἓ
1635 1022 1668 1059 7.
1689 1021 1790 1059 Vide

95 1079 223 1117 etiam
243 1078 598 1127 Walsinghamum
618 1077 761 1116 eodem
780 1091 902 1123 anno,
929 1077 944 1125 ἓ
964 1077 998 1115 4.

150 1137 192 1176 P.
218 1136 293 1175 365
331 1137 400 1187 lig.
427 1137 460 1176 1.
488 1137 739 1175 RECEDENS.
766 1136 819 1174 Le
844 1135 891 1173 13
915 1136 1080 1174 octobie
1106 1136 1287 1185 (hirsch,
1309 1137 1386 1174 Die
1408 1138 1622 1186 Ritclclfelzr,
1647 1153 1685 1188 p.
1710 1138 1789 1187 65).

150 1197 193 1236 P.
217 1196 307 1244 365,
330 1197 396 1246 lig.
420 1196 455 1235 2.
482 1196 646 1234 ROMAM
668 1210 870 1233 INTRAVIT
884 1194 910 1233 2.
933 1195 971 1233 Si
990 1195 1087 1233 fides
1105 1195 1294 1233 habenda
1312 1205 1417 1234 esset
1432 1198 1628 1247 epistolae
1648 1198 1791 1248 prioris

94 1257 250 1294 artium
285 1264 326 1294 et
360 1255 577 1294 vexilliferi
626 1255 956 1293 Florentinorum
1005 1254 1055 1291 ad
1101 1264 1408 1293 conservatores
1453 1270 1636 1295 camerae
1681 1257 1790 1295 urbis

99 1316 267 1362 Romae,
292 1329 396 1365 quae
417 1315 594 1353 habetur
615 1315 656 1352 in
679 1314 815 1352 codice
838 1312 916 1352 822
936 1313 1209 1351 bibliothecae
1229 1314 1486 1354 Colhertinae
1503 1315 1531 1363 3,
1555 1316 1791 1354 existiman-

95 1375 196 1413 dum
218 1383 323 1413 esset
345 1388 435 1412 eam
456 1382 638 1412 mentem
659 1387 740 1411 non
763 1373 912 1411 sedisse
936 1373 1104 1410 Urbano
1127 1381 1173 1410 ut
1197 1373 1352 1411 Romae
1375 1383 1570 1413 maneret.
1596 1374 1659 1413 Sic
1684 1375 1792 1413 enim

96 1434 176 1472 illic
195 1434 372 1484 legitur:
394 1433 556 1471 Pridem
581 1433 769 1471 Urbanus
789 1440 937 1482 quanta
955 1447 1024 1481 spe
1043 1432 1223 1482 perpetui
1245 1432 1437 1470 incolatus
1454 1434 1608 1471 reduxit
1626 1434 1792 1482 curiam,

95 1502 131 1531 et
159 1493 302 1541 subito,
334 1507 403 1530 seu
434 1492 610 1531 naturali
641 1492 817 1541 gentium
848 1491 942 1529 vitio
972 1500 1006 1529 et
1036 1492 1201 1538 levitate,
1233 1506 1301 1528 seu
1339 1501 1515 1530 satietate
1557 1493 1685 1540 Italie,
1725 1507 1794 1530 seu

105 1552 328 1590 Galliarum
350 1552 554 1600 desiderio,
579 1551 647 1589 hoc
669 1559 749 1589 tam
771 1559 954 1588 constans
976 1551 1224 1600 propositum
1247 1560 1508 1590 commutavit.
1530 1552 1674 1589 Addita
1695 1551 1795 1601 quod

96 1626 298 1649 summum
326 1610 562 1660 Pontificem
590 1610 766 1648 trahebat
794 1610 836 1647 in
867 1609 1029 1648 Italiam
1064 1611 1148 1647 sola
1188 1610 1327 1647 civitas
1355 1611 1573 1658 Perusina,·
1601 1624 1670 1660 que
1707 1625 1795 1647 cum

96 1670 284 1708 omnibus
313 1670 454 1708 Tuscie
482 1669 648 1707 urbibus
683 1670 876 1707 videretur
908 1671 1099 1717 eaecellere,
1135 1670 1262 1706 sedem
1299 1669 1355 1707 ibi
1390 1670 1619 1708 continuam
1654 1684 1793 1719 prepa-

98 1729 222 1768 rabat.

154 1789 196 1827 P.
219 1788 308 1836 365,
329 1789 395 1838 lig.
418 1788 453 1827 3.
477 1788 571 1826 CUM
594 1801 744 1825 MAGNO
767 1801 943 1826 GAUDIO.
968 1788 1119 1826 Contra
1141 1788 1280 1826 Corius
1302 1789 1360 1826 ait
1382 1788 1597 1826 Urbanum
1620 1788 1795 1826 Romam

101 1863 182 1886 non
198 1848 371 1886 intrasse
402 1861 495 1886 cum
511 1847 690 1896 hymnis,
708 1848 769 1885 uti
787 1855 908 1885 antea
926 1847 1115 1885 solebant
1132 1847 1263 1897 excipi
1281 1848 1512 1896 pontifices,
1530 1847 1599 1885 sed
1629 1846 1796 1895 tyranni

99 1907 141 1945 in
165 1920 333 1954 morem,
359 1921 451 1944 cum
475 1906 697 1944 fortissimo
721 1906 916 1954 exercitu,

155 1967 197 2005 P.
217 1965 307 2013 365,
325 1966 391 2015 lig.
413 1965 472 2004 12.
493 1966 778 2006 CELEBRAVIT.
798 1965 962 2013 Baluze,
982 1973 1011 2003 t.
1030 1980 1085 2012 lv,
1105 1980 1142 2015 p.
1165 1965 1250 2003 133.

155 2025 197 2064 P.
229 2024 318 2072 365,
347 2025 413 2074 lig.
446 2024 506 2063 14.
539 2024 635 2061 NON
667 2038 984 2063 CONSECRATUS.
1019 2025 1118 2062 Erat
1148 2025 1256 2062 enim
1286 2026 1436 2063 electus
1471 2024 1796 2073 archiepiscopus

101 2085 520 2133 caesaraugustanus,
540 2092 587 2121 ut
607 2083 870 2122 observatum
892 2092 954 2122 est
972 2098 1110 2133 supra,
1136 2083 1182 2134 [t.
1206 2083 1276 2133 1]p.
1299 2083 1386 2131 256,
1413 2083 1458 2133 [t.
1479 2083 1522 2133 11]
1542 2098 1580 2133 p.
1601 2082 1688 2120 903.

156 2143 197 2182 P.
218 2142 307 2190 365,
325 2143 391 2192 lig.
412 2142 472 2181 26.
494 2142 558 2179 An
578 2157 738 2180 PARTES
759 2142 1104 2181 NEAPOLITANAS.
1128 2143 1184 2181 De
1208 2143 1283 2180 hac
1301 2143 1503 2192 legatione
1524 2142 1795 2191 Neapolitana

101 2202 307 2240 Guillelmi
330 2202 378 2240 de
401 2202 597 2251 Agrifolio
620 2202 786 2240 senioris
802 2211 938 2251 agunt
960 2202 1220 2240 Abrahamus
1243 2202 1432 2249 Bzovius,
1456 2215 1520 2240 an.
1547 2200 1660 2247 1367,
1695 2200 1711 2248 ἓ
1735 2200 1795 2247 13,

100 2261 300 2299 Odoricus
328 2261 582 2310 Raynaldus,
609 2275 674 2298 an.
695 2261 798 2309 eod.,
826 2261 842 2309 ἓ
867 2261 928 2309 15,
956 2261 1088 2299 Julius
1115 2261 1263 2299 Caesar
1287 2260 1500 2310 Capacius,
1528 2260 1596 2298 lib.
1625 2259 1662 2296 ΙΙ
1688 2259 1794 2297 Hist.

102 2320 317 2370 Neapolit.,
346 2333 433 2369 cap.
460 2334 516 2367 1v,
544 2329 584 2358 et
610 2320 950 2358 Bartholomaeus
979 2320 1273 2358 Chioccarellus
1300 2320 1341 2356 in
1368 2319 1549 2356 Historia
1574 2318 1798 2356 antistitum

104 2379 474 2429 Neapolitanorum,
492 2393 530 2429 p.
550 2378 637 2418 234.
657 2379 808 2417 Errant
825 2394 931 2429 ergo,
949 2380 1010 2417 uti
1024 2379 1110 2429 jam
1128 2379 1319 2424 diximus,
1338 2379 1407 2427 qui
1424 2378 1671 2427 legationem
1686 2377 1797 2414 illam

102 2438 294 2476 tribuunt
319 2437 534 2476 Guillelmo
558 2438 606 2476 de
630 2438 827 2487 Agrifoh'o
848 2439 999 2488 juniori
1023 2439 1085 2476 vel
1110 2438 1326 2476 Guillelmo
1351 2437 1489 2474 Sudre.

158 2497 199 2536 P.
220 2496 309 2544 366,
328 2497 394 2546 lig.
416 2496 449 2535 1.
471 2497 623 2535 PRIMA.
646 2497 816 2547 D’apres
835 2497 1071 2535 l’itineraire
1091 2497 1228 2546 public
1246 2510 1320 2545 par
1336 2496 1487 2532 Baluze
1507 2496 1626 2543 (t.1V,
1647 2508 1684 2543 p.
1707 2493 1795 2541 133)

105 2571 150 2595 ce
183 2557 247 2594 fut
278 2556 314 2594 16
348 2554 369 2591 2
403 2569 522 2594 mars.
558 2556 655 2594 Voir
686 2570 754 2593 sur
785 2557 822 2594 la
856 2556 1081 2594 ceremonie
1114 2556 1168 2593 du
1203 2556 1355 2592 Latran
1389 2552 1798 2591 Albanes-Chevalier

105 2614 246 2665 (Actes
273 2614 454 2661 anciens,
484 2622 514 2653 t.
544 2629 569 2662 1,
599 2629 637 2664 p.
670 2614 761 2663 404)
793 2623 833 2653 et
864 2615 934 2654 Ph.
968 2615 1099 2653 Lauer
1131 2614 1207 2663 (Le
1235 2613 1368 2663 palais
1396 2613 1448 2649 (lu
1477 2612 1639 2658 Latran,
1672 2611 1796 2657 Paris,

106 2673 220 2721 1911,
245 2688 283 2723 p.
309 2672 513 2721 262-266).

159 2733 201 2772 P.
228 2732 317 2780 366,
341 2733 408 2781 lig.
436 2731 495 2770 12.
524 2732 670 2770 FATUE
698 2747 913 2770 MULIERIS.
942 2732 1004 2769 Ex
1030 2732 1104 2769 hoc
1129 2733 1217 2769 loco
1241 2738 1358 2781 patet
1380 2730 1467 2779 jam
1492 2737 1580 2766 tum
1605 2729 1645 2766 in
1670 2728 1798 2777 suspi-

154 2886 185 2918 1.
217 2885 309 2918 Paul
334 2897 378 2918 ne
404 2897 515 2928 passa
539 2897 605 2928 pas
633 2887 682 2918 du
706 2886 802 2928 siege
830 2885 873 2918 de
899 2885 1056 2928 Smyrne
1082 2896 1144 2916 sur
1169 2883 1262 2917 celui
1288 2883 1331 2915 de
1358 2881 1680 2925 Constantinople,
1707 2882 1799 2914 mais

106 2938 151 2971 de
171 2938 265 2971 celui
285 2938 328 2971 de
348 2938 492 2971 Thebes
516 2938 559 2981 (le
579 2939 623 2971 17
643 2939 737 2972 avril
756 2938 861 2981 1366)
885 2938 1021 2981 auquel
1040 2937 1064 2969 il
1084 2937 1189 2969 avait
1207 2938 1265 2970 6ῐὲ
1285 2935 1466 2968 transfere
1486 2936 1516 2968 16
1538 2935 1581 2968 15
1601 2934 1675 2967 mai
1695 2935 1798 2974 1357,

106 2992 213 3024 etant
236 2991 469 3034 archeveque
494 2991 537 3024 de
562 2990 719 3034 Smyrne
744 2991 874 3035 depuis
898 2991 929 3023 16
953 2991 998 3022 10
1027 2990 1149 3033 juillet
1181 2990 1272 3022 1345
1301 2989 1443 3031 (Eubel,
1470 2988 1698 3027 Hierarchia,
1725 2993 1750 3019 t.
1774 3000 1798 3025 1,

44 3044 53 3050 “
106 3055 141 3088 p.
166 3044 246 3083 206,
270 3044 339 3077 456
360 3049 399 3076 et
420 3043 516 3087 482).

157 3097 187 3130 2.
217 3097 366 3136 Baluze,
388 3103 413 3130 t.
433 3108 484 3137 lv,
505 3107 540 3140 p.
562 3097 631 3130 132
649 3102 688 3130 et
708 3097 854 3135 Kirsch,
875 3107 931 3140 op.
952 3096 1023 3135 cit„
1045 3108 1078 3138 p.
1101 3096 1155 3128 65.

155 3150 187 3183 3.
217 3149 257 3183 B.
282 3149 340 3189 N.,
362 3160 428 3182 mS.
451 3149 546 3182 latin
565 3148 671 3189 1463,
694 3149 755 3182 fol.
779 3149 822 3182 59
843 3154 886 3182 r0.
