2083 3458
42 204 157 260 [868]
565 221 782 246 PAPARUM
820 219 1204 246 AVENIONENSIUM
1642 203 1726 245 377

85 304 293 342 Fundavit
324 304 522 354 capellam
551 303 591 340 in
623 303 789 341 ecclesia
821 303 995 341 fratrum
1028 303 1363 342 praedicatorum
1392 304 1544 341 Beatac
1577 303 1727 340 Mariae

31 363 79 402 de
102 362 226 401 Crolis
246 362 287 400 in
308 362 481 400 dioecesi
502 362 696 411 Aquensi,
720 376 822 411 quae
845 377 951 400 nunc
973 363 1122 400 dicitur
1143 362 1282 400 Sancti
1300 362 1526 409 Maximini,
1544 369 1591 399 ut
1608 361 1728 399 docet

31 421 247 472 Gregorius
274 421 335 458 XI
359 421 401 458 in
425 421 536 458 bulla
561 421 671 458 edita
697 421 807 470 apud
833 421 1054 459 Odoricum
1081 421 1358 471 Raynaldum,
1383 436 1448 459 an.
1477 421 1590 467 1376,
1622 420 1638 469 ἓ
1664 420 1725 458 24.

86 480 270 529 Denique
290 479 390 517 illud
410 480 663 519 monendum
683 488 757 526 est,
780 480 1042 518 vehementer
1062 494 1193 518 errare
1216 480 1448 519 Fontanam
1469 480 1568 518 dum
1587 479 1729 517 scribit

30 540 138 577 hunc
181 539 444 577 Guillelmum
486 553 505 576 e
534 538 743 583 *cathedra
787 538 1005 576 Viennensi
1047 539 1255 577 transiisse
1298 539 1349 576 ad
1394 539 1726 577 Nemausenscm.

31 599 204 637 Constat
236 597 344 637 enim
375 597 490 635 illum
523 596 645 634 fuisse
678 597 1029 647 archiepiscopum
1063 598 1334 636 Viennensem
1367 598 1494 635 donec
1527 597 1728 634 Tolosana

32 656 212 695 Ecclesia
237 656 451 696 commissa
475 663 537 694 est
561 655 647 704 ejus
672 655 869 705 regimini.

85 715 184 765 Ejus
205 729 409 753 sermones
427 714 441 737 1
461 714 500 752 in
523 715 715 764 epistolas
737 723 778 752 et
798 715 1008 763 evangelia
1029 715 1156 753 totius
1178 715 1287 763 anni,
1308 714 1349 752 in
1370 714 1579 764 evangelia
1601 713 1729 752 domi—

32 774 192 821 nicalia,
225 774 274 812 de
306 782 503 824 tempore,
536 781 577 811 et
610 774 657 811 de
690 773 841 811 sanctis
874 781 1013 811 extare
1046 773 1346 824 manuscriptos
1378 774 1419 811 in
1451 773 1572 811 variis
1604 772 1731 821 Belgii

32 833 289 871 bibliothecis
315 840 494 870 testatur
509 832 712 870 Antonius
732 832 935 870 Sanderus
954 833 993 869 in
1012 832 1255 870 Bibliotheca
1272 832 1434 881 Belgica
1452 847 1540 879 ms,
1560 840 1675 881 parte
1699 831 1729 877 Ι,

33 907 71 943 p.
91 892 179 940 129,
200 892 287 939 181,
311 891 387 930 356
403 899 444 930 et
459 899 575 941 parte
596 891 649 938 ΙΙ,
666 905 704 940 p.
722 890 784 928 83.

94 951 228 1001 Nepos
267 951 352 1000 ejus
388 949 512 988 fuisse
549 949 714 988 videtur
752 948 989 987 Guillelmus
1023 950 1071 988 de
1099 949 1313 996 Lauduno,
1340 964 1461 999 quem
1490 948 1730 987 vestiarium

33 1010 272 1060 Magalonae
312 1009 434 1047 fuisse
473 1023 580 1046 anno
618 1007 879 1046 MCCCXLII
919 1016 1098 1046 testatur
1138 1008 1281 1047 Petrus
1313 1008 1509 1046 Gariellus
1550 1007 1589 1045 in
1623 1006 1731 1045 Serie

31 1067 304 1120 episcoporum
328 1066 696 1116 Magalonensium.
727 1075 846 1118 parte
872 1066 925 1115 ΙΙ,
950 1081 987 1117 p.
1015 1067 1076 1114 10,
1106 1066 1166 1104 51.

86 1128 129 1166 P.
148 1127 236 1165 246.
254 1127 320 1177 lig.
340 1127 401 1165 20.
420 1127 543 1164 V1x1T
561 1140 770 1164 PLURxssus
789 1140 929 1164 ANNIS.
951 1126 1089 1164 Recte.
1108 1126 1223 1163 Vixit
1239 1126 1346 1164 enim
1363 1140 1491 1175 usque
1509 1126 1560 1163 acl
1577 1139 1731 1162 annum

31 1187 178 1225 saltem
205 1186 422 1225 MCCCLII
451 1200 545 1236 quo,
572 1186 635 1224 die
664 1185 809 1235 quinta
836 1185 984 1224 mensis
1006 1185 1183 1234 augusti,
1204 1184 1397 1222 fundavit
1422 1185 1462 1222 in
1489 1184 1655 1222 ecclesia
1682 1184 1756 1222 de.

31 1244 231 1284 Lauduno
258 1253 436 1295 quatuor
460 1244 718 1295 capellanias.
749 1245 860 1282 Haec
885 1252 981 1282 sunt
1007 1244 1114 1281 enim
1139 1244 1263 1281 verba
1288 1243 1553 1281 instrumenti
1587 1242 1731 1280 sunda-

30 1304 153 1343 tionis
172 1305 223 1342 ab
242 1304 385 1342 eadem
403 1303 571 1342 ecclesia
589 1303 747 1353 accepti
767 1319 774 1341 :
797 1303 848 1340 In
866 1303 1024 1340 nomine
1038 1303 1217 1341 Domini.
1238 1303 1378 1340 Amen.
1398 1303 1519 1339 Anno
1537 1302 1586 1339 ab
1606 1302 1731 1339 incar-

30 1364 188 1401 natione
216 1363 391 1413 ejusdem
418 1362 625 1400 millesimo
659 1362 918 1400 tricentesimo
951 1361 1276 1412 quinquagesimo
1303 1362 1484 1408 secundo,
1521 1360 1735 1397 indictione

30 1423 181 1473 quinta,
199 1430 233 1460 et
249 1422 311 1460 die
328 1421 466 1472 quinta
483 1421 629 1459 mensis
646 1421 821 1470 augusti,
840 1421 1096 1471 pontificatus
1112 1420 1356 1458 sanctissimi
1376 1420 1418 1457 in
1435 1419 1590 1457 Christo
1607 1418 1733 1468 patris

31 1489 64 1519 et
86 1481 239 1519 domini
262 1480 473 1519 Clementis
496 1480 634 1518 divina
656 1480 905 1530 providentia
927 1494 1030 1530 pape
1052 1480 1149 1517 sexti
1172 1494 1278 1517 anno
1302 1478 1518 1516 undecima
1545 1478 1735 1515 Noverint

32 1540 207 1578 universi
225 1548 420 1590 presentes
437 1540 586 1590 pariter
603 1547 637 1577 et
652 1539 780 1588 futuri
799 1539 867 1576 hoc
884 1553 1044 1589 presens
1062 1538 1268 1588 publicum
1287 1538 1590 1575 instrumentum
1609 1536 1734 1574 visuri

31 1607 65 1637 et
86 1599 265 1637 audituri
287 1599 388 1649 quod
409 1613 479 1636 nos
498 1598 619 1648 frater
647 1598 882 1636 Guillelmus
903 1598 947 1635 cle
969 1598 1179 1645 Laudem,
1202 1597 1452 1635 miseratione
1474 1596 1611 1643 divina
1632 1596 1735 1645 epis·

32 1673 167 1708 copus,
190 1658 284 1699 olim
305 1658 626 1708 archiepiscopus
651 1657 799 1704 Tolose,
823 1657 970 1694 cultum
993 1657 1168 1694 nominis
1188 1664 1320 1694 sancte
1341 1664 1374 1693 et
1397 1655 1601 1692 individue
1623 1654 1737 1691 trini-

33 1717 125 1756 tatis
144 1717 279 1755 Patris
298 1725 331 1754 et
351 1717 452 1754 Filii
473 1725 507 1754 et
527 1716 704 1766 Spiritus
726 1716 862 1754 Sancti
883 1715 926 1753 in
944 1715 1104 1753 ecclesia
1125 1729 1223 1753 nova
1242 1716 1286 1752 de
1305 1715 1515 1760 quluno,
1542 1713 1738 1751 Uticensis

33 1776 211 1823 diocesis,
231 1776 274 1813 in
292 1776 447 1814 duabus
464 1775 626 1826 capellis
645 1775 801 1823 nostris,
821 1789 987 1825 quarum
1007 1789 1085 1812 una
1106 1775 1331 1812 intitulatur
1347 1774 1421 1811 sub
1437 1773 1594 1810 nomine
1611 1771 1736 1810 sancti

30 1835 235 1873 Dominici
263 1843 296 1872 et
323 1835 407 1872 alia
433 1834 507 1872 sub
531 1834 688 1872 nomine
718 1834 816 1872 beati
842 1833 1048 1884 Stephani,
1069 1834 1263 1883 ampliare
1289 1833 1488 1882 cupientes
1511 1831 1737 1877 staminum,

33 1894 302 1943 assignamus,
328 1909 372 1932 ac
395 1894 513 1931 etiam
537 1902 663 1931 tenore
687 1893 929 1943 presentium
963 1893 1196 1930 ordinamus
1229 1900 1394 1942 quatuor
1426 1891 1669 1940 capellanias
1695 1889 1737 1926 in

34 1953 196 2004 capellis
221 1952 406 2003 predictis
429 1967 498 2003 per
523 1967 592 1990 nos
618 1966 744 2002 nuper
767 1952 997 1989 constructis
1023 1952 1065 1989 in
1090 1952 1193 1989 elicta
1216 1951 1376 1988 ecclesia
1400 1950 1444 1987 cle
1467 1950 1663 1987 Laudans)
1687 1948 1739 1985 ad

34 2012 217 2050 honorem
231 2012 307 2050 Dei
324 2020 358 2049 et
375 2012 531 2049 laudem
552 2011 772 2049 beatissime
789 2011 960 2060 virginis
978 2011 1113 2048 AIarie
1130 2010 1304 2060 ejusdem
1323 2009 1460 2046 matris
1477 2023 1522 2046 ac
1543 2008 1738 2045 beatorum

32 2070 237 2109 Dominici
265 2070 497 2120 confessoris
523 2078 558 2108 et
585 2070 777 2120 Stephani
805 2070 1001 2119 martyris.
1044 2069 1141 2106 Item
1168 2069 1269 2119 quod
1304 2068 1346 2106 in
1375 2068 1476 2118 ipsis
1504 2066 1737 2116 capellaniis

34 2129 116 2167 sint
136 2138 301 2180 quatuor
320 2129 536 2179 presbyteri
557 2129 700 2166 missas
721 2129 954 2166 celebrantes
975 2137 1160 2178 perpetuo
1181 2143 1251 2177 pro
1272 2127 1408 2164 anima
1432 2134 1575 2172 nostra,
1598 2139 1737 2175 paren-

36 2188 142 2227 tibus
164 2196 198 2226 et
219 2188 360 2226 amicis
384 2188 539 2235 nostris,
564 2196 640 2227 etc.
667 2189 721 2225 Et
742 2187 848 2226 infra
873 2203 880 2225 ε
909 2187 1005 2225 Item
1028 2188 1129 2237 quod
1150 2187 1243 2224 dicti
1266 2185 1462 2236 capellani
1485 2192 1684 2234 ponantur
1706 2191 1739 2220 et

35 2247 289 2297 assignentur
309 2247 352 2285 in
371 2247 486 2285 dictis
504 2247 666 2297 capellis
684 2261 753 2284 seu
772 2246 1020 2296 capellaniis,
1041 2261 1129 2284 cum
1148 2245 1367 2283 removendi
1385 2244 1546 2293 fuerint,
1568 2257 1635 2292 per
1656 2256 1738 2287 nos,

35 2314 69 2344 et
84 2315 171 2356 post
187 2321 257 2344 nos
273 2308 542 2356 presentantur
557 2306 739 2356 episcopo
762 2305 938 2343 Uticensi
954 2320 1023 2355 per
1040 2305 1209 2342 nobilem
1226 2304 1354 2341 virum
1372 2310 1546 2352 nepotem
1565 2309 1739 2338 nostrum

36 2365 288 2403 carissimum
308 2364 514 2403 dominum
533 2365 818 2414 Raymunclum
839 2365 882 2402 cle
902 2364 1112 2410 LauclunO‚
1135 2363 1311 2408 militem,
1333 2361 1537 2399 dominum
1558 2359 1674 2397 castri
1695 2359 1740 2396 de

36 2424 246 2471 Lanatam,
284 2424 480 2462 Uticensis
510 2424 688 2471 diocesis,
719 2432 753 2461 et
780 2437 1017 2461 successores
1046 2437 1137 2460 suos
1168 2421 1346 2459 dominos
1376 2420 1469 2457 clicti
1499 2418 1628 2456 castini
1661 2417 1738 2455 Cui

37 2483 196 2521 domino
219 2455 469 2533 Raymundo,
496 2483 626 2533 nepoti
652 2491 793 2529 nostr‚o
818 2490 851 2519 et
873 2481 1162 2519 successoribus
1185 2495 1270 2518 suis
1294 2479 1466 2516 dominis
1490 2492 1557 2514 seu
1582 2476 1740 2514 domino

38 2541 132 2580 dicti
156 2542 273 2580 castri
297 2542 342 2580 de
364 2541 561 2579 Lauduno
585 2542 726 2579 damus
749 2549 782 2578 et
805 2540 1052 2578 concedimus
1076 2553 1187 2576 omne
1208 2539 1275 2588 jus
1292 2545 1524 2587 patronatus
1547 2536 1740 2573 dictarum

42 2600 370 2650 capellaniarum,
391 2608 468 2639 etc.

95 2659 209 2698 Obiit
232 2659 443 2699 Avenione
467 2659 509 2696 in
534 2667 741 2697 conventu
759 2658 773 2680 ²
799 2658 974 2696 fratrum
1001 2657 1349 2700 praedicatorum,
1376 2654 1445 2691 ubi
1470 2653 1652 2703 sepultus
1679 2659 1740 2689 est

86 2812 118 2845 1.
138 2810 267 2854 Quetif
281 2817 320 2844 et
338 2811 486 2844 Echard
507 2810 546 2854 (t.
562 2823 586 2850 1,
605 2811 671 2844 col.
691 2810 772 2854 639)
794 2816 861 2842 ont
877 2810 1023 2842 montre
1041 2819 1112 2851 que
1130 2818 1187 2840 ces
1204 2817 1370 2839 sermons
1387 2816 1431 2837 ne
1448 2803 1654 2848 pouvaicnt
1670 2814 1737 2846 pas

39 2864 91 2897 lui
115 2866 191 2897 etre
216 2864 413 2897 attribues.
438 2882 488 2887 —-
509 2863 580 2897 Sur
601 2864 637 2896 la
652 2863 791 2896 famille
817 2863 861 2895 de
878 2862 1049 2900 Laudun,
1068 2859 1149 2892 voir
1163 2858 1342 2892 Archives
1361 2857 1590 2896 Nafflonales,
1608 2855 1664 2888 JJ
1678 2854 1736 2895 26,

42 2917 106 2951 fol.
127 2917 197 2951 385
216 2921 269 2957 v⁰‚
291 2929 338 2950 ou
357 2922 414 2950 est
433 2916 505 2950 cite
526 2916 647 2949 Pierre
668 2917 712 2949 de
733 2916 904 2954 Laudun,
926 2919 1074 2957 sergent
1094 2913 1143 2945 du
1162 2911 1227 2945 roi.

89 2971 120 3003 2.
148 2970 197 3003 Le
223 2975 388 3003 couvent
414 2970 476 3003 des
504 2969 706 3003 Precheurs
733 2969 793 3001 fut
818 2978 976 3012 presque
1002 2965 1250 2999 entierement
1277 2962 1419 2997 detruit
1444 2974 1492 2995 au
1518 2966 1604 2994 xme
1630 2961 1737 2994 siecle

46 3021 98 3066 (L.
123 3022 168 3056 H.
191 3022 382 3062 Labande,
404 3022 589 3066 Lepalais
604 3022 663 3055 des
682 3022 814 3065 Papes,
838 3027 864 3053 t.
879 3032 916 3059 11,
934 3031 968 3063 p.
986 3019 1161 3058 144-1463
1182 3017 1218 3050 J.
1236 3015 1370 3050 Girard
1389 3015 1489 3049 etH.
1515 3004 1674 3058 Requin,
1690 3012 1740 3044 Le

42 3080 189 3109 convent
211 3076 271 3109 des
286 3075 532 3108 dominicains
548 3075 581 3108 d’
584 3074 770 3117 Avignon,
790 3075 881 3106 dans
897 3072 1063 3105 Annales
1079 3071 1111 3104 d’
1116 3070 1301 3113 Avignon,
1319 3075 1345 3102 t.
1361 3081 1373 3101 1
1393 3068 1527 3111 (1912),
1545 3079 1579 3110 p.
1599 3067 1660 3100 81-
1646 3066 1736 3109 -96)
