2083 3458
308 235 390 276 376
619 265 621 271 ,
959 251 1112 282 NOTAE
1146 251 1207 276 AD
1242 251 1369 276 VITAs
1892 233 2007 292 [867]

306 336 562 375 berationem
588 350 681 374 cum
707 334 983 373 cardinalibus
1010 334 1274 374 Guillelmum
1299 334 1653 386 archiepiscopum
1678 335 1953 375 Viennensem
1977 343 2018 374 et

309 395 527 444 Hugonem
566 395 804 445 episcopuin
843 394 1158 441 Arausicanum,
1199 393 1268 443 qui
1307 408 1327 432 e
1353 394 1568 444 *legatione
1606 394 1828 442 redierant,
1866 394 2018 434 iterum

306 454 532 493 mittendos
560 454 731 501 censuit,
758 468 908 503 eosque
934 453 986 491 ad
1012 467 1157 503 pacem
1184 453 1427 492 Eduardum
1451 454 1559 492 inter
1584 468 1630 492 ac
1660 453 1877 492 Isabellam
1901 468 2017 492 revo-

306 513 482 551 candam
499 513 622 562 jussit
639 513 894 558 incumbere3
917 512 1078 551 Odoric.
1102 512 1321 562 Raynald.,
1343 527 1408 551 an.
1426 513 1530 560 eod.,
1551 512 1641 561 §13
1661 513 1749 561 Qua
1766 513 1815 551 de
1833 528 1874 551 re
1893 527 2015 563 agens

306 572 637 622 NValsinghamus
662 571 707 621 [t.
730 587 756 619 Ι,
779 586 818 622 p.
844 571 942 622 178]
967 571 1027 609 ait
1050 587 1057 609 :
1082 571 1195 622 Quod
1215 586 1375 609 cernens
1397 572 1582 610 dominas
1598 587 1709 622 papa
1727 579 1760 609 et
1780 564 2017 610 vehementer

304 632 511 669 condolens
533 631 643 668 misit
666 631 709 668 in
730 631 926 680 Angliam
949 630 1111 668 nuntios
1133 631 1231 668 daos
1253 630 1470 681 episcopos,
1489 631 1556 681 qui
1579 631 1709 681 primo
1731 646 1867 681 pacem
1888 631 2016 669 stade-

303 699 387 728 rent
411 691 536 740 facere
564 690 664 728 inter
689 704 817 739 regem
843 698 877 727 et
902 690 1083 739 reginam
1109 698 1143 727 et
1167 690 1400 728 secundarie
1427 690 1526 728 inter
1552 705 1670 740 reges.
1700 690 1779 741 Qui
1806 698 2017 728 reverenter

302 750 470 787 admissi
494 750 597 786 nihil
618 757 770 799 praeter
791 749 1047 787 reverentiam
1068 757 1306 800 receperunt.
1337 749 1449 788 Unde
1479 750 1647 787 dolentes
1678 750 1947 798 reversi‘sant,
1971 750 2015 787 de

300 824 396 859 pace
430 809 590 859 penitas
625 809 885 859 desperantes.

354 863 473 906 Anno
498 868 809 906 MCCCXXVII
834 876 1023 914 exeunte,
1047 868 1227 906 Joannes
1253 868 1301 906 de
1321 868 1522 906 Convenis
1544 868 1874 918 archiepiscopus
1895 869 2012 907 Tolo-

301 942 422 965 sanus
456 928 590 965 factus
625 935 687 965 est
720 927 951 966 cardinalis.
986 927 1092 966 Tum
1124 942 1221 966 vero
1254 941 1363 978 papa
1397 928 1577 966 Joannes
1611 927 2012 978 archiepiscopatum

298 987 548 1026 Tolosanum
581 994 804 1025 vacantem
837 986 1015 1025 contulit
1046 987 1088 1024 in
1123 987 1387 1026 Guillelmum
1421 986 1776 1037 archiepiscopum
1809 987 2011 1025 Viennen-

296 1060 383 1084 sem
400 1045 427 1084 1.
1036 1076 1039 1077 γ

351 1106 393 1144 Ρ.
419 1104 508 1153 246,
541 1105 608 1155 lig.
636 1105 695 1143 14.
730 1105 870 1143 00005
907 1105 1145 1143 EFFECTUS.
1172 1105 1235 1142 EX
1258 1105 1430 1155 epistola
1456 1120 1581 1144 chxi
1605 1105 1697 1143 libri
1722 1105 1858 1155 quarti
1878 1120 2010 1156 papae

294 1164 516 1203 Clementis
544 1172 718 1215 apparet
743 1164 860 1203 illum
885 1164 996 1202 senio
1022 1172 1113 1204 tum
1143 1173 1184 1202 et
1213 1164 1301 1202 aliis
1321 1164 1643 1215 impedimentis,
1671 1165 1712 1202 id
1740 1173 1814 1209 est,
1842 1173 1889 1203 ut
1916 1179 2029 1215 ergo,

295 1224 558 1274 interpretor,
575 1224 790 1271 coecitate,
806 1224 1024 1262 detentum
1036 1224 1269 1274 nequivisse
1281 1224 1473 1274 prosequi
1485 1224 1649 1274 negotia
1675 1224 1878 1262 Ecclesiae
1898 1238 2007 1263 suae.

292 1291 317 1336 Γτῖ
349 1283 391 1322 Ρ.
415 1283 505 1331 246,
520 1283 586 1333 lig.
612 1283 672 1321 15.
698 1283 1003 1321 RENUNTIAVIT
1027 1283 1250 1322 ECCLESIE.
1274 1283 1314 1322 Si
1335 1298 1479 1323 verum
1500 1292 1606 1322 esset
1628 1284 1737 1333 quod
1760 1298 1781 1321 a
1805 1284 2010 1322 Sammar-

294 1343 433 1381 thanis
452 1342 466 1364 ²
488 1342 702 1393 proditum
725 1350 800 1390 est,
824 1342 1019 1381 nimirum
1044 1343 1343 1392 Raymundum
1367 1343 1415 1381 de
1439 1343 1673 1390 Canilhaco,
1699 1343 1768 1393 qui
1792 1343 2009 1383 Guillelmo

293 1402 502 1449 successit,
571 1401 859 1441 renuntiatum
936 1401 1058 1440 fuisse
1136 1402 1491 1452 archiepiscopum
1572 1402 1823 1440 Tolosanum
1899 1416 2008 1441 anno

294 1460 610 1509 MCCCXLVH,
634 1461 698 1499 die
721 1476 829 1498 XXIX
851 1461 1044 1509 octobris,
1067 1461 1228 1500 difficile
1247 1476 1331 1499 non
1347 1470 1453 1499 esset
1472 1461 1722 1500 constituere
1743 1469 1908 1512 tempus
1927 1476 2007 1512 quo

293 1520 534 1559 Guillelmus
572 1520 831 1559 renuntiavit
858 1520 1045 1570 regimini
1074 1520 1279 1559 Ecclesiae
1313 1521 1552 1559 Tolosanae.
1592 1521 1744 1560 Verum
1773 1520 1815 1558 id
1843 1520 2005 1560 falsum.

296 1580 442 1630 Itaque
465 1579 544 1618 alia
565 1580 850 1630 persequenda
872 1579 939 1617 via
962 1588 1036 1618 est.
1061 1580 1228 1619 Certum
1246 1588 1307 1618 est
1329 1594 1422 1630 ergo
1442 1595 1492 1619 ex
1512 1580 1639 1619 literis
1660 1580 1866 1618 Guillelmi
1887 1580 2006 1621 editis

292 1639 333 1677 in
357 1639 591 1689 Appendiee
615 1639 887 1677 Consiliorum
917 1639 1070 1677 Galliae
1093 1639 1384 1687 Narbonensis,
1408 1654 1446 1690 p.
1475 1639 1562 1687 180,
1586 1639 1701 1677 illum
1726 1639 1849 1678 fuisse
1873 1640 2008 1678 adhuc

292 1698 648 1749 archiepiscopum
680 1699 931 1737 Tolosanum
964 1713 1073 1736 anno
1106 1699 1375 1746 MCCCXLV,
1410 1699 1473 1737 die
1506 1698 1629 1737 tertia
1664 1698 1782 1749 junii.
1827 1699 2008 1737 Rursum

293 1766 453 1796 certum
472 1766 534 1796 est
555 1773 605 1796 ex
624 1758 728 1796 libro
753 1758 821 1805 IV,
848 1758 967 1808 epist.
992 1773 1215 1805 CDXXXVH,
1238 1758 1458 1797 Clementis
1479 1758 1550 1806 VI,
1567 1758 1865 1808 Raymundum
1885 1758 2008 1797 fuisse

294 1825 579 1855 consecratum
600 1817 955 1868 archiepiscopum
976 1817 1226 1856 Tolosanum
1247 1818 1391 1857 eodem
1412 1832 1533 1857 anno,
1557 1818 1621 1855 Ex
1642 1832 1722 1867 quo
1744 1817 2009 1867 consequitur

294 1877 557 1915 Guillelmum
590 1877 847 1915 renuntiasse
883 1877 1087 1915 Ecclesiae
1122 1891 1217 1915 suae
1253 1877 1396 1915 eodem
1430 1891 1538 1915 anno
1570 1885 1666 1927 post
1700 1876 1808 1916 diem
1841 1876 2009 1915 tertiam

294 1936 443 1974 mensis
487 1935 592 1985 junii
609 1935 637 1974 ³.
1488 1972 1490 1974 .

348 1995 537 2033 Occurrit
556 2003 698 2034 autem
717 1995 757 2032 in
780 1995 856 2033 hoc
876 1996 965 2033 loco
987 1995 1121 2045 gravis
1144 1995 1376 2034 difficultas.
1401 1995 1566 2034 Etenim
1588 2003 1733 2033 auctor
1751 1994 1870 2033 istius
1896 1995 2010 2032 Vitae

294 2054 506 2092 Clementis
532 2054 709 2092 adnotat
735 2054 999 2092 Guillelmum
1025 2055 1134 2092 hunc
1157 2055 1307 2093 vixisse
1332 2054 1517 2104 pluribus
1544 2055 1661 2092 annis
1682 2062 1777 2105 post
1798 2054 2008 2092 renuntia-

294 2113 450 2152 tionem
466 2128 595 2152 suam.
617 2114 662 2154 In
678 2114 849 2163 vulgata
864 2121 1006 2152 tamen
1024 2113 1163 2151 Glossa
1174 2113 1286 2151 tituli
1298 2114 1357 2151 De
1372 2113 1664 2152 renuntiatione
1677 2114 1719 2151 in
1734 2113 2007 2161 Clementinis,

295 2187 399 2222 quae
417 2180 592 2223 putatur
610 2187 695 2211 esse
715 2172 886 2211 Joannis
906 2173 1108 2220 Andreae,
1124 2173 1375 2212 adnotatum
1389 2181 1451 2211 est
1466 2172 1772 2223 archiepiscopo
1787 2172 2006 2220 Tolosano,

295 2232 364 2281 qui
393 2232 577 2270 habebat
606 2246 726 2270 suum
756 2232 1158 2282 archiepiscopatum
1187 2247 1258 2282 per
1286 2232 1639 2270 renuntiationem
1668 2246 1738 2270 seu
1767 2231 2007 2281 resignatio—

293 2305 399 2339 nem,
424 2291 696 2330 necessariam
719 2291 842 2329 fuisse
866 2291 989 2328 aliam
1011 2291 1275 2330 collationem
1299 2288 1393 2341 quia
1417 2291 1552 2330 medio
1574 2291 1771 2341 temporis
1794 2291 2005 2340 resignans

294 2358 524 2389 excesserat
550 2365 569 2389 e
597 2350 697 2388 vita.
727 2350 828 2388 Cum
855 2365 951 2388 vero
980 2358 1141 2388 constet
1169 2351 1374 2390 Joannem
1400 2351 1587 2389 Andreae
1614 2358 1855 2400 exemptum
1882 2349 2005 2388 fuisse

294 2409 413 2447 rebus
431 2409 621 2448 humanis
640 2424 748 2447 anno
766 2409 1105 2457 MCCCXLVIII,
1123 2410 1391 2448 manifestum
1409 2418 1470 2447 est
1488 2409 1752 2449 Guillelmum
1768 2423 1850 2447 non
1867 2423 2005 2459 super-

294 2468 443 2506 vixisse
470 2469 539 2506 diu
565 2483 661 2507 suae
686 2469 998 2507 renuntiationi.
1025 2469 1178 2507 Verum
1204 2469 1509 2507 observandum
1534 2477 1595 2507 est
1619 2469 1661 2506 in
1685 2469 1762 2506 hoc
1785 2468 1874 2506 loco
1899 2468 2005 2506 hanc

301 2527 480 2565 Glossam
510 2542 591 2565 non
621 2542 705 2566 esse
732 2528 903 2565 „Ioannis
925 2528 1126 2575 Andreae,
1157 2528 1227 2566 sed
1251 2528 1321 2565 diu
1344 2536 1439 2578 post
1466 2528 1582 2567 illum
1611 2527 1800 2565 additam
1829 2527 1952 2565 fuisse
1982 2541 2004 2564 a

296 2587 474 2636 quodam
501 2587 618 2625 Helia
644 2581 818 2636 Regnier
840 2601 948 2625 anno
971 2587 1136 2634 MDIII,
1160 2595 1201 2625 et
1221 2587 1334 2624 illam
1356 2586 1552 2637 respicere
1575 2587 1627 2624 ad
1651 2586 1856 2624 Joannem
1877 2586 2003 2624 Aure-

295 2646 532 2693 lianensem,
561 2646 625 2684 cui
652 2660 760 2696 papa
788 2646 989 2684 concessit
1020 2646 1419 2696 archiepiscopatum
1448 2646 1698 2683 Tolosanum
1725 2660 1833 2683 anno
1861 2645 2002 2692 MDII,

297 2719 387 2742 curn
410 2714 579 2743 vacaret
599 2720 670 2755 per
692 2713 868 2743 mortem
892 2705 1079 2743 Hectoris
1099 2703 1309 2744 Borbonii.
2049 2703 2052 2707 ’

345 2859 375 2891 1.
396 2857 444 2890 Le
463 2858 507 2890 19
526 2857 720 2891 decembre
738 2857 830 2891 1327
853 2857 1008 2900 (Mollat‚
1027 2869 1061 2890 n.
1080 2856 1226 2901 30796).
1247 2856 1457 2890 Guillaume
1475 2863 1540 2890 eut
1566 2858 1586 2889 a
1612 2858 1804 2902 s’oceuper
1830 2858 1873 2891 de
1890 2856 2000 2889 l’uni·

297 2911 431 2943 versit&
455 2912 498 2943 dc
521 2911 718 2950 Toulouse,
741 2922 804 2943 sur
825 2911 983 2943 mandat
1005 2910 1213 2954 pontifical,
1238 2910 1258 2942 a
1280 2908 1442 2944 diverses
1464 2910 1620 2954 reprises
1646 2911 1822 2954 (Histoire
1842 2911 1883 2944 de
1901 2909 2001 2943 Lan—

299 2965 440 3006 guvdzoe,
466 2970 491 2997 t.
515 2975 567 3003 lx,
586 2976 619 3007 p.
638 2964 724 2998 4742
747 2963 923 3003 Daumct‚
942 2975 975 2996 n.
992 2964 1078 3004 892;
1092 2963 1139 2996 Μ.
1156 2963 1346 3005 Fournier,
1362 2963 1510 3003 Statats,
1528 2969 1553 2997 t.
1570 2976 1593 3000 1,
1611 2976 1646 2998 n.
1664 2965 1744 3005 559,
1763 2964 1828 2998 591
1846 2969 1884 2997 et
1900 2963 1997 3007 602).

349 3025 377 3048 ·,’.
400 3017 569 3049 Isiu-reni*
588 3028 608 3049 a
628 3016 780 3060 disparu
801 3017 844 3049 de
863 3016 1034 3050 l'edition
1054 3017 1097 3050 de
1117 3017 1222 3055 1720,
1243 3023 1269 3049 t.
1291 3028 1340 3056 VJ,
1361 3017 1427 3050 001.
1450 3017 1518 3050 828
1537 3023 1575 3050 et
1594 3023 1620 3050 t.
1641 3030 1719 3058 xm,
1740 3018 1807 3050 col.
1828 3017 1884 3050 40.

348 3073 377 3101 ἐι.
410 3069 461 3101 La
492 3070 726 3102 nominatim]
756 3070 800 3102 de
831 3069 1033 3113 Raymond
1063 3070 1106 3102 de
1137 3069 1325 3109 Canilhac,
1356 3070 1419 3112 qui
1448 3076 1512 3103 eut
1539 3070 1612 3103 lieu
1640 3071 1672 3104 10
1702 3071 1745 3105 28
1774 3081 1872 3103 mars
1905 3069 1998 3102 1345

302 3122 445 3159 (Eulwl,
468 3123 694 3162 llierarchia,
714 3129 739 3155 t.
758 3134 781 3163 1,
800 3134 834 3166 p.
854 3122 951 3166 488),
970 3123 1085 3155 relate
1102 3123 1137 3155 la
1154 3122 1381 3166 resignation
1402 3123 1444 3155 dc
1464 3122 1686 3156 Guillaume.
