2083 3458
111 222 254 279 [1216]
630 240 846 265 PAPARUM
882 214 1264 265 AVENIONENSIUM
1720 221 1797 263 135

96 327 190 377 quia
210 326 424 364 credebatis
445 326 668 364 electionem
688 326 833 375 factam
855 326 900 363 de
929 326 1111 363 Jolianne
1133 325 1176 362 de
1198 325 1317 371 Baro,
1340 324 1407 373 qui
1428 331 1509 360 erat
1530 323 1706 360 Gallicus
1726 336 1796 359 seu

96 386 366 431 Franckosus,
387 386 454 422 sed
473 399 540 434 ego
559 385 621 434 fui
641 386 780 423 electus
802 385 868 434 qui
888 393 1044 422 vocatur
1062 384 1246 422 dominus
1267 384 1310 420 de
1338 383 1456 421 Baro.
1483 383 1596 420 Idem
1614 389 1794 419 testatus

95 453 157 483 est
182 445 223 482 in
250 443 504 494 depositione
532 458 603 481 sua
632 444 757 482 frater
783 444 1123 481 Bartholomaeus
1151 451 1392 492 procurator
1420 441 1614 491 generalis
1643 440 1795 478 ordinis

96 503 410 543 Carmelitarum
431 505 444 527 1
467 519 474 540 :
504 503 628 550 Unde,
650 502 800 553 inquit,
822 517 909 540 cum
927 503 1044 539 semel
1062 510 1149 552 post
1169 501 1341 539 Romani
1361 515 1401 538 se
1419 508 1647 538 excusarent
1666 514 1797 537 coram

95 564 142 601 Β.
176 563 270 613 quia
303 577 380 600 non
414 562 637 599 immediate
669 570 854 599 venerant
883 563 934 599 ad
965 561 1219 598 reverentiam
1250 560 1284 597 ei
1316 560 1590 607 exhibendam,
1624 559 1708 609 ipse
1738 558 1797 595 sic

94 622 297 672 respondit
324 638 331 659 2
361 621 445 670 Ego
472 621 593 658 habeo
620 635 684 657 vos
710 629 925 667 excusatos,
954 621 1046 670 quia
1075 634 1139 657 vos
1165 619 1378 657 credebatis
1405 620 1498 656 dum
1525 619 1725 656 dicebatur
1752 618 1797 654 de

95 681 265 719 Barensi
289 680 390 730 quod
411 688 507 717 esset
529 680 713 717 dominus
740 680 943 717 Joliannes
966 680 1009 716 de
1034 680 1150 717 Baro,
1180 680 1270 716 Ideo
1293 693 1372 715 non
1395 678 1569 716 venistis,
1595 676 1796 727 Quoniam

93 740 129 777 si
157 739 371 778 scivissetis
401 740 444 777 de
475 753 546 785 me,
578 739 741 776 libenter·
769 738 985 776 venissetis.
1018 738 1133 775 Adde
1163 737 1450 776 testimonium
1479 736 1716 774 Theoderici
1747 735 1794 772 de

97 799 228 846 Niem,
251 798 320 848 qui
340 798 409 837 lib.
425 799 460 844 I,
479 799 538 835 De
558 798 780 844 schismate,
799 811 887 847 cap.
908 812 935 834 11
952 797 1005 847 [p.
1030 797 1111 846 12],
1128 797 1186 834 ait
1206 797 1435 834 tuinultum
1455 795 1596 846 populi
1620 793 1797 833 Romani

94 859 187 896 hinc
217 873 379 908 quoque
409 866 546 895 ortum
574 872 658 895 esse
688 857 780 906 quia
811 857 937 894 dictus
965 856 1151 893 dominus
1185 856 1397 904 Gregorius
1424 855 1564 892 habuit
1591 854 1796 904 quemdam

94 917 387 955 cubicularium
421 917 483 955 J0.
516 917 560 953 de
591 917 694 954 Bure
725 915 938 964 vulgariter
969 923 1244 964 nuncupatum
1282 914 1491 960 Gallicum,
1523 928 1592 950 seu
1621 914 1665 950 de
1696 921 1797 950 terra

94 976 362 1014 Lemovicensi
392 976 620 1021 oriundum,
643 975 755 1021 satis,
788 983 828 1012 ut
849 975 960 1023 sama
984 982 1078 1020 erat,
1101 974 1330 1023 superbum,
1352 973 1500 1023 pariter
1528 981 1562 1010 et
1590 972 1798 1018 lascivum,

95 1036 161 1085 qui
186 1044 391 1086 propterea
417 1036 561 1072 nedum
586 1034 701 1072 dictis
726 1033 920 1071 Romanis
944 1034 1011 1070 sed
1034 1033 1153 1070 etiam
1177 1047 1248 1083 pro
1274 1032 1417 1081 majori
1441 1040 1550 1082 parte
1575 1030 1797 1068 curialibus

94 1103 175 1132 erat
201 1109 359 1140 exosusg
388 1103 423 1132 et
449 1095 552 1131 hunc
579 1093 784 1131 credebant
812 1092 906 1130 dicti
934 1092 1108 1129 Romani
1134 1092 1260 1141 juisse
1289 1092 1328 1128 in
1353 1106 1503 1141 papam
1530 1092 1690 1128 electum
1717 1090 1799 1127 loco

102 1153 280 1203 Gregorii
310 1153 508 1203 prelibati.
1080 1151 1081 1154 '

151 1213 251 1250 Erat
276 1214 456 1250 Joannes
482 1220 595 1250 ortus
620 1227 639 1250 e
666 1210 792 1249 nobili
817 1225 959 1260 genere
985 1210 1247 1249 dominorum
1271 1210 1319 1247 de
1342 1210 1448 1247 Baro
1472 1209 1583 1246 haud
1607 1208 1749 1258 procul
1773 1221 1794 1244 a

95 1280 230 1310 castro
262 1271 526 1318 Malimonffls,
555 1271 664 1309 unde
695 1270 804 1319 origo
835 1269 1054 1308 Clementis
1086 1270 1141 1307 VI
1171 1277 1212 1307 et
1242 1268 1422 1318 Gregorii
1454 1269 1513 1305 XI
1546 1267 1797 1305 Pontificum

98 1332 393 1377 Romanorum,
421 1345 597 1380 quorum
622 1344 716 1367 eum
743 1329 864 1367 fuisse
896 1328 1247 1377 consanguineum
1272 1327 1404 1377 colligi
1430 1335 1567 1377 potest
1601 1341 1651 1364 ex
1676 1326 1796 1363 Facto

97 1391 242 1429 Jacobi
261 1391 310 1428 de
330 1391 435 1428 Seva
455 1389 483 1437 ²,
503 1405 542 1440 p.
563 1390 651 1428 498.
675 1389 775 1426 Erat
793 1396 935 1426 autem
953 1387 1229 1425 subdiaconus
1249 1396 1290 1425 et
1309 1386 1582 1425 cubicularius
1600 1383 1798 1434 Gregorii,

94 1458 141 1487 ut
168 1450 317 1488 docent
344 1449 453 1487 idem
480 1448 696 1498 Gregorius
725 1447 765 1485 in
792 1462 866 1485 suo
891 1455 1147 1485 testamento
1174 1455 1215 1485 et
1242 1445 1514 1484 Theodericus
1543 1459 1564 1482 a
1596 1444 1727 1491 Nieni,
1754 1451 1795 1481 et

95 1508 224 1558 liquet
249 1502 377 1546 etiarn
402 1523 452 1546 ex
491 1507 703 1545 Itinerario
728 1507 914 1557 ejusdem
941 1506 1137 1555 Gregorii,
1173 1505 1242 1543 ubi
1269 1505 1326 1543 ita
1353 1504 1553 1555 scriptum
1587 1511 1648 1541 est
1665 1502 1680 1525 3
1706 1518 1713 1540 ε
1738 1503 1797 1539 De

96 1569 199 1606 Baro
230 1569 401 1618 preclare
436 1568 639 1605 Jolzannes
669 1566 911 1604 subdiacone
940 1566 1072 1603 senior
1092 1565 1335 1603 cubicularie
1368 1573 1459 1602 tunc
1490 1564 1631 1601 absens
1664 1561 1794 1612 suisti.

94 1627 297 1677 Epistolas
325 1641 422 1677 quas
450 1626 547 1676 legis
579 1627 669 1663 bene
698 1625 938 1672 intellexisti,
968 1625 1063 1675 quia
1090 1633 1143 1662 ter
1172 1624 1434 1673 naufragium
1460 1621 1670 1673 pertulisti.
1702 1620 1798 1658 Fuit

94 1686 240 1724 deinde
263 1686 389 1724 etiam
414 1685 570 1724 Urbani
593 1686 649 1722 VI
678 1700 747 1723 seu
772 1683 1080 1722 Bartholomaei
1104 1683 1400 1734 archiepiscopi
1422 1681 1608 1720 Barensis
1632 1680 1795 1718 cubicu-

94 1745 232 1793 larius,
256 1754 303 1783 ut
325 1753 507 1783 testatur
527 1745 543 1768 4
564 1745 674 1782 idem
699 1744 938 1782 Fcrnandus
964 1743 1088 1790 Petri,
1105 1743 1174 1793 qui
1199 1743 1460 1791 interrogatus
1482 1755 1602 1791 super
1624 1738 1798 1777 LXXII

93 1804 259 1842 articulo
286 1805 387 1842 dixit
412 1805 514 1854 quod
539 1805 583 1842 de
609 1803 799 1842 contentis
827 1803 869 1840 in
895 1803 1069 1852 capitulo
1097 1802 1218 1839 nescit
1242 1803 1347 1852 pluS,
1377 1801 1457 1838 nisi
1484 1801 1585 1850 quod
1599 1799 1671 1837 scit
1697 1798 1798 1848 quod

93 1864 220 1901 dictus
250 1864 454 1901 Johannes
480 1865 524 1901 de
552 1864 634 1901 Bar
660 1871 741 1900 erat
769 1862 811 1899 in
838 1876 992 1900 camera
1020 1861 1113 1899 dicti
1140 1860 1429 1911 archiepiscopi
1458 1868 1499 1897 ut
1525 1857 1797 1897 cubicularius

93 1937 204 1961 suus,
229 1923 280 1960 Et
301 1923 453 1961 videtur
473 1922 554 1960 sibi
577 1923 678 1972 quod
698 1921 854 1959 audivit
875 1922 976 1971 quod
997 1921 1124 1959 dictus
1145 1920 1468 1970 archiepiscopus
1490 1918 1627 1970 petivit
1647 1931 1736 1954 eum
1758 1923 1799 1953 ut

95 1990 192 2020 esset
212 1996 311 2019 suus
334 1981 621 2029 cubicularius,
646 1995 687 2018 eo
711 1982 812 2031 quod
833 1989 914 2018 erat
938 1980 1153 2018 instructus
1178 1980 1221 2017 in
1240 1979 1358 2028 sactis
1381 1992 1541 2016 camere.
1570 1977 1683 2015 Idem
1706 1990 1796 2025 por-

93 2041 214 2079 tabat
246 2055 408 2079 crucem
439 2049 535 2078 ante
569 2041 798 2079 Urbanum.
832 2040 895 2078 Sic
927 2039 1035 2077 enim
1066 2039 1215 2088 legitur
1244 2038 1286 2075 in
1326 2037 1580 2088 depositione
1612 2034 1798 2085 ejusdem

95 2100 265 2138 „Ioannis
286 2100 324 2138 5:
348 2101 445 2138 Item
465 2101 566 2150 quod
583 2108 791 2150 postquam
810 2099 1010 2137 exiverant
1028 2098 1250 2136 cardinales
1277 2105 1311 2134 et
1331 2098 1484 2134 iverunt
1502 2097 1553 2133 ad
1569 2094 1798 2144 jaciendum

93 2159 361 2206 reverentiam,
386 2159 455 2197 iste
476 2159 662 2197 similiter
682 2158 844 2196 accessit
865 2159 917 2195 ad
936 2172 1038 2195 eum.
1063 2158 1113 2195 Et
1135 2158 1219 2207 ipse
1241 2156 1343 2194 dizit
1365 2156 1431 2193 isti
1455 2172 1462 2193 2
1489 2155 1705 2199 Jolzannes,
1728 2165 1796 2200 ego
1831 2195 1834 2198 ‚

93 2219 175 2256 volo
201 2219 302 2268 quod
324 2218 428 2256 sicut
452 2227 493 2256 tu
517 2232 603 2256 eras
628 2233 717 2256 cum
743 2217 901 2255 domino
934 2217 1133 2266 Gregorio,
1161 2216 1216 2254 ita
1240 2215 1297 2252 sis
1321 2216 1432 2266 apud
1457 2228 1527 2252 me.
1566 2214 1642 2250 Iste
1666 2219 1798 2249 autem

92 2277 292 2315 excusavit
318 2292 357 2314 se
386 2277 518 2315 dicens
546 2278 647 2327 quod
673 2285 756 2314 erat
781 2276 983 2325 antiquus.
1017 2276 1069 2313 Et
1098 2289 1195 2313 mox
1225 2290 1232 2312 :
1265 2275 1342 2312 Iste
1369 2282 1499 2311 autem
1526 2287 1571 2310 ea:
1598 2280 1690 2309 tunc
1716 2277 1797 2307 erat

94 2351 211 2386 penes
232 2351 335 2383 eum,
357 2345 391 2374 et
411 2344 540 2386 portat
560 2350 712 2374 crucem
732 2344 821 2373 ante
843 2350 945 2382 eum,
967 2343 1001 2372 et
1022 2335 1178 2384 quando
1200 2333 1333 2371 debuit
1356 2333 1410 2370 ire
1431 2332 1626 2370 civitatem
1652 2330 1794 2367 Tibur-

94 2395 235 2443 tinam,
257 2395 326 2433 iste
343 2395 418 2433 ivit
435 2410 524 2433 cum
537 2409 591 2432 eo.
615 2396 762 2432 Postea
782 2394 948 2432 recessit
967 2394 1020 2431 ab
1036 2393 1217 2439 Urbano,
1232 2391 1420 2442 quamvis
1440 2391 1505 2428 ille
1524 2390 1602 2440 ipsi
1620 2390 1793 2426 honores

93 2462 134 2492 et
168 2453 334 2492 divitias
370 2462 614 2492 ostentaret.
650 2454 713 2492 Sic
734 2454 844 2491 enim
876 2453 1026 2503 legitur
1057 2452 1099 2489 in
1140 2452 1284 2490 eadem
1327 2449 1582 2500 depositione
1603 2448 1618 2470 ⁶
1652 2464 1659 2485 :
1699 2448 1796 2485 Item

93 2515 194 2563 quod
220 2513 444 2550 multotiens
472 2513 536 2550 ille
562 2512 754 2550 Barensis
781 2512 933 2550 dicebat
960 2511 1026 2548 isti
1053 2525 1171 2560 quare
1198 2524 1277 2547 non
1302 2517 1444 2559 peteret
1472 2507 1673 2557 beneficia,
1702 2520 1796 2543 nam

95 2573 179 2622 ipse
200 2573 307 2610 daret
325 2572 405 2609 sibi
426 2573 527 2622 quod
546 2572 667 2618 vellet,
687 2580 721 2609 et
742 2571 812 2608 iste
832 2571 984 2608 dicebat
1001 2570 1081 2607 sibi
1102 2570 1203 2619 quod
1220 2568 1438 2617 sufficiebat
1456 2567 1536 2604 sibi
1558 2566 1687 2615 gratia
1705 2579 1793 2602 sua.

94 2631 144 2669 Et
167 2645 250 2668 vere
271 2631 307 2668 si
332 2631 402 2668 iste
425 2630 612 2668 voluisset
634 2644 832 2668 remanere
854 2643 973 2680 penes
995 2643 1097 2675 eum,
1123 2628 1207 2678 ipse
1228 2627 1382 2676 fecisset
1406 2626 1471 2664 isti
1496 2625 1683 2675 majorem
1707 2639 1793 2673 gra—

94 2690 191 2728 tiam
212 2704 330 2740 quam
353 2689 422 2727 iste
443 2690 550 2727 alius
569 2689 672 2738 fecit.
697 2690 848 2727 Contra
872 2689 1045 2725 Alvarus
1069 2686 1236 2724 Martini
1256 2686 1534 2735 interrogatus
1555 2699 1676 2734 super
1697 2682 1794 2720 arti-

144 2846 176 2879 1.
207 2845 274 2878 Ms.
302 2845 385 2884 cite,
412 2845 475 2877 fol.
503 2845 546 2877 59
571 2849 614 2877 r0.

170 2925 177 2932 .
208 2898 382 2937 Bulaeus,
406 2897 575 2930 Historia
600 2897 862 2930 Universitatis
882 2897 1124 2935 Parisiensis,
1148 2902 1174 2929 t.
1195 2907 1246 2929 1v.

170 2978 176 2984 .
207 2951 244 2984 F.
274 2951 484 2989 Duchesne,
511 2950 676 2983 Histoire
700 2950 741 2982 de
766 2950 918 2982 tous'les
942 2950 1148 2982 cardinaua:
1170 2949 1344 2992 srancois,
1372 2954 1398 2981 t.
1423 2960 1460 2988 11,
1488 2960 1522 2991 p.
1549 2948 1631 2980 442.

170 3031 176 3037 .
207 3004 248 3037 B.
280 3004 337 3043 N.‚
365 3015 432 3037 ms.
461 3003 557 3036 latin
583 3002 712 3042 11745,
740 3003 802 3036 fol.
832 3003 901 3035 176
927 3007 970 3035 r0.

170 3084 177 3090 .
209 3057 275 3090 Ms.
304 3057 388 3095 cite,
416 3057 477 3089 fol.
506 3056 550 3089 52
577 3060 626 3088 v0.

233 3110 279 3143 Ut
302 3122 329 3142 s.

144 2899 176 3144 essm-boam
