2083 3458
247 211 327 252 684
895 223 1046 248 NOTAE
1082 222 1141 247 AD
1176 223 1304 248 VITAs
1800 208 1953 264 [1164]

246 309 386 347 statim
412 308 596 346 redditae
621 321 782 346 summo
806 306 994 357 pontifici
1018 307 1069 344 ab
1094 307 1285 357 episcopo
1310 307 1564 355 Carnotensi,
1590 308 1660 357 qui
1682 308 1803 357 juxta
1828 307 1956 347 consi-

245 369 345 406 lium
384 367 599 406 cardinalis
641 366 943 404 Ebredunensis
983 375 1165 404 mentem
1203 366 1365 416 reginae
1404 367 1566 417 aperuit
1604 367 1737 406 verbis
1777 367 1954 405 multum

246 427 411 478 asperis,
433 427 605 465 innuens
626 426 809 475 reginam
829 426 931 463 tales
953 425 1104 465 amicos
1126 426 1276 464 habere
1296 426 1338 463 in
1359 427 1452 464 aula
1473 440 1495 464 a
1518 426 1665 476 quibus
1687 426 1894 465 molestias
1915 435 1957 464 et

247 486 514 526 contumelias
553 494 734 523 metuere
772 494 910 535 posset
947 485 1056 523 idem
1094 485 1325 533 cardinalis,
1364 485 1395 524 si
1432 494 1636 536 perstaret
1672 486 1714 524 in
1751 485 1954 524 sententia

247 546 368 585 eundi
393 546 444 583 ad
468 560 616 595 regem.
645 545 750 582 Hinc
775 545 933 584 factum
957 553 1004 582 ut
1027 559 1135 595 papa
1160 545 1416 595 responderit
1440 545 1552 583 illum
1579 560 1661 584 non
1684 546 1852 584 iturum.
1879 545 1957 583 Sed

246 615 387 644 tamen
414 605 578 643 interim
606 604 819 654 episcopus
850 604 1109 642 Carnotensis
1138 604 1215 642 sibi
1243 619 1325 642 non
1353 605 1497 643 defuit.
1528 605 1692 643 Etenim
1721 614 1769 643 ut
1795 605 1957 655 pervin-

247 674 354 704 ceret
385 680 432 703 ne
463 665 553 711 iret,
584 664 726 702 invisit
757 663 819 702 die
851 663 1039 713 sequenti
1078 664 1302 702 cardinales
1334 664 1624 711 Albanensem‚
1659 664 1956 711 Florentinum,

248 723 669 774 Majorismonasterii‚
704 724 948 770 Ostiensem,
983 723 1123 761 Sancti
1155 723 1311 773 Angeli,
1345 724 1655 773 Mentenayum,
1689 724 1957 762 Cusentinum

247 793 288 823 et
306 784 600 831 Arelatensean
619 784 671 820 ad
689 782 995 833 impediendum
1016 782 1198 832 viagium
1216 783 1516 822 Ambianensis.
1539 783 1694 834 Regina
1714 798 1876 833 quoque
1895 783 1958 821 die

248 844 404 882 veneris
427 858 531 881 xxlv
551 843 713 893 scripsit
732 857 894 880 rursum
916 843 966 880 ob
987 856 1075 880 eam
1097 842 1230 892 ipsam
1250 857 1415 881 causam
1437 843 1489 881 ad
1511 843 1713 893 quosdam
1733 843 1958 881 cardinales

259 903 460 953 [Journal
492 918 531 953 p.
566 901 776 952 198-200].
811 902 1031 952 Suspectus
1063 902 1204 952 itaque
1237 902 1416 952 graviter
1446 911 1571 952 atque
1603 903 1757 941 invisus
1791 902 1826 941 ei
1856 910 1957 940 erat.

249 964 398 1001 Causas
420 971 561 1000 autem
580 962 734 1001 irarum
754 962 938 999 nondum
958 961 1076 1011 potui
1096 961 1278 1000 invenire
1296 961 1323 1000 ¹.

301 1022 420 1060 Anno
437 1021 816 1069 MCCCLXXXVL
834 1021 896 1059 die
913 1021 1117 1073 dominica
1135 1036 1209 1058 xxi
1227 1021 1418 1069 octobris,
1434 1021 1544 1061 idem
1560 1021 1775 1060 cardinalis
1793 1020 1958 1058 Ambia-

248 1082 382 1120 nensis
407 1082 518 1132 apud
543 1081 798 1119 Avenionem
823 1081 990 1120 missam
1015 1081 1238 1119 celebravit
1262 1096 1334 1131 pro
1360 1081 1465 1119 felici
1489 1089 1530 1119 et
1553 1096 1747 1131 prospero
1772 1095 1959 1119 successu

247 1141 402 1179 itineris
419 1141 634 1191 Anglicani
650 1141 759 1189 quod
776 1141 950 1189 Karolus
964 1141 1036 1188 Vl,
1052 1155 1124 1178 rex
1140 1141 1406 1188 Francorum,
1419 1141 1713 1179 meditabatur.
1728 1141 1833 1179 Tum
1848 1154 1959 1188 vero,

248 1215 477 1240 sermonem
501 1200 648 1238 habuit
672 1200 723 1237 ad
747 1200 948 1250 populum
971 1200 1166 1250 magister
1191 1200 1341 1238 ordinis
1368 1200 1717 1239 praedicatorum.
1748 1200 1809 1237 Ita
1834 1207 1959 1237 testa-

248 1269 328 1307 tur,
354 1261 423 1310 qui
446 1275 635 1310 praesens
660 1268 761 1307 erat,
787 1260 969 1304 Joannes
992 1259 1113 1297 Fabri
1136 1259 1350 1310 episcopus
1374 1259 1634 1298 Carnotensis
1658 1259 1699 1297 in
1722 1274 1795 1297 suo
1815 1258 1959 1296 Diario

261 1320 314 1370 [p.
352 1320 452 1370 323]
482 1336 488 1357 :
523 1319 738 1357 Dimenche
772 1319 809 1368 je
841 1319 907 1368 fus
944 1333 1033 1357 avec
1067 1320 1119 1356 les
1153 1320 1297 1357 aultres
1331 1323 1355 1357 ἀ
1390 1334 1465 1357 ime
1501 1334 1620 1356 messe
1646 1334 1716 1369 quse
1742 1319 1798 1356 dit
1822 1319 1854 1356 le
1879 1333 1960 1356 car-

250 1380 362 1417 clinctl
392 1379 612 1426 d'xlmiens,
648 1383 671 1417 εὶ
704 1379 865 1428 laquelle
898 1379 1059 1429 presclea
1093 1379 1126 1416 le
1158 1379 1316 1416 maistre
1339 1379 1383 1416 de
1406 1379 1544 1416 l'orclre
1568 1380 1632 1416 cles
1655 1378 1904 1425 Presclzeurs,
1928 1386 1961 1415 et

248 1440 293 1488 fu
327 1454 427 1489 pour
459 1439 491 1476 le
523 1453 691 1488 passage
724 1439 776 1475 clu
809 1453 877 1488 roy
909 1439 952 1475 cle
985 1439 1137 1475 France
1164 1453 1212 1475 en
1239 1439 1466 1487 Angleterre
1489 1447 1522 1475 et
1540 1453 1641 1488 pom*
1663 1439 1701 1475 la
1725 1438 1885 1475 nativite'
1908 1437 1961 1475 du

252 1499 314 1547 fils
344 1500 396 1536 (ln
419 1513 498 1548 roy.
526 1498 602 1536 Sed
632 1498 708 1536 hoc
729 1498 942 1535 consilium
962 1499 1176 1535 evanuisse
1195 1498 1344 1536 docent
1369 1498 1547 1535 Thomas
1565 1497 1895 1547 Walsinghamus
1918 1497 1960 1534 in

253 1558 458 1596 Richardo
482 1558 520 1595 ll
545 1566 586 1596 et
622 1558 800 1595 Joannes
835 1557 1047 1595 Juvenalis
1071 1557 1119 1595 de
1154 1557 1311 1595 Ursinis
1334 1557 1375 1594 in
1405 1557 1588 1595 Historia
1609 1557 1795 1606 ejusdem
1818 1556 1960 1594 Karoli

263 1618 316 1667 [p.
350 1617 397 1655 55
429 1626 470 1655 et
502 1617 589 1667 57].

304 1677 423 1714 Anno
457 1676 858 1723 MCCCLXXXVH,
893 1676 956 1714 die
991 1691 1090 1713 xvni
1123 1676 1240 1725 junii,
1276 1676 1508 1714 Ludovicus
1547 1677 1600 1724 ll,
1635 1676 1719 1713 dux
1750 1675 1959 1723 Borbonii‚

252 1736 475 1783 Avenione‚
512 1750 591 1785 quo
625 1744 796 1774 venerat
829 1735 881 1773 ad
914 1735 1181 1773 salutandum
1214 1750 1367 1786 papam
1402 1736 1666 1782 Clementem,
1702 1735 1887 1776 discessit
1918 1735 1960 1772 in

254 1795 497 1845 Hispaniam
534 1795 791 1845 profecturus
830 1795 871 1832 in
909 1795 1136 1833 subsidium
1177 1795 1347 1833 Joannis
1386 1795 1487 1844 regis
1527 1795 1725 1833 Castellae
1764 1795 1958 1833 adversus

252 1855 397 1893 ducem
421 1855 697 1902 Lancastriae‚
720 1854 924 1905 pollicitus
948 1870 987 1893 se
1010 1863 1104 1905 post
1126 1855 1305 1892 reditum
1327 1870 1378 1893 ex
1402 1854 1601 1905 Hispania
1623 1854 1776 1892 iturum
1800 1854 1843 1892 in
1865 1853 1959 1892 Sici-

251 1914 348 1954 liam
379 1915 579 1964 How-nal,
600 1929 638 1964 p.
659 1914 774 1964 358]
797 1914 904 1952 Nam
922 1929 993 1952 rex
1012 1914 1210 1952 Castellae
1230 1915 1337 1964 apud
1360 1928 1454 1953 eum
1474 1923 1721 1963 conquestus
1742 1922 1830 1952 erat
1850 1913 1959 1963 quod

251 1974 412 2011 tamdiu
449 1988 541 2012 cum
577 1974 783 2012 Clemente
820 1988 980 2013 summo
1018 1974 1232 2021 pontifice,
1270 1982 1317 2011 ut
1352 1974 1411 2011 ait
1456 1973 1720 2012 continuator
1747 1965 1958 2025 'Nangii2.

252 2048 407 2071 moram
435 2033 511 2071 sibi
538 2034 778 2071 damnosam
806 2034 1000 2071 traheret.
1033 2033 1200 2071 Interim
1224 2033 1331 2071 idem
1353 2048 1424 2071 rex
1446 2047 1588 2083 pacem
1617 2033 1713 2071 fecit
1740 2047 1832 2071 cum
1859 2032 1959 2070 duce

254 2093 528 2131 Lancastriae.
561 2093 678 2140 Quod
707 2092 801 2131 duci
829 2093 1069 2131 nuntiatum
1097 2108 1148 2131 ex
1175 2101 1292 2143 parte
1324 2092 1440 2142 regis,
1479 2093 1662 2142 adeoque
1691 2092 1806 2142 illum
1835 2091 1958 2141 copiis

252 2152 337 2201 ejus
358 2167 439 2190 non
456 2152 655 2201 indigere3
674 2152 804 2202 sicque
823 2152 962 2200 infecto
978 2152 1142 2201 negotio,
1158 2152 1294 2201 inquit
1308 2152 1418 2190 idem
1434 2142 1697 2190 continuator
1712 2151 1741 2199 3,
1769 2151 1893 2189 redire
1918 2150 1960 2188 in

253 2212 468 2249 Franciam
499 2212 720 2250 maturavit.
754 2212 817 2249 Ex
847 2226 927 2261 quo
956 2212 1121 2251 interim
1151 2211 1354 2261 colligitur
1383 2212 1485 2250 falso
1514 2211 1718 2250 traditum
1747 2225 1768 2248 a
1800 2211 1958 2249 Joanne

253 2271 452 2309 Juvenale
481 2271 528 2309 de
557 2271 711 2309 Ursinis
738 2271 987 2309 inHistoria
1015 2271 1155 2309 Karoli
1187 2271 1259 2318 VI,
1286 2286 1325 2321 p.
1353 2271 1415 2318 41,
1444 2271 1701 2309 Ludovicum
1727 2270 1959 2320 profectum

252 2330 373 2369 fuisse
396 2330 438 2368 in
461 2330 641 2368 Africam
665 2331 859 2368 adversus
885 2331 1140 2369 Sarracenos.
1168 2330 1306 2369 Rediit
1329 2345 1422 2380 ergo
1446 2330 1701 2368 Avenionem
1723 2330 1786 2367 die
1811 2337 1958 2378 octava

252 2390 458 2439 sequentis
486 2390 634 2429 mensis
663 2390 859 2437 octobris:
887 2398 928 2428 et
955 2404 1046 2428 cum
1072 2390 1182 2440 prius
1210 2390 1392 2440 reginam
1419 2389 1590 2427 Mariam
1616 2389 1822 2427 invifflsset
1848 2388 1959 2439 apud

252 2449 568 2496 Villamnovam,
593 2449 769 2499 trajecto
793 2458 918 2499 ponte
942 2450 1019 2487 ivit
1044 2449 1311 2497 Avenionem,
1337 2449 1631 2487 comitantibus
1657 2463 1750 2487 eum
1775 2448 1957 2486 cardina-

251 2508 354 2546 libus
382 2509 647 2547 Ambianensi
671 2517 712 2547 et
739 2509 996 2547 Ravennate.
1023 2508 1296 2558 Sequentibus
1323 2508 1464 2546 diebus
1490 2517 1628 2546 actum
1655 2516 1716 2545 est
1741 2508 1789 2546 de
1813 2507 1957 2545 itinere

253 2568 397 2605 Siculo.
425 2569 479 2605 Et
502 2568 670 2606 tandem
697 2568 759 2606 die
786 2583 827 2605 XI
852 2568 1036 2617 ejusdem
1061 2568 1223 2615 mensis,
1250 2567 1344 2617 quia
1370 2567 1589 2605 constabat
1612 2567 1711 2604 illud
1736 2581 1817 2604 non
1841 2581 1957 2616 posse

254 2627 337 2664 sieri
354 2627 506 2676 absque
523 2628 756 2677 sumptibus
772 2627 994 2675 immensis,
1011 2627 1168 2666 dictum
1183 2636 1244 2665 est
1260 2627 1406 2665 ducem
1426 2641 1507 2664 non
1525 2627 1681 2664 iturum
1702 2626 1744 2663 in
1765 2625 1955 2664 Siciliam.

254 2686 308 2722 Ea
335 2686 573 2724 deliberatio
598 2701 728 2737 papae
752 2686 981 2736 significata
1007 2695 1068 2725 est
1091 2686 1301 2737 postridie,
1319 2700 1412 2724 cum
1435 2686 1545 2736 apud
1561 2700 1654 2724 eum
1677 2693 1812 2724 essent
1831 2684 1957 2723 cardi-

299 2842 330 2874 ‘l.
348 2842 484 2874 Baluze
508 2842 570 2874 n’a
592 2854 642 2886 pu
666 2843 913 2886 comprendi-e
929 2842 1117 2886 pourquoi
1132 2842 1167 2874 Ia
1182 2842 1282 2874 reine
1297 2854 1334 2874 se
1351 2841 1484 2875 defiait
1499 2842 1549 2873 du
1563 2841 1731 2874 cardinal
1746 2841 1781 2873 la
1795 2841 1955 2883 Grange.

250 2894 307 2926 On
322 2895 394 2926 sait
409 2901 651 2927 cxactcmcnt
664 2896 715 2928 les
730 2896 874 2928 raisons
890 2896 933 2928 de
949 2902 1048 2928 cette
1062 2896 1128 2929 lios
1137 2895 1230 2928 tilite
1246 2895 1377 2938 depuis
1390 2895 1425 2927 la
1438 2894 1676 2938 publication
1691 2905 1759 2937 par
1772 2894 1815 2926 N.
1829 2892 1956 2926 Valois

253 2953 291 2983 (t.
317 2960 353 2986 Π,
380 2959 413 2990 p.
441 2948 588 2989 97-109)
618 2949 708 2980 d’un
732 2952 891 2992 'rapport
916 2949 1064 2982 adresse
1089 2960 1157 2992 par
1183 2948 1431 2991 Enguerrand
1456 2947 1624 2980 d'Eudin
1648 2948 1668 2979 a
1694 2947 1845 2980 Charles
1869 2946 1922 2979 VI
1947 2959 1955 2978 t

250 3001 279 3031 le
302 3000 467 3032 cardinal
492 3001 689 3034 favorisait
710 3003 760 3034 lcs
783 3002 933 3045 projcts
949 3002 1180 3035 d⁷annexion
1202 3003 1246 3034 dc
1267 3002 1302 3034 la
1325 3001 1515 3034 Provencc
1538 3001 1558 3033 a
1579 3001 1613 3033 la
1637 3000 1789 3033 France.

298 3054 327 3085 2.
354 3054 559 3093 Bellaguot,
586 3061 610 3086 t.
635 3067 671 3093 11,
696 3068 729 3098 p.
755 3056 835 3088 444.

297 3106 327 3137 3.
366 3107 514 3145 Ibidem,
540 3113 564 3139 t.
589 3120 625 3145 Π,
650 3120 682 3150 p.
711 3109 789 3141 446.
