2083 3458
255 220 334 260 130
902 229 1054 254 NOTAE
1089 228 1150 253 AD
1185 227 1313 253 VITAs
1839 210 1965 267 [647]

256 327 329 357 aut
372 315 662 365 Berengarium
712 313 887 360 Fredoli,
934 312 1171 363 episcopum
1217 310 1510 358 Tusculanum,
1556 319 1604 348 ut
1650 311 1692 349 in
1737 310 1842 348 libro
1892 310 1967 358 IX,

257 393 343 427 cap.
372 390 518 421 Lxxix,
545 375 665 412 docet
690 373 870 413 Joannes
896 371 1095 410 Villanius
1128 369 1358 421 [Muratori,
1384 377 1413 407 t.
1441 384 1527 417 xm,
1555 370 1627 408 col.
1655 369 1770 419 483}
1799 369 1863 406 Ex
1887 381 1966 419 quo

257 437 441 485 colligere
462 434 523 472 fas
545 441 606 471 est
626 433 855 470 Arnaldum
876 431 999 469 fuisse
1020 430 1155 468 virum
1176 428 1315 479 magni
1335 428 1461 467 animi
1491 443 1818 479 magnarumque
1838 428 1968 466 virtu-

258 505 359 533 tum.
389 495 554 532 Electus
580 500 721 530 autem
749 491 829 529 fuit
853 506 924 542 per
951 488 1292 540 compromissum
1310 488 1337 536 1,
1365 488 1396 526 si
1422 502 1518 526 vera
1547 497 1608 527 est
1634 488 1758 535 fama,
1787 488 1968 526 Jacobus

259 556 305 593 de
331 555 453 600 Eusa,
478 552 691 603 episcopus
714 549 965 597 Portuensis,
991 549 1124 587 dictus
1148 548 1328 588 Joannes
1353 547 1495 586 XXII.

312 614 410 651 Post
442 612 528 661 ejus
561 610 815 657 electionem,
849 623 942 647 cum
975 609 1169 655 JoanneS,
1203 621 1336 645 comes
1370 607 1536 655 Foresii,
1569 615 1610 645 et
1643 607 1888 657 Radulphus
1921 606 1970 644 de

258 672 423 711 Praellis
443 677 452 693 ’-
486 671 520 709 ei
550 670 851 720 supplicassent
879 668 942 705 uti
973 666 1248 705 coronationis
1288 680 1384 704 suae
1423 666 1620 705 solemnia
1655 666 1817 704 differre
1845 666 1971 704 vellet

257 732 446 781 diemque
469 730 546 780 ipsi
571 728 827 767 coronationi
849 727 1075 778 praefigere
1097 726 1140 763 in
1164 740 1246 776 qua
1271 725 1499 776 Philippus,
1526 740 1659 764 comes
1685 725 1969 771 pictaviensis,

257 791 325 841 qui
346 799 437 828 tum
458 789 628 839 regebat
646 802 771 838 regna
793 786 989 825 Franciae
1011 794 1051 824 et
1070 786 1295 833 Navarrae,
1312 785 1346 823 ei
1366 793 1506 835 posset
1527 785 1740 823 commode
1760 785 1970 831 interesse,

258 852 437 888 Joannes
460 863 568 899 papa
593 862 638 886 ea
663 846 859 887 solemnia
881 846 924 887 in
944 845 1120 895 gratiam
1144 844 1231 894 ejus
1254 844 1494 895 prorogavit
1515 858 1645 894 usque
1669 844 1721 882 ad
1746 844 1829 882 dies
1854 843 1970 894 quin-

258 910 400 948 decim.
424 909 576 946 Verum
598 921 691 945 cum
711 906 776 944 ille
797 914 893 956 post
914 905 1132 943 obtentam
1153 918 1306 942 novam
1326 904 1660 954 prorogationem
1683 911 1775 941 octo
1798 903 1970 950 dierum,

257 969 380 1006 aliam
405 981 567 1005 rursum
591 974 791 1017 posceret,
817 964 1031 1015 respondit
1057 964 1237 1004 Joannes
1264 978 1304 1001 se
1329 977 1412 1003 non
1435 978 1554 1014 posse
1580 963 1736 1012 absque
1761 962 1890 1001 totius
1915 962 1972 1001 rei

257 1028 445 1079 publicae
471 1026 584 1076 gravi
610 1025 823 1076 dispendio
850 1023 1158 1074 coronationem
1182 1023 1316 1074 ipsam
1339 1023 1509 1061 ulterius
1533 1036 1766 1073 prorogare,
1792 1036 1970 1072 praeser-

257 1088 333 1124 tim
372 1101 464 1124 cum
501 1086 677 1123 instaret
714 1092 878 1134 tempus
914 1083 1153 1121 vaudientiae
1192 1082 1303 1133 apud
1342 1082 1589 1123 Avinionem
1626 1081 1821 1129 indictae,
1861 1081 1972 1131 quod

257 1147 412 1196 absque
445 1146 596 1185 damno
626 1143 875 1183 intolerabili
906 1142 1060 1180 mutari
1090 1142 1156 1180 Vel
1187 1141 1340 1179 differri
1370 1156 1453 1180 non
1483 1149 1634 1192 posset.
1669 1141 1831 1178 Extant
1861 1140 1972 1191 apud

259 1206 480 1244 Odoricum
504 1203 783 1254 Raynaldum,
807 1217 871 1241 an.
898 1202 1013 1249 1316,
1041 1202 1057 1250 ἓ
1079 1202 1116 1249 4,
1138 1201 1280 1239 literae
1307 1202 1322 1223 ’ό
1345 1200 1463 1239 istius
1486 1200 1657 1239 Arnaldi
1680 1200 1897 1241 cardinalis
1920 1200 1972 1238 ad

258 1265 447 1303 eumdem
475 1263 703 1314 principem
727 1263 843 1312 jussu
872 1276 1004 1312 papae
1033 1269 1252 1312 propterea
1282 1260 1458 1311 scriptae
1480 1259 1684 1310 Lugduni,
1705 1275 1747 1297 1v
1775 1259 1853 1298 kal.
1886 1273 1972 1310 sep-

256 1324 425 1363 tembris
459 1323 524 1373 [29
544 1322 682 1372 aofit]

311 1383 468 1421 Eodem
488 1396 653 1433 prorsus
676 1390 860 1431 tempore
883 1394 976 1418 cum
999 1380 1179 1418 Joannes
1203 1379 1333 1417 XXII
1355 1379 1407 1417 ad
1437 1378 1838 1429 archiepiscopatum
1860 1378 1973 1416 Colo-

259 1457 417 1481 eensem
452 1442 495 1482 in
531 1441 742 1491 Hungaria
776 1439 1052 1491 promovisset
1086 1439 1257 1477 fratrem
1293 1438 1531 1476 Ladislaum
1557 1437 1808 1485 Minoritam,
1856 1437 1973 1487 eique

260 1501 575 1540 consecrationis
601 1515 750 1538 munus
775 1499 938 1538 fecisset
962 1498 1146 1549 impendi
1168 1513 1241 1549 per
1267 1498 1483 1536 Nicolaum
1509 1497 1557 1535 de
1584 1498 1709 1535 Prato
1735 1497 1974 1548 episcopum

260 1561 503 1607 Ostiensem,
527 1560 692 1598 demum
708 1559 742 1597 ei
756 1559 928 1609 pallium
941 1558 1038 1597 fecit
1059 1557 1256 1607 assignari
1281 1572 1353 1608 per
1374 1565 1553 1607 quatuor
1574 1557 1767 1595 diaconos
1790 1556 1974 1594 cardina-

258 1621 333 1667 les,
367 1620 474 1658 inter
508 1634 608 1669 quos
642 1619 765 1657 fuisse
799 1618 1029 1656 Arnaldum
1063 1617 1111 1655 de
1146 1617 1344 1667 Pelagrua
1379 1617 1528 1655 docent
1560 1616 1702 1654 literae
1735 1615 1974 1666 pontificiae

260 1671 393 1717 editae
411 1693 433 1717 a
452 1679 562 1716 Luca
580 1678 825 1728 Waddingo,
845 1685 874 1715 t.
896 1693 949 1724 vl,
967 1692 1006 1727 p.
1027 1676 1103 1714 480
1121 1676 1148 1715 4.

312 1739 431 1779 Anno
465 1738 745 1785 MCCCXVII,
781 1737 965 1774 Eduardi
1003 1737 1042 1773 ΙΙ
1075 1736 1178 1786 regis
1213 1735 1383 1785 Angliae
1416 1735 1541 1785 legati
1574 1735 1686 1785 apud
1719 1734 1975 1775 Avenionem

261 1798 477 1837 constituti
512 1797 790 1848 promiserunt
826 1811 986 1834 summo
1030 1795 1220 1846 pontifici
1266 1809 1461 1845 sacroque
1499 1794 1769 1833 cardinalium
1805 1793 1972 1843 collegio

261 1871 353 1895 eum
379 1857 610 1895 soluturum
638 1856 756 1894 certis
784 1855 968 1897 terminis
994 1855 1143 1905 viginti
1170 1862 1350 1904 quatuor
1375 1853 1501 1891 millia
1528 1854 1790 1891 marcharum
1816 1853 1975 1891 sterlin-

262 1930 403 1966 gorum
426 1930 499 1966 pro
524 1915 672 1965 viginti
698 1923 877 1965 quatuor
901 1914 1018 1953 annis
1044 1914 1193 1964 quibus
1219 1922 1424 1952 cessatum
1449 1921 1537 1951 erat
1561 1927 1583 1950 a
1608 1912 1811 1950 solutione
1837 1926 1979 1950 census

261 1975 386 2016 annui
409 1975 518 2013 mille
542 1975 803 2012 marcharum
828 1974 1116 2024 sterlingorum
1148 1987 1342 2012 romanae
1368 1972 1572 2011 Ecclesiae
1597 1971 1726 2010 debiti
1758 1986 1832 2022 pro
1855 1985 1980 2021 regno

262 2034 431 2084 Angliae
462 2042 503 2072 et
532 2042 640 2072 terra
673 2034 908 2081 Hiberniae,
940 2041 981 2071 et
1010 2033 1176 2071 interim
1206 2032 1472 2071 thesaurariis
1501 2031 1656 2069 domini
1686 2031 1979 2081 recipientibus

263 2094 349 2143 ejus
377 2094 542 2132 nomine
570 2093 679 2131 mille
707 2093 895 2131 marchas
925 2092 1213 2142 sterlingorum
1241 2106 1315 2142 pro
1345 2106 1467 2132 censu
1496 2090 1593 2132 anni
1619 2090 1860 2141 praesentis.
1895 2090 1979 2128 Ista

263 2160 403 2190 autem
422 2153 651 2202 agebantur
667 2153 710 2190 in
729 2166 888 2190 camera
903 2152 1057 2189 domini
1076 2151 1293 2190 cardinalis
1313 2152 1362 2189 de
1381 2151 1599 2200 Pelagrua3
1616 2150 1738 2188 Odor.
1758 2149 1978 2199 Raynald.,

263 2226 327 2250 an.
353 2212 466 2258 1316,
495 2211 593 2260 §25

316 2271 434 2310 Anno
457 2271 759 2317 MCCCXVIII,
783 2278 958 2308 exeunte
978 2270 1108 2320 juniO,
1132 2284 1224 2307 cum
1244 2269 1401 2319 judices
1423 2283 1445 2307 a
1465 2283 1575 2320 papa
1597 2268 1773 2318 delegati
1793 2268 1836 2306 in
1857 2281 1979 2306 causa

264 2330 400 2367 fratris
429 2330 626 2367 Bernardi
659 2330 845 2367 Delitiosi
875 2329 1092 2368 Minoritae
1121 2329 1424 2379 interrogarent
1453 2343 1546 2367 eum
1577 2343 1697 2378 super
1726 2327 1774 2366 32
1804 2327 1979 2365 articulo

267 2465 437 2497 mandait
461 2477 531 2508 que
553 2465 585 2497 lc
606 2467 736 2507 regent
758 2464 862 2497 avait
882 2464 990 2498 laisse
1012 2476 1060 2497 au
1082 2471 1204 2498 comte
1227 2465 1270 2498 de
1294 2464 1420 2504 Forez,
1444 2464 1598 2508 gardien
1622 2465 1672 2497 du
1693 2464 1882 2503 conclave,
1904 2475 1977 2496 une

268 2518 394 2550 cedulc
422 2519 460 2551 in
484 2530 554 2561 qua
578 2518 829 2551 continebatur
852 2519 946 2561 quod
967 2518 1132 2562 placebat
1154 2519 1228 2551 sibi
1252 2519 1347 2561 quod
1369 2518 1557 2561 eligeretur
1581 2519 1621 2551 ιή
1644 2529 1783 2561 papam
1807 2518 1978 2551 dominus

268 2571 499 2604 Tusculanus
528 2572 579 2603 wel
608 2572 777 2604 (lominus
805 2571 1044 2604 Penestrinus
1074 2572 1126 2604 vel
1153 2572 1324 2605 (ἰοιηίηιωἸ
1374 2568 1594 2615 [ΑΓΠᾶΙάυεΙ
1633 2572 1673 2604 de
1700 2571 1887 2614 Pelagrua
1924 2570 1976 2603 vel

267 2625 435 2657 dominus
455 2624 702 2667 Berengarius
724 2625 821 2658 tituli
844 2624 1060 2667 Sanctorum
1080 2625 1191 2658 Nerei
1213 2630 1243 2657 et
1262 2625 1409 2658 Achitei
1429 2625 1613 2668 presbyter
1633 2624 1845 2664 cardinalis,
1863 2634 1974 2667 nepos

270 2678 408 2709 domini
431 2678 645 2717 Tusculani,
669 2678 721 2710 wel
741 2679 911 2711 dominus
930 2678 1145 2711 Portuensis
1170 2678 1312 2721 (Finke,
1334 2678 1416 2710 Auis
1437 2679 1497 2711 der
1519 2678 1643 2720 Tagen
1662 2677 1823 2720 Bonifaz
1857 2676 1972 2716 VIII,

269 2742 302 2773 p.
324 2731 467 2773 Lxxnl).

318 2784 349 2815 «1.
373 2784 417 2813 ‚10
439 2784 531 2816 crois
553 2784 658 2816 avoir
679 2785 873 2817 demontre
895 2784 1042 2817 ailleurs
1065 2796 1135 2827 que
1156 2784 1344 2818 l’election
1365 2785 1409 2817 de
1430 2784 1527 2817 Jean
1547 2784 1667 2816 XXII
1688 2784 1794 2816 n'eut
1814 2794 1881 2827 pas
1901 2783 1975 2816 lieu

273 2848 337 2878 pni-
358 2837 581 2878 compi-omis
607 2837 738 2875 (Rewue
758 2837 943 2870 (Flzistoire
963 2838 1003 2870 cle
1023 2830 1176 2880 l’Eglise
1196 2839 1236 2871 cle
1255 2838 1407 2877 France,
1431 2844 1457 2870 t.
1478 2850 1490 2870 1
1515 2837 1650 2881 (1910),
1673 2849 1708 2880 p.
1730 2835 1918 2880 153-158).

322 2890 350 2921 2.
369 2888 416 2921 M.
436 2890 575 2922 (joulon
596 2890 633 2931 (1.
651 2902 672 2929 1,
691 2891 758 2923 eol.
777 2890 898 2934 65-68)
919 2902 938 2923 a
954 2893 1097 2934 prouve
1114 2891 1204 2934 qu'il
1220 2891 1407 2934 s'agissait
1422 2891 1467 2924 ici
1484 2902 1559 2923 non
1575 2891 1618 2923 de
1634 2890 1756 2923 Raoul
1772 2890 1815 2922 de
1834 2889 1977 2924 Presles

275 2943 326 2973 (tle
344 2942 513 2974 J’raiellis
533 2954 577 2974 ou
596 2942 781 2986 Pmn‘lli‘s),
796 2944 864 2975 sire
885 2944 928 2976 dc
947 2943 1050 2986 Lizy,
1065 2944 1257 2977 conseiller
1275 2944 1318 2977 de
1340 2944 1510 2988 Philippo
1529 2944 1559 2976 le
1578 2944 1655 2983 Bel,
1676 2943 1769 2976 mais
1789 2943 1833 2975 de
1853 2942 1974 2977 Raoul

272 2996 313 3025 dc
333 2995 490 3026 perstans
513 2995 566 3037 (de
583 2996 762 3039 Perellis),
785 2997 877 3029 clere
898 3003 935 3029 ct
954 2997 1146 3029 conseiller
1165 2998 1214 3029 du
1233 2997 1298 3030 roi.

319 3050 349 3079 3.
382 3048 636 3087 (30111‹›11‚11.t.

319 3101 350 3132 sn.
384 3100 571 3136 [ula-LE.
595 3102 646 3141 Ι”.,
668 3108 689 3134 1.
711 3113 808 3141 V1,11.
828 3103 907 3142 2Q1‚
925 3114 958 3146 p.
978 3103 1057 3135 124.
