2083 3458
286 208 370 250 386
937 222 1088 248 NOTAE
1123 222 1183 246 AD
1219 222 1345 247 vlTAs
1838 205 1990 261 [1428]

285 309 440 359 nupsit,
466 322 516 346 ex
542 307 690 357 quibus
716 314 943 357 prognatus
969 314 1031 344 est
1057 306 1335 344 Guischardus
1361 306 1395 344 V
1422 306 1491 356 qui
1514 307 1744 346 Blancham
1767 306 1995 345 Ventedor-

286 382 453 406 nensem
476 375 600 404 vocat
623 366 761 404 aviam
785 379 919 412 suam.⁴
942 366 1005 402 Ex
1027 373 1282 403 testamento
1305 365 1392 415 ejus
1414 366 1546 415 liquet
1568 380 1739 405 uxorem
1762 365 1850 415 ejus
1873 379 1995 404 voca-

285 435 373 464 tam
398 426 519 464 fuisse
545 425 730 464 Mariam.
758 425 835 463 Sed
862 432 1026 474 oportet
1053 432 1236 462 erratum
1260 439 1345 463 esse
1368 424 1410 462 in
1443 425 1519 463 hoc
1542 426 1631 463 1000
1655 440 1677 463 3
1710 424 1842 464 scriba
1866 432 1994 463 testa—

284 486 432 531 menti3
460 493 534 522 aut
560 485 666 522 hanc
693 484 867 522 Mariam
888 484 1011 522 fuisse
1043 483 1309 522 binominem.
1340 484 1506 522 Etenim
1540 484 1581 522 in
1608 484 1776 523 archivo
1800 483 1992 523 ecclesiae

284 545 425 583 Sancti
460 544 659 581 Martialis
695 542 1010 589 Lemovicensis,
1037 551 1206 581 exstant
1238 546 1332 580 aeta
1367 543 1547 593 homagii
1574 544 1684 593 quod
1712 543 1992 582 Guischardus

284 604 472 643 dominus
509 604 557 641 de
593 603 816 653 Treignaco
851 602 1062 652 praestitit
1108 616 1215 639 anno
1252 602 1529 641 MCCCLXIV
1564 618 1637 653 pro
1673 618 1713 641 se
1749 611 1789 641 et
1824 601 1991 641 domina

284 664 445 701 Joanna
470 663 518 701 de
543 663 726 700 Nalhaco
749 676 875 700 uxore
899 676 970 699 sua
994 676 1067 712 pro
1090 661 1243 711 vigeria
1267 661 1408 700 Sancti
1430 662 1616 700 Valerici.
1642 663 1705 700 Ex
1728 676 1809 712 quo
1833 661 1990 711 conjec-

282 731 419 761 turam
448 736 606 760 sumere
634 721 730 760 licet
759 721 872 758 illum
903 735 948 759 eo
978 735 1085 758 anno
1115 720 1279 759 duxisse
1310 721 1530 769 Joannam,
1561 736 1654 760 cum
1683 736 1733 760 ex
1761 721 1848 759 aliis
1878 728 1989 759 vete-

281 782 391 820 ribus
426 781 527 819 actis
562 780 802 831 conscriptis
836 780 1000 818 biennio
1032 788 1128 830 post
1161 788 1322 818 constet
1355 780 1524 818 Petrum
1558 781 1606 820 de
1640 780 1824 818 Nalhaco
1859 779 1987 817 filium

282 841 493 890 quondam
510 840 620 878 Petri
637 840 685 878 de
703 840 886 877 Nalhaco
903 838 1058 886 militis,
1073 839 1141 888 qui
1154 839 1233 877 fuit
1248 839 1360 877 haud
1375 838 1498 878 dubie
1513 840 1639 878 etiam
1654 848 1773 890 pater
1786 839 1986 887 Joannae‚

282 901 421 939 fecisse
460 899 698 949 homagium
736 914 808 949 pro
847 898 907 936 his
948 912 1051 948 quae
1089 899 1261 936 tenebat
1297 899 1339 936 in
1376 899 1581 937 territorio
1621 899 1761 937 Sancti
1798 898 1985 937 Valerici.

282 960 496 998 Praeterea
523 959 665 997 Matha
692 959 739 996 de
766 957 1012 996 Combornio
1038 957 1204 995 domina
1230 958 1279 996 de
1305 958 1497 1006 Claviers,
1524 973 1649 1008 quam
1675 957 1918 996 Guischardi
1946 958 1986 995 ΙΙ

282 1019 408 1058 filiam
435 1018 558 1057 fuisse
584 1032 707 1069 supra
735 1017 927 1064 diximus,
956 1017 1164 1055 joannam
1191 1017 1239 1055 de
1268 1017 1450 1055 Nalhaco
1477 1026 1601 1056 vocat
1626 1031 1798 1056 uxorem
1823 1017 1985 1067 nepotis

274 1078 336 1117 sui
361 1077 604 1116 Guischardi
626 1077 667 1115 in
691 1091 763 1115 suo
786 1083 1053 1123 testamento,
1076 1076 1305 1116 Blancham
1325 1089 1423 1115 vero
1447 1077 1643 1116 sororiam
1666 1091 1784 1115 suam
1813 1090 1984 1115 uxorem

275 1137 518 1175 Guischardi
546 1137 683 1174 fratris
712 1136 786 1174 sui.
818 1136 1004 1185 Denique
1032 1135 1222 1174 Almodia
1247 1136 1296 1174 de
1322 1136 1360 1174 13
1384 1136 1646 1186 Raynaudia,
1671 1150 1775 1186 quae
1798 1135 1983 1174 vicecon—

271 1197 348 1246 jux
380 1197 515 1235 fuerat
550 1196 755 1234 Guillelmi
789 1196 838 1233 de
871 1196 909 1233 la
944 1195 1163 1233 porcharia
1197 1195 1296 1234 alias
1332 1195 1380 1234 de
1414 1195 1589 1234 Meillars
1624 1195 1840 1242 domicelli,
1875 1209 1983 1233 anno

274 1255 660 1303 MCCCLXXXIX,
683 1255 746 1293 die
769 1270 840 1292 xlv
860 1254 964 1304 julii,
986 1254 1175 1294 ,nominat
1204 1263 1441 1293 executores
1464 1255 1525 1292 sui
1554 1254 1797 1293 testamenti
1827 1254 1982 1304 magni-

276 1316 400 1353 ficum
427 1323 468 1353 et
494 1323 711 1365 potentem
732 1315 868 1353 virum
891 1314 1194 1352 Guischardum
1221 1314 1270 1352 de
1294 1314 1539 1353 Combornio
1568 1313 1782 1353 dominum
1809 1314 1858 1352 de
1873 1313 1981 1352 Trei-

272 1389 415 1425 gnaco,
439 1375 487 1413 de
511 1374 801 1421 Chambareto,
825 1381 865 1411 et
888 1373 936 1411 (10
960 1373 1182 1421 Ροῒ1115513,
1206 1381 1246 1411 et
1269 1373 1448 1412 nobilem
1470 1381 1511 1412 et
1532 1381 1748 1423 potentem
1771 1372 1980 1412 dominam

273 1434 481 1473 Joannam
515 1434 563 1472 de
600 1433 796 1480 Nalhaco,
833 1440 1065 1471 consortem
1100 1432 1199 1481 ejus.
1240 1433 1285 1470 In
1319 1433 1395 1470 1100
1429 1432 1694 1472 matrimonio
1730 1432 1981 1471 constitutus

272 1493 564 1539 Guischardus,
599 1507 691 1530 cum
735 1492 846 1530 haud
888 1491 1010 1529 dubie
1051 1492 1164 1541 gravi
1205 1491 1461 1542 aegritudine
1502 1492 1678 1530 afflictus
1719 1500 1839 1539 esset,
1872 1505 1980 1529 311110

272 1552 549 1591 MCCCLXVI
575 1552 638 1590 die
660 1566 749 1588 xxv
770 1551 1004 1590 novembris
1025 1559 1326 1591 testamentum
1346 1551 1456 1598 fecit,
1479 1565 1559 1601 quo
1579 1551 1621 1589 in
1643 1551 1832 1590 omnibus
1862 1550 1979 1588 bonis

270 1613 351 1650 suis
376 1612 569 1650 heredem
587 1611 771 1649 instituit
795 1611 1048 1648 avunculum
1068 1625 1189 1650 suum
1213 1610 1428 1650 dominum
1447 1611 1629 1657 Petrum,
1646 1610 1833 1658 militem,
1850 1609 1978 1648 domi-

271 1686 370 1710 num
389 1672 437 1709 de
451 1671 674 1720 Bellafagia
693 1670 734 1708 in
750 1670 923 1708 dioecesi
939 1669 1234 1717 Lemovicensi,
1249 1670 1418 1719 exceptis
1432 1669 1512 1707 hiis
1527 1684 1597 1720 que
1614 1670 1728 1707 habet
1743 1670 1786 1707 in
1803 1669 1978 1707 dominio

270 1730 555 1768 Combornensi
582 1738 615 1767 et
640 1729 955 1776 Essandonensi,
983 1730 1034 1766 ad
1060 1743 1130 1779 que
1157 1729 1279 1766 voluit
1305 1737 1346 1766 ut
1370 1730 1550 1767 succedat
1575 1729 1761 1767 dominus
1787 1728 1976 1766 Archam-

272 1789 410 1827 baldus
431 1790 475 1827 de
495 1789 733 1826 Combornio
755 1788 866 1826 miles
886 1797 1055 1838 patruus
1075 1788 1202 1838 patris
1224 1788 1355 1838 ipsius
1375 1789 1579 1827 testatori&
1603 1782 1708 1827 Tum
1729 1788 1915 1838 sequitur
1934 1787 1973 1825 in

269 1849 412 1887 eodem
436 1856 689 1887 testamento
716 1864 723 1885 :
756 1848 889 1885 Voluit
912 1856 1042 1885 tamen
1065 1855 1099 1885 et
1122 1847 1320 1885 ordinavit
1342 1862 1520 1897 eoepresse
1543 1856 1577 1885 et
1600 1848 1747 1885 dictum
1771 1847 1977 1885 dominum

268 1908 430 1945 Petrum
450 1908 691 1945 [avunculum
711 1922 830 1944 suum
850 1915 983 1944 onerat
1002 1915 1036 1944 et
1054 1921 1123 1957 per
1145 1906 1494 1956 fideicommissum
1514 1915 1624 1956 rogat
1643 1915 1835 1957 quantum
1854 1914 1977 1956 potest

269 1968 370 2017 quod
395 1968 437 2004 in
463 1968 542 2004 vita
569 1967 699 2017 ipsius
724 1967 877 2004 domini
902 1966 1024 2013 Petri,
1050 1966 1086 2003 si
1113 1966 1200 2015 fieri
1224 1974 1359 2016 potest,
1386 1966 1686 2004 matrimonium
1711 1966 1917 2004 celebretur
1941 1973 1975 2003 et

269 2026 339 2076 fiat
368 2027 466 2064 inter
497 2041 619 2064 unam
647 2026 691 2063 de
721 2026 884 2075 filiabus
914 2026 1007 2063 dicti
1036 2025 1189 2063 domini
1218 2025 1326 2063 Petri
1355 2025 1543 2063 avunculi
1572 2040 1661 2063 cum
1682 2025 1973 2063 Archambaldo

268 2085 352 2134 filio
373 2086 467 2123 dicti
488 2086 640 2123 domini
662 2085 947 2123 Archambaldi
970 2084 1123 2131 militis,
1146 2098 1219 2134 quo
1235 2099 1330 2122 casu
1353 2085 1436 2135 ipse
1456 2085 1775 2122 Archambaldus
1795 2084 1847 2122 sit
1867 2084 1973 2121 heres

265 2159 363 2182 suus
384 2145 633 2183 universalis.
656 2145 707 2182 Et
724 2145 759 2181 si
780 2144 1079 2182 matrimonium
1100 2158 1179 2181 non
1199 2144 1317 2193 fieret,
1339 2144 1395 2181 vel
1412 2159 1458 2182 ex
1476 2158 1518 2181 eo
1537 2144 1652 2181 liberi
1672 2158 1749 2181 non
1771 2157 1971 2181 nasceren-

267 2212 341 2251 tur,
361 2205 568 2242 succedant
587 2204 664 2253 filii
683 2204 776 2241 dicti
795 2203 947 2241 domini
967 2203 1075 2241 Petri
1094 2203 1137 2240 de
1155 2203 1395 2252 Bellafagia,
1415 2211 1449 2240 et
1466 2203 1670 2240 nominent
1685 2218 1725 2240 se
1742 2202 1972 2252 cognomine

267 2264 311 2300 de
327 2263 578 2310 Combornio,
595 2272 629 2301 et
643 2271 795 2313 portent
810 2277 922 2300 arma
940 2263 1091 2311 integra
1109 2262 1239 2312 ipsius
1256 2262 1447 2300 testatoris
1462 2263 1549 2300 sine
1565 2262 1788 2312 differentia
1803 2262 1970 2312 aliquali

265 2322 367 2360 sicut
384 2331 512 2372 portat
531 2323 615 2372 ipse
632 2331 797 2360 testator.
820 2322 898 2360 Sed
916 2322 1015 2360 haec
1033 2321 1295 2372 providentia
1318 2336 1424 2359 vana
1445 2321 1524 2359 fuit
1547 2330 1588 2360 et
1607 2321 1777 2359 inutilis.
1806 2320 1970 2360 Etenim

267 2381 544 2420 Guischardus
569 2382 617 2429 V,
649 2382 835 2419 Joannae
865 2381 913 2419 de
944 2381 1126 2418 Nalhaco
1156 2380 1273 2418 uxori
1302 2395 1398 2419 suae
1441 2380 1568 2419 sterili
1596 2388 1814 2431 superstes,
1847 2379 1970 2417 aliam

265 2441 491 2480 admodum
511 2441 758 2480 foecundam
779 2440 898 2478 duxit
919 2454 1026 2478 auno
1048 2440 1331 2478 MCCCXCIII
1354 2440 1608 2479 Ludovicam
1628 2440 1821 2479 nimirum
1844 2438 1970 2478 filiam

266 2500 463 2538 Ludovici
499 2500 546 2539 de
581 2500 765 2538 Andusia
800 2499 955 2537 domini
990 2499 1038 2537 de
1073 2499 1209 2537 Vouta
1244 2499 1285 2536 in
1320 2499 1493 2537 dioecesi
1527 2498 1779 2546 Vivariensi,
1804 2513 1854 2537 ex
1888 2512 1969 2547 qua

264 2559 397 2609 plures
430 2559 576 2597 liberos
612 2559 681 2609 qui
713 2559 790 2597 sibi
822 2558 1087 2596 succederent
1120 2566 1161 2596 et
1194 2558 1444 2596 collaterales
1479 2558 1743 2596 excluderent
1775 2557 1966 2608 suscepit.

268 2618 328 2655 Illi
345 2619 421 2656 hoc
440 2618 579 2657 ordine
597 2626 868 2657 numerantur
884 2618 925 2655 in
944 2625 1196 2656 testamento
1214 2617 1398 2666 ejusdem
1418 2617 1664 2665 Ludovicae,
1685 2617 1879 2663 Joannes,
1898 2616 1967 2666 qui

263 2677 487 2715 vicecomes
513 2677 825 2716 Combornensis
850 2676 929 2714 fuit
953 2684 1046 2726 post
1070 2684 1244 2726 patrem,
1271 2676 1465 2723 Jacobus,
1491 2676 1650 2723 Petrus,
1675 2676 1966 2722 Guischardus,

264 2736 499 2784 Margarita.
541 2736 774 2783 Catherina,
819 2736 1004 2781 Isaloella,
1039 2735 1148 2773 Helis
1189 2743 1230 2773 et
1269 2735 1526 2773 Constancia.
1562 2736 1625 2772 Ex
1653 2735 1713 2772 his
1745 2735 1966 2784 Margarita

265 2795 405 2843 nupsit
432 2810 539 2833 anno
568 2795 827 2833 MCCCCXII
857 2793 1008 2832 Joanni
1036 2794 1083 2832 de
1112 2794 1340 2831 Albuconio
1368 2794 1534 2831 domino
1563 2794 1611 2832 de
1637 2794 1785 2832 Borna.

318 2854 617 2892 (huschardum
637 2855 669 2891 V
690 2854 901 2893 dominun]
922 2853 1132 2902 Treignaci
1153 2853 1283 2891 filium
1304 2853 1457 2891 Helidis
1478 2853 1526 2891 de
1543 2853 1681 2900 Bessa,
1701 2853 1816 2902 cujus
1843 2866 1965 2890 031153

264 2911 367 2949 hanc
388 2913 666 2962 genealogiam
685 2913 980 2959 enarravimus,
1002 2912 1347 2951 Combornensem
1364 2926 1526 2961 quoque
1544 2911 1826 2951 vicecomitem
1842 2911 1964 2949 fuisse

264 2979 438 3008 constat.
467 2972 631 3010 linierat
652 2972 715 3010 ille
738 2973 844 3009 hunc
869 2971 1203 3009 vicecomitatum
1225 2971 1276 3008 ab
1299 2970 1603 3008 Archambaldo
1628 2971 1702 3018 IX,
1723 2970 1963 3010 vicecomite

264 3028 567 3077 Cmnborncnsi,
594 3031 697 3069 circa
729 3045 884 3068 annum
908 3030 1241 3077 MCCCLXXIV,
1273 3037 1319 3066 ut
1351 3029 1500 3067 docent
1530 3038 1669 3068 vetera
1694 3036 1962 3069 monumenta

260 3086 422 3126 illorum
461 3096 706 3138 temporum,
737 3089 954 3139 praecipue
992 3104 1087 3127 vero
1125 3096 1237 3137 gesta
1287 3103 1357 3138 per
1396 3102 1524 3126 annos
1562 3088 1882 3126 MCCCLXXIV
1922 3095 1963 3126 et
