2083 3458
110 255 263 311 [1368]
594 311 597 314 ,
632 255 848 299 PAP'ARUM
884 274 1269 300 AVEMONENsmM
1716 260 1796 301 881

94 353 273 404 accepit,
300 369 425 405 quam
449 364 711 394 recusaverat
735 355 902 394 vivente
924 356 1044 394 Petro
1069 356 1123 393 IV
1142 371 1247 406 rege,
1267 365 1452 395 metuens
1478 357 1669 396 videlicet
1693 358 1796 396 indi-

96 413 335 462 gnationem
365 414 468 464 ejus,
499 423 547 452 ut
578 414 638 452 ait
669 415 734 453 hic
765 414 953 465 scriptor,
987 415 1082 465 quia
1116 416 1260 454 Petrus
1292 416 1335 454 in
1366 424 1559 455 neutrum
1595 417 1794 456 hactenus

93 471 272 511 duorum
298 473 347 512 de
373 481 532 523 papatu
558 473 900 512 contendentium
925 474 1036 512 visus
1064 474 1199 513 fuerat
1224 474 1432 514 inclinare.
1461 476 1676 514 Consensit
1701 491 1795 527 ergo

95 531 296 570 Clementi
324 541 420 583 post
450 532 770 572 declarationem
799 547 822 571 a
854 533 1013 571 Joanne
1046 533 1128 571 filio
1160 533 1270 572 Petri
1299 533 1455 572 editam
1485 549 1593 573 anno
1624 536 1796 574 MCCCL

97 590 323 638 XXXVII,
343 591 407 630 die
454 607 557 630 xxw
576 591 786 639 februarii,
806 606 886 642 qua
906 592 1067 642 publice
1086 593 1258 643 agnovit
1277 593 1529 633 Clementem
1547 609 1632 633 esse
1651 609 1795 633 verum

93 663 261 700 papam.
296 651 437 689 Falsus
469 659 531 689 est
562 651 703 702 itaque
738 651 992 690 Contelorius
1032 651 1087 702 [p.
1123 652 1214 702 187]
1246 652 1487 691 existimans
1520 653 1635 691 illum
1670 654 1795 693 fuisse

95 708 254 748 factum
283 710 534 749 cardinalem
563 725 671 749 anno
700 719 869 749 tanturn
895 719 1105 760 sequente.
1135 711 1324 749 Retinuit
1345 720 1486 750 autem
1511 727 1561 751 ex
1586 712 1794 763 dispensa-

94 768 206 807 tione
236 769 463 819 apostolica
481 769 496 792 1
526 769 931 808 administrationem
954 770 1159 808 Ecclesiae
1188 770 1445 818 Valentinae,
1472 771 1605 810 dictus
1637 772 1688 810 ob
1718 773 1794 810 hoc

92 827 312 870 cardinalis
332 828 590 876 Valentinus,
609 837 650 867 et
668 829 763 879 quia
785 844 835 867 ex
855 829 1046 880 episcopo
1067 829 1285 868 Valentino
1307 829 1440 868 factus
1460 830 1540 869 fuit
1562 831 1792 870 cardinalis.

147 888 249 926 Cum
269 902 362 938 ergo
383 888 424 926 in
443 902 606 940 sacrum
626 888 897 927 cardinalium
917 888 1133 938 collegium
1153 897 1396 939 aggregatus
1417 889 1576 937 fuisset,
1595 890 1795 940 cogitavit

91 946 262 996 quidem
288 947 335 986 de
362 947 506 985 itinere
534 947 824 994 Avenionensi‚
850 947 920 986 sed
948 962 1029 985 non
1055 948 1199 986 statim
1225 948 1432 998 profectus
1460 957 1534 987 est.
1568 949 1726 999 Quippe
1753 949 1794 987 in

93 1005 197 1044 libro
218 1006 521 1056 Obligationum
535 1006 787 1044 adnotatum
807 1015 869 1045 est
889 1007 1004 1044 illum
1025 1007 1181 1044 curiam
1207 1008 1437 1045 Romanam
1458 1007 1685 1058 ingressum
1709 1023 1793 1047 esse

94 1079 203 1103 anno
219 1074 388 1103 tantum
406 1066 778 1104 MCCCLXXXIX
795 1066 977 1113 ineunte,
995 1066 1035 1104 id
1052 1074 1128 1113 est,
1146 1066 1209 1104 die
1228 1081 1303 1104 X1x
1319 1066 1510 1116 januarii.
1530 1067 1637 1105 Puto
1652 1076 1795 1106 tamen

94 1123 208 1163 illum
242 1125 290 1164 de
323 1125 535 1175 provincia
569 1125 786 1163 decessisse
820 1133 915 1163 ante
949 1139 1132 1164 mensem
1164 1125 1441 1175 septembrem
1473 1126 1571 1164 anni
1602 1126 1793 1176 proximi.

96 1184 261 1223 Etenim
286 1199 369 1222 non
394 1193 635 1222 numeratur
660 1184 766 1222 inter
790 1199 856 1222 eos
882 1184 1093 1235 episcopos
1121 1185 1191 1234 qui
1215 1200 1257 1222 1v
1282 1199 1377 1223 non.
1421 1185 1477 1235 [4]
1506 1186 1661 1224 octobr.
1697 1185 1794 1223 anni

94 1243 297 1282 millesimi
333 1244 701 1282 CCCLXXXVIII
738 1243 955 1282 concilium
992 1244 1102 1293 apud
1140 1243 1370 1281 Palentiam
1408 1244 1665 1282 celebrarunt
1701 1259 1793 1283 cum

96 1303 218 1341 Petro
250 1303 455 1342 cardinale
489 1303 536 1342 de
571 1304 700 1350 Luna,
733 1302 983 1353 apostolicae
1018 1302 1130 1341 Sedis
1163 1303 1312 1352 legato.
1348 1303 1499 1341 Mansit
1531 1318 1651 1353 porro
1683 1304 1793 1355 apud

97 1362 350 1401 Avenionem
374 1377 446 1412 per
469 1362 672 1412 reliquum
697 1361 793 1399 anni
814 1361 1017 1400 millesimi
1037 1362 1380 1409 CCCLXXXIX‚
1400 1362 1585 1412 adeoque
1600 1362 1794 1401 interesse

95 1435 177 1459 non
206 1422 346 1472 potuit
376 1421 546 1461 concilio
578 1421 688 1471 quod
719 1421 828 1460 idem
858 1421 1016 1471 legatus
1049 1413 1273 1460 celebravit
1303 1422 1410 1471 apud
1446 1421 1682 1460 Gerundam
1726 1437 1794 1460 v111

96 1481 174 1519 kal.
200 1481 434 1520 novembris
470 1481 535 1531 [25
561 1480 746 1530 octobre]
768 1481 891 1530 hujus
915 1480 1024 1518 anni.
1053 1480 1157 1519 Hinc
1178 1480 1287 1518 enim
1309 1489 1419 1519 certo
1443 1480 1647 1530 colligitur
1680 1481 1794 1519 illum

94 1539 253 1590 integro
288 1540 356 1578 illo
390 1554 498 1578 anno
526 1539 656 1578 ,fuisse
692 1540 803 1589 apud
838 1554 990 1589 papam
1027 1540 1279 1578 Clementem
1326 1540 1436 1589 quod
1479 1540 1614 1578 adhuc
1658 1554 1794 1578 mense

93 1599 282 1649 januario
309 1600 407 1637 anni
433 1599 641 1649 sequentis
658 1599 780 1637 fuisse
808 1613 901 1637 cum
919 1614 965 1637 eo
987 1599 1097 1649 apud
1126 1599 1393 1640 Avenionem,
1414 1599 1534 1638 docet
1555 1608 1795 1649 excerptum

95 1673 217 1709 supra
238 1673 278 1709 p.
303 1659 403 1697 1115
419 1659 578 1698 editum
598 1673 648 1697 ex
667 1666 853 1697 tractatu
876 1657 1032 1697 Nicolai
1054 1657 1271 1707 Eymerici‚
1292 1657 1544 1708 inquisitoris
1565 1658 1794 1697 haereticae

95 1717 314 1768 pravitatis
350 1718 391 1756 in
425 1733 549 1768 regno
585 1717 848 1767 Arragoniae,
880 1717 1077 1767 inscripto
1111 1718 1340 1766 Expurgate
1375 1725 1481 1754 vetus
1513 1718 1748 1766 fermentum
1765 1717 1792 1756 ².

149 1778 385 1828 Antequam
409 1792 505 1816 vero
531 1777 785 1816 Avenionem
807 1776 1149 1826 proficisceretur,
1172 1776 1318 1815 incidit
1341 1777 1452 1827 apud
1477 1776 1710 1814 Valentiam
1733 1791 1793 1814 res

94 1837 300 1886 quaedam
334 1836 610 1875 memorabilis
645 1845 686 1875 et
720 1835 908 1874 novitate
942 1836 1087 1886 prima.
1124 1836 1227 1873 Eam
1260 1835 1474 1874 historiam
1517 1836 1641 1873 refert
1686 1835 1793 1873 idem

97 1896 288 1935 Nicolaus
321 1896 524 1946 Eymerici
553 1896 596 1934 in
624 1904 810 1934 tractatu
845 1909 968 1945 quem
996 1903 1215 1946 propterea
1244 1895 1388 1941 edidit,
1418 1895 1488 1944 qui
1517 1903 1648 1941 extat,
1678 1902 1725 1932 ut
1754 1902 1794 1933 et

95 1955 292 2006 superior,
312 1955 355 1994 in
375 1955 511 1994 codice
531 1954 636 1993 2846
656 1954 929 1992 bibliothecae
951 1954 1209 1993 Colbertinae
1226 1953 1253 1992 3.
1279 1954 1390 1992 Haec
1410 1962 1508 1999 sunt
1528 1946 1761 2003 ejus'verba
1785 1969 1792 1990 ε

93 2030 110 2050 «
141 2015 187 2053 In
214 2029 338 2065 regno
367 2013 553 2053 Valentie
582 2022 758 2052 rectores
790 2013 1065 2052 Ecclesiarum
1093 2028 1163 2052 seu
1193 2012 1325 2051 curati
1352 2012 1584 2050 animarum
1613 2027 1793 2051 commu-

95 2073 202 2112 niter
226 2088 366 2112 omnes
392 2073 565 2111 infirmis
591 2088 663 2124 per
688 2074 796 2111 hunc
822 2073 992 2110 modum
1016 2073 1241 2111 tradebant
1267 2087 1412 2122 corpus
1439 2071 1603 2119 Christi,
1629 2081 1670 2109 et
1694 2071 1793 2109 illud

94 2133 136 2171 in
157 2148 280 2172 manu
303 2133 483 2171 tenendo
505 2132 819 2182 interrogabant
840 2131 1066 2179 infirmum,
1088 2131 1195 2170 inter
1216 2131 1294 2169 alia
1317 2131 1371 2169 sic
1395 2131 1566 2169 dicendo
1590 2147 1597 2168 z
1621 2130 1792 2169 Creditis

97 2207 166 2231 vos
194 2192 305 2243 quod
332 2193 407 2230 hoc
435 2192 488 2230 sit
514 2200 646 2242 pater,
677 2191 797 2237 filius,
825 2199 866 2229 et
894 2190 1068 2241 Spiritus
1098 2190 1298 2229 Sanctus?
1329 2191 1382 2228 Et
1408 2190 1572 2228 infirmo
1604 2190 1793 2228 credente

94 2251 168 2299 ita,
198 2260 364 2290 curatus
396 2251 592 2289 tradebat
621 2265 718 2288 mox
746 2249 878 2288 eidem
907 2264 1052 2300 corpus
1083 2249 1245 2291 Christi.
1276 2248 1458 2299 Contigit
1488 2249 1597 2299 quod
1627 2257 1792 2287 curatus

95 2311 266 2361 quidam
286 2311 425 2348 volens
447 2310 611 2349 cuidam
632 2309 790 2348 doctori
810 2309 974 2347 infirmo
994 2309 1156 2347 tradere
1177 2322 1322 2358 corpus
1345 2307 1506 2355 Christi,
1522 2306 1793 2358 interrogavit

96 2370 307 2408 doctorem
328 2385 400 2420 per
421 2369 591 2407 modum
611 2368 859 2419 predictum,
882 2368 1018 2406 dicens
1043 2383 1050 2406 :
1075 2367 1247 2406 Creditis
1271 2381 1343 2405 vos
1366 2366 1475 2416 quod
1497 2367 1574 2405 hoc
1591 2366 1644 2405 sit
1662 2374 1793 2417 pater,

95 2438 136 2468 et
159 2429 280 2475 filius,
300 2437 340 2467 et
362 2428 537 2479 Spiritus
555 2427 756 2466 Sanctus?
776 2428 828 2465 Et
849 2426 992 2465 doctor
1010 2426 1224 2477 respondit
1242 2425 1353 2475 quod
1374 2440 1469 2473 non,
1490 2425 1560 2464 sed
1582 2426 1691 2474 quod
1713 2440 1793 2464 cre-

94 2488 222 2527 debat
246 2488 356 2538 quod
378 2496 467 2526 erat
490 2502 636 2538 corpus
661 2485 825 2534 Christi,
849 2494 890 2524 et
913 2486 1022 2535 quod
1046 2485 1111 2524 ille
1135 2493 1223 2524 erat
1249 2484 1323 2523 Dei
1348 2484 1469 2531 filius,
1492 2493 1534 2522 et
1556 2498 1638 2522 non
1659 2492 1794 2535 pater,

95 2562 169 2586 nec
192 2546 366 2598 Spiritus
391 2547 579 2585 Sanctus.
606 2546 659 2583 Et
682 2559 775 2584 cum
797 2544 1007 2595 responsio
1030 2543 1208 2582 doctoris
1227 2543 1369 2582 fuisset
1385 2543 1613 2593 divulgata,
1629 2557 1793 2582 versum

95 2615 158 2645 est
183 2606 225 2644 in
252 2605 425 2644 dubium
453 2605 551 2655 quid
578 2604 786 2651 veritatis3
814 2612 855 2642 et
883 2612 1046 2654 recepta
1073 2602 1365 2641 informatione
1392 2617 1463 2653 per
1492 2601 1794 2652 inquisitorem,

93 2673 354 2716 compertum
376 2672 438 2703 est
462 2663 573 2714 quod
596 2671 771 2702 rectores
796 2662 1071 2701 communiter
1092 2662 1276 2700 infirmos
1301 2658 1449 2711 quibus
1474 2675 1619 2711 corpus
1645 2660 1794 2699 Christi

95 2724 319 2763 tradebant
350 2723 490 2761 taliter
521 2723 851 2771 interrogabant3
886 2729 926 2759 et
958 2720 1102 2759 habito
1136 2719 1303 2759 consilio
1336 2720 1627 2770 magistrorum
1660 2719 1792 2778 dictus

95 2783 292 2822 articulus
309 2781 538 2820 hereticalis
554 2789 616 2820 est
631 2781 683 2819 ab
700 2780 888 2819 omnibus
905 2788 1135 2830 reputatus.
1153 2780 1255 2818 Cum
1270 2787 1411 2817 autem
1427 2778 1560 2818 dictus
1576 2778 1794 2828 inquisitor

94 2842 331 2893 disponeret
354 2841 465 2892 quod
488 2840 676 2878 dominus
701 2839 916 2878 cardinalis
941 2838 1182 2877 Valentinus
1205 2838 1310 2876 illius
1339 2837 1594 2898 ministrator
1617 2837 1793 2876 Ecclesie

145 2987 178 3020 1.
199 2986 319 3019 Datee
338 2985 388 3017 du
406 2984 458 3016 1⁴³¹
474 2982 611 3016 fevrier
628 2983 721 3016 1387
744 2981 890 3025 (Eubel,
912 2987 949 3015 ut
965 2993 1006 3019 8.,
1027 2993 1061 3024 p.
1083 2981 1180 3024 512).
1199 2999 1248 3004 —
1266 2981 1386 3013 Eubel
1407 2980 1454 3024 (p.
1476 2980 1533 3023 28)
1551 2980 1655 3023 place
1674 2980 1695 3012 a
1716 2986 1795 3013 tort
1852 3009 1854 3011 .

94 3051 138 3073 sa
155 3037 375 3084 promotion
393 3035 617 3069 cardinalice
637 3047 683 3068 en
701 3036 794 3068 1387
818 3034 876 3077 (N.
898 3034 1037 3073 Valois‚
1057 3045 1115 3078 op.
1136 3035 1208 3073 cit„
1230 3039 1256 3066 t.
1275 3045 1313 3073 11,
1334 3045 1369 3077 p.
1392 3033 1488 3076 214).

147 3094 178 3126 2.
203 3092 245 3125 B.
272 3091 331 3130 N.,
356 3101 424 3123 ms.
449 3088 546 3122 latin
569 3088 674 3127 1464,
700 3088 762 3121 fol.
788 3088 834 3121 38
859 3088 1020 3120 v0-72v0.

145 3147 178 3180 3.
208 3145 276 3178 Ms.
306 3143 390 3183 cite,
420 3143 482 3176 fol.
513 3143 556 3175 23
585 3146 636 3174 νῦ.
