2083 3458
267 258 348 300 262
917 273 1069 298 NOTAE
1104 273 1164 297 AD
1198 271 1327 298 V1TAs
1851 255 1977 311 [760]

268 357 413 397 obiisse
439 357 502 396 die
528 372 585 395 xv
611 356 803 406 octobris,
828 357 948 395 unius
973 364 1141 395 tantum
1167 355 1246 394 diei
1271 355 1502 394 discrimine
1528 369 1622 394 cum
1646 354 1867 405 scriptione
1892 354 1980 393 Cia·

268 417 385 457 conii.
412 417 475 455 Ex
499 431 579 467 qua
603 416 853 464 narratione,
879 429 1118 466 quanquam
1140 414 1181 453 in
1205 430 1247 454 re
1270 429 1418 465 parum
1441 414 1558 463 seria,
1583 413 1716 464 colligi
1738 413 1840 452 mihi
1861 428 1980 465 posse

268 475 432 514 videtur
454 475 662 515 meliorem
685 490 769 514 esse
790 475 908 514 istius
932 475 1178 525 opinionem.
1204 474 1397 525 Sepultus
1420 483 1482 513 est
1504 481 1645 512 autem
1665 473 1708 511 in
1729 472 1979 512 monasterio

269 535 512 575 Gellonensi.

323 594 386 632 Ex
416 594 543 633 veteri
573 594 849 633 instrumento
880 593 1044 631 Archioi
1075 592 1174 642 regii
1204 592 1470 633 Rathenensis
1500 607 1659 631 sumere
1695 586 1792 631 licet
1822 591 1981 642 conjec-

268 661 406 691 turam
422 653 567 692 fratres
585 653 620 692 ei
635 653 758 692 fuisse
777 652 1060 691 Raimundum
1076 651 1290 690 dominum
1307 652 1356 690 de
1372 652 1548 702 Mostuej
1556 651 1628 690 olis
1645 660 1686 690 et
1701 651 1981 701 Marquesium

270 712 318 751 de
347 712 615 763 Mostuejolis,
645 712 859 751 dominum
887 712 1010 751 castri
1038 720 1078 750 et
1107 711 1370 751 castellaniae
1397 711 1446 750 de
1474 711 1634 759 Pineto,
1662 718 1858 761 nepotem
1883 724 1981 749 vero

271 771 534 811 Guillelmum
570 772 618 811 de
654 771 908 818 Mostuejolis
946 771 1076 809 filium
1113 770 1351 819 Raimundi,
1389 785 1511 821 quem
1553 770 1811 821 impuberem
1857 777 1899 809 et
1939 770 1983 808 in

270 831 401 870 tutela
418 831 638 881 Marquesii
653 831 776 869 fuisse
792 845 900 868 anno
917 830 1285 878 MCCCXXXVII,
1302 830 1366 869 die
1382 845 1455 868 XIV
1470 829 1623 878 martii,
1638 836 1758 880 patet
1773 843 1824 868 ex
1839 828 1983 868 eodem

271 890 399 929 veteri
430 890 721 938 instrumento,
753 889 795 928 in
828 904 908 940 quo
940 889 1095 928 mentio
1127 897 1189 928 est
1223 889 1447 928 Raimundi
1480 888 1697 928 cardinalis
1730 887 1928 928 defuncti.

327 949 440 988 Idem
470 948 655 988 fortassis
686 949 766 988 fuit
795 957 939 1000 postea
971 948 1189 988 canonicus
1225 948 1514 988 Ruthenensis.
1550 949 1596 987 In
1620 947 1983 986 Constitutionibus

272 1008 422 1059 quippe
441 1008 644 1048 Ecclesiae
662 1008 938 1047 Ruthenensis
955 1008 1074 1047 editis
1095 1022 1203 1046 anno
1220 1008 1455 1047 MCCCLIV
1467 1022 1490 1046 a
1503 1007 1735 1046 Bertrando
1752 1007 1800 1047 de
1814 1006 1982 1056 Deucio,

272 1067 476 1106 cardinale
515 1067 742 1116 Sabinensi,
779 1066 1030 1106 nominatur*
1054 1067 1162 1106 inter
1197 1075 1324 1106 testes
1363 1064 1602 1106 Guillelmus
1641 1067 1690 1106 de
1727 1065 1983 1117 Mostuejolis

272 1127 491 1166 canonicus
532 1126 822 1166 Ruthenensis.

328 1186 374 1224 In
396 1186 611 1224 Rubrz'cis1
653 1187 750 1225 anni
773 1185 886 1225 tertii
906 1186 1119 1225 Benedicti
1144 1186 1244 1234 XII,
1264 1200 1352 1236 cap.
1373 1201 1431 1234 111,
1453 1186 1513 1225 ita
1536 1186 1737 1236 scriptum
1759 1194 1822 1225 est
1841 1202 1850 1224 :
1870 1185 1984 1223 Mar-

272 1245 475 1295 qaesiowle
502 1245 769 1295 Mostaegulis
796 1245 984 1283 canonico
1011 1245 1279 1283 Narbonensi.
1310 1245 1534 1284 Mandatar
1558 1245 1638 1284 sibi
1666 1245 1768 1296 quod
1789 1244 1986 1296 precipiat

271 1312 305 1342 et
327 1303 515 1354 injungat
543 1304 751 1343 Guillelmo
772 1304 1067 1355 archiepiscopo
1089 1305 1365 1353 Antibarensi,
1382 1313 1424 1343 at
1440 1305 1492 1343 acl
1505 1305 1724 1343 Ecclesiam
1744 1319 1861 1343 suam
1882 1318 1969 1344 acce

272 1364 349 1412 dat,
373 1363 538 1414 qaedam
558 1378 689 1402 secum
712 1363 843 1414 ipsius
864 1363 1036 1402 Ecclesie
1056 1364 1271 1414 privilegia
1292 1364 1504 1404 delatura&

325 1422 536 1461 Albericus
557 1437 580 1460 a
603 1423 756 1461 Rosate
776 1422 819 1460 in
838 1423 964 1462 verbo
985 1422 1080 1461 Non
1099 1423 1286 1472 obstante,
1307 1424 1479 1474 loquens
1511 1424 1560 1463 de
1582 1423 1764 1474 quadam
1794 1423 1985 1474 opinione

274 1482 444 1521 Joannis
468 1481 655 1521 Andreae
676 1495 825 1532 parum
845 1482 1022 1532 probata
1044 1496 1067 1521 a
1089 1482 1186 1521 viris
1210 1483 1341 1521 doctis
1362 1482 1469 1522 illius
1492 1483 1597 1531 aevi,
1621 1482 1692 1533 qui
1713 1483 1924 1522 asserebat
1945 1498 1986 1522 se

272 1540 421 1579 vidisse
457 1540 771 1580 declaratoriam
805 1541 879 1579 sub
914 1542 1025 1579 bulla
1060 1542 1343 1581 continentem
1377 1542 1487 1592 quod
1520 1557 1592 1593 per
1635 1543 1862 1582 clausulam
1903 1557 1986 1581 non

274 1600 466 1639 obstante
478 1600 691 1639 tolleretur
704 1599 943 1640 inhabilitas
955 1601 1199 1651 proveniens
1216 1616 1266 1640 ex
1275 1601 1364 1652 jure
1377 1602 1585 1641 communi
1596 1610 1766 1653 propter
1777 1602 1986 1641 defectum

273 1660 421 1698 aetatis
448 1659 500 1697 ad
526 1658 804 1710 suscipiendos
831 1659 1005 1709 ordines,
1032 1661 1091 1699 ait
1117 1676 1125 1699 :
1155 1660 1247 1711 Ipse
1271 1660 1390 1699 etiam
1415 1661 1600 1699 dominus
1628 1661 1832 1713 „Iohannes
1855 1663 1986 1712 perso—

275 1718 415 1756 naliter
431 1717 510 1767 fait
528 1718 571 1756 in
587 1718 771 1757 Romana
787 1718 901 1757 caria
916 1719 1174 1770 reprehensas
1191 1720 1235 1758 de
1252 1720 1441 1770 opinione
1458 1720 1634 1771 predicta
1650 1735 1719 1771 per
1735 1721 1986 1759 reverendum

274 1785 424 1826 patrem
446 1777 652 1815 dominum
673 1777 959 1828 Raymundum
981 1778 1087 1816 titali
1111 1778 1247 1817 Sancti
1261 1779 1430 1818 Eusebia
1449 1780 1704 1830 cardinalem,
1730 1788 1765 1819 et
1781 1780 1987 1831 'professus

274 1836 353 1884 fuit
375 1850 415 1874 Se
439 1850 524 1874 eam
550 1836 594 1874 in
616 1836 760 1875 scholis
784 1851 991 1876 revocasse.

329 1895 450 1933 Errat
470 1903 611 1934 autem
629 1896 895 1935 vehementer
914 1896 1168 1947 Augustinus
1191 1897 1388 1937 Oldoinus
1420 1897 1466 1949 [t.
1485 1913 1527 1947 11,
1548 1899 1622 1939 col.
1644 1899 1743 1951 425]
1767 1914 1833 1939 eos
1853 1914 1986 1951 repre—

275 1954 455 1994 hendens
477 1955 546 2004 qui
565 1963 719 2005 putant
735 1955 852 1993 illum
871 1955 994 1995 fuisse
1013 1957 1252 2007 episcopum
1267 1958 1405 1996 Sancti
1427 1958 1586 2008 Papuli,
1603 1967 1644 1997 et
1663 1959 1843 1998 affirmat
1861 1960 1985 1999 fuisse

276 2014 514 2064 episcopum
554 2013 693 2052 Sancti
733 2014 849 2053 Pauli
888 2014 972 2054 sive
997 2015 1272 2054 Tricassinum
1303 2016 1378 2054 sub
1404 2017 1710 2069 archiepiscopo
1741 2018 1984 2058 Arelatensi.

278 2072 384 2110 Nam
412 2080 703 2123 praeterquam
732 2073 842 2123 quod
871 2081 1030 2112 certum
1057 2083 1119 2113 est
1145 2075 1254 2113 hunc
1285 2075 1568 2115 Raimundum
1595 2077 1719 2116 fuisse
1747 2078 1986 2129 episcopum

277 2130 417 2169 Sancti
448 2132 607 2182 Papuli,
638 2146 721 2171 non
750 2147 847 2171 vero
879 2132 1018 2171 Sancti
1050 2133 1167 2172 Pauli
1196 2134 1521 2185 Tricasfflnensis,
1554 2145 1718 2176 constat
1748 2137 1987 2188 episcopum

277 2190 565 2238 Tricassinum,
589 2190 659 2241 qui
680 2199 742 2230 est
763 2191 1043 2242 suffraganeus
1066 2193 1360 2244 archiepiscopi
1375 2193 1631 2245 Senonensis‚
1654 2197 1834 2234 multum
1855 2196 1987 2236 diver-

278 2263 367 2287 sum
389 2264 474 2288 esse
496 2263 518 2287 a
540 2249 846 2289 Tricastinensi.
1949 2239 1958 2262 ‘³

332 2309 374 2346 P.
399 2308 486 2358 167,
507 2308 573 2359 lig.
597 2308 631 2347 5.
665 2309 847 2347 Panum
879 2323 934 2347 DE
965 2309 1272 2349 MORTUOMARI.
1305 2311 1412 2351 Ante
1440 2327 1565 2363 quam
1595 2314 1643 2353 de
1673 2314 1879 2355 cardinale
1906 2314 1986 2355 isto

278 2381 462 2417 agamus,
495 2368 705 2407 evellenda
737 2376 799 2406 est
830 2383 880 2406 ex
911 2368 1056 2407 animis
1088 2369 1302 2408 hominum
1335 2371 1471 2421 opinio
1503 2372 1720 2422 cujusdam
1750 2374 1986 2413 recentioris

279 2425 501 2476 scriptoris,
529 2426 598 2476 qui
624 2441 718 2465 eum
743 2428 803 2466 ait
827 2435 1024 2466 vocatum
1050 2428 1172 2466 fuisse
1199 2429 1368 2468 Petrum
1395 2430 1583 2479 Galvani,
1610 2432 1733 2483 vulgo
1765 2432 1912 2482 Gouin,
1938 2434 1987 2472 de

282 2485 549 2523 Mortuomari
569 2493 710 2524 autem
731 2486 888 2524 dictum
908 2500 931 2524 a
950 2486 1039 2525 loco
1058 2486 1099 2524 in
1121 2501 1201 2537 quo
1223 2496 1334 2527 ortus
1356 2498 1455 2528 erat.
1480 2490 1587 2529 Nam
1608 2492 1777 2530 Petrum
1798 2493 1986 2540 Galvani,

282 2543 350 2593 qui
372 2557 416 2582 ea
439 2544 604 2582 omnino
625 2552 874 2594 tempestate
896 2546 1026 2584 clarus
1047 2554 1135 2584 erat
1154 2546 1195 2584 in
1217 2547 1309 2585 aula
1329 2562 1471 2598 regum
1493 2549 1757 2599 Francorum,
1780 2551 1988 2591 diversum

282 2616 366 2640 esse
397 2616 417 2639 a
451 2602 572 2641 Petro
603 2603 651 2642 de
683 2603 951 2642 Mortuomari
981 2604 1209 2643 luculenter
1238 2606 1438 2655 probatur
1469 2622 1519 2646 ex
1548 2609 1794 2650 testimoniis
1824 2611 1988 2649 illorum

282 2669 527 2711 temporum.
561 2661 733 2701 Constat
764 2662 915 2712 quippe
946 2662 1114 2700 Petrum
1150 2663 1198 2702 de
1229 2664 1498 2705 Mortuomari
1536 2668 1712 2708 evasisse
1750 2670 1988 2722 episcopum

284 2719 564 2758 Vivariensem
605 2734 712 2758 anno
744 2720 1014 2759 MCCCXXII
1054 2721 1222 2761 ineunte
1241 2723 1268 2771 ²,
1308 2738 1415 2763 anno
1448 2725 1710 2765 MCCCXXV
1749 2728 1989 2768 transiisse3

285 2778 335 2815 ad
372 2778 594 2817 Ecclesiam
627 2778 1039 2829 Autissiodorensem,
1073 2789 1115 2819 et
1147 2795 1254 2820 anno
1288 2782 1454 2821 demum
1487 2785 1797 2826 MCCCXXVII
1829 2788 1988 2827 factum

285 2837 405 2874 fuisse
430 2837 691 2876 cardinalem.
717 2838 861 2876 Petrus
885 2846 1025 2877 autem
1049 2839 1223 2880 Galvani
1247 2855 1354 2880 anno
1378 2842 1687 2883 MCCCXXVII
1711 2855 1798 2885 erat
1824 2854 1988 2886 tantum

336 2978 367 3011 1.
395 2978 516 3018 Vidal,
544 2991 577 3012 n.
606 2979 710 3012 4990.
746 2998 795 3002 ——
827 2980 992 3024 Marquis
1019 2982 1113 3014 emit
1138 2994 1258 3015 nevcu
1285 2984 1334 3016 (lu
1360 2986 1525 3019 cardina]
1556 2988 1690 3030 (Vidal‚
1718 3001 1752 3023 n.
1782 2991 1862 3031 216,
1889 2990 1987 3036 313),

285 3030 377 3063 ainsi
396 3042 466 3074 quc
485 3031 708 3072 Guillaumc,
727 3032 909 3066 chanoine
927 3034 970 3066 dc
991 3034 1116 3067 l'nodcz
1137 3036 1270 3077 (Vidal,
1291 3049 1323 3070 11.
1342 3039 1423 3080 491)

337 3083 366 3116 2.
394 3083 441 3115 Le
470 3085 509 3117 16
531 3084 613 3127 juin
640 3084 795 3127 (Mollat,
820 3097 854 3119 n.
880 3087 1024 3129 15509).

335 3137 366 3168 3.
388 3136 436 3167 Le
455 3137 473 3169 7
494 3137 645 3169 octobre
667 3138 822 3178 (Mollm,
844 3150 876 3171 n.
899 3140 1042 3181 235123).
