2083 3458
124 200 249 255 ''779]
650 216 867 243 PAPARUM
903 216 1287 243 AVENIONENSIUM
1727 201 1806 244 281

111 312 232 349 supra
252 299 436 347 laudata,
461 312 698 349 quanquam
728 308 872 338 auctor
901 299 1062 338 Primae
1092 299 1192 338 vitae
1218 299 1373 338 Urbani
1399 300 1498 350 V,p.
1516 299 1605 348 361,
1621 300 1680 338 ait
1701 299 1811 338 Guil-

109 357 276 396 lelmum
314 357 362 395 de
400 356 597 407 Agrifolio
636 358 884 397 cardinalem
922 359 1349 409 Caesaraugustanum
1386 358 1509 397 fuisse
1546 367 1641 409 post
1680 359 1812 397 Deum

108 415 376 466 praecipuum
402 424 681 467 promotorem
708 426 749 455 et
776 425 987 456 auctorem
1013 417 1305 467 assumptionis
1334 417 1420 467 ejus
1448 417 1489 455 in
1516 431 1680 468 papam.

162 474 318 513 Eodem
335 488 456 522 anno,
476 488 569 513 cum
587 475 837 513 Francorum
854 484 895 514 et
913 476 1034 526 Cypri
1051 491 1161 527 reges
1180 477 1389 515 venissent
1405 476 1661 515 Avenionem
1678 476 1812 515 decre-

108 541 198 570 tum
227 541 288 571 est
316 533 468 572 bellum
497 533 692 572 adversus
722 534 887 582 Turcos,
917 535 1086 585 ejusque
1116 535 1387 585 expeditionis
1416 535 1566 585 legatio
1586 535 1811 574 'commissa

107 599 169 630 est
191 592 470 641 Talayrand03
494 592 635 630 Prima
657 592 736 630 vita
756 593 910 630 Urbani
938 594 983 641 V,
1006 608 1045 644 p.
1069 594 1164 635 3522
1190 594 1403 642 Froissart,
1427 603 1456 632 t.
1482 609 1535 641 VI,
1559 609 1597 644 p.
1624 593 1709 633 184.
1734 593 1812 632 Sed

106 658 204 689 ante
227 665 351 701 quam
374 659 521 690 cuncta
544 659 690 701 parata
714 660 848 690 essent
871 652 922 689 ad
945 667 1035 690 eam
1058 652 1362 703 expeditionem
1384 652 1687 703 suscipiendam
1710 652 1813 691 obiit

108 709 391 759 Talayrandus
409 724 516 748 anno
529 710 818 757 MCCCLXIV,
833 711 896 748 die
914 725 1031 749 xxvu
1047 711 1239 761 januarii,
1256 720 1302 750 ut
1319 712 1467 762 legitur
1481 713 1524 750 in
1537 711 1717 750 Secunda
1733 712 1813 749 vita

113 767 268 806 Urbani
296 769 341 816 V,
364 783 402 818 p.
428 768 516 817 385,
542 777 582 807 et
603 768 645 807 in
666 768 769 807 libro
792 768 1091 818 Obligationum
1114 770 1262 808 archivi
1291 771 1475 809 Vaticani
1496 772 1520 809 ¹.

160 826 374 866 Statuerat
394 827 460 866 ille
482 827 524 865 in
546 835 798 866 testamento
821 842 893 865 suo
918 828 931 850 '³
954 828 1015 866 uti
1046 828 1078 866 si
1108 829 1193 879 ipse
1217 830 1429 868 decederet
1452 830 1493 867 in
1517 829 1685 868 civitate
1709 829 1812 868 Ave-

107 885 291 924 nionensi
317 887 379 924 vel
405 901 531 937 prope
557 900 660 934 eam,
687 886 882 936 exequiae
909 886 995 936 ejus
1024 887 1168 926 fierent
1192 888 1233 926 in
1259 889 1380 926 domo
1406 888 1582 926 fratrum
1608 888 1811 926 Minorum

107 944 468 993 Aveniomensium,
498 953 539 984 et
567 945 713 984 exinde
739 953 835 995 post
862 960 1011 984 novem
1040 946 1122 984 dies
1152 961 1296 996 corpus
1326 947 1412 996 ejus
1440 947 1731 986 transferretur
1759 947 1810 985 ad

47 1026 49 1028 ·
107 1003 317 1042 ecclesiam
351 1004 489 1042 Sancti
522 1004 739 1043 Frontonis
772 1004 1113 1054 petragoricensis
1144 1005 1305 1055 illicque
1338 1006 1587 1056 sepeliretur.
1613 1005 1812 1044 Nesciunt

106 1070 246 1101 tamen
271 1062 506 1113 Petrocorii,
532 1063 720 1101 nesciunt
745 1063 1005 1102 Franciscani
1028 1064 1332 1102 Avenionenses
1357 1065 1526 1103 ubinam
1550 1066 1733 1115 sepultus
1758 1065 1812 1103 sit

106 1121 402 1171 Talayrandus.
427 1122 529 1160 Cum
551 1122 659 1160 enim
681 1122 733 1160 ad
755 1121 906 1160 amicos
929 1136 1039 1161 meos
1063 1122 1132 1172 qui
1153 1122 1194 1160 in
1216 1123 1276 1161 his
1298 1123 1394 1161 locis
1416 1123 1611 1161 habitant
1632 1123 1811 1174 scripsis-

105 1194 190 1219 sem
209 1181 258 1219 de
277 1195 323 1219 ea
341 1196 396 1230 re,
414 1181 554 1231 illique
572 1181 614 1219 in
633 1181 711 1220 mei
731 1181 906 1231 gratiam
926 1182 1225 1220 consuluissent
1243 1196 1309 1220 eos
1329 1196 1351 1219 a
1372 1182 1518 1232 quibus
1538 1183 1675 1232 aliqua
1694 1182 1811 1221 istius

105 1238 161 1278 rei
182 1239 331 1278 notitia
354 1239 495 1278 haberi
516 1248 694 1290 poterat,
717 1240 888 1279 tandem
909 1240 1203 1290 rescripserunt
1223 1240 1312 1279 illos
1334 1241 1375 1278 in
1398 1255 1557 1279 summa
1579 1241 1811 1291 ignorantia

105 1312 189 1337 esse
206 1298 284 1337 loci
301 1298 343 1337 in
362 1313 443 1349 quo
462 1299 588 1337 cubat
606 1313 751 1349 corpus
771 1299 955 1349 ejusdem
974 1299 1203 1338 cardinalis.
1225 1299 1265 1338 Si
1284 1300 1372 1349 quis
1391 1308 1532 1338 tamen
1551 1300 1809 1350 conjecturae

103 1357 228 1405 locus,
253 1357 465 1407 probabile
490 1366 552 1396 est
574 1358 674 1396 illud
698 1358 861 1396 illatum
884 1358 926 1396 in
951 1358 1161 1396 ecclesiam
1188 1358 1565 1406 Franciscanorum,
1592 1359 1810 1409 deportan-

104 1415 203 1454 dum
223 1416 275 1454 ad
295 1416 562 1464 petrocorios,
579 1417 810 1466 neglectum
831 1417 966 1465 fuisse,
983 1425 1024 1455 et
1042 1417 1212 1455 tandem
1232 1417 1357 1455 humo
1378 1418 1487 1468 apud
1503 1418 1666 1456 eosdem
1688 1418 1811 1455 Fran-

104 1475 284 1514 ciscanos
306 1475 520 1514 conditum
539 1476 694 1526 absque
715 1476 796 1514 ullo
817 1476 953 1524 titulo,
975 1476 1129 1526 absque
1150 1476 1232 1514 ulla
1253 1476 1529 1515 distinctione.

157 1534 264 1573 Olim
286 1534 613 1573 Archambaldus
641 1535 717 1583 III,
734 1549 867 1574 comes
888 1535 1243 1585 Petragoricensis,
1261 1535 1330 1587 qui
1353 1535 1639 1574 brevissimum
1662 1549 1810 1574 aevum

101 1593 271 1644 peregit,
297 1594 407 1644 apud
430 1594 745 1632 Vallemclaram
767 1594 808 1632 in
834 1594 1075 1633 petrocoriis
1098 1594 1216 1632 initia
1239 1602 1434 1644 posuerat
1456 1593 1694 1633 monasterii
1718 1594 1810 1632 Car-

102 1651 375 1700 tusianorum,
391 1661 432 1691 et
451 1667 549 1691 mox
568 1652 775 1692 extinctus
796 1661 884 1691 erat
904 1652 1008 1692 circa
1028 1667 1183 1691 annum
1198 1653 1392 1701 MCCCX,
1408 1661 1455 1691 ut
1474 1654 1596 1703 vulgo
1616 1653 1808 1700 traditur,

102 1711 363 1761 Talayrando
386 1711 511 1750 fratre
533 1712 619 1762 ejus
642 1719 733 1750 tum
754 1712 980 1750 admodum
1000 1726 1139 1762 puero.
1166 1713 1224 1750 Eo
1246 1712 1287 1750 in
1309 1721 1423 1750 statu
1446 1712 1515 1750 diu
1537 1712 1689 1750 mansit
1710 1712 1809 1750 haec

103 1770 261 1809 domus.
287 1771 471 1809 Tandem
494 1771 778 1820 Talayrandus
802 1785 893 1809 eam
916 1771 997 1809 suis
1022 1771 1255 1821 sumptibus
1278 1771 1469 1821 perfecit3
1494 1779 1535 1810 et
1559 1785 1652 1810 cum
1674 1771 1809 1809 adhuc

101 1830 298 1868 nonnulla
317 1829 552 1878 deficerent,
571 1830 781 1868 monachis
798 1830 876 1868 illis
893 1829 1103 1879 ingentem
1121 1844 1325 1868 summam
1342 1830 1539 1881 pecuniae
1556 1838 1808 1868 testamento

100 1888 266 1939 legavit.
286 1889 503 1927 Testatum
520 1888 562 1926 id
580 1888 738 1927 faciunt
756 1889 923 1927 tabulae
949 1888 1190 1927 testamenti
1217 1889 1303 1938 ejus
1324 1897 1365 1928 ct
1384 1889 1570 1928 codicilli.
1591 1889 1668 1927 Sed
1694 1902 1807 1939 prae-

91 1954 212 1995 terea
238 1947 280 1985 in
304 1947 416 1986 libris
443 1947 650 1986 veteribus
678 1947 1016 1986 Cartusianorum
1040 1947 1120 1986 ista
1148 1947 1196 1986 de
1224 1948 1368 1986 domus
1395 1948 1512 1987 istius
1539 1947 1665 1986 initiis
1693 1955 1733 1986 et
1760 1947 1807 1986 de

100 2006 361 2056 Talayrando
377 2007 582 2058 leguntur,
601 2020 705 2057 quae
722 2021 745 2045 a
765 2007 812 2046 R.
832 2007 874 2045 P.
895 2007 1054 2045 Joanne
1071 2007 1256 2045 Puteano
1272 2007 1526 2045 referuntur:
1543 2007 1634 2057 Ipse
1650 2007 1808 2044 domum

99 2079 168 2102 seu
192 2066 473 2103 monasterium
497 2066 766 2113 Vallisclarae,
784 2066 906 2103 nostri
929 2065 1095 2112 ordinis,
1119 2065 1343 2103 inchoatum
1366 2081 1435 2116 per
1456 2066 1613 2104 inclitae
1634 2065 1806 2103 recorda—

100 2123 221 2162 tionis
241 2124 465 2175 principem
485 2124 841 2173 Archimbaudum,
865 2124 1041 2162 comitem
1062 2125 1415 2173 Petrachorensem,
1439 2139 1670 2174 germanum
1689 2138 1807 2161 suum

101 2183 477 2233 praeclarissimum,
503 2183 617 2234 quasi
641 2183 684 2221 in
706 2183 835 2234 primo
858 2183 991 2234 lapide
1013 2192 1267 2234 praematura
1290 2192 1418 2232 morte,
1435 2184 1501 2221 sed
1523 2192 1652 2221 tamen
1674 2183 1807 2220 devota

99 2249 135 2279 et
157 2242 239 2279 Deo
267 2250 378 2291 grata
403 2242 604 2280 sublatum
630 2242 761 2290 erescit,
791 2242 973 2290 munivit,
1002 2242 1287 2293 magnificeque
1314 2243 1458 2280 dotavit
1483 2250 1517 2279 et
1545 2241 1807 2279 nihilominus

101 2300 215 2350 quasi
236 2302 400 2351 desuper
418 2301 641 2340 abundanti
661 2316 731 2352 pro
750 2302 1021 2352 supplemento
1040 2301 1264 2351 aliquorum
1283 2301 1556 2351 aedificiorum
1575 2300 1806 2338 restantium

102 2359 304 2398 duodecim
335 2360 463 2398 millia
491 2360 731 2410 florenorum
763 2360 805 2398 in
836 2360 1023 2398 manibus
1053 2360 1206 2398 ordinis
1238 2360 1448 2398 novissime
1479 2359 1709 2397 numeravit.
1744 2359 1807 2395 Ex

102 2417 250 2468 quibus
279 2419 443 2457 videtur
473 2419 605 2469 colligi
633 2433 715 2457 non
744 2419 919 2457 absurde
948 2434 1065 2469 posse
1094 2433 1246 2457 vanam
1276 2427 1316 2457 et
1346 2418 1491 2457 somnii
1520 2418 1805 2456 simile1n.esse

150 2599 182 2631 1.
212 2597 348 2630 Baluze
372 2597 500 2640 ajoute
525 2610 531 2630 :
558 2597 678 2630 Extat
698 2597 738 2630 in
760 2597 878 2630 veteri
901 2597 1026 2630 codice
1058 2608 1125 2630 ms.
1159 2596 1377 2630 monasterii
1401 2595 1651 2629 Cluniaccnsis
1683 2608 1804 2629 sermo

101 2661 215 2694 quem
234 2649 324 2684 fecit
362 2650 406 2683 R.
431 2650 469 2684 P.
492 2656 530 2683 et
551 2650 724 2684 dominus
746 2650 944 2683 cardinalis
967 2649 1280 2693 Petragoriccnsis
1302 2649 1414 2682 tertia
1435 2648 1622 2682 dominica
1643 2649 1805 2692 quadram

101 2703 262 2747 gesimae
285 2714 411 2736 coram
432 2703 585 2736 domino
606 2715 706 2747 papa
727 2709 765 2736 et
786 2715 913 2737 coram
935 2702 1094 2736 dominis
1117 2702 1368 2735 cardinalibus
1391 2707 1428 2735 et
1450 2713 1576 2734 coram
1597 2701 1676 2734 aliis
1698 2713 1804 2745 prae-

102 2756 188 2790 latis
211 2768 310 2789 anno
334 2755 486 2789 Domini
508 2757 600 2790 1333
623 2755 814 2796 Avinioni‚
838 2762 876 2789 et
897 2755 971 2788 fuit
993 2756 1199 2788 translatus
1221 2755 1260 2787 in
1282 2754 1472 2788 romancio
1495 2766 1562 2798 pro
1585 2754 1699 2787 nobili
1723 2754 1802 2787 viro

101 2808 255 2843 domino
279 2809 317 2842 P.
343 2809 387 2842 de
409 2808 491 2842 Via.
514 2828 563 2833 —
585 2809 639 2842 De
662 2809 842 2842 cardinali
867 2808 1161 2852 Petragoriccnsi
1185 2808 1269 2840 vide
1292 2813 1470 2851 excerpta
1492 2819 1538 2839 ex
1561 2807 1685 2840 codice
1708 2807 1803 2840 2835

102 2861 159 2906 [Β.
176 2862 238 2902 ’Ν.,
256 2873 324 2905 ms,
341 2861 437 2895 latin
453 2861 545 2896 4991
562 2860 623 2906 Α].
640 2881 689 2885 -
704 2861 774 2895 Sur
790 2862 821 2895 le
839 2861 1006 2895 cardinal
1023 2861 1067 2893 de
1086 2860 1273 2904 Perigord,
1301 2860 1382 2893 voir
1398 2860 1519 2899 Vidal,
1547 2865 1573 2892 t.
1590 2872 1641 2900 111,
1659 2872 1694 2904 p.
1715 2860 1800 2900 2983

103 2915 280 2955 Daumet,
297 2921 324 2949 t.
346 2927 370 2954 1,
395 2926 429 2948 n.
455 2915 536 2955 112,
553 2927 588 2959 p.
613 2915 676 2955 723
692 2927 727 2948 n.
745 2915 826 2954 721,
844 2926 879 2958 p.
898 2914 985 2954 4493
1004 2914 1159 2957 Deprez,
1177 2925 1212 2946 n.
1231 2914 1310 2954 207,
1329 2914 1408 2951 900,
1436 2912 1548 2952 1306;
1568 2912 1799 2952 Lecacheux,

102 2979 138 3001 n.
162 2968 244 3008 475,
266 2969 347 3001 773.
363 2986 413 2991 —
427 2968 474 3001 M.
493 2967 644 3011 Stengel
663 2967 783 3011 (Nova
805 2967 1060 3005 Alemanniae,
1079 2972 1105 2999 t.
1122 2978 1145 3006 1,
1172 2978 1207 2999 n.
1225 2966 1306 3005 458,
1325 2966 1406 3005 473,
1433 2966 1514 3005 486,
1538 2966 1618 3009 560)
1639 2977 1660 2998 a
1675 2965 1801 3009 public

102 3020 285 3065 plusieurs
317 3021 446 3054 lettres
479 3021 529 3053 du
561 3020 729 3053 cardinal
764 3019 881 3063 (1337,
915 3019 1037 3062 1338).

152 3074 184 3107 2.
206 3073 251 3107 Α.
276 3073 485 3113 Duehesne,
507 3072 671 3106 Histoire
692 3073 732 3106 de
753 3078 832 3105 tous
853 3072 901 3105 les
922 3072 1126 3105 cardinaux
1143 3071 1315 3115 Ῐναηςοὶε,
1340 3077 1366 3104 t.
1388 3083 1425 3111 11,
1448 3083 1483 3115 p.
1507 3071 1677 3106 315-320.
