2083 3458
264 245 343 286 150
913 255 1064 281 NOTAE
1100 254 1160 278 AD
1196 252 1324 277 VITAS
1851 234 1977 292 [664]

318 344 436 381 Illum
460 341 696 392 Onuphrius
721 338 945 377 Panvinius
968 337 1009 375 in
1032 336 1210 375 secunda
1234 334 1412 385 epitome
1436 334 1495 372 ait
1517 334 1676 372 factum
1697 334 1831 385 primo
1853 334 1977 373 fuisse

261 403 480 441 diaconum
505 400 767 442 cardinalem,
793 398 862 436 sed
886 398 1056 435 titulum
1074 409 1156 435 non
1172 394 1379 444 exprimit,
1397 401 1438 432 et
1452 401 1546 444 post
1560 394 1851 444 presbyterum
1865 393 1979 432 tituli

262 461 400 501 Sancti
440 459 672 498 Clementis.
710 459 856 495 Postea
890 455 1103 494 Ciaconius
1148 454 1192 504 [t.
1232 468 1274 500 ΙΙ,
1313 468 1352 503 p.
1397 452 1497 503 382]
1541 453 1704 491 addidit
1744 452 1976 491 diaconiam

261 522 298 560 S.
324 519 550 563 Eustachii,
571 518 680 568 quod
698 531 840 555 verum
856 531 939 554 esse
955 529 1037 556 non
1058 521 1197 564 potest
1214 514 1237 550 ¹.
1255 512 1421 550 Etenim
1435 526 1543 551 anno
1560 512 1754 560 MCCCX‚
1774 512 1807 550 is
1827 511 1976 550 titulus

262 581 339 618 fuit
362 578 556 617 Richardi
578 577 743 615 Petroni
765 576 813 614 de
835 575 963 621 Senis,
986 573 1056 624 qui
1075 587 1185 612 anno
1209 580 1377 610 tantum
1398 571 1641 610 MCCCXIV
1663 571 1873 610 extinctus
1900 579 1973 610 est.

260 639 401 677 Melius
418 638 542 687 igitur
562 636 831 681 Contelorius,
849 634 918 684 qui
939 634 981 671 in
1003 640 1256 671 testamento
1279 630 1498 669 Clementis
1515 631 1548 668 V
1565 646 1604 669 se
1619 631 1762 681 legisse
1784 630 1844 668 ait
1859 631 1977 669 illum

261 699 382 736 fuisse
409 697 627 734 diaconum
655 694 904 733 cardinalem
930 692 1041 730 tituli
1066 693 1240 730 Sanctae
1264 690 1451 740 Agathae
1477 690 1518 727 in
1540 690 1733 730 Suburra.
1759 690 1877 738 Quod
1903 704 1976 739 ego

260 772 402 796 verum
431 771 514 794 esse
542 754 691 805 agnovi
720 768 769 791 ex
797 752 1055 791 ordinatione
1084 751 1194 788 facta
1222 764 1330 788 anno
1359 749 1607 787 MCCCXXI
1641 764 1762 799 super
1788 749 1978 799 hospitiis

260 816 476 863 assignatis
504 814 724 851 Reverendo
753 813 795 849 in
822 812 977 849 Christo
1004 812 1111 861 patri
1138 809 1296 847 domino
1322 809 1370 847 Β.
1400 809 1651 846 miseratione
1677 808 1817 846 divina
1840 815 1981 848 cancte

259 864 412 925 Agathe
448 874 612 911 diacono
649 871 846 910 cardinali
883 870 994 921 apud
1032 869 1323 908 Sebastianum
1361 868 1626 915 Fantonium‚
1663 868 1732 907 lib.
1776 868 1829 915 ΙΙ,
1871 868 1979 906 Hist.

260 935 469 979 Avenion„
491 948 529 983 p.
554 933 641 979 177,
665 939 705 969 et
726 946 776 969 ex
796 931 908 968 bulla
930 929 1102 967 ,Ioannis
1126 928 1255 966 XXII
1277 928 1325 966 de
1348 927 1606 966 ordinatione
1640 927 1795 977 negotii
1825 927 1982 966 viceco-

260 994 370 1031 mitis
402 991 647 1031 Leomaniae
669 992 701 1037 ²3
726 990 803 1028 nisi
825 989 935 1039 quod
965 988 1087 1027 isthic
1124 988 1274 1038 legitur
1305 987 1446 1025 Sancte
1475 987 1629 1036 Agathe
1658 995 1843 1034 tantum,
1870 987 1982 1025 nulla

262 1053 468 1091 mentione
491 1052 706 1090 Suburrae.
729 1050 787 1087 Ac
806 1063 902 1087 sane
923 1048 954 1086 si
973 1063 995 1086 a
1015 1047 1146 1095 nobis,
1168 1060 1408 1097 quanquam
1433 1060 1515 1084 non
1532 1046 1688 1096 peritis,
1708 1046 1794 1084 fieri
1808 1054 1984 1096 possunt

262 1120 395 1151 certae
414 1110 718 1148 divinationum
736 1108 1011 1158 conjecturae,
1030 1107 1150 1145 valde
1168 1106 1351 1157 suspicor
1367 1106 1408 1143 in
1426 1113 1679 1144 testamento
1696 1105 1764 1143 illo
1782 1105 1983 1156 scriptum
2024 1121 2026 1124 ’

262 1172 384 1209 fuisse
410 1170 550 1208 Sancte
573 1169 726 1218 Agathe
750 1169 905 1217 absque
929 1167 1011 1205 ullo
1036 1166 1339 1212 additamento,
1365 1173 1406 1203 et
1430 1165 1723 1211 Contelorium,
1750 1164 1820 1215 qui
1842 1173 1982 1203 nosset

262 1230 473 1269 ecclesiam
493 1230 667 1268 Sanctae
687 1228 875 1277 Agathae
894 1227 935 1264 in
956 1226 1150 1273 Suburra,
1172 1225 1220 1263 de
1240 1239 1314 1263 suo
1332 1224 1538 1262 addidisse
1557 1224 1809 1262 vocabulum
1829 1224 1980 1262 Subur-

261 1304 339 1328 rae.
360 1289 490 1327 Unica
512 1288 620 1327 enim
643 1295 730 1325 erat
753 1286 940 1324 diaconia
964 1286 1139 1324 Sanctae
1155 1285 1343 1334 Agathae
1362 1284 1403 1321 in
1419 1298 1523 1333 equo
1546 1298 1795 1330 marmore03
1813 1284 1980 1322 ecclesia

261 1364 356 1387 vero
390 1349 563 1386 Sanctae
595 1347 782 1397 Agathae
814 1346 855 1383 in
886 1353 1026 1383 monte
1060 1345 1264 1382 Suburrae
1295 1351 1530 1381 recensetur
1567 1343 1676 1381 inter
1716 1342 1908 1381 abbatias
1938 1343 1981 1380 in

259 1408 361 1446 libro
385 1407 555 1445 Joannis
579 1406 750 1444 Diaconi
773 1405 821 1443 de
843 1404 1010 1443 ecclesia
1034 1403 1314 1450 Lateranensi,
1339 1417 1460 1452 quem
1483 1402 1613 1440 edidit
1634 1402 1696 1440 Vir
1718 1402 1980 1441 doctissimus

261 1468 440 1506 Joannes
469 1465 744 1512 Mabillonius,
772 1465 815 1502 in
842 1472 956 1502 tomo
983 1463 1163 1502 secundo
1192 1462 1330 1500 Musei
1360 1462 1507 1509 Italici,
1535 1476 1573 1511 p.
1604 1461 1692 1499 574.
1722 1461 1825 1499 Vide
1852 1461 1980 1500 etiam

261 1526 521 1577 Onuphrium
561 1525 810 1563 Panvinium
849 1524 891 1561 in
929 1523 1033 1561 libro
1070 1525 1129 1561 De
1179 1522 1486 1574 episcopatibus,
1518 1521 1659 1568 titziliS,
1699 1529 1733 1558 et
1778 1520 1980 1559 diaconiis

261 1585 456 1625 cardinali
463 1599 540 1623 am.

313 1645 518 1684 Studebat
545 1652 686 1681 autem
713 1651 804 1680 tum
830 1642 872 1680 in
899 1641 1111 1680 academia
1140 1640 1436 1687 Aurelianensi,
1466 1654 1516 1677 ex
1543 1653 1624 1689 qua
1651 1639 1767 1677 illum
1795 1639 1981 1678 Clemens

260 1704 451 1743 evocavit
469 1704 511 1741 in
530 1704 681 1741 aulam.
705 1702 864 1752 Quippe
884 1701 927 1739 in
945 1701 1067 1738 Libro
1087 1700 1377 1749 obligationum
1396 1699 1547 1736 archivi
1573 1699 1759 1736 Vaticani
1780 1698 1981 1749 scriptum

260 1772 321 1802 est
344 1764 460 1801 illum
485 1763 533 1801 de
559 1761 788 1800 Aurelianis
814 1761 1064 1807 venientem,
1090 1759 1161 1797 ubi
1186 1759 1385 1797 studebat
1410 1758 1576 1808 quando
1603 1758 1682 1795 fuit
1708 1766 1869 1796 creatus
1896 1772 1979 1796 car-

260 1823 419 1870 dinalis,
450 1822 625 1859 intrasse
666 1821 821 1858 curiam
850 1833 1066 1858 romanam
1096 1818 1159 1857 die
1191 1833 1250 1855 xx
1290 1817 1528 1856 decembris.
1562 1817 1799 1867 Onuphrius
1837 1817 1979 1867 itaque

260 1882 400 1920 scribit
424 1896 517 1919 eum
539 1889 684 1931 postea
709 1880 832 1918 fuisse
853 1879 1142 1929 presbyterum
1167 1877 1417 1915 cardinalem
1438 1876 1550 1914 tituli
1576 1877 1715 1915 Sancti
1737 1877 1977 1924 Clementis;

258 1941 381 1991 idque
420 1941 578 1978 factum
606 1954 628 1977 a
658 1941 817 1978 „Ioanne
848 1938 977 1976 XXII
1005 1938 1305 1987 interpretatur
1339 1936 1553 1974 Ciaconius
1602 1936 1646 1986 [t.
1676 1951 1716 1983 11,
1747 1936 1822 1975 col.
1860 1936 1976 1986 3821.

309 2117 341 2150 1.
363 2117 530 2149 Bernard.
551 2116 594 2149 de
616 2115 756 2149 Garves
777 2115 840 2147 n’a
860 2126 925 2158 pas
946 2126 991 2147 eu
1010 2114 1148 2157 l'eglise
1169 2113 1337 2146 titulaire
1359 2113 1402 2145 de
1422 2112 1754 2153 Saint-Eustache‚
1773 2112 1867 2146 mais
1888 2113 1976 2146 celle

262 2172 304 2207 de
322 2169 632 2213 Sainte-Agathe,
652 2169 695 2201 de
714 2169 806 2201 1310
825 2180 872 2200 au
890 2168 908 2201 7
928 2179 1027 2200 mars
1044 2168 1150 2206 1327,
1171 2167 1258 2199 date
1276 2167 1297 2198 a
1313 2167 1473 2210 laquelle
1491 2166 1589 2199 Jean
1606 2166 1727 2199 XXII
1743 2166 1775 2199 le
1797 2178 1978 2200 consacra

260 2223 582 2267 cardinal-pretre,
609 2222 703 2255 ainsi
727 2234 798 2265 que
822 2222 871 2254 l⁷a
895 2223 984 2254 note
1007 2221 1172 2264 Jacques
1197 2220 1433 2253 Stefaneschi
1457 2220 1550 2252 dans
1574 2231 1642 2252 son
1674 2219 1767 2252 livre
1792 2220 1855 2252 des
1880 2221 1978 2253 cere-

260 2275 402 2309 monies
426 2289 432 2308 ε
456 2276 586 2316 Hodie,
609 2276 745 2309 scilicet
778 2276 817 2308 in
845 2275 933 2317 sesto
959 2275 1077 2307 sancti
1101 2274 1235 2306 Tliome
1256 2274 1297 2307 de
1324 2273 1487 2316 Aquino,
1521 2274 1578 2306 die
1597 2273 1741 2306 sabbati
1764 2274 1804 2306 in
1825 2278 1980 2316 quatuor

260 2330 482 2374 temporibus
503 2330 543 2363 de
564 2330 844 2373 quadragesima
866 2326 900 2372 [7
924 2325 1040 2371 mars]
1061 2328 1232 2360 dominiis
1249 2332 1365 2359 noster
1383 2338 1485 2370 papa
1500 2326 1701 2366 Johannes,
1724 2325 1921 2366 Avinione,
1938 2327 1978 2360 in

261 2384 400 2427 capella
413 2395 482 2416 saa
496 2383 678 2416 celebrans
693 2382 877 2415 ordinavit
897 2382 936 2415 in
950 2381 1190 2425 presbiteram
1209 2380 1433 2413 cardinalem
1453 2380 1686 2413 reverendum
1704 2385 1844 2423 patrem
1863 2380 1977 2414 domi-

261 2449 349 2470 nam
378 2437 610 2470 Ber-nardum
641 2437 682 2469 de
950 2434 1079 2467 Sancte
1109 2434 1251 2477 Agathe
1282 2434 1478 2467 diaconam
1508 2433 1743 2469 cardinalem,
1776 2433 1977 2467 secundum

260 2491 445 2524 rubricam
467 2490 667 2534 predictam
689 2500 799 2532 quam
821 2489 925 2532 plene
947 2488 1110 2520 servavit.
1135 2487 1306 2520 Anulum
1329 2498 1402 2520 non
1425 2487 1521 2520 dedit
1542 2487 1616 2520 sibi
1641 2487 1681 2520 in
1703 2486 1862 2532 ecclesia,
1887 2487 1976 2530 qaia

261 2544 460 2576 cardinalis
480 2544 655 2576 diaconus
675 2543 829 2575 eoeistens
847 2541 924 2584 jam
942 2541 1096 2574 habebat
1114 2541 1279 2580 anulum,
1301 2545 1332 2573 et
1350 2551 1413 2583 per
1431 2551 1648 2582 consequens
1669 2539 1976 2583 titiilam‘presbi-

261 2597 404 2629 tet-alem
425 2608 497 2629 non
518 2597 613 2629 dedit
632 2596 705 2629 sibi
729 2597 767 2629 in
788 2595 945 2634 ecclesia,
967 2595 1030 2627 sed
1049 2594 1196 2627 titulum
1216 2593 1485 2637 presbiteralem
1505 2593 1578 2626 sibi
1601 2593 1640 2626 in
1661 2593 1873 2627 consistorio
1894 2598 1974 2626 tan-

258 2656 356 2691 tam,
375 2662 471 2682 nam.
491 2655 527 2682 ut
546 2650 681 2682 dictum
701 2654 760 2688 est,
784 2649 939 2681 anulum
953 2648 1058 2680 habet
1075 2653 1106 2680 et
1123 2648 1175 2681 sic
1195 2647 1357 2690 fiendum
1377 2647 1416 2680 in
1434 2647 1646 2680 consistorio
1663 2646 1740 2680 heri
1760 2647 1817 2680 die
1835 2647 1976 2680 veneris

263 2702 297 2746 [6
313 2701 426 2746 mars]
451 2703 709 2736 determinavit.
746 2702 808 2735 Ad
834 2702 1089 2734 consistorium
1117 2701 1193 2734 heri
1215 2712 1288 2733 non
1316 2701 1411 2733 venit
1431 2700 1547 2733 dictus
1570 2700 1741 2733 dominiis
1760 2699 1975 2733 Bernardzis

261 2757 347 2798 qaia
371 2761 446 2788 erat
469 2761 664 2799 occupatus
688 2761 833 2799 propter
858 2756 937 2788 ista.
973 2755 1061 2787 Non
1083 2755 1189 2798 petiit
1212 2754 1316 2787 aliter
1349 2754 1520 2787 dominus
1544 2758 1662 2786 noster
1685 2753 1842 2787 consilia
1864 2764 1976 2796 super·

265 2808 343 2851 ejas
375 2810 603 2842 ordinatione
638 2810 677 2842 in
709 2809 932 2848 consistoria
967 2808 1030 2840 sed
1062 2807 1263 2850 notificavit
1296 2818 1378 2839 eam
1410 2806 1658 2840 ordinandam
1695 2806 1972 2850 (Bibliotheque

264 2862 488 2902 ‹1¹Avigr110n‚
515 2874 581 2895 ms.
610 2862 715 2902 1706
741 2862 764 2894 s.
793 2862 835 2895 23
859 2861 921 2905 ro).
947 2861 997 2894 Le
1022 2861 1041 2894 9
1066 2872 1177 2900 mars,
1194 2861 1225 2893 le
1249 2872 1345 2904 pape
1369 2860 1421 2892 lui
1445 2859 1596 2893 confera
1619 2859 1651 2892 le
1674 2859 1763 2892 titre
1779 2859 1823 2893 de
1848 2859 1973 2892 Saint-

263 2914 285 2939 (
278 2915 383 2998 lenit]¹
378 2922 430 2947 =11t
446 2928 462 2947 ‹
471 2922 483 2947 t
501 2916 521 2947 l
526 2928 535 2947 1
552 2916 772 2948 commende
791 2915 834 2948 de
852 2914 997 2947 Sainte-
1000 2914 1149 2957 Agathe
1171 2913 1327 2958 (Mollat
1346 2925 1381 2946 n.
1403 2913 1519 2946 28113
1537 2919 1575 2946 et
1594 2912 1739 2956 28114).

313 2968 574 3007 2.‘:1l11zo‚t
602 2981 651 3007 ιιι,
680 2980 713 3011 p.
742 2969 823 3001 322
850 2987 898 2990 —
923 2968 981 3000 On
1007 2967 1162 3010 possede
1188 2967 1239 3000 les
1266 2966 1497 3010 depositions
1524 2978 1574 3010 qu
1580 2966 1615 2998 'il
1644 2965 1687 2998 fit
1713 2977 1761 2998 au
1786 2977 1893 2999 cours
1920 2966 1970 2998 du

266 3021 577 3062 p1·oc[·s(···-11cl1is,
604 3028 629 3053 1.
659 3034 691 3060 v
719 3034 752 3064 p.
779 3022 841 3053 12-
844 3022 900 3060 15,
927 3021 988 3054 3-1
992 3022 1048 3060 33,
1075 3021 1136 3053 43-
1123 3020 1197 3063 -52)
1225 3026 1263 3052 et
1286 3031 1338 3052 un
1362 3019 1540 3052 memoire
1569 3031 1619 3063 qu
1626 3019 1661 3051 'il
1685 3018 1830 3053 ecrivit
1849 3030 1913 3051 sur
1935 3018 1970 3051 la

266 3073 429 3105 ‹e1·0isa‹l‹:
459 3086 502 3105 (ιη
532 3075 622 3106 ’1323
656 3075 822 3117 (Gomon,
853 3086 886 3106 n.
917 3074 1044 3117 1706);
1075 3073 1156 3106 voir
1183 3073 1281 3106 aussi
1311 3073 1426 3105 Finkc
1460 3072 1564 3116 (Acta
1589 3072 1859 3116 Aragonensia,
1888 3077 1915 3105 t.
1942 3083 1969 3112 1,

265 3138 296 3168 p.
323 3127 383 3158 361
398 3132 417 3167 1.
