2083 3458
47 174 172 231 [615]
575 187 792 212 PAPARUM
829 185 1215 211 AVENIONENSIUM
1689 171 1742 212 93

31 287 234 313 summum
260 272 488 323 pontificem
518 284 674 320 gravem
701 277 736 307 et
762 270 900 319 fortem
929 268 1165 306 discrasiam
1194 268 1392 315 habuisse,
1423 269 1538 318 cujus
1567 277 1743 319 pretextu

32 348 121 372 cum
150 331 354 382 aliquibus
384 331 496 369 certis
527 329 814 376 cardinalibus,
848 327 943 379 quia
973 335 1086 375 terra,
1119 342 1196 378 qua
1226 335 1293 374 est,
1324 328 1405 365 sibi
1437 342 1517 366 non
1547 328 1740 378 competit,

32 406 164 430 versus
194 389 433 429 Vasconiam
458 388 598 438 dirigit
623 402 778 437 gressus
802 401 895 425 suos
923 386 1080 437 (Finke,
1107 386 1332 436 Papsttum,
1360 394 1390 425 t.
1416 401 1457 434 11,
1484 402 1523 437 p.
1552 386 1658 435 228).
1688 387 1742 426 Le

33 465 138 503 pape
162 449 278 489 avait
300 463 351 488 eu
374 448 708 499 precedemment
733 447 801 485 des
827 450 940 484 acces
966 446 1021 483 du
1046 448 1177 484 meme
1201 446 1285 484 mal
1308 460 1357 484 en
1383 446 1615 496 septembre
1641 445 1742 484 1312

31 518 75 550 et
95 524 144 549 en
163 508 325 559 janvier
347 507 448 546 1313
472 506 629 557 OEinke,
655 506 766 552 ibid„
789 520 828 555 p.
852 504 928 543 209
950 513 991 543 et
1012 504 1118 553 217).
1143 505 1224 542 Par
1243 504 1439 543 discrasia
1459 505 1515 543 les
1537 504 1742 543 medecins

32 569 83 608 de
104 569 291 619 l’epoque
313 566 582 605 entendaient
603 579 658 602 un
681 564 951 614 desequilibre
974 564 1043 602 des
1065 564 1273 602 humeurs.

90 629 133 666 P.
159 626 221 674 52,
242 626 309 677 lig.
334 625 396 663 21.
422 625 695 663 MARcmoms
720 637 897 662 ixa-:Poris
930 637 1049 661 PAPE.
1078 622 1180 661 Vide
1207 622 1469 662 Albertinum
1498 623 1743 669 Mussatum,

33 688 102 727 lib.
129 686 202 733 IX,
221 685 280 723 De
301 684 417 734 gestis
437 683 605 721 Henrici
631 682 719 720 VII
737 690 779 721 et
798 682 866 720 lib.
892 682 977 720 XII
1010 681 1238 733 muratori,
1259 689 1289 720 t.
1314 696 1355 729 x,
1378 682 1451 720 col.
1475 681 1550 720 503
1572 691 1613 721 et
1642 680 1743 732 516]

37 746 106 797 qui
127 759 222 784 eum
243 751 369 782 vocat
397 743 676 781 marchionem
699 741 1050 781 Anchonitanum.
1075 741 1198 791 Apud
1231 740 1572 779 Continuatorem
1597 740 1747 791 Nangii

35 807 82 858 [t.
98 819 140 852 11,
154 818 195 855 p.
209 803 274 855 46]
288 803 466 841 habetur
483 801 638 840 mentio
654 799 901 839 marchionis
914 800 963 838 de
984 799 1280 850 Aguonitanol,
1297 799 1458 850 nepotis
1472 799 1744 838 ClementisV.

36 864 137 902 Vide
160 862 450 913 Sillingardum
475 862 518 900 111
534 860 720 909 catologo
743 859 1018 909 episcoporum
1036 858 1349 906 ilffutinensium,
1368 874 1407 909 p.
1432 858 1520 906 109,
1541 859 1746 897 Joannem

33 922 269 974 Baptistam
291 921 477 971 Pignam,
499 920 568 958 lib.
596 919 664 966 IV,
685 918 890 957 Historiae
918 918 1150 968 principum
1170 918 1413 965 Estensium,
1428 933 1467 969 p.
1489 917 1578 965 301,
1601 917 1746 956 editio·

35 982 97 1021 nis
137 981 332 1028 Venetae,
376 988 417 1019 et
460 978 739 1018 Cherubinum
783 977 1133 1024 Ghirardaecium,
1176 977 1245 1015 lib.
1283 977 1401 1025 XVI,
1427 977 1471 1015 H
1474 977 1534 1015 ist.
1576 977 1747 1025 Bonon.,

35 1056 74 1093 p.
96 1040 172 1080 539
192 1049 234 1080 et
254 1053 316 1090 sq.

89 1100 133 1138 P.
157 1098 221 1146 52,
245 1098 311 1149 lig.
337 1098 400 1137 26.
427 1098 724 1136 OccmERUNT.
753 1096 974 1145 Raymond
999 1095 1101 1133 etait
1124 1103 1285 1134 recteur
1309 1095 1358 1133 de
1385 1095 1610 1146 Romagne,
1636 1095 1685 1134 de
1709 1095 1747 1134 13

35 1159 115 1199 cite
133 1166 175 1197 et
193 1158 248 1196 du
268 1157 425 1196 diocese
446 1157 494 1195 de
511 1157 706 1206 Bologne,
727 1155 782 1193 du
802 1159 937 1194 comte
956 1155 1004 1193 de
1022 1153 1238 1193 Bertinoro
1259 1154 1401 1205 depuis
1420 1155 1455 1193 le
1475 1154 1526 1192 24
1544 1154 1626 1192 mai
1646 1154 1748 1193 1309

40 1217 229 1261 (Clement
255 1217 301 1265 V,
324 1231 364 1255 n.
389 1215 521 1264 5057).
547 1216 616 1254 Ses
640 1229 868 1265 agresseurs
891 1213 948 1252 lui
973 1214 1095 1265 firent
1117 1213 1229 1252 subir
1251 1228 1307 1252 un
1331 1214 1439 1252 cruel
1461 1213 1656 1264 supplice,
1682 1227 1750 1252 car

37 1278 72 1317 le
103 1291 208 1328 pape
239 1276 398 1315 declare
428 1276 464 1314 le
496 1274 546 1313 20
577 1274 743 1313 octobre
777 1273 878 1312 1313
912 1273 1050 1324 (Ibid.,
1083 1287 1122 1313 n.
1157 1272 1300 1321 10027)
1335 1272 1435 1323 qu’il
1465 1280 1633 1311 mourut
1663 1280 1750 1323 post

35 1343 190 1376 cruente
212 1335 348 1373 mortis
368 1334 630 1385 supplicium.
656 1333 730 1372 Les
754 1332 951 1371 3553551115
975 1332 1114 1371 furent
1136 1334 1289 1370 arretes
1312 1346 1362 1370 en
1384 1339 1490 1370 terre
1513 1331 1749 1370 venitienne

38 1403 82 1435 et
108 1396 194 1434 leur
221 1393 342 1433 butin
370 1394 446 1432 mis
475 1408 568 1432 sous
607 1395 817 1442 sequestre
847 1393 869 1429 a
898 1391 1057 1432 Venise.
1089 1391 1277 1431 Chretien
1318 1391 1485 1441 Spinola
1515 1390 1686 1429 ecrivait
1713 1391 1749 1430 le

40 1455 96 1493 1er
115 1468 222 1492 mars
245 1452 347 1493 1313
368 1467 421 1491 au
442 1452 501 1491 roi
523 1452 729 1502 d’Aragon
754 1465 832 1501 que
856 1450 1062 1489 Raimond
1084 1450 1359 1501 transportait
1380 1464 1480 1488 avec
1501 1449 1558 1487 lui
1581 1449 1750 1488 100.000

40 1513 178 1552 florins
203 1513 303 1551 d'or.
330 1512 462 1550 Toute
486 1511 686 1558 l’escorte,
713 1512 926 1560 composee
952 1510 1001 1548 de
1024 1509 1230 1556 Bolonais,
1256 1510 1322 1547 fut
1345 1511 1571 1548 massacree
1596 1523 1670 1559 par
1694 1509 1749 1547 les

39 1587 136 1624 gens
149 1572 199 1612 de
215 1571 370 1622 Reggio
385 1571 455 1621 qui
470 1570 527 1609 lui
541 1570 709 1610 avaient
724 1570 852 1609 tendu
867 1583 946 1608 une
961 1569 1208 1608 embuscade
1227 1568 1385 1619 (Finke,
1402 1569 1503 1606 Acta
1518 1569 1749 1617 Aragonen-

36 1632 114 1679 sia,
138 1639 168 1670 t.
191 1646 219 1679 1,
243 1645 282 1682 p.
308 1630 415 1679 329).
443 1630 614 1681 D’apres
638 1629 819 1668 d’autres
843 1628 1135 1667 informateurs
1160 1628 1230 1678 qui
1253 1627 1439 1666 tenaient
1461 1628 1517 1666 les
1541 1627 1750 1666 nouvelles

38 1691 95 1729 du
118 1689 300 1729 cardinal
320 1690 522 1739 Berenger
546 1689 705 1735 Fredol,
729 1687 916 1735 l’ancien,
943 1687 1149 1725 Raimond
1173 1686 1401 1726 surveillait
1422 1687 1457 1725 16
1480 1686 1679 1725 transfert
1702 1686 1750 1724 de

41 1749 211 1788 200.000
233 1749 385 1788 florius.
407 1748 465 1786 La
484 1751 570 1787 tete
588 1747 646 1786 lui
686 1748 751 1786 fut
795 1747 988 1785 tranchee
1024 1760 1099 1797 par
1139 1746 1209 1785 des
1247 1760 1343 1796 gens
1364 1746 1412 1784 de
1454 1745 1640 1792 Modene‚
1678 1759 1752 1784 son

39 1809 230 1856 cadavre,
256 1808 425 1846 attache
451 1809 474 1845 a
499 1808 538 1845 la
565 1821 696 1857 queue
723 1807 823 1844 d’un
848 1805 1021 1853 roussi11‚
1048 1805 1114 1843 fut
1139 1807 1272 1844 traine
1298 1805 1400 1843 dans
1426 1805 1482 1844 les
1508 1819 1599 1843 rues
1626 1805 1675 1843 de
1712 1804 1751 1843 la

41 1867 133 1907 ville
160 1867 318 1914 (Finke,
337 1881 400 1917 op.
420 1867 498 1913 cit.,
517 1874 547 1905 t.
565 1881 622 1913 111,
641 1881 680 1916 p.
701 1865 806 1914 237).

95 1927 139 1965 Ρ.
165 1926 228 1974 52,
248 1925 315 1977 lig.
342 1925 404 1964 32.
428 1925 643 1963 MomTUR.
667 1925 724 1962 La
744 1924 994 1974 description
1019 1938 1097 1974 que
1124 1924 1333 1964 Ptolemee
1357 1937 1458 1961 nous
1480 1923 1614 1962 donne
1640 1922 1689 1961 de
1713 1923 1752 1961 la

42 1986 218 2024 maladie
241 1986 345 2023 dont
366 1985 556 2023 souffrait
580 1985 765 2022 Clement
789 1984 822 2021 V
842 1983 960 2021 laisse
985 1985 1006 2021 3
1030 1997 1176 2033 penser
1199 1997 1277 2033 que
1302 1997 1344 2021 ce
1368 1983 1433 2020 fut
1456 1996 1512 2021 un
1535 1996 1679 2020 cancer
1703 1981 1752 2020 de

42 2045 255 2084 l'estomac
276 2059 328 2083 ou
363 2044 433 2083 des
453 2043 658 2083 intestins.

97 2104 140 2142 P.
160 2103 224 2151 52,
242 2103 309 2154 lig.
325 2103 360 2141 1.
384 2103 638 2142 CONSTITUT.
667 2116 834 2142 CONTRA
860 2102 1136 2140 RELIGIOSOS'3.
1162 2101 1408 2148 Aventinus,
1428 2115 1468 2151 p.
1489 2099 1578 2147 747,
1596 2099 1753 2150 primae

42 2162 235 2202 editionis
255 2179 264 2201 :
284 2161 327 2200 H
330 2177 407 2200 unc
428 2161 701 2200 adversarium
717 2161 843 2210 juisse
865 2160 1106 2198 mendicanti
1126 2160 1312 2209 religioni
1331 2162 1514 2210 referunt.
1537 2159 1592 2196 Et
1611 2167 1753 2197 tamen

43 2221 86 2260 in
124 2221 237 2260 Actis
281 2235 485 2272 processus
532 2220 670 2259 fratris
713 2219 913 2259 Bernardi
952 2219 1139 2258 Delitiosi
1182 2218 1333 2257 ordinis
1378 2218 1583 2256 Minorum
1631 2217 1751 2256 editis

42 2294 153 2320 anno
187 2280 437 2319 MCCCXIX
473 2280 724 2318 adnotatum
761 2287 824 2318 est
859 2271 1051 2318 eumdem
1084 2278 1356 2326 Bernardum,
1398 2277 1699 2327 interrogatum
1729 2290 1752 2315 a

43 2339 251 2389 judicibus
278 2338 474 2389 delegatis
510 2338 574 2377 die
607 2353 710 2376 xvm
735 2337 985 2385 novembris,
1012 2337 1162 2375 dixisse
1197 2337 1307 2376 hune
1342 2337 1594 2375 Clementem
1629 2335 1752 2374 fuisse

45 2398 227 2438 amicum
253 2398 430 2436 fratrum
455 2397 806 2445 praedicatorum,
833 2405 867 2435 et
902 2397 1004 2447 quod
1027 2411 1138 2447 papa
1173 2404 1256 2434 erat
1276 2404 1369 2434 tunc
1398 2395 1626 2434 predicator
1636 2395 1664 2433 3.
1696 2395 1751 2432 Et

47 2457 316 2508 Waddingus,
336 2471 402 2496 an.
426 2456 541 2504 1312,
568 2456 626 2508 §6
656 2457 703 2509 [t.
728 2472 783 2505 VI,
805 2472 844 2508 p.
869 2456 960 2508 198]
985 2455 1179 2494 observat
1203 2455 1395 2494 eumdem
1417 2453 1549 2493 ordini
1577 2454 1752 2493 fratrum

46 2516 251 2556 Minorum
270 2530 294 2555 a
315 2525 455 2556 tenera
475 2516 660 2556 aetatula
679 2515 1010 2555 addictissimum
1027 2514 1170 2562 fuisse3
1187 2514 1312 2565 idque
1328 2513 1480 2565 probat
1503 2512 1752 2551 auctoritate

44 2574 327 2622 Clementinae,
349 2574 469 2613 Exivi
491 2575 535 2613 de
553 2574 757 2625 paradiso,
777 2574 849 2612 ubi
869 2574 1053 2614 Clemens
1072 2574 1129 2613 ait
1150 2591 1157 2613 :
1186 2572 1272 2612 Nos
1293 2573 1428 2623 igitur,
1449 2571 1565 2621 cujus
1590 2571 1754 2610 animus

97 2740 128 2772 1.
153 2739 183 2772 Il
202 2740 315 2783 s'agit
335 2740 380 2773 de
399 2739 588 2772 Bertrand
609 2739 653 2771 de
675 2738 751 2771 Got
771 2738 835 2781 qui
855 2744 962 2779 recut
981 2738 1012 2770 16
1034 2744 1200 2770 rectorat
1222 2738 1265 2771 de
1286 2738 1321 2770 13
1343 2739 1493 2770 marche
1512 2738 1705 2771 d'Aneone
1722 2736 1754 2769 le

46 2793 69 2826 8
84 2804 182 2825 mars
198 2793 292 2827 1306
311 2792 486 2836 (Cle'ment
504 2793 545 2831 V,
562 2804 596 2824 n.
615 2793 695 2831 883,
713 2792 794 2830 884,
812 2792 989 2830 886-888;
1007 2791 1088 2824 voir
1102 2791 1202 2823 aussi
1217 2803 1251 2823 n.
1268 2792 1338 2824 380
1353 2798 1391 2833 et
1405 2792 1503 2833 430).

97 2845 128 2878 2.
150 2845 220 2878 Sur
237 2847 272 2879 la
290 2846 544 2879 constitution
561 2846 672 2878 Exivi
691 2846 732 2878 de
748 2845 931 2877 Paradiso
953 2843 1195 2886 (Clementin.,
1211 2844 1273 2876 lib.
1293 2844 1335 2882 V,
1356 2844 1415 2876 tit.
1432 2857 1482 2880 x1,
1500 2844 1555 2876 De
1568 2843 1756 2876 verborum

44 2899 332 2942 significatione,
368 2911 398 2932 c.
430 2900 464 2942 1)
502 2899 583 2931 voir
620 2898 959 2941 Hefele-Leclercq,
992 2904 1018 2930 t.
1050 2910 1097 2935 w,
1125 2898 1183 2929 On
1212 2898 1246 2929 la
1278 2904 1411 2930 trouve
1441 2897 1580 2930 inseree
1605 2897 1697 2929 dans
1722 2897 1754 2929 le

49 2952 204 2995 registre
221 2953 270 2985 du
286 2964 383 2996 pape
398 2964 484 2985 sous
501 2953 535 2984 la
552 2952 640 2984 date
657 2952 706 2984 du
723 2952 743 2984 6
760 2951 834 2983 mai
850 2952 944 2984 1312
964 2950 1138 2993 (Clement
1158 2950 1198 2989 V,
1216 2962 1250 2983 n.
1269 2951 1391 2993 8873).

97 3005 131 3038 3.
148 3006 255 3045 B.N.‚
270 3018 337 3039 ms.
354 3006 450 3039 latin
465 3004 573 3044 4270,
589 3005 615 3038 f.
628 3005 698 3037 112
716 3008 767 3037 v0.
781 3005 949 3037 Bernard
966 3002 1161 3037 Delicieux
1177 3010 1256 3036 met
1271 3015 1310 3036 ce
1324 3015 1462 3047 propos
1477 3015 1541 3037 sur
1554 3004 1587 3036 le
1604 3008 1755 3046 compte

50 3058 97 3091 de
114 3058 327 3092 Guillaume
344 3059 389 3092 de
407 3059 586 3102 Nogaret.
808 3073 809 3076 ¹
