2083 3458
271 225 352 265 ’236
920 236 1071 262 NOTAE
1106 236 1166 260 AD
1200 234 1328 260 VITAs
1850 219 1973 275 [738]

320 324 376 361 Dc
393 338 438 361 00
455 337 573 373 porro
589 321 852 371 intelligenda
870 334 954 358 csse
969 327 1071 370 puto
1084 318 1209 357 verba
1221 317 1466 356 Petrarchae
1483 332 1533 356 ex
1547 318 1720 369 epistola
1733 333 1820 362 xvu
1835 332 1977 357 earum

269 396 371 432 quae
406 390 502 420 sunt
536 381 619 420 sine
653 380 795 426 titu103
829 379 870 416 in
905 392 985 428 qua
1020 392 1112 416 cum
1145 376 1343 415 nonnulla
1377 376 1547 416 dixisset
1581 377 1629 416 de
1661 377 1892 416 Bertrando
1926 378 1976 417 de

271 442 411 491 Pojeto
443 440 657 487 cardinale,
687 447 831 489 postea
861 437 991 476 flectit
1018 436 1071 474 ad
1100 436 1321 486 quemdam
1349 435 1476 474 alium
1498 436 1688 487 pontifici
1715 444 1812 475 ante
1836 450 1974 476 omnes

268 514 419 547 carum,
455 499 621 537 natione
657 498 968 544 Cadurcensem,
1004 496 1038 534 ei
1072 494 1316 545 persuadere
1352 503 1572 534 conantem
1604 503 1652 534 ut
1687 496 1832 534 Sedem
1857 510 1974 547 apos-

266 559 432 596 tolicam
471 558 712 596 transferret
753 557 959 594 Divonam
998 555 1289 593 Cadurcorum.
1333 554 1595 605 Quamquam
1633 554 1755 594 valde
1792 555 1976 606 suspicor

266 619 369 656 113110
399 616 675 655 narrationem
702 630 783 654 non
811 629 895 653 esse
921 613 1150 662 historiam,
1178 613 1248 652 sed
1276 613 1473 652 fabulam.

319 676 675 726 Consanguineum
702 674 850 712 habuit
879 673 1134 712 Gaufredum
1163 672 1331 722 Rabety
1348 673 1362 695 1
1390 673 1628 723 episcopum
1658 673 1901 723 Regiensem
1927 682 1975 712 ut

264 736 448 773 scribunt
473 733 792 781 Sammarffiani,
818 747 909 771 eam
931 747 1017 770 rem
1040 740 1244 781 tanquam
1268 739 1424 770 certam
1447 732 1658 771 tradentes
1685 746 1811 782 quam
1835 732 1974 771 Simon

263 795 465 832 Bartellus
487 793 656 832 dederat
676 801 722 830 ut
744 792 1037 841 conjecturam.

316 854 358 890 P.
382 852 469 899 155,
487 852 553 902 lig.
583 852 642 890 14.
674 851 773 890 SINE
795 864 1053 889 EPISCOPATU
1074 864 1304 889 REMANSIT.
1323 850 1557 889 Bernardus
1577 850 1776 889 Guidonis
1794 850 1837 888 in
1855 850 1972 889 Cata-

261 913 344 961 logo
367 912 641 961 episcoporum
665 911 951 948 Tolosanorum
969 910 983 932 2
1007 925 1013 947 ε
1045 909 1275 947 Gaillardus
1297 910 1341 947 de
1361 910 1591 959 Pmyssaco,
1611 909 1806 948 oriundus
1827 910 1872 948 de
1893 910 1973 948 loco

261 971 326 1021 qui
354 979 509 1008 vocatur
529 970 675 1008 Trabes
693 970 737 1007 de
758 969 901 1007 diocesi
925 968 1153 1016 Basatensi‚
1176 983 1297 1019 nepos
1320 968 1472 1006 domini
1498 968 1711 1007 Clementis
1731 983 1836 1019 pape
1857 969 1903 1018 V,
1928 983 1973 1007 ex
2010 1015 2014 1019 ι
2042 1001 2045 1003 .

257 1044 396 1077 sorore,
420 1029 604 1067 successit
627 1028 670 1066 in
691 1028 922 1079 episcopatu
947 1028 1168 1066 Tliolosano
1191 1036 1400 1066 memorato
1422 1028 1581 1066 domino
1603 1029 1718 1066 Petro
1740 1029 1785 1066 de
1807 1027 1972 1079 Capella

257 1103 325 1138 per
350 1088 616 1138 provisionem
642 1088 816 1137 ejusdem
843 1087 995 1125 domini
1023 1082 1236 1125 Clementis
1260 1102 1365 1138 pape
1392 1087 1580 1125 avunculi
1607 1087 1672 1125 sui
1699 1087 1804 1125 circa
1828 1087 1972 1137 festum

259 1148 404 1185 natalis
419 1147 586 1185 Domini
605 1161 711 1185 anno
730 1147 781 1185 M
783 1146 887 1185 CCC
894 1147 938 1186 V.
960 1147 1250 1197 Episcopatum
1272 1146 1541 1184 leolosanum
1559 1155 1689 1184 autem
1708 1146 1833 1185 tenuit
1850 1147 1971 1185 annis

258 1206 438 1245 undecim
471 1221 559 1244 cum
592 1206 770 1245 dimidio.
806 1206 1064 1244 Postmodum
1097 1220 1182 1244 vero
1214 1205 1288 1243 sub
1321 1220 1427 1243 anno
1460 1205 1629 1243 Domini
1663 1205 1969 1259 MCCCXVII,

259 1265 301 1303 in
323 1280 451 1304 mense
471 1265 580 1315 julii,
601 1266 820 1316 episcopali
841 1266 928 1303 sede
948 1265 1173 1303 Tholosana
1189 1279 1259 1316 per
1281 1264 1487 1303 dominum
1508 1265 1733 1303 Johannem
1754 1279 1905 1315 papam
1928 1265 1970 1303 in

257 1325 630 1375 archiepiscopalem
657 1333 691 1362 et
719 1324 964 1374 metropolim
991 1325 1149 1372 elevata,
1171 1324 1351 1374 prefatus
1381 1324 1611 1363 Gaillarclus
1635 1332 1867 1362 exoneratus
1892 1324 1972 1374 fuit

257 1384 305 1422 ab
324 1384 574 1434 episcopatus
593 1398 705 1422 onere
724 1393 757 1422 et
775 1384 934 1432 lionore;
953 1383 1017 1422 cui
1036 1384 1286 1434 postmodum
1306 1383 1414 1433 infra
1433 1398 1587 1421 annum
1601 1383 1770 1421 Domini
1788 1391 1969 1434 pretaxa-
1991 1413 1994 1416 .

257 1451 337 1481 tum
360 1443 461 1494 idem
483 1443 667 1481 dominus
691 1443 895 1481 Johannes
915 1458 1026 1493 papa
1046 1442 1187 1480 XXII
1215 1442 1389 1493 providit
1416 1443 1460 1481 de
1481 1443 1713 1494 episcopatu
1734 1442 1905 1492 Regensi
1928 1442 1970 1481 in

255 1502 470 1539 Provincia
495 1503 598 1540 ultra
620 1502 886 1551 Rhodanum;
910 1517 1022 1552 quem
1046 1510 1176 1540 tamen
1200 1501 1328 1540 noluit
1349 1510 1548 1552 acceptare
1562 1502 1589 1541 3.
1616 1501 1841 1540 Chronicon
1863 1501 1969 1552 Ray-

255 1561 395 1599 mundi
429 1561 625 1599 Bernardi
659 1562 703 1600 de
737 1562 852 1599 Mota
884 1561 1062 1612 episcopi
1102 1561 1367 1599 Vasatensis4
1400 1577 1407 1599 :
1444 1561 1693 1612 Episcopum
1728 1561 1970 1599 Tolosanum

256 1620 461 1658 dominum
503 1620 747 1658 Galhardum
782 1621 826 1658 de
861 1621 1076 1671 Preyssaco
1112 1620 1429 1659 valentissimum
1463 1621 1659 1671 prelatum
1705 1620 1888 1671 deposuit
1920 1620 1970 1658 ab

255 1679 484 1730 episcopatu
498 1694 568 1717 suo
587 1680 793 1718 TolosanO.
813 1681 868 1718 Et
882 1680 988 1719 infra
1006 1680 1224 1730 :Deposuit
1238 1680 1288 1718 ab
1304 1679 1536 1730 episcopatu
1555 1680 1750 1724 Tolosano
1764 1679 1971 1717 dominum

262 1738 504 1776 Gall1.ardum
539 1739 582 1777 de
615 1740 831 1790 Preyssaco
866 1739 996 1777 virum
1029 1739 1305 1788 largissimum
1338 1747 1372 1777 et
1405 1738 1733 1778 valentissimum.
1781 1739 1970 1777 Ceterum

257 1798 365 1847 quod
391 1798 450 1835 ait
473 1798 706 1837 Bernardus
733 1798 946 1847 Guidonis,
973 1798 1111 1837 sedem
1136 1798 1385 1836 Tolosanam
1409 1798 1616 1837 elevatam
1641 1812 1726 1837 esse
1750 1797 1793 1836 in
1817 1798 1969 1836 archie-

253 1857 502 1906 piscopalem
537 1872 674 1896 mense
707 1857 812 1907 julii,
847 1866 1052 1908 repugnat
1087 1857 1337 1908 quibusdam
1371 1857 1621 1896 editionibus
1656 1857 1969 1908 extravagantis
2013 1893 2016 1895 Α

254 1915 433 1954 Salvator
451 1916 465 1938 5
493 1931 596 1966 quae
623 1917 722 1955 data
749 1916 941 1955 scribitur
970 1917 1034 1954 IV
1058 1915 1149 1956 rion.
1172 1916 1353 1966 augusti,·
1371 1931 1445 1967 pro
1469 1931 1549 1967 quo
1576 1925 1717 1955 tamen
1744 1916 1873 1955 codex
1893 1930 1968 1955 mS.

254 1974 526 2014 bibliothecae
554 1976 700 2026 regiae,
730 1976 772 2014 in
802 1990 882 2026 quo
913 1976 1178 2015 continentur
1206 1976 1345 2014 variae
1383 1976 1568 2026 ejusdem
1607 1975 1808 2014 Johannis
1839 1975 1968 2013 XXII

252 2034 583 2083 constitutiones,
611 2035 739 2074 habet
770 2036 833 2073 IV
859 2049 949 2074 non.
979 2035 1211 2074 novembris.
1238 2035 1295 2074 At
1323 2035 1365 2072 in
1388 2035 1564 2074 vetustis
1596 2034 1846 2074 editionibus
1872 2034 1969 2085 legi-

302 2201 333 2233 1.
352 2200 528 2244 Gcosfroy
546 2201 679 2234 Isnard
694 2213 738 2234 ne
755 2203 879 2245 parait
894 2213 960 2246 pas
976 2201 1083 2235 avoir
1097 2203 1155 2235 ete
1171 2203 1380 2246 apparente
1396 2213 1471 2234 aux
1487 2202 1531 2235 de
1546 2201 1617 2234 Via
1635 2201 1754 2245 (Albe,
1769 2201 1916 2235 Autour
1930 2202 1972 2236 de

254 2253 349 2286 Jean
373 2253 510 2293 XXII,
538 2261 563 2287 t.
588 2267 611 2294 1,
638 2266 672 2298 p.
699 2255 870 2293 191-1927
897 2261 935 2288 et
958 2254 1350 2295 Albanes-Chevalier‚
1381 2254 1504 2288 Gallia
1520 2254 1735 2289 Christiana
1756 2256 1971 2296 novissima,

253 2307 339 2346 Aiz,
360 2308 425 2340 col.
446 2308 631 2351 704-710).
963 2320 966 2323 ’

304 2360 334 2393 2.
365 2360 412 2393 H.
433 2360 488 2399 F.,
509 2367 533 2393 t.
553 2373 634 2400 XXI,
654 2372 688 2404 p.
708 2361 788 2394 754.

303 2414 334 2446 3.
360 2413 409 2446 Le
431 2414 530 2446 refus
554 2414 598 2447 de
622 2413 789 2447 Galhard
812 2415 856 2448 de
880 2413 1060 2458 Preyssac
1083 2420 1139 2448 est
1160 2415 1277 2448 relate
1301 2415 1393 2447 dans
1415 2415 1452 2448 la
1472 2415 1573 2448 bulle
1596 2415 1640 2448 de
1663 2414 1903 2448 nomination
1925 2415 1970 2448 de

257 2465 377 2498 Pierrc
413 2467 474 2499 des
511 2466 599 2499 Prez
637 2467 1041 2510 (Albanas-chevalier,
1083 2467 1206 2501 Gallia
1239 2467 1454 2501 Christiana
1487 2468 1698 2508 novissima,
1731 2468 1820 2508 Aiae,
1857 2468 1967 2502 Instr.

256 2518 409 2553 XXIX.
433 2520 499 2552 col.
523 2520 620 2563 389).
642 2539 691 2544 —
711 2520 878 2554 Galhard
900 2521 1006 2554 avait
1026 2522 1084 2563 ete
1106 2523 1181 2554 tres
1203 2520 1430 2564 compromis
1453 2521 1545 2554 dans
1567 2520 1724 2554 l’affaire
1747 2521 1791 2555 de
1815 2521 1969 2565 Hugues

258 2572 405 2604 Geraud
432 2573 549 2614 (Albe,
573 2573 718 2606 Autour
739 2574 780 2607 de
801 2574 900 2607 Jean
920 2574 1058 2607 XXII.
1082 2574 1238 2617 Hugues
1265 2573 1420 2614 Gemuit,
1444 2575 1570 2617 eveque
1591 2574 1632 2607 de
1654 2573 1802 2615 Cahors,
1826 2586 1861 2618 p.
1885 2574 1967 2615 199,

258 2636 303 2656 au
324 2631 402 2657 mot
422 2625 618 2665 Toulousc‚
640 2633 677 2659 ct
695 2627 730 2660 J.
752 2627 800 2660 M.
822 2627 944 2667 Vidal,
964 2627 1033 2660 Les
1051 2628 1212 2670 origines
1231 2627 1272 2660 de
1290 2627 1326 2660 la
1342 2627 1512 2670 province
1530 2627 1795 2671 ecclesiastique
1813 2628 1854 2661 de
1874 2628 1970 2661 Tou-

258 2678 364 2712 louse,
391 2678 587 2719 Toulouse‚
614 2680 718 2719 1903,
745 2692 779 2724 p.
806 2680 950 2724 42-58);
976 2680 1156 2713 toutefois
1180 2680 1205 2713 il
1227 2691 1273 2713 ne
1297 2680 1438 2713 semble
1461 2691 1528 2724 pas
1553 2692 1625 2724 que
1649 2680 1747 2714 Jean
1771 2680 1892 2714 XXII
1915 2680 1969 2715 ait

258 2732 369 2771 song&
392 2732 408 2761 ἐι
433 2743 468 2763 se
493 2743 628 2775 vcngcr
649 2733 692 2766 de
713 2733 765 2766 lui
786 2745 832 2766 en
852 2739 1081 2777 partageant
1100 2745 1142 2766 sa
1162 2744 1300 2773 mense,
1323 2733 1482 2777 puisque
1503 2733 1535 2766 le
1557 2734 1682 2777 projet
1701 2739 1759 2767 est
1779 2733 1970 2768 anterieur

262 2784 280 2814 51
299 2784 332 2815 la
352 2784 576 2818 ‹let-cuvertc
596 2785 644 2817 du
664 2787 832 2830 complot
849 2786 956 2820 ourdi
975 2798 1043 2830 par
1059 2786 1230 2830 l’eveque
1249 2786 1294 2819 de
1313 2786 1464 2819 Cahors.

312 2837 339 2867 ss.
369 2837 401 2868 κ’.
427 2837 633 2877 Duchcsne,
656 2839 818 2872 Histoire
838 2840 878 2873 de
897 2845 975 2873 tous
995 2840 1043 2872 les
1062 2839 1268 2873 cardinauoe
1283 2839 1456 2882 smneois,
1478 2845 1504 2872 t.
1524 2851 1562 2879 11,
1584 2851 1618 2883 p.
1641 2840 1721 2873 289.

312 2890 340 2920 3,
369 2889 415 2921 La
436 2890 533 2922 hullc
556 2890 719 2924 Salvator
738 2898 855 2925 noster
873 2904 894 2925 a
913 2894 972 2926 ete
992 2893 1170 2936 expediee
1190 2904 1236 2925 cn
1256 2892 1392 2925 double
1412 2898 1451 2925 et
1470 2892 1491 2925 a
1511 2893 1574 2925 des
1595 2893 1702 2926 dates
1723 2893 1938 2927 differentes
1959 2906 1966 2927 ε

264 2941 291 2972 le
321 2943 362 2972 ’.ζῆ
389 2943 469 2983 juin
499 2943 665 2983 (Coulon,
693 2956 727 2977 n.
758 2946 825 2978 262
852 2952 889 2978 et
916 2945 1059 2989 Corpus
1083 2945 1180 2989 juris
1205 2946 1384 2985 canonici,
1412 2945 1607 2989 Extravag.
1636 2957 1774 2986 comm.,
1801 2946 1864 2980 lib.
1895 2946 1966 2987 III,

267 3000 288 3025 ι.
315 3005 362 3029 111,
390 3006 417 3026 c.
446 2995 476 3036 ὅ)
505 3001 542 3027 et
566 2997 596 3028 lc
623 2998 665 3029 25
689 2997 811 3040 juillet
836 2999 928 3032 1317
957 2998 1124 3042 (Coulon,
1151 3010 1186 3031 n.
1212 2999 1282 3032 306
1306 3004 1344 3031 et
1369 2998 1622 3042 Cocquelines‚
1640 3005 1666 3032 t.
1691 3011 1742 3039 111,
1768 2999 1890 3043 partie
1916 2999 1966 3041 II,

266 3057 296 3087 p.
330 3047 418 3087 1311.
450 3047 600 3091 lsaprcs
624 3061 695 3083 une
720 3051 929 3094 hypothese
952 3051 1133 3085 formulee
1151 3063 1219 3095 par
1241 3051 1289 3085 Μ.
1315 3051 1469 3092 Coulon,
1493 3052 1529 3084 la
1550 3051 1710 3086 reforme
1733 3052 1793 3085 fut
1815 3052 1969 3087 notifiee

264 3110 335 3129 :mx
364 3099 581 3142 prinnjpunx
605 3101 800 3136 interesses
824 3105 854 3137 lc
879 3105 922 3137 25
944 3104 1027 3148 juin
1048 3110 1086 3138 ct
1109 3105 1129 3137 a
1151 3104 1329 3138 l'univers
1352 3104 1384 3137 le
1407 3105 1448 3137 11
1473 3104 1607 3148 juillet.
