2083 3458
102 222 228 278 [781]
631 237 848 262 PAPARUM
884 236 1268 261 AVENJONENsmM
1711 217 1792 259 283

86 328 230 371 postea
258 334 354 358 vero
384 318 543 358 comitis
575 319 915 369 petragoricensis
944 327 1039 369 post
1068 319 1250 366 fratrem,
1281 317 1450 368 Agnetis
1479 316 1664 355 ducissae
1693 317 1791 355 Gra—

87 378 220 426 vinae,
252 379 437 417 Joannae
468 377 692 428 desponsae
728 377 878 416 Poncio
913 377 1079 416 domino
1114 378 1162 415 de
1197 376 1440 415 Castellione
1475 383 1516 414 et
1546 375 1791 425 Margaritae

89 445 242 488 nuptae
262 437 465 475 Amalrico
485 436 752 485 Lautricensi,
773 436 895 474 matri
915 436 1069 475 Sicardi
1089 436 1136 474 de
1157 437 1370 483 Lautreco,
1392 434 1571 486 episcopi
1587 434 1791 473 Biterren—

86 511 153 536 sls.

140 555 324 593 Amitam
347 555 494 592 habuit
519 554 802 603 Talayrandus
830 555 1036 592 Joannam
1061 554 1108 592 de
1134 553 1363 604 Perigueux
1380 552 1392 576 ¹
1419 566 1523 603 quae
1555 552 1597 590 in
1630 552 1791 601 Regesto

88 614 249 652 LXXV
291 613 368 664 [JJ
402 612 472 663 75]
508 612 663 651 archivi
704 612 802 662 regii
836 612 1085 661 Parisiensis,
1121 627 1208 663 cap.
1245 626 1438 659 cccxmx,
1473 611 1622 650 dicitur
1660 610 1792 649 relicta

88 672 275 723 deffuncti
310 671 545 711 Sansanerii
579 672 624 709 de
650 671 827 709 Finibus
858 671 1010 719 militis,
1041 673 1237 721 quondam
1270 670 1432 709 domina
1465 669 1792 708 castroramwive

87 732 258 770 locorum
279 732 323 769 de
344 731 583 778 Lavardaco,
607 737 682 769 etc.
711 730 757 767 In
778 731 839 768 his
863 738 1002 768 autem
1023 730 1149 769 literis
1173 730 1228 768 sic
1248 730 1432 780 loquitur
1452 744 1525 768 rex
1546 728 1758 780 Philippus
1785 740 1792 762 Ξ

88 789 328 840 Amicusque
351 798 477 828 noster
497 788 684 840 specialis
710 789 988 839 Talayrandus
1011 798 1252 827 sacrosancte
1275 789 1451 826 Romane
1473 787 1644 826 Ecclesia
1667 786 1794 825 cardi-

88 849 193 888 nalis
213 848 560 898 Petragoricensis,
583 862 703 898 nepos
723 847 897 897 ejusdem
918 848 1114 897 quondam
1137 848 1331 895 Johanne,
1354 855 1430 886 etc.
1457 848 1502 885 In
1524 847 1631 885 calce
1653 860 1792 886 earum

87 909 143 947 sic
161 908 360 958 scriptum
379 915 440 946 est
459 923 467 945 :
484 908 634 945 Datum
651 906 840 945 Parisius
858 921 964 944 anno
979 906 1146 944 Domini
1165 906 1482 953 MCCCXLIX,
1503 920 1631 943 mense
1646 905 1791 956 janua-

88 967 140 1004 rii
178 967 229 1018 [a.
259 966 350 1017 st.].
380 966 512 1005 Castri
540 966 588 1005 de
617 966 856 1004 Lavardaco
884 965 936 1003 ad
955 965 1263 1015 Talayrandum
1283 965 1532 1003 cardinalem
1548 964 1791 1015 pertinentis

88 1025 242 1065 mentio
263 1033 380 1064 extat
399 1025 441 1063 in
461 1024 643 1076 epistolis
664 1025 883 1063 Clementis
904 1024 976 1073 VI,
996 1024 1066 1062 lib.
1092 1024 1160 1072 IV,
1182 1025 1299 1074 epist.
1323 1023 1498 1062 intxm.

142 1085 200 1123 De
217 1084 450 1123 Sassanerio
471 1084 520 1123 de
536 1083 703 1122 Pinibus
725 1083 819 1122 vide
841 1097 945 1133 quae
960 1098 1011 1122 ex
1030 1083 1192 1132 Regesto
1216 1083 1388 1120 Joannis
1408 1082 1547 1120 XXII
1560 1082 1792 1120 referuntur

86 1153 110 1182 a
134 1143 378 1194 Waddingo,
403 1157 468 1182 an.
495 1143 609 1190 1337,
633 1157 672 1193 p.
699 1143 720 1180 7
756 1143 800 1193 [t.
827 1157 881 1190 vl,
905 1157 944 1193 p.
970 1141 1085 1192 265}

140 1202 324 1251 Amitam
350 1211 562 1253 praeterea
588 1202 736 1240 habuit
764 1201 1050 1251 Aremburgim
1078 1201 1333 1239 abbatissam
1358 1200 1595 1238 monasterii
1619 1200 1792 1238 Sanctae

87 1261 227 1300 Clarae
248 1261 603 1311 Petragoricensis‚
624 1261 672 1300 de
693 1275 773 1311 qua
793 1260 951 1299 dictum
970 1268 1031 1299 est
1050 1274 1186 1310 supra,
1206 1274 1244 1310 p.
1267 1259 1354 1298 617.

140 1320 273 1371 Agnes
304 1320 615 1359 matrimonium
645 1320 853 1359 contraxit
884 1334 976 1358 cum
1008 1319 1181 1367 Joanne,
1213 1318 1314 1357 duce
1346 1317 1563 1365 Gravinae,
1596 1317 1678 1355 filio
1711 1317 1792 1354 Ka-

87 1379 162 1418 roli
191 1380 245 1428 II,
271 1380 374 1430 regis
401 1379 573 1428 Siciliae,
600 1393 708 1417 anno
736 1379 997 1427 MCCCXXI,
1024 1377 1087 1416 uti
1113 1391 1250 1428 supra,
1277 1392 1316 1427 p.
1340 1377 1429 1425 685,
1457 1376 1615 1415 dictum
1641 1384 1716 1423 est,
1744 1390 1792 1414 ex

88 1452 216 1489 eoque
239 1438 503 1477 matrimonio
536 1438 614 1477 orti
645 1446 743 1477 sunt
768 1438 943 1476 Karolus
968 1438 1053 1475 dux
1080 1436 1256 1484 Duracii,
1281 1435 1512 1474 Ludovicus
1538 1449 1670 1474 comes
1695 1434 1792 1472 Gra-

88 1497 221 1546 vinae,
244 1505 285 1536 et
308 1498 513 1537 Robertus
535 1497 722 1548 princeps
745 1497 924 1536 Achaiae
946 1496 1030 1535 sive
1053 1496 1226 1535 Moreae.
1252 1496 1316 1533 Ex
1338 1495 1490 1533 Karolo
1513 1494 1657 1532 deinde
1681 1501 1792 1531 ortus

87 1565 150 1595 est
184 1556 415 1596 Ludovicus
449 1565 568 1607 pater
603 1556 745 1594 Karoli
782 1556 858 1605 III,
892 1555 995 1606 regis
1027 1555 1199 1603 Siciliae,
1230 1569 1352 1605 quem
1379 1561 1492 1592 aetas
1525 1553 1593 1591 illa
1627 1552 1794 1591 vocavit

92 1615 290 1654 Karolum
314 1615 363 1654 de
386 1630 498 1666 pace.
525 1616 659 1666 Agnes
684 1623 824 1654 autem
851 1615 1021 1654 vivebat
1045 1615 1180 1652 adhuc
1208 1628 1315 1652 anno
1340 1612 1639 1660 MCCCXLIII,
1663 1611 1726 1649 die
1750 1625 1792 1648 xl

88 1674 266 1725 augusti.

143 1733 207 1771 Ex
224 1733 619 1784 RogerioBernardi‚
633 1733 758 1772 fratre
775 1732 1024 1783 Talayrandi
1041 1732 1272 1779 cardinalis,
1284 1730 1475 1782 prognati
1490 1737 1587 1768 sunt
1598 1729 1794 1768 Archam-

89 1792 234 1831 baldus
275 1793 343 1842 IV,
382 1807 514 1832 comes
553 1792 910 1843 Petragoricensis,
949 1806 1070 1842 quem
1106 1791 1192 1842 ipse
1228 1790 1419 1829 heredem
1449 1803 1568 1828 suum
1596 1787 1793 1834 instituit,

89 1859 130 1890 et
148 1851 444 1902 Talayrandus.

142 1909 261 1948 Anno
291 1919 503 1961 praeterea
536 1911 851 1950 MCCCXXXII
882 1910 1054 1948 vivebat
1085 1908 1423 1948 Archembaudus
1463 1908 1511 1946 de
1545 1905 1794 1955 Petragorio,

91 1969 308 2008 canonicus
341 1969 480 2009 Sancti
513 1970 731 2009 Frontonis
764 1969 1120 2019 petragoricensis,
1151 1976 1199 2006 ut
1228 1976 1347 2018 patet
1377 1981 1428 2006 ex
1458 1966 1634 2016 Regest‘is
1663 1964 1794 2015 parla-

90 2028 218 2066 menti
249 2029 499 2068 Parisiensis.

143 2087 186 2126 P.
226 2087 314 2136 168,
350 2088 417 2138 lig.
458 2088 492 2126 7.
533 2088 714 2126 PETRUM
753 2102 866 2126 TUNC
906 2101 1143 2125 Er1sc0PUM
1178 2087 1439 2133 EDUENSEM,
1476 2084 1599 2134 vulgo
1637 2082 1794 2120 dictum

91 2145 259 2184 Petrum
283 2147 514 2186 Bertrandi.
544 2147 667 2186 Ortus
695 2155 783 2185 erat
807 2146 874 2185 ille
900 2161 920 2185 e
940 2146 1031 2185 vico
1053 2144 1281 2184 Annoniaci
1306 2144 1348 2182 in
1369 2143 1541 2182 dioecesi
1561 2140 1793 2187 Viennensi,

90 2212 206 2255 patre
237 2205 451 2244 Matthaeo
479 2205 711 2254 Bertrandi,
737 2213 868 2244 matre
897 2205 1054 2256 Agnete
1079 2212 1350 2254 cognomento
1381 2201 1653 2252 Imperatrice.
1684 2200 1794 2237 Haec

90 2271 257 2302 tantum
277 2273 397 2303 vetus
417 2265 533 2315 lapis.
559 2265 706 2303 Postea
729 2264 952 2312 Frizonius,
977 2278 1098 2314 quem
1128 2271 1291 2302 secutus
1322 2270 1383 2300 est
1414 2260 1610 2300 Oldoinus
1643 2258 1814 2311 [Ciacoj

91 2322 194 2371 nius,
212 2331 241 2362 t.
258 2338 300 2371 11,
317 2324 390 2362 col.
408 2323 484 2362 433
496 2324 524 2374 ],
542 2324 802 2362 Matthaeum
818 2323 980 2373 scripsit
995 2323 1118 2361 fuisse
1134 2322 1326 2369 nobilem,
1345 2320 1455 2370 quod
1470 2319 1636 2357 minime
1652 2330 1794 2355 verum

89 2388 165 2420 est.
187 2382 346 2420 Extant
364 2382 472 2421 enim
489 2382 531 2420 in
545 2383 707 2432 Regesto
718 2382 919 2420 LXXIII
938 2381 1093 2420 archivi
1107 2381 1205 2431 regii
1218 2380 1359 2427 Paris.,
1376 2393 1462 2429 cap.
1481 2392 1606 2426 van,
1628 2376 1768 2414 literae
1782 2374 1796 2396 '²

93 2440 270 2491 Philippi
291 2441 348 2479 VI
370 2441 472 2491 regis
496 2442 758 2490 Francorum,
783 2441 904 2480 datae
925 2441 967 2479 in
988 2440 1158 2478 abbatia
1179 2438 1303 2491 regali
1323 2438 1475 2476 Beatae
1498 2436 1648 2474 Mariae
1670 2448 1794 2484 prope

93 2499 352 2538 pontisaram
381 2514 488 2538 anno
517 2500 731 2539 millesimo
760 2500 1066 2547 CCCXXXIX,
1096 2513 1232 2537 mense
1262 2496 1424 2543 martio,
1455 2495 1602 2545 quibus
1632 2493 1794 2532 Guillel-

93 2571 206 2596 mum
227 2558 458 2607 Bertrandi,
483 2559 582 2598 alias
605 2559 836 2606 Maletonis,
861 2558 1073 2597 dominum
1097 2557 1219 2596 castri
1240 2555 1378 2595 Sancti
1400 2553 1576 2592 Romani
1599 2560 1639 2591 et
1661 2559 1795 2602 poste·

92 2617 259 2656 ritatem
286 2617 373 2667 ejus
398 2626 598 2668 perpetuo
624 2617 819 2656 nobilitat
845 2625 887 2656 et
912 2616 1140 2655 nobilitatis
1167 2615 1290 2653 titulo
1318 2614 1484 2653 decorat
1511 2611 1734 2650 concedens
1762 2608 1796 2648 ei

92 2683 140 2713 ut
158 2675 328 2715 militiae
347 2676 593 2726 dignitatem
610 2690 633 2715 a
653 2690 912 2727 quocumque
930 2675 1106 2725 recipere
1124 2675 1266 2724 possit,
1287 2681 1327 2711 et
1345 2681 1392 2710 ut
1410 2671 1588 2722 gaudeat
1607 2669 1795 2708 omnibus

93 2734 259 2773 omnino
289 2735 523 2786 privilegiis,
554 2735 816 2774 libertatibus
848 2742 889 2773 et
917 2734 1076 2784 juribus
1109 2733 1256 2783 quibus
1289 2731 1470 2780 gaudent
1499 2728 1653 2767 nobiles
1684 2727 1798 2777 regni

93 2883 266 2917 Armario
290 2883 328 2923 C,
351 2895 386 2917 n.
411 2884 507 2927 296).
532 2884 582 2917 Le
605 2884 645 2917 P.
667 2883 843 2917 Anselme
865 2882 916 2915 lui
938 2881 1115 2921 attribue,
1139 2892 1184 2913 en
1206 2880 1288 2924 plus
1312 2880 1355 2912 de
1378 2878 1463 2922 cinq
1485 2878 1597 2911 freres
1620 2883 1657 2911 et
1678 2889 1795 2910 soeurs

95 2936 337 2980 qu'enumere
361 2937 510 2976 Baluze,
536 2948 589 2969 un
612 2936 707 2970 frere
732 2937 881 2968 nomme
908 2933 1114 2968 Fortanier.

144 2990 176 3022 1.
205 2989 351 3022 Jeanne
382 2990 425 3022 de
467 2988 644 3033 Perigord
682 2991 833 3033 (Sponsa,
865 2999 912 3021 en
941 2988 1046 3027 1316,
1087 2985 1301 3019 Sans-Aner
1331 2985 1374 3017 de
1407 2983 1492 3016 Pins
1527 2983 1579 3027 (L.
1616 2983 1795 3024 Guerard,

94 3042 313 3076 Documents
327 3041 556 3086 pontificatue
569 3053 633 3075 sur
648 3042 683 3075 la
703 3040 897 3084 Gascogne,
916 3045 943 3074 t.
959 3052 996 3080 11,
1015 3051 1049 3083 p.
1069 3039 1141 3082 20).

148 3095 179 3128 2.
207 3094 357 3134 Baluze,
380 3100 406 3128 t.
427 3106 478 3134 111,
501 3106 536 3138 p.
559 3095 640 3128 482.
