2083 3458
51 266 204 324 [1304]
572 279 789 304 PAPARUM
824 280 1208 306 AVENiONENsmM
1656 270 1736 312 821

37 380 160 404 aurea
183 373 218 403 et
239 371 438 413 argentea,
464 377 534 412 que
556 363 776 406 salvaverat
801 362 843 400 in
867 363 967 400 dicto
991 372 1128 402 castro.
1155 365 1205 402 Et
1228 367 1383 415 quando
1407 367 1537 417 primo
1561 371 1665 408 venit
1687 372 1739 409 ad

38 424 247 463 dominum
275 430 452 460 nostrum
474 436 625 471 papam
652 421 870 459 cardinalis
896 422 1183 461 Lemovicensis
1209 425 1330 473 frater
1354 426 1484 476 ipsius
1513 427 1736 468 Camerarii

37 482 282 534 supplicavit
308 481 467 535 domino
496 489 624 518 nostro
653 481 754 530 quod
781 481 935 518 haberet
961 496 1049 519 eum
1078 485 1442 524 recommendatum.
1474 487 1524 524 Et
1552 489 1736 526 dominus

39 551 164 581 noster
189 540 390 592 respondit
413 539 492 577 sibi
519 540 620 590 quod
644 540 751 577 vellet
774 554 864 578 eum
887 540 1026 578 habere
1051 544 1404 582 recommendatum
1427 545 1530 583 sicut
1553 554 1587 584 et
1612 562 1733 597 quan-

38 610 121 640 tum
144 602 229 652 ipse
251 599 470 638 cardinalis
492 599 578 648 ejus
598 599 719 648 frater
742 598 908 638 liaberet.
935 600 1082 638 Postea
1106 600 1148 638 in
1171 601 1234 639 die
1259 602 1463 642 dominica
1486 606 1734 655 palmarum,

36 669 84 699 ut
101 668 282 699 testatur
299 659 314 682 1
345 658 578 708 Stephanus
609 658 822 708 episcopus
844 658 1107 707 Tudertinus,
1127 662 1257 698 eodem
1277 676 1390 699 mane
1409 664 1594 702 dominus
1612 681 1734 704 came-

37 719 170 758 rarius
193 717 431 770 presentavit
453 717 533 754 sibi
559 717 615 763 (id
648 725 724 764 est,
761 717 944 766 Urbano)
980 732 1103 756 unam
1126 728 1345 769 capssetam
1373 723 1532 771 plenam
1554 726 1735 774 annulis,

37 793 107 829 que
143 778 294 824 dicebat
330 777 452 815 valere
489 776 633 825 viginti
682 776 810 814 millia
848 777 1096 826 florenorum.
1147 779 1307 817 Garsias
1347 780 1547 819 Martini2
1581 784 1733 823 electus

39 837 245 876 Auriensis
275 837 552 885 interrogatus
583 850 704 885 super
734 851 807 873 xlx
838 836 1010 874 articulo
1040 837 1160 887 primi
1190 838 1307 876 electi
1338 840 1439 878 dixit
1466 856 1505 878 se
1534 843 1735 881 audivisse

37 897 138 948 quod
160 896 287 947 aliqui
311 895 534 933 cardinales
558 894 746 932 miserant
772 895 870 932 bona
893 910 967 932 sua
991 904 1024 933 et
1046 896 1303 935 Camerarius
1325 901 1582 947 personaliter
1603 912 1735 951 yverat

39 971 128 994 cum
156 956 268 994 bonis
294 969 441 993 camere
466 955 518 992 ad
543 962 727 995 castrum,
755 962 788 991 et
814 954 882 991 hoc
906 955 1053 992 sciebat
1079 970 1119 992 eo
1146 957 1239 1005 quia
1266 958 1365 995 vidit
1391 960 1491 1008 quod
1515 962 1734 1000 cardinalis

41 1013 448 1066 Majorismonasterii
475 1013 633 1050 miserat
657 1027 752 1050 suas
776 1014 990 1062 quadrigas
1024 1023 1205 1052 oneratas
1228 1017 1313 1053 suis
1342 1017 1453 1055 bonis
1477 1020 1528 1056 acl
1547 1029 1731 1059 castrum.

41 1075 138 1113 Item
158 1074 255 1112 vidit
277 1074 338 1111 die
358 1072 515 1110 sabbati
536 1080 623 1121 post
644 1072 879 1117 electionem,
902 1074 1057 1121 quando
1080 1074 1235 1123 primus
1256 1076 1395 1113 electus
1417 1078 1547 1115 exibat
1567 1080 1619 1116 acl
1640 1081 1731 1117 mis-

35 1148 121 1172 sam
146 1134 198 1171 ad
223 1132 425 1171 ecclesiam
452 1132 587 1169 Sancti
616 1131 736 1177 Petri,
766 1132 867 1181 quod
892 1133 997 1169 venit
1016 1133 1067 1170 ad
1091 1148 1179 1171 eum
1196 1134 1452 1180 Camerarius
1473 1138 1517 1174 de
1536 1147 1672 1186 castro,
1701 1148 1733 1176 et

35 1193 239 1231 videbatur
267 1192 346 1229 sibi
377 1191 478 1241 quocl
507 1205 596 1228 cum
626 1205 768 1239 magno
799 1191 934 1228 timore
964 1206 1034 1240 pro
1064 1206 1104 1229 eo
1134 1194 1234 1242 quod
1257 1202 1410 1232 tantum
1438 1197 1668 1243 tardaverat,
1700 1208 1732 1236 et

36 1252 272 1302 presentavit
303 1251 382 1288 sibi
415 1251 514 1288 duas
545 1250 673 1299 petias
703 1250 870 1297 scarleti,
903 1258 936 1287 et
965 1251 1055 1299 fecit
1085 1252 1164 1288 sibi
1196 1254 1449 1292 reverentiam
1482 1263 1522 1292 ut
1552 1272 1667 1306 pape,
1699 1266 1733 1295 et

40 1311 196 1362 primus
224 1311 362 1348 electus
392 1309 688 1359 reprehenderat
717 1323 805 1346 eum
834 1324 904 1358 pro
933 1324 974 1346 eo
1003 1311 1104 1359 quod
1132 1312 1373 1361 recollegerat
1401 1328 1440 1350 se
1468 1316 1520 1352 ad
1547 1325 1730 1365 castrum,

40 1379 170 1409 tamen
192 1370 234 1407 in
255 1370 323 1407 hoc
344 1368 533 1406 laudabat
554 1383 642 1406 eum
664 1376 697 1405 et
718 1368 883 1406 habebat
902 1384 973 1418 pro
997 1369 1092 1406 bono
1113 1370 1151 1407 in
1173 1379 1364 1419 quantum
1381 1383 1656 1422 apportaverat
1673 1390 1732 1414 res

39 1444 185 1468 camere
217 1430 269 1467 ad
299 1436 483 1466 castrum.

93 1489 145 1527 Et
171 1497 312 1528 tamen
338 1487 502 1526 interim
524 1487 632 1524 idem
659 1487 904 1524 camerarius
931 1487 1093 1537 scripsit
1115 1489 1277 1539 propria
1299 1504 1424 1529 manu
1450 1493 1533 1542 regi
1558 1493 1730 1533 Franco-

39 1562 128 1586 rum
149 1562 196 1586 ne
220 1547 343 1585 fidem
362 1546 576 1584 adhiberet
596 1546 641 1583 iis
663 1560 766 1595 quae
787 1546 947 1596 publice
969 1547 1254 1585 scribebantur
1273 1549 1321 1587 de
1342 1550 1537 1589 electione
1561 1553 1730 1602 Urbani,

36 1607 132 1657 quia
153 1621 249 1645 vera
271 1620 353 1644 non
372 1614 503 1652 erant,
525 1605 587 1642 uti
608 1605 767 1645 dictum
787 1614 848 1643 est
868 1620 990 1655 supra
1011 1621 1050 1656 p.
1075 1606 1188 1645 1227.

88 1667 235 1704 Postea
262 1679 353 1704 cum
381 1665 606 1703 cardinales
633 1664 891 1703 secessissent
919 1666 1163 1714 Anagniam,
1194 1667 1335 1705 Petrus
1364 1683 1525 1719 quoque
1553 1686 1728 1710 camera-

33 1725 115 1764 rius
141 1725 235 1763 illuc
261 1725 469 1775 profectus
495 1738 633 1762 secum
659 1723 808 1761 detulit
832 1724 979 1773 jocalia
1005 1725 1189 1775 superius
1215 1737 1551 1775 commemorata,
1579 1731 1628 1767 ob
1654 1732 1728 1769 hoc

33 1783 446 1824 excommunicatus2
475 1791 516 1821 et
547 1782 757 1833 depositus
783 1783 835 1820 ab
861 1784 1041 1829 Urbane,
1064 1793 1111 1822 ut
1137 1793 1255 1834 patet
1278 1800 1327 1823 ex
1358 1787 1467 1824 bulla
1497 1788 1583 1837 ejus
1619 1791 1726 1840 apud

35 1843 257 1883 odoricum
291 1842 568 1892 Raynafflum,
600 1856 665 1880 an.
700 1842 814 1889 1378,
852 1843 868 1891 ἓ
902 1843 989 1881 107.

89 1902 161 1941 Die
193 1902 338 1941 deinde
370 1901 547 1940 secunda
579 1901 744 1951 augusti
775 1901 898 1939 iidem
929 1902 1153 1941 cardinales
1186 1917 1323 1942 coram
1355 1905 1476 1943 Petro
1508 1908 1728 1946 camerario

33 1977 79 2001 ac
110 1962 245 2012 judice
278 1961 483 1999 ordinario
514 1975 587 2011 pro
618 1960 817 1998 tribunali
848 1961 1030 2008 sedente,
1053 1976 1146 1999 cum
1178 1972 1437 2001 enarrassent
1469 1966 1604 2003 omnia
1625 1981 1727 2016 quae

33 2029 128 2071 post
152 2020 335 2071 Gregorii
362 2020 421 2058 XI
447 2028 624 2059 mortem
648 2028 740 2058 acta
765 2020 872 2057 inter
896 2020 1004 2070 ipsos
1029 2029 1146 2061 erant
1170 2029 1211 2059 et
1236 2036 1329 2062 cum
1356 2023 1537 2071 Urbano,
1563 2025 1727 2063 demum

32 2080 284 2118 sententiam
314 2080 356 2117 in
387 2093 481 2118 eum
513 2079 719 2126 dixerunt⁷
752 2093 927 2129 eumque
960 2080 1381 2119 anathematizarunt.
1416 2082 1515 2121 Vide
1546 2084 1727 2134 Sponda—

33 2153 146 2185 num,
163 2153 228 2177 an.
249 2139 365 2185 1378,
389 2139 404 2187 ἓ
425 2138 487 2185 15,
504 2147 546 2176 et
563 2146 594 2176 t.
611 2153 653 2176 1v
671 2138 875 2176 Historiae
898 2139 1179 2176 Universitatis
1197 2140 1345 2187 Paris,
1362 2155 1402 2191 p.
1421 2141 1511 2189 374,
1530 2142 1599 2180 ubi
1616 2143 1725 2181 edita

31 2206 93 2236 est
122 2197 345 2236 declaratio
374 2197 644 2236 cardinalium
672 2197 868 2235 adversus
900 2198 1127 2236 Urbanum.

87 2257 238 2294 Verum
260 2257 455 2295 adversus
476 2257 582 2294 hanc
603 2256 854 2295 sententiam
874 2256 1029 2295 dictum
1051 2265 1113 2295 est
1133 2257 1454 2305 ab,Urbanistis‚
1475 2268 1521 2298 ut
1540 2269 1658 2310 patet
1678 2276 1725 2299 ex

33 2315 168 2366 capite
201 2331 298 2354 va1
326 2315 490 2365 Dialogi
521 2329 643 2365 quem
675 2315 873 2353 Henricus
905 2315 952 2353 de
986 2315 1131 2353 Hassia
1161 2317 1393 2366 composuit
1423 2317 1469 2355 de
1500 2319 1575 2357 hoc
1605 2320 1725 2358 schis-

33 2383 157 2422 mate,
187 2389 268 2412 non
296 2374 418 2412 fuisse
446 2374 625 2424 legitime
654 2374 909 2418 declaratum
937 2389 1074 2414 coram
1100 2374 1235 2424 judice
1263 2375 1316 2413 ad
1343 2390 1465 2426 quem
1492 2378 1726 2427 pertinebat

29 2434 161 2484 primo
202 2434 377 2472 electum
414 2448 497 2471 non
535 2448 619 2471 esse
659 2447 826 2484 papam,
866 2448 959 2473 cum
998 2433 1209 2472 camerarii
1248 2448 1379 2485 papae
1415 2435 1646 2485 jurisdictio
1685 2447 1725 2475 et

31 2501 216 2543 potestas
243 2507 325 2530 non
350 2492 551 2530 extendat
576 2507 616 2530 se
643 2492 696 2530 ad
721 2493 812 2539 hoc,
840 2492 934 2542 quia
962 2507 1034 2530 nec
1059 2507 1110 2530 ex
1135 2492 1308 2543 antiquo
1335 2508 1407 2532 nec
1434 2509 1541 2533 novo
1566 2495 1724 2544 juribus

30 2552 156 2590 habet
192 2559 447 2602 potestatem
483 2551 740 2589 discernendi
776 2551 818 2588 in
854 2566 949 2589 casu
987 2551 1211 2589 discordiae
1248 2552 1355 2590 inter
1402 2553 1627 2593 cardinales
1677 2556 1724 2593 de

30 2610 228 2649 electione
257 2624 403 2660 papae,
431 2610 502 2648 sed
529 2610 656 2648 habet
684 2610 816 2649 solum
844 2618 1096 2660 potestatem
1123 2625 1189 2649 eos
1218 2611 1454 2650 includendi
1481 2621 1522 2651 et
1559 2614 1726 2652 tenendi

30 2669 72 2707 in
91 2670 285 2708 conclave
305 2668 432 2707 etiam
450 2668 492 2707 in
509 2683 614 2719 pane
634 2677 675 2707 et
694 2683 801 2719 aqua
823 2669 951 2707 donec
979 2669 1332 2708 concordaverint.
1355 2671 1416 2708 Ad
1437 2685 1562 2720 quam
1592 2673 1724 2722 objec-

30 2728 187 2766 tionem
215 2728 435 2778 respondet
461 2728 503 2765 in
531 2727 664 2778 capite
693 2742 806 2765 van
829 2728 1106 2766 Clementinus
1131 2743 1138 2765 :
1165 2728 1420 2767 Camerarius
1445 2730 1559 2768 habet
1584 2746 1629 2770 ex
1654 2746 1725 2769 suo

29 2787 152 2837 officio
175 2787 377 2837 procedere
400 2795 534 2824 contra
556 2787 780 2834 detentores,
802 2786 987 2824 violentos
1004 2795 1266 2836 occupatores,
1283 2796 1318 2825 et
1339 2797 1591 2838 usurpatores
1611 2790 1724 2828 bono-

30 2860 119 2884 rum
141 2845 331 2892 Ecclesie;
357 2853 390 2882 et
415 2845 457 2883 in
488 2845 691 2895 proposito
714 2860 808 2883 casu
830 2859 876 2883 ex
899 2845 1034 2883 multis
1058 2859 1128 2895 que
1150 2855 1425 2896 apparuerunt
1458 2848 1598 2886 habuit
1620 2850 1724 2887 vehe-

31 2912 195 2942 mentem
218 2904 488 2954 suspicionem
513 2905 614 2953 quod
636 2904 960 2954 archiepiscopus
983 2904 1175 2942 Barensis
1198 2913 1279 2942 erat
1301 2905 1476 2954 injustus
1501 2908 1670 2946 detentor
1692 2918 1727 2947 et

30 2972 237 3014 occupator
269 2963 457 3000 bonorum
486 2963 671 3010 Ecclesie,
701 2971 736 3000 et
763 2963 1024 3000 accusabatur
1052 2963 1132 3000 sibi
1161 2977 1281 3013 super
1312 2964 1393 3002 hoc.
1425 2965 1552 3015 Quare
1583 2967 1627 3004 de
1654 2982 1726 3006 suo

77 3089 110 3124 1.
141 3088 208 3123 ΜΞ.
236 3070 409 3129 cite‘foi.
437 3089 481 3122 77
507 3094 550 3122 ro.

81 3143 111 3176 2.
141 3141 209 3175 Ms.
236 3141 320 3182 cite,
345 3141 409 3176 fol.
435 3142 504 3176 125
529 3147 573 3176 r0.
