2083 3458
274 195 356 236 880
926 207 1080 232 NOTAE
1115 207 1176 232 AD
1210 207 1340 233 VITAs
1562 178 1565 182 Ι
1837 193 1990 250 [1366]
2025 242 2026 245 ¹

273 293 478 340 nonensis,
510 300 601 330 tum
632 291 760 330 etiam
791 290 1012 330 canonicus
1044 289 1251 329 Ecclesiae
1284 289 1580 340 Majoricensis.
1615 290 1688 329 His
1720 290 1830 329 enim
1859 305 1990 330 sacer·

274 352 396 392 dotiis
427 343 745 390 ornatum'eum
774 349 898 389 fuisse
928 364 1038 388 anno
1068 350 1290 389 MCCCLII
1320 350 1490 389 ineunte
1519 350 1678 401 reperio
1707 350 1750 388 in
1778 351 1989 390 veteribus

275 411 553 451 monumentis
592 425 644 449 ex
680 409 849 449 archivo
886 409 996 460 regio
1036 409 1178 460 oppidi
1218 409 1374 463 Falceti
1402 410 1618 461 descriptis
1653 410 1706 448 ab
1734 410 1989 461 Hieronymo

277 471 510 522 Pujadesio.

329 532 448 570 Anno
476 529 739 569 MCCCLXII
768 543 921 577 mense,
948 537 996 567 ut
1021 528 1203 577 videtur,
1232 529 1341 568 maio
1368 537 1443 567 aut
1469 528 1618 568 saltem
1643 529 1956 580 ineunte‘junio
1973 529 1988 553 1

278 590 543 630 Innocentius
569 604 678 641 papa
706 589 762 627 VI
789 589 906 627 illum
932 589 1090 628 creavit
1111 588 1352 640 episcopum
1377 589 1685 628 Dertusensem.
1708 589 1772 628 Sic
1796 589 1907 628 enim
1938 605 1989 629 ex

274 649 554 705 monumentis
590 649 796 688 Ecclesiae
834 648 1095 687 Dertusensis
1130 648 1294 699 collegit
1327 649 1438 688 idem
1473 648 1733 699 Pujadesius,
1766 657 1814 687 ut
1843 658 1987 700 postea

274 711 522 750 videbimus.

328 772 448 809 Anno
469 768 763 816 MCCCLXVI,
785 783 880 807 cum
899 768 1060 818 Burgis,
1081 776 1131 806 ut
1151 767 1290 807 Surita
1316 768 1390 817 ait,
1412 768 1483 807 lib.
1507 768 1567 806 IX
1595 769 1746 808 Annal.
1769 769 1987 819 Arragon.‚

275 845 362 881 cap.
389 844 502 881 Lxltn,
526 837 569 867 et
590 828 660 867 lib.
689 828 752 866 III
780 828 981 875 Indicum,
1008 827 1186 867 Henrico
1211 828 1573 867 Transtamarensi
1592 828 1724 867 veluti
1758 819 1987 879 legitimam

272 904 492 957 regnorum
523 889 723 928 Castellae
745 897 787 927 et
812 887 1000 938 Legionis
1024 888 1328 939 possessionem
1356 888 1579 939 usurpanti
1607 888 1780 927 solemni
1810 903 1986 928 ceremo-

272 950 434 989 niarum
459 963 614 1000 pompa
639 947 798 998 regium
820 947 1011 986 diadema
1038 956 1145 986 esset
1172 948 1431 998 impositum,
1456 948 1620 986 Joanna
1647 948 1734 998 ejus
1762 963 1866 987 uxor
1890 950 1985 988 Cae-

270 1017 539 1059 saraugustae
566 1023 620 1046 v11
647 1008 726 1047 kal.
752 1007 844 1058 julii
871 1007 939 1058 [25
963 1007 1109 1058 juin]
1099 1023 1141 1045 in
1166 1007 1345 1047 sacrario
1370 1007 1559 1046 coenobii
1584 1007 1791 1046 Minorum
1817 1001 1984 1059 jurisju-

269 1070 388 1109 randi
411 1069 535 1107 fidem
555 1067 784 1119 interponit
804 1082 844 1106 se
865 1067 984 1106 enixe
1001 1081 1170 1118 operam
1191 1068 1401 1116 daturam,
1419 1076 1545 1118 atque
1568 1067 1680 1106 omni
1700 1077 1854 1107 conatu
1870 1082 1984 1107 cura-

268 1139 407 1168 turam
438 1137 485 1167 ut
515 1136 638 1179 pacta
669 1142 693 1166 a
723 1127 812 1166 viro
843 1135 1050 1166 conventa
1081 1127 1305 1166 incolumia
1336 1142 1383 1166 ac
1413 1128 1529 1166 salva
1560 1127 1803 1178 integraque
1833 1128 1984 1167 retine-

267 1198 423 1237 rentur,
462 1202 591 1238 eaque
630 1202 723 1239 pars
761 1186 876 1237 regni
914 1187 1115 1225 Castellae
1153 1187 1403 1226 traderetur
1429 1201 1555 1237 quam
1594 1187 1821 1238 Arragonio
1859 1202 1984 1239 regno

268 1248 613 1288 contribuendam
640 1246 898 1298 pepigerant,
929 1247 1066 1285 Eneco
1095 1247 1144 1285 de
1175 1247 1362 1285 Valterra
1391 1247 1583 1298 episcopo
1613 1247 1883 1295 Gerundensi,
1913 1247 1984 1298 qui

265 1317 410 1360 postea
444 1307 760 1346 Tarraconensis
794 1306 1126 1357 archiepiscopus
1161 1306 1254 1354 fuit,
1288 1321 1452 1345 sacrum
1488 1306 1654 1345 Domini
1687 1321 1833 1357 corpus
1866 1322 1982 1358 prae-

267 1369 436 1407 ferente.
459 1368 507 1405 Ei
525 1367 730 1406 sanctioni
748 1366 988 1405 scribendae
1009 1366 1290 1405 obtestatione
1310 1381 1357 1405 ac
1375 1381 1508 1417 poena
1527 1375 1714 1405 sacratae
1732 1366 1870 1405 adfuit
1888 1382 1982 1406 cum

266 1428 409 1468 ceteris
442 1427 707 1477 magnatibus
742 1426 923 1465 Jacobus
955 1426 1032 1464 iste
1064 1426 1280 1476 episcopus
1312 1434 1405 1464 tum
1440 1427 1713 1474 Dertusanus,
1742 1435 1902 1477 postea,
1934 1435 1982 1465 ut

231 1511 235 1514 ·
266 1488 460 1535 diximus,
489 1487 542 1525 ad
574 1486 839 1525 Valentinam
869 1485 1099 1524 Ecclesiam
1126 1486 1371 1525 translatus.

319 1548 438 1586 Anno
466 1546 753 1585 MCCCLXIX
778 1545 949 1584 vacavit
976 1545 1157 1584 Ecclesia
1186 1546 1421 1585 Valentina.
1446 1546 1552 1584 Tum
1578 1560 1675 1585 vero
1703 1560 1853 1596 magna
1886 1561 1979 1585 con-

264 1607 397 1646 tentio
412 1615 581 1658 propter
595 1608 702 1644 hanc
718 1605 961 1644 cathedram
976 1604 1056 1643 fuit
1069 1605 1178 1644 inter
1194 1606 1400 1644 Jacobum
1416 1606 1464 1644 de
1482 1605 1723 1656 Arragonia,
1739 1605 1980 1657 episcopum

268 1667 563 1713 Dertusanum,
592 1674 633 1704 et
662 1666 832 1704 Petrum
860 1665 909 1703 de
938 1665 1069 1712 Luna,
1097 1665 1385 1715 praepositum
1412 1665 1696 1713 Valentinum,
1725 1665 1797 1715 qui
1832 1673 1978 1716 postea

263 1727 339 1766 sub
359 1726 525 1765 nomine
543 1724 759 1764 Benedicti
780 1724 889 1775 XIH
908 1724 1047 1762 tenuit
1061 1733 1268 1774 papatum
1286 1740 1358 1775 per
1380 1733 1442 1763 tot
1462 1739 1605 1763 annos.
1624 1725 1819 1764 Canonici
1836 1734 1978 1764 tamen

263 1794 459 1825 neutrum
486 1785 707 1835 elegerant,
736 1784 806 1823 sed
837 1783 1147 1823 Ferdinandum
1171 1784 1410 1822 Munozium
1433 1784 1679 1823 canonicum
1701 1793 1742 1823 et
1765 1794 1977 1824 cantorem

263 1846 449 1896 ejusdem
471 1845 690 1883 Ecclesiae.
714 1844 769 1882 At
787 1858 896 1894 papa
920 1844 1112 1882 Urbanus
1127 1844 1167 1881 -V
1184 1843 1499 1894 insuperhabita
1521 1858 1567 1882 ea
1597 1844 1810 1891 electione,
1831 1844 1976 1883 habita
2029 1843 2032 1847 ’

262 1905 421 1944 ratione
447 1919 616 1955 precum
641 1903 753 1942 Petri
778 1903 880 1953 regis
908 1903 1182 1953 Arragonum,
1203 1904 1409 1942 Jacobum
1430 1903 1525 1942 huic
1549 1904 1756 1943 Ecclesiae
1777 1904 1976 1954 praefecit

263 1965 389 2003 literis
407 1964 514 2002 datis
533 1964 595 2002 die
613 1978 685 2001 xm
700 1963 820 2013 junii,
832 1972 880 2002 ut
897 1962 1035 2001 Surita
1052 1962 1261 2011 docet,lib.
1281 1963 1320 2001 X
1336 1964 1488 2002 Annal.
1507 1963 1773 2013 Arragonc'ae,
1790 1978 1878 2015 cap.
1900 1964 1974 2003 IX.

265 2025 514 2074 Quanquam
544 2023 787 2073 Pujadesius
816 2023 858 2060 in
888 2023 1077 2072 Catalogo
1106 2023 1292 2061 nondum
1315 2023 1427 2061 edito
1459 2023 1737 2073 episcoporum
1761 2024 1974 2062 Dertusen-

262 2084 370 2122 sium
394 2083 592 2121 martium
616 2082 735 2133 ponit
759 2097 833 2132 pro
856 2082 987 2132 junio,
1015 2081 1282 2121 Guillelmum
1307 2083 1355 2121 de
1382 2082 1580 2131 Turrillis,
1601 2083 1676 2133 *qui
1703 2083 1860 2122 Jacobo
1885 2098 1974 2122 suc-

262 2143 384 2182 cessit
418 2143 459 2180 in
495 2143 692 2181 cathedra
731 2142 979 2189 Dertusana,
1016 2141 1196 2180 scribens
1232 2143 1285 2180 ad
1321 2142 1548 2181 Ecclesiam
1589 2143 1883 2181 Dertusensem
1917 2143 1973 2182 sic

263 2211 484 2241 vacantem
509 2202 763 2240 translatum
788 2216 873 2240 esse
899 2216 970 2252 per
999 2202 1216 2240 Urbanum
1242 2216 1396 2252 papam
1428 2202 1475 2249 V,
1503 2196 1566 2240 die
1593 2217 1666 2239 X1v
1692 2197 1832 2240 martii
1865 2202 1971 2252 ejus-

263 2263 356 2301 dem
380 2262 490 2300 anni.
519 2261 711 2300 Referam
734 2269 876 2299 autem
899 2261 986 2311 ejus
1011 2262 1138 2299 verba
1164 2262 1215 2299 de
1238 2262 1410 2309 Jacobo,
1435 2261 1467 2299 si
1490 2261 1614 2300 modo
1637 2261 1748 2312 prius
1773 2276 1971 2300 monuero

261 2336 394 2360 errare
419 2321 535 2359 illum
560 2335 654 2359 cum
677 2322 787 2359 hunc
814 2321 1020 2359 Jacobum
1045 2320 1104 2358 ait
1129 2330 1329 2360 vocatum
1354 2320 1478 2359 fuisse
1504 2321 1552 2359 de
1580 2322 1709 2359 Luna.
1739 2321 1905 2359 Etenim
1929 2322 1970 2360 id

262 2396 406 2419 verum
432 2395 515 2419 non
542 2389 616 2419 est.
648 2381 770 2419 Error
797 2381 884 2430 ejus
914 2381 1007 2418 hinc
1036 2388 1149 2419 ortus
1177 2389 1240 2419 est
1268 2380 1380 2431 quod
1407 2395 1501 2419 cum
1529 2380 1611 2418 duo
1638 2395 1684 2418 ea
1717 2389 1969 2431 tempestate

261 2448 397 2479 essent
426 2440 652 2479 cardinales
683 2439 965 2490 cognominati
993 2439 1042 2477 de
1073 2440 1314 2490 Arragonia,
1343 2440 1420 2478 iste
1451 2440 1645 2478 nimirum
1674 2448 1715 2478 et
1745 2440 1890 2480 Petrus
1920 2439 1969 2479 de

262 2500 392 2547 Luna,
410 2499 652 2549 Pujadesius
668 2500 756 2538 illos
772 2498 962 2538 confudit
977 2513 1049 2548 per
1067 2499 1401 2549 incogitantiam,
1419 2508 1458 2538 et
1475 2499 1632 2538 Jacobo
1652 2499 1802 2537 tribuit
1821 2513 1968 2550 cogno-

260 2573 353 2597 men
379 2559 502 2597 Petri.
531 2558 643 2598 Haec
667 2573 761 2609 ergo
786 2567 883 2597 sunt
908 2559 995 2608 ejus
1021 2558 1147 2597 verba
1175 2575 1182 2596 :
1212 2559 1387 2597 „lacobus
1424 2559 1468 2596 de
1500 2558 1723 2608 Aragonia,
1761 2559 1888 2597 dictus
1923 2560 1967 2597 de

260 2619 390 2665 Luna,
423 2618 606 2668 provisus
639 2633 707 2668 per
742 2618 1021 2656 Innocentiam
1052 2632 1205 2668 papam
1243 2618 1301 2656 VI
1338 2632 1445 2656 αηηο
1475 2617 1776 2665 MCCCLXII,
1807 2627 1841 2656 et
1873 2618 1967 2668 quia

259 2678 386 2715 solum
412 2677 629 2726 attingebat
656 2685 819 2715 aetatem
846 2677 959 2715 XXI
986 2691 1199 2742 annorum,
1226 2677 1306 2726 fuit
1340 2677 1595 2727 dispensatus
1633 2677 1820 2727 praestito
1856 2678 1966 2726 jura-

260 2745 384 2774 mento
406 2737 448 2774 L'n
467 2751 579 2801 posse
599 2737 776 2787 episcopi
792 2736 1078 2774 Βανείηοηαε
1066 2751 1109 2774 Ln
1126 2737 1268 2775 eclesia
1285 2736 1515 2774 monasterii
1533 2737 1581 2775 Β.
1599 2737 1761 2774 Manae
1780 2737 1966 2787 Populea·

258 2796 402 2833 XIX
386 2796 495 2843 JLLnL'L'
516 2795 609 2833 dicti
628 2796 743 2843 anni,
762 2804 796 2834 et
813 2804 948 2846 postea
961 2796 1041 2845 jLLL't
1054 2796 1272 2834 translatus
1288 2797 1340 2834 ad
1352 2795 1572 2834 Ecclesiam
1589 2795 1845 2834 Valentinam
1859 2810 1966 2834 anno

258 2855 465 2892 mL'ZleSL'mo
494 2855 757 2892 trecentesimo
785 2856 1029 2904 sexageSL'mo
1059 2869 1175 2894 nono.

312 2914 368 2950 Eo
402 2914 443 2951 in
478 2913 606 2963 gradu
640 2914 757 2952 stetit
795 2914 974 2953 Jacobus
1009 2928 1139 2964 usque
1173 2914 1226 2952 ad
1260 2928 1417 2952 annum
1452 2912 1858 2961 MCCCLXXXVII,
1880 2928 1961 2964 quo

253 2972 418 3010 ineunte
458 2972 704 3022 dignitatem
742 2973 959 3011 cardinalis
998 2972 1076 3011 sibi
1114 2973 1300 3011 oblatam
1337 2987 1359 3011 a
1406 2974 1615 3012 Clemente
1664 2973 1744 3011 VII
1791 2973 1961 3012 tandem

302 3095 332 3127 1.
362 3094 407 3126 Ce
434 3095 492 3128 fut
519 3095 550 3128 le
577 3097 622 3128 10
648 3096 797 3139 janvier
826 3097 973 3139 (Eubel,
1002 3097 1239 3137 Hierarchia,
1268 3103 1293 3130 t.
1322 3108 1346 3137 1,
1374 3108 1409 3140 p.
1439 3096 1538 3140 223).
