2083 3458
639 193 858 220 PAPARUM
892 191 1280 220 AVENIONENSIUM
1402 197 1406 202 ’
1588 185 1592 189 ”
1756 178 1809 220 13

150 276 272 315 Faleo
298 275 483 326 (Celsus),
509 275 719 314 Memoriae
742 276 939 315 historicae
956 276 1145 315 Ecclesiae
1163 276 1434 314 Bononiensis
1456 294 1499 308 =
1526 277 1692 315 Faleoni
1715 277 1805 326 (C.),

96 335 291 373 Memorio
306 334 515 373 historiche
532 335 634 373 della
649 334 796 374 Chiesa
811 336 1028 385 Bolognese
1045 350 1063 373 e
1079 335 1170 374 suoi
1186 335 1352 386 pastori,
1368 335 1564 385 Bologne,
1585 335 1698 374 1649.

148 394 375 432 Fantonius
393 394 708 444 (Sebastianus),
724 395 909 433 Historia
922 394 1217 433 Avenionensis
1233 413 1277 426 =
1297 395 1476 433 Fantoni
1492 395 1701 434 Castrucci
1719 395 1806 444 (S),

98 453 241 491 [storia
257 454 356 491 della
372 453 464 491 citta
478 453 520 491 di
533 453 745 503 Avignone
759 468 777 491 e
792 454 852 492 del
865 454 1043 492 Contado
1062 453 1272 502 Venesino,
1287 454 1449 502 Venise,
1467 453 1581 492 1672.

149 513 332 550 Fazellus
366 513 592 563 (Thomas),
622 513 808 551 Historia
837 513 976 552 Sicula
1007 531 1050 545 =
1081 514 1142 551 De
1170 513 1286 551 rebus
1323 513 1473 552 Siculis
1512 513 1672 552 decades
1703 514 1804 561 duae,

97 572 295 619 Palerme,
324 571 437 610 1558.
1314 586 1316 588 ’

149 631 379 669 Federicius
398 630 664 680 (Federicus),
679 631 865 669 Historia
877 631 1048 681 familiae
1062 631 1220 679 Fliscae,
1237 646 1267 669 s.
1284 632 1309 669 1.
1326 646 1365 670 n.
1384 631 1422 669 d.

149 690 383 727 Fivizanius
419 689 722 740 (Augustinus),
753 690 813 728 De
844 690 925 728 ritu
955 691 1221 729 sanctissimae
1252 690 1394 728 Crucis
1425 705 1579 728 summo
1621 690 1804 740 pontifici

95 749 350 799 praeferendae
369 749 688 797 commentarius,
711 749 856 798 Rome,
879 749 994 788 1593.

149 808 306 846 Fodera
324 808 554 858 <Jacobus),
568 808 754 846 Historia
768 808 985 859 provinciae
999 823 1029 846 s.
1043 809 1334 847 Bonaventurae
1347 827 1391 840 =
1407 809 1804 858 Fode1=e3‹‘Jacques>,

95 866 316 905 Narration
338 867 553 917 historique
574 876 609 905 et
630 868 941 919 topographique
963 869 1029 906 des
1051 883 1217 906 convens
1239 869 1284 906 cle
1315 869 1455 906 l’ordre
1489 868 1528 906 S.
1553 867 1749 913 Francois
1771 876 1804 905 et

95 929 331 964 monasteres
356 927 395 964 S.
421 926 567 973 Claire,
592 926 718 976 e'rigez
740 941 787 964 en
810 928 849 965 la
871 927 1056 978 province
1078 927 1379 965 anciennement
1413 928 1574 978 appelee
1609 928 1653 965 de
1675 928 1801 965 Bour-

95 1000 261 1035 gongne,
278 989 302 1022 ίι
318 988 474 1035 present
489 986 534 1023 de
551 986 591 1024 S.
610 986 899 1035 Bonaventure‚
918 987 1049 1036 Lyon,
1068 986 1182 1025 1619.
1381 1025 1385 1028 ,

146 1045 336 1083 Fontana
357 1044 614 1090 (Vincentius
633 1045 794 1095 Maria),
814 1046 1080 1084 Monumenta
1094 1045 1380 1093 Dominicana,
1401 1045 1545 1093 Rome,
1566 1044 1680 1083 1675.

144 1104 390 1158 Fortifiocca
414 1104 640 1156 ffhomas),
660 1105 754 1142 Vita
772 1105 935 1143 Nicolai
954 1104 1179 1153 Laurentii,
1194 1105 1296 1143 dans
1312 1105 1356 1143 L.
1379 1092 1594 1153 Muratori‚
1614 1104 1803 1154 Antiqui-

92 1171 187 1201 tates
205 1163 349 1201 italicae
365 1164 486 1201 medii
502 1163 589 1212 aevi,
607 1164 746 1212 Milan,
766 1164 881 1213 1740,
898 1173 929 1203 t.
945 1179 1002 1212 111,
1020 1165 1094 1203 col.
1112 1164 1300 1203 399-548.

145 1223 355 1260 Franchus
376 1223 596 1273 Cyrissus),
609 1223 670 1261 De
684 1238 792 1261 anno
805 1224 965 1274 jubilaei
980 1223 1298 1271 commentarius,
1314 1223 1509 1273 Bologne‚
1527 1222 1641 1262 1575.

146 1282 385 1320 Franciscus
418 1283 466 1320 de
499 1282 620 1330 Rivo,
652 1282 878 1321 Chronicon
907 1282 1184 1331 Cluniacense,
1217 1283 1318 1320 dans
1351 1282 1519 1320 Marrier
1552 1281 1803 1332 (Martinus),

91 1341 336 1379 Bibliotheca
358 1341 652 1390 Cluniacensis,
677 1342 805 1390 Paris,
829 1342 944 1390 1614,
968 1343 1042 1381 col.
1067 1342 1306 1380 1627-1685.

146 1400 356 1441 Frizonius
375 1400 570 1451 (Petrus),
594 1400 728 1440 Gallia
742 1410 980 1452 purpurata,
999 1402 1127 1450 Paris,
1146 1401 1260 1440 1638.

145 1460 396 1498 Froissartus
421 1461 635 1512 domines)
653 1479 696 1492 =
715 1461 918 1500 Froissart
942 1461 1029 1511 (J),
1052 1461 1310 1511 Chroniques.
1333 1483 1386 1487 -—
1404 1460 1556 1498 Baluze
1578 1459 1675 1497 s'est
1697 1459 1804 1497 servi

90 1518 140 1557 (16
162 1519 201 1557 la
224 1519 436 1558 mauvaise
460 1519 616 1558 edition
639 1520 688 1558 de
713 1520 838 1559 Denis
861 1520 1064 1571 Sauvage,
1087 1521 1219 1571 Lyon,
1243 1519 1358 1558 1574.
1384 1518 1466 1558 J’ai
1487 1518 1624 1557 utilis&
1646 1519 1702 1557 les
1721 1518 1803 1556 edi-

89 1578 198 1616 tions
216 1578 264 1616 de
284 1579 454 1628 Kervyn
471 1579 520 1617 (16
536 1579 809 1628 Lettenhove,
824 1580 1049 1628 Bruxelles,
1067 1579 1307 1627 1867-1877,
1323 1579 1372 1617 25
1387 1580 1468 1617 vol.
1487 1587 1527 1616 et
1547 1578 1595 1616 de
1622 1578 1659 1616 S.
1678 1578 1801 1626 Luce,

93 1638 219 1685 Paris,
242 1637 481 1686 1869-1899,
504 1639 550 1676 11
572 1639 653 1677 vol.
676 1639 751 1677 Les
771 1640 996 1678 references
1017 1641 1039 1677 ὲ
1061 1648 1170 1678 cette
1191 1639 1374 1677 derniere
1394 1646 1488 1676 sont
1509 1637 1706 1688 signalees
1727 1652 1801 1688 par

92 1697 130 1734 la
150 1697 356 1735 tomaison
376 1706 415 1735 et
434 1698 473 1735 la
492 1698 748 1748 pagination.

143 1756 354 1805 Gaguinus
374 1756 630 1807 ¹Robertus),
648 1758 796 1796 Rerum
813 1757 1049 1807 gallicarum
1064 1758 1245 1806 annales,
1264 1757 1494 1804 Francfort,
1513 1756 1628 1797 1577.

143 1815 368 1854 Gallandus
399 1816 658 1867 (Augustus),
682 1817 743 1855 De
767 1817 1071 1866 franco-allodio
1100 1835 1143 1849 =
1175 1817 1352 1855 Galland
1373 1816 1469 1866 (A),
1486 1816 1555 1853 Du
1574 1815 1689 1865 franc
1710 1816 1799 1853 aleu

90 1882 124 1911 et
142 1874 296 1924 origine
313 1876 378 1913 cles
396 1875 518 1913 droits
534 1876 815 1925 se'gneuriauoe,
835 1876 963 1925 Paris,
982 1876 1097 1915 1637.

142 1934 247 1972 Galli
264 1945 268 1965 ι’
281 1935 493 1984 Joannes)‚
513 1934 772 1985 QitaestioneS,
788 1936 889 1974 dans
905 1936 1116 1974 Molinaeus
1138 1935 1353 1985 (Carolus),
1373 1933 1517 1985 Opera,
1533 1933 1660 1981 Paris,
1682 1933 1797 1982 1658,

89 2001 120 2030 t.
144 2008 185 2040 11,
210 1994 283 2032 col.
309 1993 548 2033 1129-1278.
1787 2022 1789 2024 ·

141 2052 388 2102 Garibayus,
415 2053 601 2091 Historia
625 2053 846 2104 Hispaniae
876 2072 919 2085 z
953 2053 1136 2104 Garibay
1162 2068 1190 2104 y
1219 2053 1427 2092 Camallao
1467 2052 1572 2097 (Est.
1603 2052 1684 2102 de),
1721 2051 1798 2089 Los

88 2120 274 2160 quarento
296 2112 419 2150 libros
442 2113 486 2150 de
509 2112 755 2163 Compendio
776 2113 960 2151 historial
981 2114 1026 2152 de
1048 2114 1108 2151 las
1130 2113 1335 2151 chronicas
1357 2126 1382 2162 y
1405 2112 1608 2150 universal
1631 2111 1798 2149 historia

90 2171 135 2208 de
151 2171 256 2208 todos
273 2172 328 2209 los
344 2186 483 2221 reynos
498 2172 543 2209 de
557 2171 740 2222 Espana,
754 2173 991 2221 Barcelone,
1009 2172 1124 2211 1628.

142 2230 341 2268 Gariellus
371 2232 566 2279 Petrus),
595 2231 724 2270 Series
749 2232 969 2282 praesulum
987 2230 1345 2281 Magalonensium
1363 2229 1796 2280 et.Monspeliensium,

89 2289 307 2337 Toulouse,
329 2290 567 2329 1664-1665.

141 2349 372 2388 Gausredus
414 2349 635 2397 Vosiensis,
677 2349 902 2387 Chronicon
945 2368 988 2382 =
1034 2349 1266 2388 Gaufredus
1308 2348 1516 2387 coenobita
1558 2347 1796 2385 monasterii

87 2407 126 2445 d.
154 2408 352 2446 Martialis
378 2408 694 2456 Lemovicensis,
718 2408 956 2457 Chronicon,
981 2409 1083 2448 dans
1108 2408 1248 2447 Labbe
1268 2408 1391 2458 (Ph.),
1407 2407 1531 2445 Novae
1557 2406 1796 2444 bibliothecae

90 2467 466 2517 manuscriptorum,
485 2476 515 2506 t.
535 2482 576 2516 11,
595 2482 634 2518 p.
655 2467 841 2506 279-342.

141 2526 361 2576 Gazalupis
384 2527 581 2565 (Joannes
600 2527 793 2577 Baptista
815 2527 896 2577 de),
912 2527 973 2565 De
993 2527 1104 2565 modo
1123 2526 1308 2564 studendi
1330 2526 1372 2563 in
1393 2530 1552 2575 utroque
1569 2524 1671 2574 jure,
1693 2523 1794 2562 dans

86 2585 246 2623 Brandt
274 2586 590 2636 (Sebastianus),
619 2586 845 2624 Titulorum
871 2586 1052 2624 omnium
1074 2586 1181 2637 juris
1207 2594 1287 2623 tam
1313 2584 1444 2623 civilis
1469 2598 1587 2634 quam
1612 2583 1796 2621 canonici

85 2644 386 2694 expositionem,
404 2645 566 2694 Venise,
587 2645 702 2684 1584.

146 2703 386 2753 Genealogia
423 2704 550 2753 gentis
587 2704 925 2742 Cardalliacensis
964 2722 1008 2736 =
1061 2703 1303 2754 [Cardaillac
1344 2703 1487 2752 Henry
1523 2701 1666 2739 Victor
1705 2701 1794 2752 de]‚

94 2762 327 2812 Genealogie
349 2764 393 2801 de
414 2764 452 2801 la
474 2763 630 2801 maison
652 2764 696 2801 de
717 2763 958 2811 Caniaillac,
981 2763 1109 2811 Paris,
1133 2763 1247 2801 1664.

140 2821 380 2860 Genselinus
416 2822 464 2861 de
501 2822 737 2870 Cassanhis3
773 2837 847 2860 son
882 2822 1176 2861 commentaire
1211 2836 1279 2859 sur
1313 2821 1369 2858 les
1404 2820 1717 2869 Extravagantes
1749 2820 1794 2858 de

90 2880 194 2918 Jea'n
212 2881 351 2920 XXII
373 2881 500 2931 figure
529 2881 630 2920 dans
663 2882 720 2920 les
749 2881 925 2920 editions
960 2882 1112 2932 glosoes
1141 2880 1196 2918 du
1223 2879 1380 2929 Corpus
1411 2877 1518 2929 juris
1544 2878 1741 2926 canonici,
1770 2880 1792 2916 ὲ

86 2940 217 2989 partir
237 2941 291 2978 du
311 2944 403 2977 Χνιθ
420 2939 552 2979 siecle.

139 2999 358 3037 Gersonius
378 3001 387 3029 ί
394 2999 419 3037 J
424 2999 608 3048 oannes),
628 2999 835 3037 Tractatus
852 3000 897 3037 de
912 2998 1206 3037 examinatione
1222 2996 1504 3044 doctrinarum,
1523 2996 1791 3046 Nuremberg,

86 3071 117 3095 s.
139 3058 178 3096 d.
202 3059 261 3106 (B.
284 3059 349 3106 N.‚
370 3058 459 3097 Res.
475 3058 527 3097 D.
546 3057 651 3097 1678
669 3066 709 3096 et
727 3057 861 3107 1679).
