2083 3458
247 222 327 264 652
895 233 1046 258 NOTAE
1081 233 1141 258 AD
1176 233 1303 258 vlTAs
1796 217 1947 272 [1130]

246 337 286 360 se
307 330 347 360 et
368 329 642 359 antecessores
663 333 756 357 suos
777 332 936 368 semper
954 317 1146 356 habuisse
1166 326 1208 356 et
1227 318 1405 356 tenuisse
1427 318 1478 355 ab
1499 332 1545 356 eo
1564 326 1606 356 et
1625 317 1949 356 antecessoribus

247 381 341 419 suis.
358 389 398 419 et
426 395 466 418 se
495 379 629 417 adhuc
658 378 710 416 ab
740 392 786 417 eo
814 386 952 416 tenere
980 377 1023 415 in
1051 377 1234 424 feudum,
1265 385 1306 415 et
1326 377 1379 415 ad
1401 377 1569 415 seudum
1597 385 1734 415 totum
1756 376 1951 427 quicquid

247 440 484 491 possidebat
508 439 550 476 in
573 445 665 476 toto
692 437 962 484 Narbonensi,
982 445 1024 475 et
1043 445 1179 474 totam
1201 436 1324 475 etiam
1351 436 1618 476 medietatem
1644 437 1824 475 civitatis
1851 436 1951 474 Nar-

248 499 450 538 bonensis.
476 498 579 536 Acta
597 497 612 521 1
633 498 734 536 haec
755 496 866 547 apud
889 496 1128 535 Narbonam
1149 496 1191 533 in
1205 496 1360 546 palatio
1375 496 1521 545 majori
1539 496 1637 534 dicti
1654 496 1808 535 domini
1823 496 1950 534 archi-

248 558 438 609 episcopi.
470 558 580 595 Inter
605 565 731 595 testes
757 564 999 595 numeratur
1025 556 1204 593 Joannes
1231 555 1444 606 episcopus
1471 555 1716 594 Gardiensis.

303 618 458 655 Eodem
478 631 600 664 anno,
621 616 684 655 die
705 630 779 653 xxl
799 615 1048 662 novembris,
1068 615 1120 652 ad
1140 615 1384 666 petitionem
1404 615 1513 653 Petri
1533 615 1695 653 abbatis
1715 623 1757 653 et
1776 628 1951 653 conven-

248 686 314 715 tus
341 676 619 724 Floriacensis,
644 689 794 726 magno
818 675 959 726 populi
980 674 1172 713 adstante
1194 688 1405 722 concursu,
1422 675 1637 713 transtulit
1651 679 1795 725 corpus
1820 673 1952 712 sancti

249 737 383 774 Mauri
405 736 613 785 martyris,
640 735 787 774 tibiam
813 735 945 773 sancti
972 734 1217 782 Sebastiani,
1244 742 1285 772 et
1311 735 1526 772 nonnullas
1553 734 1651 772 alias
1686 734 1875 783 reliquias
1902 747 1952 771 ex

250 810 371 847 capsa
403 795 576 845 antiqua
608 803 649 833 et
679 795 812 844 lignea
843 794 885 832 in
925 793 1048 833 aliam
1090 807 1257 844 capsam
1296 802 1534 843 argenteam
1565 793 1950 844 superdeauratam3

249 855 478 894 Bibliothec.
506 854 693 901 Floriac.,
720 869 758 905 p.
787 853 875 892 252.

302 915 421 953 Anno
451 914 736 953 MCCCXLIX
764 913 880 952 litem
898 912 913 935 2
941 913 984 950 in
1012 913 1123 951 curia
1156 913 1343 950 Romana
1372 912 1552 951 intendit
1581 912 1780 963 episcopis
1811 911 1953 949 suss'ra-

250 975 386 1025 ganeis
404 974 606 1012 Ecclesiae
624 973 915 1020 Narbonensis,
933 972 1001 1022 qui
1016 972 1298 1022 juramentum
1318 972 1527 1010 fidelitatis
1543 972 1578 1010 ei
1594 972 1783 1010 exhibere
1800 971 1954 1009 detrec-

249 1034 399 1072 tabant
427 1048 473 1072 eo
501 1041 735 1084 praetextu,
764 1041 811 1070 ut
839 1032 898 1070 ait
925 1032 1009 1082 ipse
1039 1032 1184 1070 Petrus
1213 1031 1540 1082 archiepiscopus
1569 1032 1611 1069 in
1639 1031 1809 1069 historia
1836 1030 1953 1068 istius

251 1093 566 1141 controversiae,
603 1106 728 1142 quam
762 1106 889 1129 manu
924 1092 1009 1141 ejus
1045 1091 1242 1141 scriptam
1276 1091 1375 1139 vidi,
1412 1092 1512 1141 quod
1546 1091 1626 1141 ipsi
1665 1090 1841 1141 episcopi
1877 1104 1955 1127 non

249 1154 407 1203 fuerant
431 1167 499 1203 per
523 1167 657 1190 eorum
682 1151 858 1202 capitula
883 1151 1005 1198 electi,
1024 1165 1091 1188 nec
1105 1165 1174 1201 per
1193 1150 1535 1201 archiepiscopum
1554 1165 1673 1187 suum
1695 1149 1954 1200 metropolita-

253 1228 349 1251 num
375 1212 598 1262 confirmati
625 1226 694 1249 seu
721 1211 839 1249 etiam
866 1210 1091 1258 consecrati,
1120 1211 1187 1248 sed
1207 1210 1336 1248 solum
1356 1224 1425 1260 per
1444 1218 1622 1248 sanctam
1645 1210 1782 1247 Sedem
1802 1217 1954 1259 aposto-

251 1273 368 1310 licam
388 1271 569 1322 promoti,
591 1286 636 1309 ac
657 1272 700 1308 de
720 1271 806 1320 ejus
828 1271 1011 1308 mandato
1045 1269 1087 1307 in
1108 1269 1221 1307 curia
1241 1284 1406 1307 romana
1427 1270 1483 1307 vel
1510 1278 1617 1307 extra
1649 1283 1795 1306 munus
1827 1282 1955 1306 conse-

239 1332 419 1370 ¹cratian
425 1346 441 1369 3
470 1339 703 1381 receperant,
743 1330 807 1368 cui
848 1338 978 1368 sancte
1009 1329 1101 1367 Sedi
1141 1329 1351 1379 apostolice
1388 1329 1658 1379 juramentum
1690 1336 1807 1378 presti
1814 1336 1953 1367 terunt.

253 1391 429 1430 Pervicit
451 1399 593 1429 autem
616 1390 759 1428 Petrus
782 1398 829 1427 ut
851 1389 1030 1440 episcopi
1052 1389 1105 1426 ad
1129 1388 1303 1427 officium
1327 1388 1519 1436 redirent,
1543 1396 1584 1427 et
1615 1388 1954 1426 constitutionem

252 1451 433 1489 obtinuit
457 1465 479 1488 a
507 1450 713 1488 Clemente
739 1449 810 1497 VI,
836 1450 1042 1487 avunculo
1067 1463 1153 1496 suo,
1182 1462 1261 1498 qua
1288 1448 1513 1487 declaravit
1536 1448 1623 1486 illos
1650 1448 1702 1485 ad
1724 1446 1860 1485 omnia
1886 1446 1955 1484 illa

250 1511 335 1549 suis
361 1509 671 1560 metropolitanis
695 1523 763 1546 seu
788 1508 950 1559 prelatis
974 1508 1068 1546 aliis
1094 1508 1316 1545 immediate
1339 1507 1613 1558 superioribus
1637 1507 1799 1544 omnino
1834 1505 1953 1544 teneri

251 1571 302 1608 ad
327 1585 397 1620 que
423 1577 641 1607 tenerentur
666 1569 701 1606 si
730 1583 808 1606 non
834 1583 902 1618 per
929 1568 1073 1606 dictam
1097 1568 1225 1605 sedem
1251 1568 1308 1605 wel
1331 1568 1374 1605 de
1398 1568 1581 1605 mandato
1609 1566 1739 1617 ipsius
1765 1566 1878 1604 Sedis
1904 1566 1956 1603 ad

253 1629 478 1679 hujusmodi
502 1628 699 1678 regimina
721 1628 887 1678 promoti
911 1642 979 1665 nec
998 1627 1268 1677 juramentum
1290 1626 1518 1676 hujusmodi
1541 1641 1609 1677 per
1630 1640 1692 1663 eos
1714 1625 1839 1663 eidem
1862 1624 1954 1663 Sedi

252 1689 458 1738 prestitum
483 1688 634 1737 fuisset.
666 1688 794 1725 Addit
823 1688 967 1726 Petrus
996 1686 1323 1737 archiepiscopus
1355 1702 1362 1724 :
1392 1686 1480 1736 Qua
1507 1685 1765 1723 declaratione
1791 1685 1896 1734 jacta
1922 1692 1956 1722 et

256 1749 414 1796 bullata,
444 1756 485 1786 ut
511 1756 565 1786 est
593 1747 725 1795 moris,
753 1746 929 1797 episcopi
958 1746 1024 1796 qui
1051 1746 1166 1796 prius
1194 1745 1508 1783 contradixerant
1533 1745 1667 1783 statim
1694 1752 1879 1783 venerunt
1905 1744 1956 1781 ad

253 1808 467 1858 predictam
501 1815 674 1845 nostram
705 1815 883 1844 sanctam
916 1805 1216 1843 Narbonensem
1248 1805 1466 1843 Ecclesiam
1498 1819 1569 1855 pro
1602 1805 1701 1842 dicto
1733 1804 1955 1855 juramento

254 1868 479 1917 prestand03
519 1882 544 1904 a
582 1866 725 1917 quibus
766 1866 899 1916 ipsum
934 1865 1205 1915 juramentum
1231 1864 1357 1915 recepi
1394 1865 1611 1902 secundum
1644 1863 1957 1914 solempnitatem

254 1927 527 1977 precedentem,
551 1926 675 1963 nichil
695 1926 738 1963 de
759 1925 1076 1974 contingentibus
1094 1925 1314 1962 omittendo.
1334 1924 1452 1962 Hanc
1471 1924 1810 1962 constitutionem
1827 1922 1957 1961 Urba-

256 2001 329 2024 nus
355 1987 388 2023 V
414 1986 678 2024 confirmavit
703 2000 810 2024 anno
836 1984 1109 2032 MCCCLXX,
1137 1999 1193 2022 xii
1221 1984 1300 2022 kal.
1323 1983 1556 2022 novembris
1587 1983 1649 2033 [21
1677 1982 1882 2032 octobre],
1905 1981 1954 2019 ad

256 2060 391 2096 preces
426 2045 607 2083 Gaffredi
640 2045 688 2083 de
723 2044 923 2093 Vayrolis,
957 2043 1251 2094 archiepiscopi
1284 2043 1493 2090 Tolosani3
1529 2042 1689 2081 Odoric.
1735 2041 1955 2091 Raynald„

256 2120 363 2143 anno
385 2105 498 2153 1370,
525 2105 541 2153 ἓ
561 2104 622 2143 21.
644 2104 745 2142 Vide
765 2104 1019 2142 additionem
1035 2103 1088 2140 ad
1107 2111 1232 2153 caput
1247 2103 1414 2141 tertium
1435 2102 1527 2140 libri
1546 2102 1665 2149 sexti,
1679 2102 1738 2139 De
1753 2100 1958 2139 concordia

258 2164 460 2203 sacerdotii
494 2172 528 2202 et
562 2163 732 2214 imperii.

310 2225 428 2261 Anno
459 2224 667 2270 MCCCLI,
699 2236 835 2262 mense
867 2222 1094 2269 novembri,
1134 2220 1386 2260 celebravit3
1416 2221 1634 2259 concilium
1672 2220 1956 2270 episcoporum

257 2298 351 2321 suae
369 2283 604 2333 provinciae
622 2283 663 2320 in
682 2282 907 2321 cathedrali
925 2282 1091 2320 ecclesia
1102 2281 1336 2328 Biterrensi,
1357 2280 1466 2330 quod
1485 2294 1506 2317 a
1525 2280 1640 2317 nobis
1660 2280 1816 2317 editum
1836 2287 1898 2317 est
1915 2278 1956 2316 in

257 2343 392 2381 codice
433 2342 702 2380 Conciliorum
748 2341 899 2379 Galliae
938 2340 1226 2388 Narbonensis,
1258 2355 1296 2390 p.
1341 2339 1427 2387 102,
1468 2354 1519 2378 ex
1554 2339 1682 2377 veteri
1716 2338 1852 2376 codiee.
1879 2351 1953 2376 ms.

260 2402 461 2440 Ecclesiae
492 2401 748 2451 Helenensis;
778 2400 887 2451 quod
915 2400 1133 2438 admonere
1160 2414 1234 2450 pro
1261 2413 1333 2437 sua
1360 2399 1587 2437 reverentia
1616 2398 1783 2436 omisere
1814 2396 1957 2447 nuperi

257 2461 520 2500 conciliorum
551 2461 738 2499 editores.

310 2521 428 2558 Anno
452 2520 729 2558 MCCCLXIV
753 2519 931 2570 praefuit
955 2518 1177 2557 conventui
1201 2518 1354 2556 Galliae
1379 2517 1655 2555 Narbonensis
1679 2516 1822 2554 habito
1845 2515 1956 2566 apud

259 2580 458 2618 coloniam
477 2580 810 2626 Nemausensem,
829 2578 891 2616 uti
908 2578 1049 2616 scribit
1067 2578 1305 2615 Guillelmus
1322 2576 1524 2614 Bardinus
1542 2576 1584 2613 in
1600 2575 1782 2613 Historia
1799 2575 1956 2612 chrono-

260 2638 384 2687 logica
418 2639 753 2688 parlamentorum
785 2637 1011 2687 provinciae
1045 2637 1242 2674 occitanae
1284 2636 1344 2674 his
1388 2635 1557 2673 verbis4
1593 2651 1599 2673 :
1636 2635 1756 2672 Anno
1790 2632 1957 2671 Domini

262 2697 521 2735 MCCCLXI
529 2698 562 2735 V
573 2706 614 2736 ct
627 2697 687 2735 die
698 2697 808 2735 XV]
820 2697 965 2734 mensis
977 2695 1362 2746 aprilisArnulplius
1374 2695 1625 2732 marescallus
1638 2693 1808 2731 Francie
1821 2693 1955 2742 guber-

264 2765 371 2793 nator
397 2765 429 2794 et
452 2757 682 2806 capitaneus
707 2755 898 2805 generalis
922 2755 1074 2805 patriae
1105 2755 1302 2792 occitanae
1334 2753 1555 2791 convocavit
1577 2754 1687 2803 apud
1710 2752 1958 2790 Nemausum

262 2824 489 2853 conventum
508 2816 628 2853 trium
644 2816 830 2853 ordinum
841 2815 1034 2865 praedicte
1046 2814 1211 2864 patriae.
1226 2813 1304 2851 Cui
1316 2813 1438 2851 coetui
1451 2821 1628 2863 praeerat
1639 2811 1958 2861 archiepiscopus

308 2956 335 2986 1.
366 2955 404 2987 B.
438 2956 494 2994 N.,
525 2967 591 2988 mS.
622 2956 758 2989 Baluze
787 2956 868 2995 392,
898 2967 932 2988 n.
964 2955 1043 2988 591.

306 3012 334 3040 2.
366 3008 534 3041 Martem—2
556 3016 593 3041 et
621 3009 778 3042 Durand
812 3009 1036 3051 (Thesaurus
1065 3018 1178 3040 novus
1207 3007 1470 3045 anecdotorum,
1503 3011 1528 3038 t.
1558 3017 1595 3044 11,
1626 3005 1693 3037 col.
1721 3003 1951 3046 1395-1399).

302 3062 334 3092 3.
357 3061 423 3092 Lcs
445 3062 572 3094 lettres
595 3062 637 3094 de
659 3062 910 3096 convocation
929 3062 1095 3094 existent
1115 3061 1135 3092 a
1155 3060 1189 3092 la
1210 3060 1249 3092 Β.
1275 3059 1331 3099 N„
1354 3071 1420 3091 ms;
1443 3059 1579 3091 Baluzc
1595 3057 1675 3091 386.
1698 3069 1732 3090 n.
1756 3057 1924 3090 257-271.

302 3114 330 3144 si.
364 3114 521 3145 {lisloirc
546 3114 586 3146 de
610 3114 835 3158 Languedoc,
864 3121 889 3148 t.
917 3127 954 3154 x,
979 3115 1147 3153 Prem'cs,
1174 3114 1241 3146 col.
1267 3113 1312 3145 49
