2083 3458
103 189 226 245 [819]
629 207 845 233 PAPARUM
882 205 1267 233 AVENIONENSIUM
1710 191 1792 232 323

91 288 154 327 die
180 303 237 326 ΧΗ
262 288 385 338 junii3
413 289 523 339 quod
541 289 666 327 etiam
693 299 912 329 notaverat
935 290 1171 341 Onuphrius
1193 289 1416 328 panvinius
1442 288 1483 327 in
1505 289 1685 327 Secunda
1711 289 1792 339 epi-

90 355 198 385 tome.
238 347 433 395 Quamvis
469 356 609 386 autem
644 358 749 387 esset
784 350 1028 388 camerarius
1064 349 1220 399 collegii
1259 348 1541 396 cardinalium,
1578 363 1659 385 non
1702 348 1792 387 ideo

90 413 230 444 tamen
260 407 483 445 censendus
514 415 575 445 est
605 407 726 446 fuisse
757 409 911 447 aerario
941 408 1155 459 pontificio
1183 408 1428 458 praefectus,
1459 415 1506 445 ut
1535 408 1640 445 male
1670 407 1792 446 inter-

89 472 275 514 pretatus
300 473 361 503 est
386 465 660 515 Hieronymus
686 467 866 515 Rubeus,
890 468 958 506 lib.
984 468 1054 515 VI,
1079 467 1184 505 Hist.
1210 467 1442 514 Ravennat„
1465 481 1504 516 p.
1530 466 1618 514 571,
1643 467 1711 504 ubi
1735 466 1794 504 ait

92 523 376 562 Fortanerium
403 524 754 575 archiepiscopum
784 526 1071 565 Ravennatem
1100 526 1271 564 florenos
1300 534 1465 564 centum
1493 525 1792 575 quinquaginta

89 582 256 622 solvisse
289 583 504 622 Guillelmo
536 583 726 634 episcopo
758 585 988 623 Tusculano
1021 585 1216 623 cardinali
1248 584 1403 623 aerario
1433 584 1648 635 pontificio
1678 598 1793 634 prae-

91 641 210 679 fecto.
244 641 384 680 Divisa
414 650 531 680 erant
560 643 699 681 munia
728 644 937 682 camerarii
965 658 1097 694 papae
1122 652 1163 682 et
1193 643 1403 682 camerarii
1433 642 1586 692 collegii
1611 643 1793 681 cardina-

88 699 202 747 lium,
234 708 281 738 ut
311 709 429 750 patet
461 715 510 739 ex
539 701 651 740 libris
683 701 982 751 Obligationum
1008 712 1048 741 et
1081 702 1344 740 Solutionum.
1379 702 1630 741 Camerarius
1663 716 1794 752 papae

88 758 312 809 recipiebat
337 760 529 810 pecunias
556 775 629 810 pro
654 775 776 811 papa,
805 762 1049 800 camerarius
1076 762 1231 811 collegii
1266 761 1535 799 cardinalium
1568 775 1641 811 pro
1668 761 1795 798 cardi-

90 818 264 856 nalibus.
1728 820 1731 822 ’

144 877 332 917 Lutetiae
358 877 400 916 in
427 877 594 928 collegio
616 879 755 918 Sancti
777 879 974 917 Bernardi
1002 879 1212 918 ecclesiam
1226 879 1426 929 ⁶ingressis
1450 878 1593 917 statim
1621 878 1795 916 occurrit

88 950 260 985 sequens
280 936 492 987 inscriptio
512 937 647 987 posita
667 938 742 976 sub
763 946 879 976 scuto
901 939 1102 988 gentilitio
1122 946 1233 976 secto
1253 938 1293 976 in
1314 938 1414 976 duas
1435 946 1571 988 partes
1592 952 1614 975 a
1635 951 1795 975 summo

89 995 141 1032 ad
163 994 311 1043 imum3
336 996 451 1046 cujus
472 996 581 1047 prior
601 1011 694 1047 pars
716 1006 778 1036 est
799 1011 891 1036 area
911 1012 1032 1047 pura:
1056 997 1097 1034 in
1118 998 1246 1035 altera
1264 998 1470 1036 habentur
1487 997 1566 1035 tria
1582 996 1795 1045 conchylia

90 1067 136 1091 eo
173 1054 311 1093 ordine
348 1055 546 1105 disposita
583 1070 664 1105 quo
698 1056 741 1094 in
775 1057 953 1106 vulgatis
990 1056 1193 1094 Historiae
1228 1056 1494 1093 cardinalium
1529 1055 1795 1105 scriptoribus

89 1112 348 1162 reperiuntur
372 1114 413 1152 in
439 1123 555 1152 scuto
581 1115 785 1153 Guillelmi
812 1116 860 1154 de
886 1116 1010 1163 Aura,
1037 1116 1088 1153 ad
1115 1129 1238 1165 quem
1263 1129 1344 1153 non
1368 1115 1560 1165 pertinet.
1590 1115 1692 1152 Eam
1716 1114 1795 1151 ins-

90 1171 334 1222 criptionem
359 1173 568 1212 Frizonius
601 1174 763 1225 scripsit
786 1174 915 1213 videri
947 1190 1021 1225 pro
1044 1174 1189 1224 templi
1217 1173 1384 1212 foribus.
1411 1173 1607 1212 Oldoinus
1644 1173 1795 1222 [Ciaco-

89 1229 192 1278 nius,
216 1239 245 1269 t.
268 1246 308 1279 11,
332 1233 405 1270 col.
429 1232 529 1283 476]
553 1233 602 1272 de
624 1247 696 1271 sua
718 1233 880 1272 addidit
900 1234 1013 1272 illam
1035 1248 1119 1272 esse
1141 1233 1320 1283 positam
1341 1247 1414 1283 pro
1436 1232 1589 1270 foribus
1612 1232 1797 1281 ejusdem

89 1290 257 1339 collegii.
290 1291 350 1329 Illi
378 1306 471 1341 ergo
499 1301 539 1330 et
568 1292 806 1332 Franciscus
837 1293 1091 1331 Duchesnius
1120 1292 1429 1342 inscriptionem
1455 1291 1566 1329 illam
1595 1291 1803 1329 dederunt

90 1348 362 1388 decurtatam.
389 1350 470 1389 Nos
495 1351 683 1390 dabimus
706 1351 921 1401 integram.
948 1352 1006 1390 Ea
1030 1352 1084 1389 sic
1107 1352 1234 1389 habet
1262 1367 1268 1388 :

142 1407 269 1446 Arma
287 1409 378 1447 haec
395 1418 489 1447 sunt
508 1411 748 1448 venerandae
769 1411 977 1448 memoriae
1003 1411 1211 1448 Guillermi
1231 1410 1345 1447 Curti
1365 1410 1561 1459 quondam
1580 1408 1797 1446 cardinalis

90 1466 199 1515 Albi,
228 1467 295 1517 qui
329 1468 447 1507 etiam
475 1469 582 1507 intus
608 1484 741 1507 sacrae
768 1470 980 1519 theologiae
1006 1471 1145 1517 doctor,
1178 1470 1424 1506 Tholosanus
1456 1468 1625 1509 natione.
1654 1468 1796 1506 Cister-

88 1525 233 1564 ciensis
261 1527 462 1577 religione,
493 1529 537 1566 de
566 1528 745 1567 Bolbona
773 1529 1027 1579 professione.
1059 1529 1277 1567 Ecclesiam
1306 1535 1546 1578 praesentem
1574 1528 1626 1564 acl
1654 1528 1796 1577 perfec-

88 1584 232 1623 tionem
248 1587 400 1636 qualem
416 1587 564 1637 optinet
579 1588 774 1637 perduxit,
792 1597 825 1626 et
842 1589 1015 1626 redditus
1033 1588 1164 1638 ipsius
1180 1588 1283 1634 emit,
1302 1587 1436 1624 aulam
1454 1586 1588 1624 multis
1602 1586 1798 1635 jocalibus

88 1643 277 1694 librisque
310 1645 580 1684 bibliothecam
612 1647 835 1696 insignivit,
866 1647 1059 1685 sexdecim
1087 1647 1253 1685 scolares
1285 1647 1392 1683 intus
1425 1646 1467 1683 in
1498 1645 1689 1694 theologia
1717 1653 1796 1683 stu-

89 1704 218 1741 dentes
237 1719 283 1742 ea:
301 1705 464 1755 proprio
484 1714 670 1756 perpetuo
688 1706 890 1756 fundavit,-
911 1707 1025 1756 cujus
1044 1707 1214 1744 solemne
1233 1704 1554 1743 anniversarium
1576 1704 1683 1742 intus
1703 1705 1797 1742 XII

85 1761 182 1812 julii
209 1764 434 1812 celebratur,
464 1773 629 1815 tuncque
656 1774 1079 1817 praesens-conventus
1107 1773 1311 1803 recreatur.
1342 1764 1457 1802 Orate
1484 1778 1554 1814 pro
1583 1777 1636 1802 eo.

141 1822 242 1861 Vide
269 1830 298 1861 t.
326 1837 351 1870 1,
382 1823 524 1861 Italiae
549 1838 695 1872 sacrae,
722 1840 761 1875 p.
791 1824 878 1863 237.

143 1880 201 1919 De
225 1882 369 1921 eodem
393 1883 597 1922 cardinale
622 1883 726 1921 Albo
749 1884 828 1922 ista
852 1885 981 1934 reperi
1005 1884 1115 1934 apud
1141 1884 1346 1922 Joannem
1369 1882 1671 1920 Schaldenland
1693 1881 1794 1931 epis-

89 1954 240 1990 copum
261 1941 519 1980 Culmensem
541 1941 582 1980 in
605 1950 789 1981 tractatu
809 1943 868 1980 De
889 1951 993 1980 statu
1024 1942 1292 1980 cardinalium
1315 1942 1390 1979 sub
1416 1942 1550 1979 finem.
1572 1941 1702 1978 Extat
1721 1955 1794 1978 ms.

86 1998 128 2036 in
152 1999 288 2038 codice
310 1998 415 2038 2089
446 2001 718 2040 bibliothecae
743 2002 1000 2040 Colbertinae
1020 2002 1045 2040 ¹.
1073 2002 1168 2039 Fuit
1199 2016 1319 2052 porro
1344 2001 1523 2038 ,Ioannes
1546 2000 1611 2038 ille
1644 1999 1794 2037 ordinis

88 2058 438 2108 praedicatorum,
462 2060 595 2098 factus
618 2060 830 2111 episcopus
853 2061 1078 2099 Culmensis
1101 2075 1209 2098 anno
1232 2059 1470 2097 MCCCLIX
1493 2066 1681 2105 exeunte,
1704 2073 1793 2108 pos-

87 2124 154 2154 tea
188 2132 284 2156 vero
326 2118 452 2156 etiam
489 2119 820 2167 Hildesemensis,
851 2120 1132 2169 Augustanus,
1162 2128 1202 2157 et
1235 2118 1562 2157 wormaciensis.
1599 2117 1662 2155 Sic
1701 2131 1793 2165 ergo

87 2176 229 2214 scribit
253 2176 301 2215 de
319 2177 395 2216 hoc
421 2177 624 2217 cardinale
653 2179 736 2228 [fol.
765 2179 838 2217 105
854 2179 922 2229 νο]
942 2195 949 2217 :
976 2179 1060 2228 Ego
1078 2193 1124 2216 ex
1140 2178 1268 2227 gratia
1292 2177 1497 2215 tacendum
1522 2176 1584 2213 hic
1608 2190 1683 2212 non
1711 2175 1791 2212 widi

87 2235 188 2284 quod
214 2235 364 2274 audivi.
396 2237 466 2274 Me
493 2246 668 2287 presente
696 2238 800 2276 venit
828 2238 989 2288 quidam
1018 2238 1231 2275 monachus
1260 2235 1534 2275 Cisterciensis
1562 2235 1714 2272 ordinis
1743 2234 1794 2271 ad

87 2295 292 2343 quemdam
332 2296 538 2333 dominum
577 2296 818 2334 cardinalem
848 2305 982 2347 petens
1020 2306 1054 2335 et
1084 2311 1228 2345 rogans
1259 2296 1309 2333 ab
1348 2295 1478 2332 eodem
1512 2294 1669 2331 domino
1709 2307 1789 2330 car-

86 2353 215 2390 dinali
243 2368 289 2391 ex
316 2363 425 2404 parte
463 2355 615 2392 domini
644 2356 741 2393 Albi
778 2356 843 2406 pie
880 2355 1173 2402 recordationis,
1214 2369 1340 2404 nuper
1376 2353 1561 2402 defuncti,
1601 2360 1791 2402 quatenus

85 2412 302 2450 cardinalis
325 2413 405 2450 sibi
430 2414 536 2452 vellet
559 2414 739 2452 assistere
764 2415 806 2452 in
830 2415 1071 2464 promotione
1096 2414 1304 2463 cujusdam
1328 2411 1508 2461 magistri
1535 2411 1577 2448 in
1600 2410 1791 2459 theologia

85 2470 258 2509 Bertoldi
299 2472 468 2520 nomine,
502 2473 675 2522 ejusdem
715 2474 880 2522 ordinis,
913 2474 965 2511 ad
985 2473 1203 2511 Ecclesiam
1235 2472 1511 2521 Eystetensem.
1546 2469 1688 2507 Statim
1727 2469 1789 2506 ille

84 2530 269 2567 dominus
293 2531 522 2579 cardinalis,
548 2532 615 2582 qui
638 2540 730 2570 tunc
754 2532 854 2570 inter
875 2533 976 2570 alios
1001 2547 1079 2570 non
1099 2540 1179 2569 erat
1196 2545 1313 2581 parve
1334 2528 1607 2579 reputationis,
1631 2542 1787 2577 respon—

84 2588 142 2626 dit
165 2589 208 2626 in
231 2589 296 2627 hec
319 2590 458 2628 verba:
480 2591 636 2628 Dicatis
668 2591 826 2629 domino
850 2606 931 2628 meo
963 2591 1159 2629 cardinali
1183 2590 1285 2627 Albo
1309 2589 1410 2638 quod
1439 2602 1506 2636 ego
1527 2586 1694 2637 promisi
1718 2586 1788 2623 tali

84 2647 293 2695 cardinali,
328 2663 439 2698 quem
471 2649 588 2687 etiam
621 2650 853 2698 nominavit,
887 2650 1067 2687 assistere
1101 2649 1143 2686 in
1175 2647 1416 2698 promotione
1450 2645 1559 2683 illius
1592 2644 1788 2693 Cruciseri

84 2706 128 2743 de
155 2707 265 2744 domo
297 2707 548 2759 Theutonica.
579 2708 772 2759 Alioquin
798 2709 878 2746 sibi
906 2709 1069 2746 libenter
1095 2707 1315 2745 assisterem
1344 2706 1387 2743 in
1414 2718 1621 2754 personam
1657 2703 1786 2751 istius,

81 2764 118 2802 si
147 2765 389 2814 promissum
418 2767 646 2816 hujusmodi
678 2782 756 2805 non
786 2768 962 2805 obstaret.
995 2767 1048 2804 At
1079 2766 1143 2803 ille
1171 2766 1290 2815 frater
1320 2778 1407 2802 cum
1437 2763 1544 2800 omni
1575 2762 1787 2800 reverentia

83 2824 287 2873 replicavit
313 2833 445 2863 contra
472 2826 713 2875 promissum
740 2826 969 2875 hujusmodi
997 2825 1128 2863 dicens
1154 2839 1166 2861 .·
1195 2822 1529 2861 Reverendissime
1555 2829 1677 2871 pater,
1709 2835 1786 2858 non

81 2881 215 2930 facitis
237 2883 516 2922 conscientiam
538 2886 639 2934 quod
659 2899 868 2935 personam
894 2884 1103 2922 litteratam
1124 2891 1158 2921 et
1179 2897 1250 2932 que
1280 2881 1417 2919 diebus
1448 2880 1520 2918 vite
1541 2894 1610 2917 sue
1635 2880 1716 2917 Deo
1744 2879 1786 2917 in

83 2940 271 2990 religione
286 2942 471 2980 militavit
483 2943 722 2993 postponitis
737 2951 894 2994 propter
907 2956 1116 2992 personam
1134 2941 1286 2990 laycam
1299 2948 1333 2978 et
1351 2939 1516 2978 totaliter
1531 2938 1784 2986 illitteratam,

132 3066 163 3100 1.
184 3066 224 3100 B.
247 3066 304 3106 N„
324 3078 390 3100 ms.
411 3066 505 3100 latin
524 3066 627 3101 4241.
643 3086 693 3090 —
710 3067 799 3101 Voir
817 3066 946 3109 Quetif
962 3072 1000 3099 et
1020 3058 1179 3105 Echmd,
1201 3071 1226 3099 t.
1244 3077 1268 3105 1,
1288 3077 1323 3108 p.
1345 3064 1424 3098 673.
