2083 3458
308 158 362 198 40
958 168 1109 195 NOTAE
1147 169 1205 194 AD
1240 168 1367 194 VITAS
1892 152 2017 207 [580]

312 257 376 295 del
399 256 510 294 Goth
534 263 574 293 et
597 254 826 292 Landulfus
862 253 1127 303 Brancatius3
1162 267 1212 291 ex
1248 261 1361 290 tomo
1398 252 1530 303 primo
1566 252 1743 290 Bullarii
1769 252 2018 300 Casinensis,

310 332 348 367 p.
382 315 474 353 401.

364 376 405 413 P.
426 375 462 422 3,
490 374 556 423 lig.
589 373 623 411 9.
656 373 894 410 NIVERNUM
932 371 1004 409 ubi
1037 380 1125 409 erat
1154 386 1207 410 vn
1239 371 1318 410 kal.
1352 371 1491 422 aprilis
1520 371 1586 421 [26
1622 370 1791 420 martii],
1819 378 1867 408 ut
1898 371 2019 408 docet

311 434 507 472 odoricus
543 432 799 482 Raynaldus,
839 446 904 470 an.
942 431 1058 478 1306,
1093 431 1170 480 ἓ9.
1218 431 1324 468 Puto
1366 439 1508 469 autem
1546 430 1588 468 in
1624 430 1798 480 epistola
1830 429 2018 479 ejusdem

311 492 529 531 Clementis
572 492 624 529 ad
673 491 918 529 Eduardum
959 505 1094 541 regem
1138 490 1308 540 Angliae
1351 490 1449 528 data
1489 490 1657 528 Naverii
1707 490 1746 527 X
1787 490 1866 527 kal.
1915 489 2019 540 april

311 553 376 603 [23
389 551 542 601 martii]
563 551 846 602 reponendum
859 565 943 588 esse
961 549 1164 588 Nivernis.
1181 549 1346 588 Extatis
1362 558 1391 588 t.
1408 564 1464 597 111,
1481 550 1667 588 Libertat.
1684 549 1829 587 Eccles.
1845 549 2019 598 Anglic.,

308 628 346 662 p.
372 611 472 649 1098
490 611 516 649 ².

362 672 405 709 P.
429 671 465 717 3,
488 670 554 720 lig.
580 670 640 708 11.
666 670 886 708 GRAVATE.
913 669 1090 719 Jaoques
1114 669 1162 706 de
1185 669 1378 707 Therines
1401 677 1511 716 note,
1535 683 1634 707 avec
1656 668 1814 715 malioe,
1837 682 1889 706 au
1912 668 2021 718 sujet

309 731 357 769 de
384 731 568 769 Clement
593 729 627 766 V
655 746 661 767 :
692 729 742 767 In
767 729 944 766 Francia
966 729 1064 778 jacit
1087 728 1220 778 majus
1248 728 1392 766 bonum
1417 728 1709 766 decrassitando
1733 728 1915 778 prelatos,
1940 728 2021 765 sive

308 790 540 828 eartralzendo
568 789 738 827 nimiam
765 788 1055 839 pinguedinem
1082 788 1322 838 prelatorum
1349 788 1533 835 Francie,
1563 796 1753 838 quantum
1780 788 1833 825 acl
1859 787 2021 825 divitias

308 850 550 900 temporales,
589 863 659 898 que
694 856 871 898 prestant
905 848 962 885 eis
999 847 1221 885 occasiones
1256 847 1513 897 superbiendi
1550 855 1584 885 et
1618 847 1790 885 aliorum
1827 847 2021 884 malorum

310 909 378 957 (H.
398 909 458 953 L.,
477 917 506 946 t.
527 923 678 955 xxxlv,
696 904 739 958 {2²
756 907 844 954 191,
863 922 901 945 n.
921 907 973 956 2).
990 930 1044 933 ——
1061 906 1239 945 Geoffroi
1257 907 1305 945 de
1323 906 1436 945 Paris
1453 909 1611 945 resume
1630 909 1817 944 orfiment
1838 907 1876 944 la
1893 906 2020 944 situa—

308 968 396 1006 tion
418 969 487 1018 (H.
510 968 572 1015 F.,
593 975 623 1006 t.
646 982 808 1017 xxl1,p.
832 967 936 1016 115).

626 1056 664 1094 Il
693 1056 751 1094 n'i
782 1065 819 1094 ot
848 1056 936 1094 ville
967 1071 1014 1093 ne
1043 1055 1114 1093 cite

619 1116 679 1153 De
701 1116 791 1166 quoi
813 1116 845 1153 le
865 1130 969 1166 pape
990 1124 1074 1153 eust
1092 1115 1191 1166 pitie'

622 1175 791 1213 N’abeie
806 1190 853 1213 ne
866 1175 997 1226 priore

623 1235 702 1286 Qui
719 1243 791 1273 tost
807 1249 855 1272 ne
869 1235 973 1284 seust
988 1235 1132 1272 defvorei.

362 1327 403 1364 P.
439 1326 475 1373 3,
508 1326 574 1375 lig.
612 1325 672 1363 11.
706 1324 1111 1362 BURDEGALENSEM.
1149 1323 1319 1374 D’apres
1352 1324 1408 1361 les
1441 1323 1755 1362 ambassadeurs
1789 1323 2017 1373 aragonais,

308 1386 490 1425 Clement
510 1385 543 1422 V
564 1392 681 1423 entra
702 1386 724 1421 ἐι
742 1384 963 1422 Bordeaux
981 1384 1017 1422 16
1039 1383 1088 1421 10
1106 1383 1190 1421 mai
1211 1383 1313 1421 1306
1334 1382 1493 1432 (Finke,
1514 1383 1740 1433 Papsttum,
1762 1391 1792 1421 t.
1812 1398 1854 1430 11,
1875 1398 1914 1434 p.
1938 1383 2017 1433 11),

308 1446 396 1483 Une
427 1445 550 1492 bulle,
583 1444 702 1482 datee
734 1444 788 1481 du
820 1443 881 1490 11,
912 1457 940 1493 y
969 1442 1208 1482 mentionne
1238 1457 1282 1481 sa
1312 1445 1504 1493 presence
1537 1442 1727 1492 (Clement
1762 1443 1807 1490 V,
1838 1457 1877 1481 n.
1910 1442 2016 1492 421).

308 1504 511 1542 L’accueil
533 1518 611 1554 que
635 1504 757 1541 firent
776 1503 832 1541 les
852 1502 1062 1541 Bordelais
1086 1504 1107 1540 ἐι
1128 1503 1166 1540 la
1189 1517 1285 1540 cour
1306 1502 1371 1540 fut
1391 1501 1423 1540 si
1443 1517 1523 1552 peu
1545 1501 1736 1552 graeieux
1757 1517 1834 1553 que
1854 1503 1890 1540 Ie
1911 1516 2017 1553 pape

306 1578 454 1614 songea
478 1566 499 1601 2¹1
522 1578 562 1601 se
583 1564 728 1601 rendre
751 1565 773 1600 ὲ
795 1563 997 1601 Toulouse
1021 1578 1028 1600 :
1052 1562 1244 1613 Speratur
1263 1563 1364 1612 quod
1384 1562 1514 1600 veniat
1536 1562 1718 1600 Tolosam
1738 1563 1790 1600 ad
1808 1562 2018 1600 tenendum

308 1624 364 1661 ibi
392 1623 545 1661 curiam
571 1637 699 1670 suam,
728 1622 835 1672 quia,
864 1622 1080 1660 secundum
1108 1622 1209 1672 quocl
1235 1622 1392 1669 elicitur,
1422 1636 1502 1659 non
1529 1621 1696 1659 multum
1723 1622 1897 1671 graciose
1924 1621 2016 1659 reci-

305 1684 474 1733 piuntur
494 1682 763 1732 Burdegualis
784 1682 1006 1720 cardinales
1028 1696 1096 1719 nec
1116 1681 1190 1719 alii
1211 1681 1365 1719 curiam
1385 1689 1584 1731 sequentes
1607 1680 1766 1731 (Finke,
1789 1681 2015 1731 Papsttum,

306 1751 335 1781 t.
353 1757 394 1789 11,
413 1757 451 1792 p.
474 1742 552 1791 14).

359 1802 401 1840 Ρ.
431 1801 467 1848 3,
494 1801 560 1851 lig.
591 1801 651 1840 14.
682 1801 874 1838 REVERSI
903 1814 1025 1838 SUNT.
1056 1799 1313 1838 L’itineraire
1341 1800 1390 1838 de
1418 1799 1607 1850 Philippa
1632 1800 1668 1838 16
1694 1799 1766 1838 Bel
1793 1800 1946 1850 signale
1973 1814 2016 1838 sa

305 1864 495 1911 presence
516 1863 538 1898 ὲ(
558 1861 675 1910 Lyon
694 1860 748 1898 du
767 1860 791 1898 8
808 1860 1033 1898 novembre
1054 1859 1155 1898 1305
1174 1874 1226 1897 au
1245 1860 1268 1898 3
1285 1859 1447 1910 janvier
1467 1859 1568 1898 1306
1587 1867 1629 1897 et
1648 1861 1671 1897 ἐι
1691 1859 2017 1898 Fontainebleau

306 1921 340 1958 16
360 1920 409 1958 26
426 1920 586 1969 janvier
609 1920 676 1969 (H.
697 1920 760 1967 F.,
780 1927 810 1958 t.
831 1934 921 1967 XXI,
940 1935 979 1970 p.
1000 1919 1107 1968 446).

360 1980 402 2018 Ρ.
418 1980 454 2027 3,
467 1980 533 2029 lig.
550 1979 611 2017 15.
628 1980 829 2018 HONORE.
846 1979 899 2017 Le
917 1979 994 2017 due
1009 1979 1057 2016 de
1068 1980 1311 2029 Bourgogne
1333 1986 1501 2016 mourut
1514 1979 1551 2016 16
1566 1977 1682 2016 lundi
1706 1978 1754 2016 21
1773 1992 1881 2016 mars
1902 1977 2016 2017 1306.

306 2039 368 2087 (Ε.
396 2039 519 2086 Petit,
544 2039 721 2076 Histoire
745 2039 810 2076 des
850 2039 944 2076 ducs
968 2039 1012 2076 de
1050 2039 1299 2088 Bourgogne,
1325 2046 1355 2076 t.
1383 2053 1436 2086 vl,
1461 2053 1501 2089 p.
1528 2038 1622 2085 1143
1648 2037 1737 2076 voir
1760 2037 1869 2076 aussi
1894 2038 1940 2076 G.
1970 2037 2018 2075 de

308 2098 473 2148 Nangis,
492 2106 523 2138 ΐ.
539 2113 565 2146 1,
584 2113 622 2148 p.
641 2098 748 2147 353).

360 2158 402 2195 P.
431 2157 467 2205 3,
494 2157 560 2207 lig.
591 2157 651 2195 17.
681 2158 881 2195 GENTILIS
910 2171 1076 2195 FRATER
1095 2161 1255 2204 Mmon,
1284 2156 1417 2195 dictus
1445 2157 1567 2206 vulgo
1596 2156 1644 2194 de
1675 2156 2017 2204 Monte-Florum,

305 2217 519 2267 presbyter
541 2216 755 2255 cardinalis
777 2216 889 2254 tituli
910 2216 1051 2255 Sancti
1082 2216 1249 2254 Martini
1269 2216 1311 2254 in
1341 2215 1566 2263 montibus,
1588 2230 1634 2254 eo
1654 2209 1808 2254 honore
1839 2216 2016 2254 donatus

307 2290 329 2313 a
347 2275 558 2314 Bonifacio
576 2276 681 2313 VIII
699 2290 807 2314 anno
825 2276 961 2314 MCCC
982 2275 1045 2314 die
1063 2275 1253 2314 mercurii
1270 2276 1448 2314 secunda
1467 2274 1616 2313 mensis
1634 2274 1787 2313 martii.
1811 2275 1856 2312 In
1875 2275 2015 2313 601166-

307 2335 437 2373 taneis
461 2334 572 2373 Petri
594 2335 770 2373 Puteani
789 2335 849 2373 De
871 2335 1039 2373 discidio
1061 2335 1269 2385 Bonifacii
1297 2334 1411 2372 VIII
1429 2343 1463 2372 et
1482 2334 1672 2385 Philippi
1690 2334 1841 2382 Pulcri,
1864 2349 1903 2385 p.
1924 2333 2013 2382 388,

307 2394 411 2432 male
431 2402 604 2432 vocatur
620 2394 870 2433 Guillelmus.
890 2395 991 2432 Erat
1010 2394 1075 2432 ille
1096 2394 1263 2433 natione
1283 2395 1454 2433 Picenus
1475 2409 1525 2432 ex
1541 2394 1690 2444 oppido
1707 2393 1858 2432 Montis
1877 2393 2012 2441 Florii,

355 2573 386 2605 1.
413 2571 583 2605 Clement
606 2572 637 2605 V
659 2573 836 2616 sejourna
860 2573 881 2605 ὲ
904 2573 1025 2616 Cluny
1049 2574 1100 2606 du
1121 2574 1167 2606 10
1191 2585 1239 2606 au
1262 2574 1307 2606 12
1331 2585 1430 2606 mars
1454 2573 1561 2612 1306,
1587 2572 1735 2616 d’apres
1758 2583 1814 2605 ses
1837 2571 2012 2615 registres

311 2625 357 2668 (n.
385 2626 465 2665 917,
491 2626 572 2665 950,
598 2626 719 2670 1395).
744 2645 793 2649 ———
815 2626 953 2659 Baluze
977 2638 1014 2660 se
1038 2627 1155 2660 refere
1180 2627 1201 2659 εὶ
1224 2633 1303 2660 tort
1327 2638 1375 2660 au
1399 2626 1557 2660 bullaire
1582 2626 1632 2658 du
1656 2625 1926 2665 Mont-Cassin‚
1952 2637 2015 2658 car

306 2678 417 2711 l’acte
441 2690 504 2711 sur
528 2679 650 2722 lequel
673 2680 699 2712 il
732 2678 904 2724 s'appuie
941 2680 1002 2712 fut
1035 2680 1107 2713 fait
1143 2692 1219 2713 non
1254 2681 1276 2713 ἐι
1300 2680 1434 2724 Cluny,
1460 2680 1554 2712 mais
1581 2679 1602 2711 ἐι
1626 2679 1825 2719 Toulouse,
1852 2688 1900 2712 en
1930 2678 2014 2722 jan-

310 2732 386 2764 vier
407 2733 512 2765 1309.

358 2786 387 2817 2.
408 2785 457 2817 La
479 2787 653 2828 presence
673 2786 716 2818 de
736 2786 906 2819 Clement
923 2786 955 2819 V
973 2787 994 2818 ὲ
1013 2786 1154 2820 Nevers
1173 2793 1230 2820 est
1247 2789 1422 2827 attestee,
1443 2787 1492 2819 du
1511 2787 1552 2819 21
1574 2797 1621 2819 au
1640 2786 1683 2819 27
1702 2797 1801 2818 mars
1819 2785 1926 2825 1306,
1945 2796 2014 2829 par
2042 2810 2048 2817 .

307 2849 361 2869 scs
381 2839 553 2880 registri—s
577 2839 624 2880 (n.
644 2840 726 2879 381,
747 2840 828 2878 384,
849 2840 931 2880 391,
952 2841 1033 2880 866,
1054 2841 1123 2873 902
1142 2846 1180 2873 et
1198 2840 1296 2884 925).
1317 2840 1552 2873 L⁷entretien
1570 2840 1668 2872 dela
1686 2850 1776 2872 cour
1793 2838 2013 2882 pontificale

308 2892 419 2923 coma
435 2892 463 2923 si
487 2893 573 2924 clu-r
589 2893 608 2923 ἐι
622 2892 793 2935 sevoque
811 2894 860 2925 du
875 2893 960 2933 lieu,
975 2893 1073 2926 Jean
1088 2893 1268 2937 Savigny‚
1283 2905 1355 2937 que
1369 2893 1516 2927 celui-ci
1527 2891 1589 2924 fut
1603 2892 1769 2925 autoris&
1792 2892 1812 2924 ὰ
1825 2890 1929 2923 lever
1941 2903 2013 2925 une

306 2944 565 2977 6011111111111011
583 2945 625 2977 cle
641 2944 774 2978 10.000
788 2946 899 2979 livrcs
915 2947 1086 2979 tournois
1101 2959 1164 2980 sur
1179 2947 1303 2980 divers
1318 2949 1552 2980 monasteres
1568 2952 1606 2979 et
1628 2945 1794 2989 prieures
1811 2945 1854 2978 de
1872 2945 2013 2978 France

311 2996 378 3034 (Dc
396 2997 578 3036 Flanmrv,
595 2998 644 3030 Le
658 3010 754 3041 pape
776 2999 937 3032 Clement
955 3000 986 3032 V
1000 3001 1022 3032 (ὶ
1036 3000 1183 3040 Nevers,
1201 3001 1294 3033 dans
1316 3000 1483 3033 Bulletin
1503 3000 1702 3042 historique
1715 3004 1746 3031 et
1766 2998 2014 3042 philologique

306 3051 353 3081 (lu
372 3052 496 3083 comitr}
516 3052 574 3083 (les
594 3057 746 3084 chwaux
763 3053 990 3096 historiques,
1012 3054 1118 3093 1890,
1141 3065 1175 3097 p.
1198 3053 1336 3097 13—22).
