2083 3458
54 190 176 244 [639]
574 203 786 229 PAPARUM
823 204 1205 229 AVENIONENSlUM
1659 188 1735 228 121

42 289 193 326 tionum
216 286 366 325 archivi
398 286 594 332 Vaticani,
621 286 662 323 in
693 301 772 335 quo
802 295 1094 328 enumerantur
1124 287 1346 325 cardinales
1368 302 1389 325 a
1422 287 1579 327 Joanne
1606 287 1736 324 XXII

42 347 165 385 creati
204 360 311 384 anno
344 344 596 391 MCCCXVI,
630 344 692 381 dic
735 360 819 382 xv11
852 346 1088 384 decembris.
1124 346 1241 384 Nunc
1284 346 1495 384 redeamus
1527 346 1569 387 in
1612 346 1736 384 viam.

94 406 211 444 Anno
242 404 405 444 Domini
433 403 581 449 MCCC,
611 403 841 453 Stephanus
870 405 1019 442 electus
1048 404 1126 442 fuit
1153 404 1365 455 episcopus
1393 404 1655 445 Tornacensis
1684 405 1738 443 ab

40 478 120 501 una
145 471 261 514 parte
287 462 588 508 canonicorum,
614 462 741 499 altera
758 463 989 501 conferente
1015 471 1112 501 vota
1138 463 1266 502 suain
1291 463 1533 501 Gaufridum
1559 464 1606 501 de
1634 463 1736 502 Fon.-

41 523 161 569 tanis,
185 521 426 561 canonicum
449 520 728 567 Parisiensem,
753 521 800 559 de
823 535 903 571 quo
925 536 1047 572 supra
1069 537 1106 571 p.
1132 522 1207 559 579
1228 530 1269 560 et
1295 537 1353 572 sq.
1378 522 1533 560 dictum
1561 530 1633 560 est.
1659 522 1735 559 Sed

40 583 185 619 horum
204 588 347 619 neuter
372 580 424 618 ad
443 594 533 617 eam
560 579 797 617 cathedram
825 580 1025 630 pervenit.
1056 581 1103 618 Ei
1129 581 1236 618 enim
1260 581 1489 631 praefectus
1515 589 1576 619 est
1604 581 1739 619 Guido

41 641 89 678 de
112 639 303 678 Alvernia
322 640 333 661 ¹
359 638 463 676 filius
486 638 622 676 fratris
645 638 849 676 Guillelmi
871 639 918 677 de
938 639 1143 685 Alvernia,
1166 639 1344 689 episcopi
1367 639 1610 678 Leodiensis.
1634 639 1735 676 Vide

39 699 301 749 probationes
320 697 522 735 Historiae
541 697 806 734 cardinalium
831 697 1044 745 Gallorum,
1063 713 1102 748 p.
1124 698 1210 736 263.

93 758 211 798 Anno
244 756 462 803 MCCCIII,
496 770 631 793 mense
663 755 791 805 junio,
825 756 1013 794 interfuit
1044 765 1091 794 ut
1124 757 1239 795 testis
1273 757 1426 797 solenni
1461 756 1636 807 Philippi
1682 756 1734 793 IV

42 817 290 856 Francorum
324 815 426 865 regis
462 814 729 865 appellationi
764 815 815 852 ad
851 815 1037 853 futurum
1073 816 1287 856 concilium
1323 816 1504 865 generale
1540 816 1736 853 adversus

38 874 295 913 Bonifacium
319 874 423 911 VIII
446 887 611 924 papam,
636 881 682 910 ut
704 881 822 923 patet
845 888 895 911 ex
917 869 1172 912 Collectaneis
1202 875 1249 912 de
1275 875 1431 912 famoso
1458 875 1525 912 illo
1555 873 1734 919 dissidio,

38 949 77 984 p.
106 933 192 979 109,
219 933 288 971 ubi
314 933 545 983 Stephanus
571 940 744 970 vocatur
768 932 1005 982 simpliciter
1029 934 1336 973 archidiaconus
1361 933 1589 983 Brugensis.
1618 933 1735 981 Quod

38 993 129 1031 ideo
147 1007 266 1042 cogor
284 992 497 1030 observare
517 991 611 1041 quia
632 991 867 1029 Franciscus
889 992 1140 1032 Duchesnius
1158 992 1200 1030 in
1218 992 1396 1029 Historia
1415 991 1736 1029 cancellariorum

40 1051 248 1097 Franciae,
269 1064 307 1101 p.
330 1051 417 1098 243,
440 1050 580 1088 scribit
600 1064 692 1088 eum
707 1050 767 1087 his
784 1050 884 1088 actis
905 1051 1135 1089 interfuisse
1155 1059 1202 1088 ut
1223 1051 1506 1089 cancellarium
1528 1050 1735 1089 Franciae.

92 1111 210 1148 Anno
234 1110 420 1156 MCCCV,
445 1109 508 1147 die
533 1124 588 1146 xv
621 1109 769 1147 mensis
793 1110 1030 1156 decembris,
1065 1110 1246 1147 Clemens
1279 1110 1313 1147 V
1336 1124 1428 1147 eum
1452 1109 1547 1147 fecit
1568 1109 1734 1159 presby—

40 1169 444 1207 terum'cardinalem
468 1168 578 1205 tituli
595 1168 733 1206 Sancti
757 1168 913 1217 Cyriaci
932 1169 972 1206 in
995 1169 1196 1216 Thermis;
1220 1183 1346 1218 eoque
1370 1169 1492 1206 modo
1514 1168 1598 1218 ipse
1622 1168 1734 1205 subs-

40 1228 159 1266 cribit
181 1227 306 1266 literis
330 1227 547 1266 Clementis
571 1227 604 1264 V
628 1228 676 1264 de
699 1241 821 1276 regno
854 1227 1010 1265 Siciliae
1033 1227 1140 1265 datis
1173 1227 1351 1265 Pictavis
1375 1242 1445 1264 xm
1471 1227 1548 1265 kal.
1572 1226 1736 1275 augusti

40 1301 146 1326 anno
174 1286 350 1325 secundo
389 1285 453 1336 [20
479 1286 611 1335 juillet
640 1285 779 1336 1307),
803 1300 904 1335 quae
933 1286 1066 1324 editae
1093 1294 1189 1324 sunt
1224 1287 1275 1324 ab
1304 1286 1476 1324 Odorico
1506 1285 1737 1335 Raynaldo,

39 1360 103 1384 an.
132 1345 244 1391 1307,
275 1346 291 1394 ἓ
316 1345 377 1384 23.
1152 1359 1154 1361 ·

93 1404 211 1443 Anno
238 1404 447 1451 MCCCVI,
475 1404 686 1454 Philippus
712 1418 782 1441 rex
807 1403 932 1441 literis
959 1404 1066 1442 datis
1092 1404 1202 1454 apud
1229 1404 1466 1441 Dordanum
1491 1403 1533 1442 in
1558 1402 1734 1441 crastino

42 1462 221 1502 Paschae
250 1463 284 1502 ei
313 1463 426 1502 dedit
453 1476 633 1503 annuam
660 1463 897 1512 pensionem
925 1463 1031 1501 mille
1056 1463 1251 1501 librarum
1278 1462 1577 1510 turonensium3
1614 1461 1739 1510 idque

42 1522 195 1560 donum
213 1530 356 1572 postea
377 1522 668 1560 confirmatum
688 1530 749 1560 est
767 1521 892 1560 literis
913 1521 1019 1559 datis
1040 1521 1215 1569 Parisiis,
1236 1521 1298 1561 die
1320 1536 1375 1559 xn
1396 1521 1542 1560 mensis
1559 1520 1736 1570 januarii

43 1581 269 1631 sequentis;
289 1595 333 1618 ex
351 1581 451 1618 libro
469 1581 586 1618 rubeo
604 1595 776 1618 camerae
794 1589 1062 1631 computorum
1081 1581 1227 1627 Paris„
1247 1580 1313 1618 fol.
1334 1580 1408 1617 487
1427 1588 1467 1618 et
1485 1594 1531 1629 sq
1549 1581 1575 1618 ².

91 1640 209 1678 Anno
234 1640 414 1678 MCCCX
436 1640 645 1689 delegatus
669 1639 748 1677 fuit
769 1654 791 1677 a
813 1654 921 1690 papa
944 1653 1024 1679 una
1048 1654 1139 1677 cum
1161 1639 1402 1689 Berengario
1426 1639 1613 1689 episcopo
1636 1638 1734 1675 Tus-

40 1699 186 1737 culano
212 1707 258 1736 ut
282 1699 479 1749 reciperet
503 1698 654 1748 scripta
680 1713 783 1748 quae
808 1699 849 1736 in
874 1698 1036 1748 negotio
1050 1698 1251 1738 Bonifacii
1275 1698 1378 1735 VIII
1417 1698 1658 1736 offerrentur
1682 1698 1737 1735 ab

37 1757 84 1795 iis
104 1758 172 1807 qui
191 1757 277 1807 ejus
298 1757 536 1796 memoriam
555 1758 806 1796 accusabant
824 1758 934 1796 et'ab
952 1757 1000 1795 iis
1020 1757 1087 1807 qui
1106 1757 1217 1794 illam
1235 1764 1498 1807 susceperant
1516 1756 1734 1794 defenden-

38 1817 146 1859 dam,
175 1824 222 1854 ut
250 1817 399 1855 docent
428 1815 671 1854 Colleetanea
702 1817 749 1854 de
780 1816 1038 1854 celeberrimo
1062 1816 1128 1854 illo
1154 1816 1332 1863 dissidio,
1353 1830 1392 1866 p.
1423 1815 1511 1862 370,
1536 1815 1624 1862 406,
1645 1814 1735 1861 411,

37 1875 125 1922 511,
144 1875 231 1914 522.

91 1934 245 1972 Eodem
268 1948 375 1975 anno
398 1934 506 1972 idem
531 1934 712 1974 Clemens
736 1935 843 1972 hunc
865 1934 1119 1984 Stephanum
1135 1941 1175 1972 et
1198 1933 1445 1972 Landulfum
1467 1932 1732 1970 Brancatium

37 1993 256 2031 diaconum
283 1993 530 2034 cardinalem
556 1993 666 2030 tituli
685 1993 823 2031 Sancti
850 1993 992 2042 Angeli
1019 1992 1128 2030 misit
1153 1993 1195 2030 in
1221 1992 1394 2030 Galliam
1420 1992 1471 2030 ad
1498 1991 1732 2041 Philippum

37 2066 171 2101 regem
203 2067 273 2102 pro
304 2052 539 2102 quibusdam
584 2052 814 2101 urgentibus
858 2052 1023 2101 negotiis
1041 2052 1068 2098 3,
1101 2051 1237 2101 eisque
1269 2050 1467 2089 concessit
1497 2058 1544 2087 ut
1575 2064 1597 2087 a
1629 2050 1736 2087 clero

86 2211 117 2245 1.
148 2213 176 2245 Il
203 2213 313 2255 s’agit
340 2213 383 2245 de
411 2212 481 2246 Gui
508 2213 551 2246 de
579 2214 779 2257 Bofflogne,
808 2215 957 2246 nomme
983 2215 1124 2257 eveque
1150 2213 1181 2245 le
1209 2213 1252 2245 28
1279 2210 1413 2244 sevrier
1438 2211 1527 2244 1301
1561 2210 1727 2253 (Digard,

41 2276 74 2298 n.
98 2266 219 2308 3947).
245 2265 319 2299 Son
342 2266 444 2299 oncle
467 2277 512 2299 ne
535 2266 593 2298 fut
616 2278 681 2310 pas
704 2268 845 2310 eveque
869 2267 911 2299 de
936 2266 1061 2310 Lib-ge:
1085 2265 1109 2297 il
1133 2265 1192 2296 fut
1212 2265 1270 2298 elu
1292 2270 1616 2297 concurremment
1638 2264 1658 2295 a
1681 2275 1732 2296 un

37 2318 136 2355 tiers,
166 2317 260 2350 mais
290 2319 465 2352 Boniface
485 2319 580 2352 VIII
600 2320 758 2361 l'evinca
782 2320 946 2363 (Digard,
968 2332 1002 2353 n.
1024 2319 1119 2361 591).

88 2371 118 2404 2.
151 2371 207 2404 En
231 2372 426 2405 decembre
451 2373 556 2412 1307,
584 2372 753 2416 Philippo
779 2373 810 2405 le
835 2373 899 2405 Bel
923 2373 974 2405 lui
999 2373 1156 2405 accorda
1181 2371 1345 2404 d'autres
1370 2370 1518 2402 faveurs
1547 2369 1735 2413 (Archives

38 2425 248 2465 nationales,
272 2423 328 2457 JJ
350 2424 406 2464 48,
429 2436 458 2458 e.
482 2426 554 2468 51).

85 2477 117 2510 3.
139 2477 207 2510 Les
228 2478 326 2511 deux
345 2477 552 2511 cardinaux
571 2479 723 2511 avaient
743 2470 837 2522 pour
855 2479 1008 2512 mission
1027 2479 1070 2511 de
1090 2478 1259 2511 conclure
1278 2477 1312 2509 la
1332 2476 1419 2519 paix
1437 2481 1540 2508 entre
1562 2474 1733 2519 Philippo

39 2531 70 2563 le
95 2531 159 2563 Bel
183 2537 220 2563 et
245 2531 295 2564 les
321 2531 509 2574 Lyonnais
539 2531 711 2574 (Cle'ment
739 2532 780 2571 1⁷,
798 2544 832 2565 n.
859 2532 1075 2571 6319-6322,
1094 2531 1197 2567 6326,
1215 2530 1334 2572 6327).
1351 2548 1398 2551 —
1413 2528 1596 2561 Landolfo
1617 2528 1734 2560 Bran-

39 2583 160 2616 caceio
186 2583 244 2616 fut
269 2595 402 2627 promu
427 2584 593 2617 cardinal
618 2596 685 2628 par
709 2585 870 2618 Celcstin
894 2585 937 2624 V,
963 2585 994 2618 lc
1019 2585 1064 2618 18
1088 2583 1298 2627 septembre
1324 2582 1428 2614 1294.
1455 2581 1513 2614 On
1537 2581 1730 2624 l’appelait

41 2637 121 2679 plus
148 2636 349 2670 volontiers
374 2637 405 2670 le
431 2637 596 2670 cardinal
622 2639 665 2671 de
693 2638 840 2681 Naples,
868 2650 976 2681 parce
1002 2637 1092 2681 qu'il
1117 2636 1210 2670 etait
1235 2634 1428 2678 originaire
1454 2634 1497 2667 de
1522 2639 1620 2666 cette
1646 2634 1729 2666 ville

45 2689 185 2732 (Finke,
206 2689 299 2722 Acta
315 2689 582 2733 Aragonensia,
604 2697 629 2723 t.
650 2703 673 2730 1,
694 2703 728 2734 p.
751 2691 830 2730 152,
852 2691 931 2730 183,
953 2691 1033 2733 763)
1056 2697 1094 2723 et
1112 2688 1293 2733 quoiqu’il
1312 2688 1377 2720 eut
1395 2699 1489 2730 pour
1507 2687 1593 2719 titre
1613 2687 1733 2719 cardi-

40 2742 156 2774 nalice
176 2742 311 2785 l'eglise
332 2743 375 2775 de
394 2743 499 2776 Sant‘
519 2744 661 2787 Angelo
679 2744 717 2776 in
738 2744 942 2777 Peschcria.
963 2743 1138 2776 Boniface
1157 2741 1252 2774 VIII
1271 2741 1321 2773 lui
1340 2740 1463 2772 confla
1477 2751 1548 2772 une
1567 2739 1730 2782 legation

42 2795 133 2828 dans
154 2795 185 2828 le
207 2807 385 2839 royaume
407 2796 451 2829 de
474 2796 611 2839 Naples
632 2797 663 2829 lc.
685 2798 704 2830 5
726 2797 818 2829 avril
840 2797 932 2830 ’1295
957 2796 1122 2839 (Digard,
1144 2807 1179 2828 n.
1202 2794 1370 2832 742-765,
1393 2793 1473 2832 814,
1508 2793 1588 2832 823,
1622 2793 1728 2831 1438,

43 2848 146 2887 1498,
169 2848 386 2888 1571-1573,
409 2849 513 2888 1695,
536 2850 657 2892 1841).
694 2849 742 2882 Le
781 2850 800 2882 7
828 2850 918 2882 aofit
944 2849 1036 2882 1299
1067 2848 1232 2892 (Digard,
1260 2858 1294 2879 n.
1334 2845 1551 2888 3402-3404)
1593 2845 1617 2877 il
1642 2845 1732 2878 l'en-

41 2912 139 2944 voya
164 2912 210 2933 en
236 2900 342 2934 Sicile
368 2908 406 2934 et
432 2902 646 2945 l'adjoignit
672 2902 692 2934 a
715 2902 855 2935 Gerard
872 2902 1022 2941 Bianco,
1040 2903 1180 2944 eveque
1197 2900 1240 2932 de
1262 2899 1409 2932 Sabine.
1428 2898 1520 2930 Mais
1546 2897 1733 2931 Landolfo

41 2959 158 2996 ayant
179 2955 236 2987 ete
258 2956 472 2997 soupconne
494 2955 537 2987 de
559 2954 740 2988 favoriser
764 2955 794 2988 le
821 2954 920 2998 parti
947 2954 1153 2998 aragonais,
1181 2951 1356 2985 Boniface
1384 2951 1479 2983 VIII
1506 2951 1537 2984 le
1564 2952 1731 2995 revoqua

45 3006 210 3049 (Digard,
240 3018 274 3040 n.
303 3007 424 3050 3430).
454 3007 512 3041 On
538 3007 568 3040 le
592 3014 724 3041 trouve
745 3008 764 3039 a
790 3008 937 3051 Anagni
957 3008 988 3040 le
1009 3008 1054 3039 14
1075 3006 1225 3040 octobre
1246 3004 1338 3037 1299
1363 3004 1504 3047 OEinke,
1525 3003 1619 3036 Acta
1635 3004 1733 3036 Ara—

43 3060 227 3102 gorzensia,
250 3066 276 3092 t.
297 3072 320 3099 1,
343 3071 378 3103 p.
401 3061 456 3099 55,
479 3061 535 3100 63,
553 3061 609 3100 66,
631 3061 703 3103 69).
725 3060 800 3093 Son
818 3061 945 3104 rappel
960 3059 1082 3093 datait
1095 3069 1143 3091 au
1157 3058 1276 3091 moins
1292 3057 1341 3089 du
1355 3056 1447 3089 mois
1462 3057 1505 3089 de
1519 3057 1732 3100 septembre
