2083 3458
95 181 220 238 [660]
623 198 841 224 PAPARUM
876 199 1262 226 AVENION‘ENSIUM
1709 187 1795 227 145

81 281 251 331 ponitur
270 280 316 317 21
348 288 389 318 et
416 279 473 317 ibi
503 279 701 329 scriptum
731 288 792 318 est
822 295 867 319 eo
902 281 965 319 die
998 289 1208 320 mortuum
1251 297 1335 321 esse
1363 283 1640 322 Bertrandum
1676 285 1790 323 tituli

85 341 328 379 Sanctorum
357 338 527 376 Joannis
555 346 596 376 et
623 339 738 376 Pauli
764 340 1051 389 presbyterum
1071 341 1332 389 cardinalem,
1353 356 1484 392 papae
1505 344 1789 383 camerarium.

83 399 147 436 Ex
169 412 250 448 quo
271 399 359 435 loco
382 405 492 436 certo
515 397 719 447 colligitur
739 398 853 435 illum
876 413 957 436 non
980 399 1101 438 fuisse
1124 399 1360 450 episcopum
1383 402 1645 449 cardinalem,
1668 403 1787 441 adeo-

83 472 161 507 que
177 465 286 495 recte
303 457 354 494 ab
374 456 558 505 Ughello,
572 463 601 494 t.
619 471 631 493 1
656 456 797 493 Italiae
818 471 964 505 sacrae,
982 473 1020 508 p.
1041 458 1129 505 268,
1151 460 1441 508 reprehensum
1455 475 1538 499 esse
1552 461 1787 499 Ciaconium

94 516 138 566 [t.
158 531 200 563 11,
219 531 258 566 p.
279 515 378 565 381]
400 515 647 553 scribentem
664 515 779 552 illum
798 516 920 554 fuisse
940 517 1175 567 episcopum
1195 518 1483 566 Albanensem‚
1504 521 1613 569 quod
1632 520 1787 570 ingenti

81 575 220 613 labore
244 582 388 624 postea
414 573 633 612 clarissime
659 574 852 623 probavit
878 575 1131 625 Augustinus
1158 576 1367 615 Oldoinus.

136 634 179 672 P.
202 633 263 681 69,
284 634 350 683 lig.
372 633 434 671 29.
456 633 695 670 ARNALDUS
729 633 932 672 Novam.
971 635 1271 673 Illustrissimus
1304 636 1364 674 vir
1396 637 1539 675 Petrus
1572 638 1620 675 de
1650 638 1785 676 Marca

82 692 410 742 archiepiscopus
436 691 687 738 parisiensis,
712 692 780 730 lib.
808 692 911 729 VIII
934 693 1040 731 Hist.
1067 694 1319 741 BearnensiS,
1350 709 1436 745 cap.
1472 710 1574 743 xxv,
1601 696 1786 734 meminit

83 751 299 801 cujusdam
319 750 489 788 Arnaldi
512 750 670 788 Novelli
691 752 701 773 ¹
721 751 785 799 jus
808 751 924 789 civile
944 752 1104 802 publice
1125 753 1358 803 profitentis
1378 754 1419 791 in
1440 755 1649 793 academia
1670 756 1788 793 Tolo-

83 824 181 849 sana
207 824 316 848 anno
342 809 686 848 MCCLXXXVI.
717 810 756 847 Si
783 818 990 848 constaret
1016 826 1158 849 verum
1185 827 1268 850 esse
1296 814 1405 862 quod
1433 814 1581 852 docent
1607 814 1786 852 Annales

83 869 359 907 Cistercienses
376 877 417 907 et
442 868 536 906 inde
555 868 764 906 Frizonius
783 877 823 906 et
840 870 1146 908 Sammarthani
1170 871 1212 908 in
1229 871 1416 920 Catalogo
1442 873 1629 910 abbatum
1646 867 1792 910 Fontis·

81 928 236 978 frigidi,
265 928 458 965 nimirum
486 927 713 965 Arnaldum
742 928 901 966 Novelli
929 929 1177 967 cardinalem
1204 930 1326 968 fuisse
1355 931 1784 981 Novempopulanum,

82 987 308 1026 existimari
327 994 466 1037 posset
485 1001 578 1024 eum
598 986 720 1024 fuisse
741 1001 790 1024 ex
809 987 951 1025 eadem
972 996 1090 1037 gente
1111 1002 1160 1026 ex
1180 1002 1259 1038 qua
1279 990 1487 1038 prodierat
1506 991 1570 1028 ille
1588 991 1784 1040 juriscon-

82 1047 227 1094 sultus,
255 1060 347 1084 cum
373 1046 404 1083 is
430 1046 472 1083 in
497 1045 600 1083 actis
627 1059 672 1083 ea
699 1053 946 1095 tempestate
973 1047 1167 1085 confectis
1194 1048 1428 1086 nominetur
1452 1049 1559 1087 inter
1585 1050 1784 1099 quosdam

83 1105 190 1143 viros
220 1105 434 1155 primarios
467 1105 889 1154 Novempopulaniae‚
920 1105 1015 1143 licet
1044 1120 1126 1143 non
1156 1120 1307 1144 omnes.
1342 1107 1514 1145 Facilius
1546 1109 1785 1147 crediderim

84 1164 206 1202 fuisse
231 1164 366 1214 patria
394 1163 623 1201 Fuxensem
643 1164 669 1211 ²,
697 1178 789 1201 cum
814 1163 856 1201 in
881 1164 983 1202 actis
1011 1164 1258 1214 quibusdam
1284 1166 1390 1204 datis
1418 1167 1649 1214 Arausioae,
1677 1181 1786 1205 anno

84 1223 315 1270 MCCCXV‚
339 1223 402 1261 die
426 1237 477 1261 v11
498 1222 601 1272 julii,
622 1222 708 1272 ipse
729 1230 905 1260 testetur
926 1238 966 1261 se
994 1224 1036 1261 in
1058 1224 1237 1273 quodam
1267 1232 1518 1263 testamento
1539 1240 1611 1264 suo
1632 1226 1783 1275 legasse

85 1297 204 1332 usque
223 1282 275 1319 ad
292 1282 499 1331 sexaginta
519 1281 642 1319 libras
667 1282 940 1319 turonensium
969 1297 1180 1334 parvorum
1209 1297 1278 1335 pro
1303 1285 1499 1336 stipendio
1528 1299 1597 1323 seu
1618 1287 1791 1324 mercede*

86 1337 207 1380 unius
236 1343 378 1393 peditis
411 1342 502 1380 boni
530 1348 564 1378 et
602 1342 832 1392 sufficientis
869 1343 912 1379 de
952 1343 1138 1380 comitatu
1175 1344 1282 1381 Fumi
1318 1357 1391 1393 pro
1427 1344 1614 1393 passagio
1653 1352 1783 1381 trans·

82 1400 240 1438 marino
255 1399 282 1438 3.

140 1459 221 1497 Iste
253 1459 332 1497 fuit
363 1459 495 1509 primo
527 1459 752 1496 monachus
784 1459 1022 1497 monasterii
1053 1459 1334 1507 Bolbonensis‚
1366 1468 1414 1497 ut
1445 1475 1580 1511 supra,
1613 1476 1652 1511 p.
1694 1461 1781 1508 641,

84 1520 213 1570 legere
234 1526 307 1558 est.
338 1519 484 1557 deinde
520 1519 648 1557 abbas
690 1518 951 1569 Fontisrigidi
974 1519 1015 1556 in
1046 1519 1217 1558 dioecesi
1240 1519 1538 1566 Narbonensi4,
1561 1529 1651 1559 tum
1680 1522 1784 1559 vice-

84 1577 347 1616 cancellarius
380 1591 572 1616 romanae
607 1577 808 1615 Ecclesiae
841 1577 974 1615 factus
1018 1591 1040 1614 a
1082 1578 1288 1616 Clemente
1320 1578 1368 1625 V,
1401 1593 1508 1617 anno
1541 1579 1783 1626 MCCCV15,

82 1644 178 1687 post
207 1637 375 1674 Petrum
404 1636 574 1674 Arnaldi
603 1636 799 1674 abbatem
831 1637 1002 1675 Sanctae
1033 1636 1168 1674 Crucis
1196 1637 1520 1687 Burdegalensis.
1561 1638 1606 1676 In
1634 1638 1787 1676 instru-

83 1703 223 1734 mento
243 1695 454 1734 fidelitatis
471 1695 671 1745 praestito
689 1695 855 1732 domino
876 1709 1007 1745 papae
1025 1695 1222 1733 Clementi
1240 1696 1273 1732 V
1290 1710 1362 1746 per
1383 1696 1548 1735 nuntios
1575 1704 1616 1735 et
1640 1711 1783 1747 procu-

83 1762 238 1793 ratores
268 1754 431 1793 Henrici
460 1754 553 1801 VII,
579 1754 682 1804 regis
711 1754 1005 1801 Romanorum,
1027 1768 1134 1792 anno
1162 1754 1377 1802 MCCCIX,
1405 1755 1468 1794 die
1495 1755 1659 1794 sabbati
1680 1770 1783 1794 XXVI

84 1813 232 1852 mensis
257 1813 361 1863 julii,
386 1813 429 1851 in
453 1812 609 1863 palatio
634 1813 772 1863 papali
799 1813 1072 1851 Avenionensi
1099 1813 1347 1851 adnotatum
1373 1822 1434 1852 est
1471 1828 1516 1853 ea
1542 1822 1635 1853 acta
1661 1814 1789 1853 fuisse*

84 1873 331 1923 presentibus
365 1872 523 1910 domino
557 1872 774 1910 Bertrando
807 1872 989 1922 episcopo
1018 1872 1201 1909 Albiensi
1235 1872 1387 1910 domini
1420 1887 1523 1923 pape
1557 1873 1783 1920 camerario,

84 1931 243 1969 domino
265 1931 444 1969 Arnaldo
461 1931 599 1969 abbate
614 1931 842 1968 monasterii
860 1931 1142 1980 Fontissrigidi
1160 1939 1290 1968 sancte
1317 1946 1475 1970 romane
1498 1932 1667 1971 Ecclesie
1688 1932 1783 1969 vice-

83 1990 329 2038 cancellario,
359 1990 517 2038 domino
545 1984 748 2028 Bernardo
776 1990 1069 2040 archiepiscopo
1097 1990 1400 2039 Rothomagensi
1419 1992 1446 2038 ⁶,
1477 1999 1552 2030 etc.
1587 1991 1633 2029 In
1663 2004 1787 2029 causa

84 2049 184 2088 item
219 2049 529 2088 accusationum
572 2049 768 2087 adversus
808 2049 1046 2087 memoriam
1080 2048 1281 2087 Bonifacii
1324 2049 1442 2097 VIII,
1487 2064 1552 2089 an.
1590 2049 1782 2097 MCCCX,

85 2109 148 2147 die
172 2123 244 2146 xv1
268 2108 421 2155 martii,
444 2109 555 2159 apud
579 2108 847 2155 Avenionem,
871 2108 940 2145 ubi
965 2108 1275 2146 constituuntur
1296 2108 1447 2146 notarii
1468 2109 1521 2147 ad
1545 2108 1783 2159 excipienda

86 2175 212 2217 gesta,
255 2168 354 2206 haec
378 2175 488 2206 acta
532 2166 725 2205 dicuntur
765 2167 1012 2217 presentibus
1054 2166 1343 2204 venerabilibus
1384 2167 1566 2217 patribus
1612 2167 1789 2205 dominis⁴

84 2226 302 2264 Bertrando
321 2226 504 2276 episcopo
523 2226 721 2273 Albiensi,
744 2225 896 2263 domini
915 2240 1018 2276 pape
1039 2225 1265 2272 camerario,
1286 2240 1331 2263 ac
1349 2226 1551 2264 Bernardo
1571 2225 1788 2276 archiepis-

85 2299 179 2336 copo
219 2285 537 2334 Rothomagensi,
579 2285 759 2322 Arnaldo
801 2285 940 2322 abbate
980 2284 1264 2333 Fontisjrigidi
1289 2285 1457 2329 „ordinis
1498 2284 1783 2332 Cisterciensis9

83 2352 215 2382 sancte
230 2358 388 2382 romane
409 2344 579 2382 Ecclesia
601 2344 928 2382 vicecancellario.
950 2344 1053 2382 Item
1069 2343 1132 2381 die
1149 2358 1190 2380 xl
1207 2343 1354 2382 mensis
1369 2343 1467 2382 maii
1483 2343 1666 2393 ejusdem
1689 2343 1787 2381 anni-

85 2403 281 2441 nonnulla
307 2403 461 2442 ibidem
495 2412 590 2443 acta
624 2403 819 2441 dicuntur
853 2410 1067 2453 praesente
1102 2402 1282 2440 Arnaldo
1309 2402 1461 2441 abbate
1491 2401 1789 2451 Fontisfrigidir

135 2530 166 2562 1.
197 2529 243 2562 Ce
271 2529 535 2572 jurisconsulte
563 2535 619 2561 est
646 2528 802 2561 Arnaud
830 2528 1032 2567 lui-meme,
1061 2529 1155 2561 ainsi
1183 2528 1273 2572 qu’il
1301 2534 1435 2571 appert
1463 2528 1553 2560 d’un
1581 2528 1784 2560 document

85 2582 211 2626 publie
228 2594 296 2625 par
312 2582 359 2615 M.
380 2582 416 2615 C.
435 2582 728 2625 Barrere-Flavy
750 2581 924 2624 (Histoire
941 2583 981 2614 de
998 2582 1031 2614 la
1048 2582 1129 2614 ville
1145 2587 1175 2614 et
1191 2582 1231 2614 de
1247 2582 1283 2613 la
1297 2581 1510 2614 chatelainie
1526 2582 1567 2614 de
1583 2580 1782 2619 Saverdun,

87 2635 201 2675 Paris,
219 2635 323 2674 1890,
341 2647 375 2678 p.
395 2635 551 2667 242-245
567 2641 604 2667 et
619 2635 782 2668 Histoire
796 2635 837 2667 de
850 2635 1077 2677 Languedoc,
1094 2641 1120 2668 t.
1138 2646 1175 2674 x,
1193 2646 1227 2677 p.
1245 2634 1381 2677 69-71).

136 2689 167 2721 2.
199 2689 229 2721 ΙΙ
252 2688 347 2721 etait
370 2687 565 2731 originaire
591 2688 634 2720 de
658 2688 854 2720 Saverdun
881 2687 1036 2729 (Mollat‚
1062 2699 1096 2720 n.
1121 2688 1214 2720 1615
1238 2693 1275 2719 et
1300 2687 1419 2729 2268).
1445 2687 1504 2720 On
1527 2698 1547 2718 a
1570 2686 1715 2719 traduit
1739 2686 1787 2718 de

88 2741 250 2774 diverses
268 2741 396 2783 facons
414 2752 482 2774 son
498 2752 587 2773 nom
603 2752 649 2773 en
668 2741 787 2773 Novel
808 2741 916 2783 (xviie
933 2740 1069 2783 siecle),
1091 2741 1236 2773 Nouvel
1252 2746 1290 2773 et
1309 2740 1492 2772 Novelles.

134 2795 167 2828 3.
196 2794 238 2828 Β.
263 2794 320 2834 Ν.,
345 2794 457 2834 Doat,
481 2800 508 2827 t.
533 2806 608 2834 LXI,
631 2805 666 2838 p.
690 2795 770 2827 376.

135 2848 167 2880 4.
199 2848 229 2880 II
251 2847 382 2880 devint
403 2847 499 2880 abbe
520 2847 542 2878 a
561 2858 634 2879 une
656 2847 743 2879 date
764 2846 981 2886 incertaine,
1005 2846 1054 2878 du
1075 2846 1195 2878 moins
1217 2852 1320 2878 entre
1342 2846 1373 2878 le
1396 2846 1440 2878 10
1461 2845 1673 2888 septembre
1694 2850 1732 2877 et
1752 2845 1788 2877 le·

87 2901 108 2934 7
128 2901 331 2933 novembre
351 2900 443 2933 1297
469 2899 643 2943 (Histoire
662 2900 703 2932 de
719 2899 947 2942 Languedoe,
969 2905 995 2932 t.
1014 2911 1068 2938 ix,
1089 2910 1123 2942 p.
1146 2899 1281 2942 69-71).

137 2954 168 2986 5.
200 2954 230 2986 Il
243 2953 302 2985 fut
316 2954 467 2986 nomme
482 2952 789 2986 vice-chancelier
804 2964 885 2984 vers
900 2952 935 2984 la
949 2952 1230 2995 nii-septembre
1245 2952 1337 2984 1307
1358 2950 1530 2992 (Οἰέηιεηι
1547 2951 1588 2991 V,
1604 2962 1639 2983 n.
1656 2950 1761 2994 1939)
1777 2963 1788 2988 ;

87 3006 180 3039 mais
200 3006 224 3038 il
244 3006 404 3039 succeda
422 3006 444 3037 a
464 3005 586 3038 Pierre
607 3006 650 3038 de
673 3004 938 3044 Podiodorffla,
960 3005 1180 3048 eveque-elu
1201 3005 1244 3037 de
1267 3004 1451 3038 Palencia.

136 3060 168 3093 6.
197 3059 345 3099 Baluze,
368 3064 394 3092 t.
416 3071 466 3098 111,
489 3071 523 3102 p.
548 3059 626 3091 224.
