2083 3458
127 255 250 311 [909]
652 272 867 297 PAPARUM
903 271 1286 297 AVENIONENSIUM
1730 254 1812 296 423

116 353 346 391 Clementis.
383 353 548 391 Praeter
581 353 651 391 hos
685 368 888 391 sermones
922 362 962 391 et
996 361 1223 391 tractatum
1252 353 1311 390 De
1342 361 1571 402 paupertate
1597 351 1746 390 Christi
1778 360 1812 389 et

115 412 393 461 Apostolorum
410 410 438 459 ¹,
470 412 518 449 de
551 425 630 460 quo
662 426 797 461 supra,
828 427 867 461 p.
900 411 988 459 836,
1021 420 1161 451 aetum
1191 421 1265 459 est,
1299 411 1565 461 VVaddingus,
1597 426 1661 449 an.
1696 410 1810 457 1328,

122 470 138 518 ξ
157 470 203 508 13
221 470 277 520 [t.
299 485 365 518 vn,
382 485 420 519 p.
437 470 486 508 82
499 470 527 520 ]‚
542 471 793 508 mentionem
808 471 904 508 facit
921 471 1137 520 cujusdam
1149 479 1352 509 tractatus
1369 471 1421 507 ab
1438 485 1483 509 eo
1500 470 1598 508 editi
1615 471 1811 508 adversus

117 529 354 567 Michaelem
380 529 427 567 de
454 530 644 575 Caesena,
671 543 721 566 an
748 530 971 567 censendus
997 538 1102 568 esset
1126 530 1366 567 haereticus.

170 588 211 627 P.
233 588 320 634 260.
340 589 405 637 lig.
426 588 460 626 5.
484 588 658 625 NomNE
681 602 730 624 ET
751 602 801 624 RF.
837 602 1045 626 CLEMENS.
1067 589 1245 626 Joannes
1265 590 1313 626 de
1344 588 1607 634 Cardalhaeo,
1638 588 1811 636 patriar—

116 647 188 685 cha
225 647 537 694 Alexandrinus,
570 648 611 684 in
643 646 859 684 sermone2
894 662 1014 696 quem
1047 648 1191 685 habuit
1224 648 1265 685 in
1297 647 1478 696 exequiis
1511 647 1695 696 ejusdem
1728 646 1811 683 Cle-

115 707 262 744 mentis
295 722 301 742 :
336 706 426 754 Ipse
454 706 572 753 enim,
605 714 644 742 at
673 706 807 746 nostis,
837 715 1008 755 aspecta.
1039 707 1227 753 convicta,
1257 706 1396 754 affata,
1426 705 1641 753 clementia,
1671 705 1811 742 libera-

114 765 220 802 litate
239 765 307 802 toti
327 765 472 801 mando
492 764 764 802 desiderabilis
783 773 816 802 et
836 765 1164 812 grc‘ttalabmzdas,
1186 765 1252 814 qai
1272 764 1585 814 quamplurimos
1604 763 1813 813 progenuit

116 823 220 872 filios
257 824 460 872 adoptivos
500 824 542 860 in
580 824 744 860 diversis
784 824 972 871 gradibus
1011 824 1180 861 Ecclesie
1217 838 1288 860 sao
1339 832 1506 873 tempore
1557 823 1810 862 ordinandos.

118 883 206 931 Ipse
228 882 409 921 Clemens
429 883 470 920 in
491 883 694 920 collatione
711 881 727 903 3
748 882 856 920 facta
878 883 1042 931 quando
1062 891 1345 931 procuratores
1364 882 1514 919 Bavari
1534 881 1814 920 submiserunt

115 950 286 989 statum,
308 955 538 991 personam,
560 957 620 979 res
643 949 684 979 et
705 941 810 978 bona
833 942 884 978 ad
907 942 1090 979 osculum
1112 942 1263 990 pedum
1285 942 1501 979 beatorum
1519 941 1567 979 de
1588 955 1628 979 se
1646 941 1701 978 sic
1722 940 1781 978 ait
1803 955 1811 978 :

112 1000 270 1038 Debetis
298 1015 386 1049 ergo
415 1001 582 1049 cogitare
610 1000 711 1050 qaod
739 1000 779 1037 in
811 1001 885 1038 ista
914 1001 1075 1037 materia
1107 1015 1176 1036 nos
1204 1000 1382 1037 honorem
1429 999 1598 1037 Ecclesie
1635 1000 1813 1036 volamus

116 1073 349 1098 conservare.
383 1059 433 1097 Et
462 1059 558 1106 ideo,
588 1059 675 1097 licet
702 1059 752 1096 ab
783 1059 956 1108 infantia
987 1059 1143 1096 creverit
1172 1073 1318 1096 mecum
1351 1058 1549 1096 miseratio
1574 1067 1607 1095 et
1636 1058 1680 1095 de
1710 1067 1814 1096 utero

117 1118 254 1156 matris
284 1133 363 1155 mee
392 1133 546 1166 egressa
575 1118 626 1156 sit
656 1132 818 1165 mecum,
850 1126 882 1155 et
911 1118 998 1155 licet
1033 1118 1275 1155 clementiam
1316 1117 1645 1166 desponsaverim‚
1685 1125 1815 1154 tamen

115 1178 317 1215 clementia
349 1192 425 1214 non
457 1186 511 1214 est
540 1177 626 1214 sine
654 1177 813 1225 justitia
845 1191 912 1214 nec
943 1177 1211 1214 misericordia
1242 1177 1328 1213 sine
1359 1176 1524 1215 veritate.
1560 1176 1660 1214 Vide
1692 1189 1814 1225 supra

116 1237 157 1274 in
182 1236 312 1274 Tertia
336 1236 414 1274 vita
435 1236 618 1285 ejusdem
642 1236 874 1283 Clementis,
896 1250 934 1285 p.
960 1236 1046 1274 288.

172 1296 212 1334 P.
239 1295 327 1342 261,
352 1296 417 1344 lig.
444 1295 505 1334 28.
533 1295 611 1332 Dm
638 1309 772 1332 SEXTA
798 1309 1054 1333 DECEMBRIS.
1081 1295 1272 1332 Albertus
1299 1294 1603 1343 Argentinensis
1620 1292 1636 1315 4
1660 1309 1666 1330 :
1696 1292 1815 1341 Infir-

118 1363 246 1392 mata&
277 1363 407 1391 autem
439 1369 547 1403 papa
580 1354 678 1392 obiit
712 1354 755 1391 in
787 1354 849 1391 die
881 1354 1007 1391 sancti
1042 1353 1202 1390 Nicolai
1246 1353 1285 1403 [6
1319 1352 1554 1402 decembre]
1590 1366 1697 1389 anno
1732 1350 1817 1388 LII

116 1420 150 1448 et
175 1412 326 1463 positas
353 1412 395 1449 in
421 1412 520 1450 calce
546 1426 614 1463 pro
640 1412 898 1450 destructione
922 1413 1067 1459 carnis,
1094 1413 1137 1450 in
1169 1413 1404 1449 monasterio
1434 1411 1640 1457 Case-Dei,
1675 1411 1717 1447 in
1744 1424 1816 1460 quo

116 1472 210 1509 olim
224 1472 347 1510 abbas
357 1472 498 1522 suerat,
513 1473 634 1521 jussit
646 1487 686 1509 se
699 1472 870 1521 sepeliri.
893 1472 1010 1509 Errat
1027 1472 1230 1509 Albertus.
1251 1471 1342 1508 Fuit
1358 1471 1466 1509 enim
1482 1471 1561 1508 illic
1578 1470 1816 1516 monachus,

116 1545 198 1568 non
220 1546 315 1569 vero
336 1532 477 1570 abbas.
1822 1577 1825 1581 Ι

174 1591 214 1628 Ρ.
246 1590 334 1633 261,
364 1591 430 1639 lig.
464 1590 524 1628 30.
557 1591 949 1628 TRANSFERENDUS.
992 1591 1043 1627 Le
1083 1604 1198 1639 corps
1230 1598 1336 1627 resta
1367 1590 1387 1625 a
1430 1589 1550 1626 N.-1).
1582 1588 1650 1626 cles
1692 1587 1816 1625 Doms

117 1649 308 1699 jusqu'en
343 1663 449 1688 mars
486 1649 598 1687 1353.
636 1649 945 1687 L’inhumation
980 1657 1050 1686 eut
1083 1650 1161 1687 lieu
1197 1650 1217 1684 a
1254 1650 1290 1685 la
1327 1648 1594 1686 Chaise-[Heu
1630 1661 1681 1684 au
1717 1646 1816 1684 mois

119 1709 265 1746 d’avril
288 1709 475 1758 (Deprez,
498 1717 569 1747 art.
593 1709 676 1751 cite,
699 1724 736 1759 p.
761 1708 962 1756 238-239).

173 1768 214 1806 P.
244 1767 332 1814 262,
360 1769 426 1817 lig.
458 1768 490 1806 1.
523 1768 586 1804 Ex
617 1782 750 1804 PATRE
780 1782 830 1805 Ac
861 1782 1016 1805 MATRE.
1052 1768 1195 1804 Postea
1223 1768 1334 1804 loeus
1374 1780 1525 1803 vacuus
1560 1765 1722 1802 relictus
1755 1771 1817 1802 est

116 1827 156 1864 in
171 1827 296 1865 veteri
321 1827 458 1865 codice
484 1841 555 1865 ms,
582 1841 632 1864 ex
648 1842 727 1877 quo
750 1827 849 1865 haec
875 1827 964 1863 Vita
982 1827 1091 1864 edita
1114 1834 1193 1865 est:
1221 1826 1329 1874 quod
1353 1840 1422 1862 nos
1451 1825 1554 1861 bona
1584 1824 1660 1861 fide
1685 1822 1816 1861 reddi-

118 1886 264 1923 dimus.
714 1903 717 1907 ·

173 1945 214 1983 P.
243 1944 331 1987 262,
357 1946 423 1994 lig.
450 1944 485 1982 3.
517 1945 578 1981 DE
608 1945 820 1991 Rosnnns,
853 1946 974 1993 vulgo
1000 1944 1172 1989 Rosiers,
1201 1943 1284 1980 XII
1317 1943 1366 1981 M.
1399 1943 1438 1980 l'.
1475 1957 1496 1979 a
1522 1942 1681 1979 Tutela.
1712 1940 1817 1978 Huic

117 2004 307 2042 ecclesiae
348 2004 457 2042 idem
498 2004 681 2042 Clemens
724 2004 876 2052 legavit
919 2003 1123 2053 quaedam
1159 2003 1401 2040 indumenta
1444 2000 1728 2046 sacerdotalia,
1771 2007 1818 2036 ut

116 2071 296 2101 testatur
335 2063 421 2112 ejus
464 2063 589 2100 frater
629 2063 882 2105 Guillelmus,
924 2077 1056 2099 comes
1096 2061 1331 2101 Bellifortis.
1372 2061 1412 2098 in
1453 2075 1524 2098 suo
1548 2065 1816 2097 ‘testamento

116 2122 226 2160 edito
248 2122 354 2160 inter
375 2122 632 2159 Probationes
653 2122 838 2160 historiae
863 2121 1144 2167 threntzetzst‘8‚
1167 2135 1204 2170 p.
1226 2120 1273 2157 97
1293 2137 1299 2157 ;
1328 2120 1419 2156 Volo
1440 2128 1473 2156 et
1487 2118 1603 2168 jubeo
1620 2126 1653 2155 et
1674 2117 1816 2154 mando

116 2181 224 2218 reddi
246 2181 425 2218 ecclesiae
447 2181 491 2217 de
512 2181 685 2225 Roserio‚
710 2181 996 2217 Lemovicensis
1018 2180 1195 2222 diocesis,
1220 2180 1450 2216 indumenta
1471 2177 1726 2215 sacerdotalia
1747 2190 1816 2225 per

117 2240 321 2277 dominum
349 2248 523 2277 nostrum
550 2249 707 2278 sanctae
734 2240 942 2277 memoriae
968 2253 1117 2289 papam
1145 2238 1376 2276 Clementem
1412 2236 1471 2274 VI
1497 2237 1587 2274 data
1614 2244 1647 2272 et
1673 2236 1811 2283 legata.

172 2298 212 2337 P.
245 2298 332 2336 262.
362 2299 428 2347 lig.
459 2298 493 2337 6.
526 2299 770 2336 ANICIENsls
802 2312 1041 2343 EPISCOPUS,
1065 2298 1296 2335 Bernardus
1327 2298 1374 2334 de
1405 2297 1639 2341 Castanem,
1668 2302 1811 2343 postea

118 2358 347 2405 cardinalis,
377 2358 425 2395 de
455 2372 534 2407 quo
563 2358 720 2395 dietum
748 2366 808 2396 est
836 2371 971 2407 supra,
1000 2372 1038 2407 p.
1069 2356 1156 2395 718.

172 2416 213 2455 Ρ.
253 2415 342 2463 262,
378 2417 444 2465 lig.
483 2416 518 2455 S.
560 2417 763 2454 MEMORIE
815 2430 1112 2454 MIRABILIORIS.
1165 2416 1308 2463 ltaque
1364 2414 1627 2451 continuator
1666 2410 1812 2459 Nangii

122 2475 165 2524 [t.
191 2490 231 2521 11,
258 2490 295 2524 p.
325 2475 421 2525 105]
449 2490 542 2513 eum
568 2484 689 2513 vocat
715 2476 843 2512 viram
869 2490 1046 2512 summae
1079 2474 1297 2512 memoriae.
1328 2472 1561 2518 petrarcha,
1586 2471 1652 2508 lib.
1684 2470 1697 2507 I
1722 2469 1810 2507 Rer.

167 2599 198 2631 1.
223 2597 343 2635 Ehrle,
364 2609 421 2641 op.
443 2599 513 2633 cit..
536 2604 561 2630 t.
581 2610 604 2637 1,
626 2610 660 2641 p.
683 2599 762 2637 288,
783 2599 864 2637 360,
887 2598 966 2636 524,
988 2598 1056 2630 585
1076 2603 1113 2629 et
1133 2597 1172 2628 B.
1198 2595 1253 2634 N„
1275 2607 1340 2627 ms.
1362 2594 1456 2626 latin
1476 2593 1569 2626 5156
1585 2593 1627 2631 A,
1649 2603 1683 2624 n.
1705 2591 1810 2624 1077.

168 2652 198 2684 2.
220 2651 258 2683 B.
282 2650 338 2685 N..
360 2662 426 2683 ms.
446 2651 540 2683 latin
559 2650 664 2689 3294,
685 2651 746 2684 fol.
769 2652 836 2683 206
856 2655 905 2683 νο.

166 2706 198 2738 3.
219 2704 480 2747 Bibliotheque
500 2703 859 2737 Sainte—Genevieve
879 2715 945 2735 ms.
967 2702 1046 2741 240,
1068 2703 1129 2735 fol.
1150 2702 1219 2734 360
1239 2705 1288 2733 v0.

165 2758 197 2789 4.
222 2757 287 2789 Ed.
303 2757 475 2795 Bohmer,
490 2763 515 2789 t.
528 2769 578 2797 lv,
595 2769 630 2800 p.
646 2758 724 2790 281.
739 2776 786 2779 —-
800 2757 853 2790 La
871 2758 977 2789 sante
995 2757 1037 2788 de
1052 2755 1220 2788 Clement.
1232 2754 1284 2786 VI
1297 2753 1435 2786 semble
1450 2751 1554 2784 avoir
1566 2752 1624 2784 ete
1641 2750 1812 2793 toujours

119 2810 293 2854 pre'caire.
318 2810 371 2842 De
387 2810 480 2842 1342
495 2810 516 2841 a
536 2811 641 2849 1347,
665 2822 712 2843 on
735 2822 779 2842 ne
804 2816 952 2852 compte
977 2820 1042 2852 pas
1064 2807 1183 2840 moins
1206 2807 1249 2839 de
1276 2806 1364 2838 trois
1386 2817 1433 2838 ou
1457 2810 1590 2848 quatre
1612 2802 1811 2841 medecins‚

119 2875 203 2896 sans
229 2869 399 2906 compter
423 2863 473 2895 les
499 2863 738 2906 chirurgiens,
767 2863 829 2906 qui
858 2862 1008 2895 veillent
1033 2873 1095 2893 sur
1119 2860 1197 2893 elle.
1228 2859 1283 2891 En
1309 2858 1502 2892 decembre
1529 2857 1633 2895 1343,
1659 2856 1691 2888 le
1717 2866 1812 2899 pape

116 2915 288 2949 sousfrait
307 2917 356 2948 du
376 2915 472 2959 pied.
493 2915 541 2948 Le
561 2916 581 2949 6
598 2915 745 2959 janvier
763 2916 866 2954 1349,
886 2927 938 2947 un
955 2913 1201 2947 rhumatisme
1219 2911 1427 2955 l’empecha
1445 2911 1489 2943 de
1508 2910 1669 2943 celebrer
1686 2909 1720 2941 la
1739 2908 1813 2941 sete

119 2970 163 3002 de
181 2961 420 3012 l'Epiphanie
441 2968 496 3011 (A.
515 2968 677 3008 Gattico,
694 2969 787 3001 Acta
800 2969 936 3007 selecta,
956 2979 990 3010 p.
1009 2967 1053 2999 52
1070 2972 1109 2998 et
1130 2965 1174 2998 H.
1191 2965 1367 3007 Waquet‚
1385 2964 1477 2996 Note
1492 2974 1557 2996 sur
1573 2963 1621 2995 les
1637 2962 1814 2995 medecins

120 3023 160 3055 de
175 3022 334 3055 Clement
353 3021 419 3060 VI,
438 3021 738 3064 dans-Melanges
754 3021 1010 3063 d'archeologie
1025 3024 1055 3052 et
1080 3018 1274 3057 &histoire
1292 3024 1318 3050 t.
1337 3028 1448 3049 xxxn
1469 3015 1602 3059 (1912),
1620 3027 1654 3058 p.
1673 3014 1810 3057 45-48).

119 3074 167 3108 Μ.
191 3074 333 3118 Deprez
356 3074 471 3117 (thiat,
493 3081 519 3107 t.
541 3086 595 3106 xx
619 3074 753 3118 (1900),
774 3086 808 3117 p.
832 3073 911 3116 235)
935 3084 1046 3116 pense
1066 3071 1157 3114 qu'il
1176 3070 1349 3103 souffrait
1368 3070 1412 3102 de
1431 3070 1465 3101 la
1486 3069 1645 3112 gravelle
1665 3074 1703 3100 et
1722 3067 1812 3110 qu’il

118 3133 271 3160 mourut
294 3127 404 3160 d'une
429 3127 685 3169 hemorrhagie
708 3127 853 3159 interne
877 3125 1117 3158 occasionnee
1141 3135 1209 3167 par
1230 3123 1265 3155 la
1287 3128 1441 3166 rupture
1466 3122 1576 3154 d’une
1601 3127 1761 3153 tumeur.
