2083 3458
60 210 184 266 [761]
589 225 806 251 PAPARUM
842 224 1228 257 AVENIONENSIUM
1671 208 1753 249 263

45 310 264 349 canonicus
287 308 603 357 Aurelianensis,
626 317 675 347 ut
697 309 817 348 docet
840 308 1078 347 Guillelmus
1100 307 1303 346 Bardinus
1326 307 1368 345 in
1390 307 1574 346 Historia
1595 307 1752 346 chrono-

45 369 172 418 logica
188 368 524 418 parlamentorum
548 366 710 417 linguae
728 367 925 406 occitanae
938 368 964 415 ¹,
985 367 1095 417 quod
1118 367 1244 406 etiam
1260 375 1380 417 patet
1396 381 1446 405 ex
1462 366 1622 416 Regesto
1641 381 1751 404 vau

56 427 133 480 [Μ
155 426 228 477 66]
254 422 420 480 archivi}
440 425 539 476 regii
562 427 703 475 Paris,
730 440 818 477 cap.
844 441 1003 474 Lxxvn,
1027 425 1098 464 ubi
1121 440 1230 464 anno
1261 425 1406 464 eodem
1429 425 1754 473 MCCCXXVII,

46 485 109 525 die
135 500 239 524 xxiv
259 484 508 533 novembris,
538 485 683 524 Petrus
712 485 887 523 Galvani
912 485 1130 524 canonicus
1156 484 1473 532 Aurelianensis,
1505 484 1754 534 clericusque

7 571 10 573 Δ
46 544 201 584 domini
223 545 353 583 nostri
376 544 493 594 regis,
519 544 744 594 deputatus
769 553 830 583 est
854 558 935 582 una
961 558 1053 582 cum
1077 544 1204 582 nobili
1227 543 1316 581 viro
1341 543 1507 582 domino
1533 543 1754 594 Radulpho

47 604 223 651 Calhoti,
258 604 387 643 milite
423 603 577 641 domini
610 602 728 653 regis,
754 603 806 641 ad
840 611 977 653 partes
1013 602 1372 642 seneschalliarum
1407 602 1679 641 Carcassonae
1714 610 1753 640 et

47 663 215 701 Tolosae
257 677 330 713 pro
371 662 663 701 reformatione
702 662 873 712 patriae.
914 662 1129 700 Praeterea
1168 676 1219 700 ex
1254 661 1366 699 Actis
1405 676 1616 712 processus
1656 661 1755 699 facti

47 736 154 760 anno
177 721 469 760 MCCCXXXI
491 721 686 759 adversus
718 721 888 759 fratrem
912 721 1115 759 Joannem
1138 720 1314 759 Alberici
1336 721 1385 759 de
1409 720 1548 759 ordine
1579 721 1755 758 fratrum

48 780 397 828 praedicatorum,
430 779 500 830 qui
530 779 745 819 dicebatur
776 779 978 829 quasdam
1006 779 1145 819 literas
1177 780 1344 819 falsasse
1376 793 1480 830 quae
1511 793 1755 830 magnarum

47 839 327 888 rebellionum,
356 838 619 887 seditionum,
648 838 936 877 scandalorum
965 853 1110 878 causae
1138 839 1316 887 fuerant,
1344 838 1386 876 in
1412 839 1558 877 iisdem
1584 839 1755 888 inquam

47 898 171 947 Actis,
189 912 293 948 quae
309 906 457 936 extant
471 897 510 935 in
529 898 672 937 eodem
689 897 855 936 archivo
871 897 980 947 regio
998 897 1228 945 Parisiensi‚
1246 898 1390 936 Petrus
1409 897 1584 936 Galvani
1600 897 1755 947 absque

47 957 129 996 ullo
152 957 275 996 titulo
298 956 537 996 nominatur
558 957 666 995 inter
688 971 754 996 eos
779 956 849 1006 qui
873 956 1088 995 consilium
1111 956 1302 1007 episcopo
1321 956 1537 995 Parisiensi
1553 956 1756 996 dederunt

48 1016 89 1054 in
114 1030 236 1054 causa
261 1016 446 1066 ejusdem
471 1015 608 1054 fratris
636 1015 819 1054 Joannis.
849 1015 912 1052 Ex
938 1029 1018 1065 quo
1044 1016 1270 1054 necessario
1297 1012 1561 1066 consequitur
1587 1016 1755 1054 Petrum

49 1075 224 1114 Galvani
248 1075 371 1114 fuisse
397 1075 604 1113 diversum
629 1088 652 1112 a
678 1075 800 1113 Petro
826 1075 874 1113 de
900 1074 1182 1115 Mortuomari.

102 1134 225 1173 Ortus
259 1142 320 1172 est
351 1134 476 1184 igitur
509 1134 653 1173 Petrus
687 1148 706 1172 e
739 1134 830 1172 vico
856 1133 1134 1172 Mortuimaris
1166 1133 1208 1171 in
1236 1133 1386 1172 finibus
1415 1134 1684 1174 Lemovicum
1716 1141 1757 1172 et

51 1193 281 1241 Pictonum,
310 1207 444 1242 genere
470 1192 668 1242 mediocri,
695 1194 727 1232 si
756 1192 856 1238 fides
882 1192 1073 1231 habenda
1107 1192 1232 1230 Gestis
1258 1192 1532 1243 episcoporum
1558 1193 1757 1230 Autissio-

49 1252 275 1290 dorensium
294 1252 318 1290 ².
343 1252 460 1300 Quod
480 1251 511 1290 si
531 1265 673 1290 verum
695 1260 769 1300 est,
789 1251 876 1301 jam
896 1260 1060 1290 constat
1081 1251 1164 1290 falli
1185 1266 1250 1290 eos
1273 1251 1342 1301 qui
1361 1259 1514 1302 putant
1532 1252 1647 1290 illum
1667 1266 1757 1301 pro-

50 1319 222 1361 gnatum
248 1325 299 1350 ex
323 1311 450 1350 nobili
477 1320 518 1349 et
543 1311 716 1361 antiquo
743 1319 962 1349 stemmate
989 1310 1280 1349 vicecomitum
1309 1311 1758 1361 Rupecavardensium,

50 1384 225 1420 eumque
249 1379 466 1421 propterea
490 1379 643 1409 vocant
668 1369 917 1409 cardinalem
942 1369 1254 1409 pictaviensem.
1285 1370 1548 1419 Quamquam
1574 1370 1758 1420 Rupeca-

52 1429 270 1468 vardenses
294 1443 376 1468 non
398 1428 608 1480 pertinent
631 1429 683 1467 ad
703 1429 995 1477 pictavienses,
1020 1429 1090 1467 sed
1113 1429 1165 1467 ad
1190 1428 1440 1468 Lemovices.
1460 1429 1611 1467 Errant
1634 1428 1758 1467 etiam

52 1489 121 1538 qui
138 1496 314 1528 matrem
331 1488 417 1538 ejus
432 1496 565 1527 ortam
582 1489 699 1527 aiunt
717 1503 736 1527 e
749 1496 868 1538 gente
882 1488 930 1527 de
941 1488 1136 1526 Banhaco
1151 1503 1298 1539 propre
1309 1488 1503 1527 Belacum
1521 1488 1562 1525 in
1580 1487 1760 1525 marchia

54 1547 346 1596 Lemovicensi,
385 1561 478 1586 cum
515 1556 658 1587 contra
695 1562 806 1586 soror
842 1547 929 1598 ejus
967 1547 1153 1598 nupserit
1188 1548 1297 1598 patri
1336 1547 1445 1586 Petri
1483 1548 1531 1586 de
1567 1547 1760 1585 Banhaco

53 1606 283 1654 cardinalis,
312 1607 381 1656 qui
408 1614 626 1658 propterea
653 1607 761 1645 hunc
790 1606 960 1645 Petrum
987 1606 1035 1645 de
1064 1606 1333 1645 Mortuomari
1363 1606 1612 1646 cardinalem
1639 1614 1762 1644 vocat

53 1666 305 1703 avunculum
326 1679 457 1704 suum.
1165 1704 1167 1706 ,

105 1724 248 1762 Virum
278 1724 401 1763 fuisse
431 1725 657 1764 acutissimi
687 1724 837 1774 ingenii
867 1739 914 1763 ac
942 1724 1042 1775 juris
1073 1724 1288 1774 utriusque
1318 1725 1590 1775 professorem
1620 1724 1761 1763 solem-

53 1797 147 1822 nem
179 1792 221 1822 et
261 1783 368 1822 inter
401 1783 651 1823 consiliarios
693 1784 822 1834 regios
857 1783 1187 1822 strenuissimum
1220 1784 1404 1834 produnt
1437 1783 1581 1822 eadem
1621 1782 1735 1821 Gesta
1749 1783 1763 1804 ⁵⁵

52 1842 326 1892 episcoporum
345 1842 770 1890 Autissiodorensium,
793 1857 896 1893 quae
917 1857 1010 1881 eum
1026 1857 1188 1893 quoque
1210 1842 1497 1881 cancellarium
1515 1842 1618 1893 regis
1640 1842 1762 1880 Fran-

54 1915 194 1939 corum
214 1901 336 1940 fuisse
357 1901 588 1952 perhibent,
612 1903 721 1951 quod
743 1916 815 1952 ego
836 1909 939 1952 puto
960 1902 1110 1940 falsum
1131 1916 1228 1940 esse.
1253 1902 1426 1940 Constat
1449 1910 1587 1940 tamen
1609 1916 1702 1940 eum
1722 1902 1762 1939 in

55 1974 203 2010 magna
224 1961 529 1999 existimatione
551 1961 741 1999 habitum
762 1961 801 1998 in
824 1975 870 2000 ea
892 1961 998 1999 aula.
1023 1962 1153 1999 Extat
1175 1961 1283 2000 enim
1304 1961 1344 1998 in
1368 1975 1527 1999 camera
1551 1968 1762 2010 computo-

54 2033 145 2057 rum
168 2019 292 2058 Paris.
318 2019 427 2058 bulla
445 2024 458 2043 ³
483 2020 652 2058 Joannis
678 2019 820 2067 XXII,
841 2020 939 2058 data
960 2020 1153 2058 Avinioni
1174 2035 1214 2058 vi
1238 2020 1317 2058 kal.
1332 2020 1422 2070 julii
1445 2034 1552 2057 anno
1577 2028 1706 2068 sexto,
1723 2019 1761 2056 in
1780 2038 1784 2040 ·

56 2092 135 2127 qua
159 2078 302 2117 Petrus
326 2078 374 2118 de
396 2079 679 2127 Mortuomari,
696 2087 839 2117 cantor
859 2079 1124 2118 Bituricensis
1140 2087 1181 2117 et
1202 2079 1338 2129 legum
1353 2079 1508 2127 doctor,
1526 2078 1763 2116 nominatur

54 2136 160 2175 inter
176 2137 331 2187 legatos
353 2137 494 2176 Karoli
512 2138 580 2186 IV,
598 2138 848 2177 Francorum
864 2138 981 2188 regis,
1001 2138 1052 2176 ad
1070 2152 1224 2188 papam
1237 2152 1310 2189 pro
1328 2138 1589 2188 impetranda
1606 2137 1762 2176 decima

55 2195 96 2233 in
115 2196 344 2234 subsidium
362 2197 508 2235 Terrae
528 2205 707 2236 sanctae.

112 2255 158 2293 In
197 2255 364 2294 Statatis
401 2255 636 2295 academiae
675 2256 901 2295 Tolosanae
919 2256 934 2278 5
973 2256 1147 2295 conditis
1187 2270 1295 2294 anno
1335 2255 1577 2294 MCCCXIV
1606 2254 1761 2305 reperio

58 2313 225 2352 Petrum
256 2314 304 2353 de
335 2315 604 2353 Mortuomari
644 2315 904 2353 nominatum
934 2315 1041 2353 inter
1072 2315 1259 2354 doctores
1298 2315 1434 2365 legum
1466 2316 1533 2364 qui
1574 2322 1663 2352 tum
1694 2327 1760 2352 eas

56 2372 261 2411 docebant
282 2373 324 2411 in
348 2373 558 2412 academia
580 2374 662 2413 illa.

111 2431 215 2470 Hinc
248 2432 381 2472 factus
414 2441 476 2471 est
507 2432 720 2484 episcopus
753 2432 1002 2472 Vivariensis
1035 2433 1179 2472 eodem
1211 2447 1319 2471 anno
1352 2432 1622 2471 MCCCXXII
1656 2431 1760 2470 circa

56 2503 237 2529 mensem
258 2491 434 2541 junium,
459 2500 507 2530 ut
530 2500 649 2542 patet
672 2506 722 2531 ex
744 2492 848 2530 libro
873 2491 1185 2541 Obligationum.
1213 2492 1331 2540 Quod
1356 2491 1626 2530 confirmatur
1642 2504 1693 2528 ex
1714 2504 1760 2528 eo

57 2549 166 2598 quod
187 2549 234 2587 ,in
262 2549 391 2589 veteri
420 2551 599 2600 quodam
626 2551 903 2590 instrumento
931 2551 1161 2590 Vivariensi
1189 2551 1375 2589 confecto
1405 2550 1468 2588 die
1497 2564 1553 2586 ΧΗ
1583 2548 1759 2587 octobris

56 2608 152 2646 anni
178 2608 285 2648 illius
313 2617 487 2648 vocatur
515 2610 666 2649 electus
690 2609 952 2649 Vivariensis.
979 2610 1097 2648 Unde
1126 2610 1311 2660 sequitur
1340 2609 1424 2647 falli
1453 2622 1518 2647 eos
1549 2608 1618 2658 qui
1644 2608 1759 2646 illum

105 2771 137 2803 1.
159 2769 323 2804 Histoire
347 2770 388 2803 de
405 2769 635 2813 Langwdoc,
655 2776 682 2804 t.
701 2783 739 2810 x,
758 2770 926 2810 Prezwes,
951 2771 1018 2804 col.
1037 2771 1100 2807 363
1123 2770 1204 2802 voir
1232 2780 1295 2802 sur
1314 2780 1370 2802 ses
1392 2768 1590 2808 benefices‚
1614 2768 1757 2809 Mollat‚

56 2834 91 2856 n.
115 2823 233 2856 22216
257 2823 387 2866 (bulles
409 2824 459 2856 du
481 2824 500 2855 2
524 2823 599 2856 mai
630 2823 751 2867 1325).

106 2876 137 2909 2.
157 2877 222 2910 Ph.
240 2876 380 2916 Labbe,
398 2876 523 2909 Novae
540 2875 781 2917 bibliothecae,
799 2882 825 2909 t.
842 2889 865 2916 1,
884 2888 919 2920 p.
938 2877 1018 2910 761.
1035 2895 1083 2898 —
1099 2875 1151 2908 La
1168 2875 1266 2908 bulle
1284 2875 1328 2907 de
1344 2874 1583 2907 nomination
1603 2874 1759 2918 (Mollat‚

55 2940 91 2962 n.
120 2929 249 2973 15599)
277 2929 309 2962 le
336 2929 392 2962 dit
416 2929 538 2963 noble.
560 2925 563 2928 ’

105 2983 137 3015 3.
166 2982 232 3016 Ph.
260 2981 400 3022 Labbe,
427 2993 484 3026 op.
512 2983 583 3022 cit„
610 2988 637 3016 t.
663 2994 687 3022 1,
715 2994 749 3026 p.
779 2983 859 3016 510.

106 3035 138 3069 4.
163 3029 306 3075 Mollat,
330 3047 365 3069 n.
390 3035 508 3068 15650
535 3035 665 3078 (bulles
690 3036 740 3068 du
763 3035 808 3068 26
829 3035 912 3078 juin
935 3034 1055 3078 1322).

107 3089 138 3121 5.
159 3088 207 3122 M.
229 3087 419 3128 Fournier,
441 3087 588 3128 διαίτης,
609 3093 635 3121 1;.
654 3099 678 3128 1,
699 3099 734 3132 p.
754 3088 835 3121 495.
