2083 3458
93 190 220 245 [644]
622 204 837 229 PAPARL’M
874 205 1257 230 Avi-JNJONENSNJM
1711 191 1782 231 127

83 288 207 327 tionis
246 287 414 325 fulmine
450 287 668 337 perculisse
707 288 896 325 Venetos.
936 288 1064 325 Addit
1103 303 1197 326 vero
1237 289 1439 339 Josephus
1481 289 1781 339 Ripamontius,

84 362 169 397 par.
198 347 249 394 II,
271 347 378 384 Hist.
400 345 635 391 Medtotan„
658 345 725 383 lib.
750 347 866 393 VIII,
888 361 926 396 p.
947 347 1035 393 460,
1056 347 1302 385 cardinalem
1325 348 1550 386 Arnaldum
1572 348 1780 386 sedentem

86 405 303 444 Mediolani
323 404 494 443 edixisse
515 404 670 442 cunctis
689 419 760 454 per
783 405 943 442 Italiam
963 406 1159 455 episcopis
1179 406 1240 443 uti
1257 407 1484 444 Bononiam
1504 407 1780 445 convenirent.

90 465 233 514 ltaque
272 464 493 502 dicendum
531 463 668 512 potius
708 464 916 501 videretur
954 465 1170 503 excessisse
1210 480 1302 502 eum
1341 465 1550 503 Avenione
1591 466 1653 503 die
1694 481 1780 503 xxv

81 523 237 574 aprilis,
259 523 356 561 licet
377 536 422 560 ea
443 522 632 560 inciderit
653 522 695 560 in
717 522 823 560 diem
845 523 1014 561 veneris.

139 582 236 620 Fine
255 581 402 620 mensis
420 581 510 630 julii
529 581 735 630 sequentis
757 581 978 619 Florentini
997 582 1194 619 miserunt
1212 583 1264 620 ad
1283 597 1374 620 eum
1395 583 1530 632 copias
1549 583 1777 630 auxiliares,

81 655 131 679 eo
154 640 363 690 gratiores,
387 654 467 689 quo
489 639 623 677 minus
645 648 841 689 speratas.
866 655 956 677 cum
979 654 1024 678 ea
1048 641 1191 678 civitas
1214 650 1318 679 esset
1340 649 1427 678 tum
1451 642 1634 691 subjecta
1657 642 1778 679 inter-

82 700 196 737 dicto
221 698 493 738 ecclesiastico
516 699 764 736 auctoritate
788 713 932 748 papae,
959 700 1048 737 Joa.
1070 700 1230 746 villan„
1252 700 1319 738 lib.
1343 701 1458 747 VIII,
1485 715 1515 738 c.
1535 715 1615 738 cxv
1632 701 1777 750 [Mura-

85 758 176 805 tori‚
204 766 233 796 t.
262 773 347 805 xm,
375 758 448 795 col.
476 757 589 807 441].
618 757 721 794 Tum
758 772 890 795 xxvm
926 759 1089 808 augusti
1113 767 1343 808 pugnatum
1371 759 1537 797 feliciter
1562 760 1779 797 adversum

85 818 275 863 Venetos,
308 816 489 855 Ferraria
519 823 695 866 recepta.
730 816 974 865 Quanquam
1005 817 1184 855 Joannes
1214 818 1412 855 Villanius
1442 832 1531 855 eam
1566 818 1780 855 victoriam

82 876 301 915 constituit
324 876 365 914 in
389 875 452 913 die
477 890 594 913 xxvn
619 875 782 924 augusti
805 875 827 913 ¹.
855 876 1053 924 Legatum
1077 884 1216 914 autem
1242 877 1361 914 fuisse
1385 877 1591 914 Bononiae
1617 877 1780 926 quando

81 950 130 973 ea
147 949 283 985 pugna
302 942 485 985 pugnata
504 942 565 972 est
583 934 711 971 tradit
728 934 835 971 idem
856 934 1180 981 Ghirardaccius,
1200 950 1237 984 p.
1259 935 1345 973 538.

140 994 186 1031 In
212 994 315 1031 libro
342 993 511 1031 Arnaldi
539 993 757 1031 Camerarii
784 993 862 1030 ista
890 994 1080 1042 leguntur
1109 1010 1115 1031 :
1144 994 1290 1031 Littera
1317 994 1467 1031 domini
1495 994 1710 1031 cardinalis
1738 995 1780 1031 (le

82 1053 283 1102 Pelagrua
302 1067 421 1102 super
441 1052 620 1090 electione
641 1052 758 1101 legati
779 1060 813 1089 et
833 1053 1058 1090 auctoritate
1079 1053 1240 1102 prestita
1261 1067 1330 1102 pro
1351 1053 1690 1090 ambasiatoribus
1711 1068 1780 1102 pro

83 1111 271 1149 Ferraria
293 1111 601 1149 transmittendis
626 1111 676 1148 ad
697 1111 901 1148 dominum
924 1111 1157 1148 Clementem
1179 1126 1327 1161 papam
1355 1112 1387 1149 V
1407 1112 1480 1148 snb
1502 1126 1607 1149 anno
1630 1112 1780 1149 domini

83 1170 321 1217 MCCCIX,
344 1178 378 1208 et
399 1170 460 1208 die
481 1170 567 1207 XX
589 1170 735 1207 mensis
757 1170 921 1207 octobris
939 1170 965 1208 2.

138 1229 333 1277 Quamvis
359 1237 498 1267 autem
525 1229 728 1267 Arnaldus
754 1229 795 1266 in
835 1229 996 1266 Italiam
1023 1228 1168 1266 missus
1195 1229 1337 1267 fuisset
1362 1229 1556 1266 adversus
1584 1229 1779 1276 Friscum,

79 1289 266 1338 adeoque
302 1289 344 1326 in
381 1296 518 1338 partes
559 1288 761 1325 Francisci
799 1288 947 1325 aemuli
985 1288 1070 1337 ejus
1109 1288 1334 1333 transisset,
1374 1302 1465 1325 eum
1504 1296 1643 1325 tamen
1681 1289 1780 1325 male

79 1347 247 1385 hahebat
271 1347 478 1385 Franci-sci
503 1361 611 1384 mora
637 1347 679 1384 in
704 1347 889 1384 Ferraria
916 1355 1101 1384 verentem
1127 1347 1266 1396 populi
1300 1347 1529 1384 seditionem
1555 1361 1621 1384 nec
1646 1347 1780 1384 minus

82 1414 275 1444 caventem
298 1406 378 1444 sibi
404 1421 520 1456 qaam
543 1406 579 1443 si
603 1406 727 1443 armis
749 1406 833 1455 jam
856 1406 939 1455 jam
964 1414 1162 1455 peteretur.
1194 1406 1327 1455 Itaque
1352 1406 1603 1451 Franciscus,
1631 1413 1709 1442 tum
1736 1420 1780 1442 ea

78 1465 309 1515 offensione,
341 1474 423 1503 tum
454 1466 664 1503 multorum
694 1465 880 1515 periculo,
922 1465 988 1514 qni
1018 1465 1151 1502 stadia
1192 1464 1234 1501 in
1265 1465 1465 1501 Atestinos
1497 1479 1575 1501 non
1605 1472 1780 1513 poterant

79 1525 346 1571 dissimulare,
369 1538 474 1562 anno
496 1523 695 1562 MCCCX
714 1524 851 1561 statuit
872 1523 1114 1572 Rhodiginm
1138 1524 1317 1561 secedere.
1343 1523 1424 1560 Nec
1446 1531 1648 1573 propterea
1677 1523 1778 1571 lega-

79 1592 144 1621 tus
164 1592 306 1621 metum
332 1583 473 1633 abjecit
490 1591 558 1621 ant
580 1591 634 1620 est
659 1597 783 1620 ausus
811 1583 866 1620 ibi
888 1583 1039 1620 diutius
1065 1582 1294 1620 commorari
1305 1597 1319 1630 ,·
1345 1582 1441 1631 quin
1468 1582 1585 1619 immo
1613 1581 1779 1630 firmatis

79 1657 167 1680 arce
202 1657 247 1680 ac
284 1642 459 1680 turribus
496 1642 636 1692 oppidi
673 1642 878 1691 pontificio
917 1641 1051 1688 milite,
1092 1641 1314 1678 Bononiam
1350 1641 1463 1686 abiit,
1503 1640 1777 1687 Ghirardacci,

79 1716 119 1752 p.
142 1701 216 1739 535
237 1709 278 1740 et
299 1701 477 1739 Joannes
497 1701 687 1751 Baptista
711 1701 850 1750 Pigna,
871 1701 939 1738 lib.
966 1701 1032 1747 IV,
1052 1701 1109 1737 De
1129 1700 1382 1749 principibus
1402 1699 1607 1746 Atestinis‚
1628 1714 1666 1749 p.
1689 1699 1776 1737 253.

83 1760 220 1798 Fuisse
244 1769 383 1798 autem
405 1760 519 1797 illum
542 1759 749 1799 Bononiae
768 1762 782 1781 ό
821 1760 883 1797 die
917 1774 987 1797 x1v
1020 1759 1156 1797 martii
1180 1767 1220 1796 et
1243 1773 1378 1796 mense
1409 1758 1509 1808 julio
1539 1758 1659 1807 hujus
1683 1757 1778 1795 anni

80 1827 261 1858 testatur
278 1819 385 1857 idem
407 1819 732 1865 Ghirardaoeius,
753 1834 791 1869 p.
814 1819 902 1865 539,
924 1819 1010 1856 544.

136 1879 291 1916 Eodem
315 1892 436 1925 anno,
462 1892 554 1916 cum
582 1878 779 1916 Henricus
805 1878 883 1915 Vll
909 1877 1131 1927 imperator
1155 1876 1195 1914 in
1224 1876 1385 1913 ltaliam
1408 1883 1593 1925 pergeret
1618 1889 1776 1925 suscep-

80 1945 197 1975 turus
223 1937 377 1975 Romae
411 1951 602 1976 coronam
625 1937 945 1987 imperatoriam,
980 1937 1161 1973 Clemens
1186 1936 1218 1972 V
1240 1935 1332 1972 huic
1359 1935 1538 1972 Arnaldo
1563 1934 1778 1972 mandavit

81 2004 128 2033 ut
158 1996 192 2034 ei
222 2004 449 2034 occurreret
477 1996 518 2034 in
547 1996 675 2034 limite
710 1996 864 2041 Italiae,
895 1996 1010 2044 eique
1039 2010 1077 2032 se
1109 1994 1299 2032 comitem
1328 1993 1588 2042 adjungeret:
1616 1993 1774 2031 Odoric.

85 2055 301 2104 Raynald.‚
332 2069 396 2094 an.
430 2055 543 2101 1310,
581 2056 597 2103 ξ
628 2055 675 2092 15
694 2055 721 2093 4.
754 2056 903 2092 Contra
942 2054 1020 2100 ille,
1051 2053 1119 2091 ubi
1158 2053 1335 2103 primum
1365 2052 1525 2089 audivit
1558 2051 1777 2090 Henricum

79 2114 412 2164 appropinquare
441 2114 595 2160 Italiae,
622 2128 757 2153 mense
782 2121 956 2161 augusto
984 2114 1157 2150 Romam
1182 2111 1297 2158 abiit,
1324 2110 1597 2153 Ghirardacci,
1622 2125 1660 2160 p.
1688 2110 1775 2148 545.

84 2173 209 2222 Pigna
231 2173 373 2211 eodem
392 2173 495 2210 libro
517 2181 664 2222 quarto
680 2173 732 2223 [p.
752 2173 850 2222 257]
874 2172 932 2210 ait
954 2172 1193 2220 Pelagruam
1212 2170 1455 2219 magistratu
1477 2169 1559 2207 sive
1577 2169 1776 2218 dignitate

80 2232 205 2281 legati
239 2232 449 2282 privatum
483 2247 524 2269 eo
559 2232 716 2269 nomine
751 2232 851 2282 quod
883 2230 1107 2269 adventanti
1142 2237 1307 2278 augusto
1343 2228 1504 2266 minime
1538 2228 1775 2273 occurrisset,

80 2298 207 2340 atque
235 2305 280 2329 eo
308 2291 429 2329 modo
457 2291 613 2329 dedisse
641 2290 766 2329 etiam
793 2291 929 2340 aliqua
957 2304 1006 2327 ex
1032 2297 1147 2339 parte
1171 2302 1322 2338 poenas
1350 2287 1532 2325 scelerati
1560 2300 1776 2324 consensus

81 2350 144 2387 sui
172 2350 214 2387 in
243 2349 364 2388 caede
392 2349 594 2388 Francisci
620 2349 798 2388 Atestini
823 2356 1059 2400 perpetrata
1096 2362 1117 2385 a
1147 2346 1365 2385 Dalmasio.
1404 2346 1506 2383 Sane
1534 2353 1689 2382 certum
1716 2353 1776 2382 est

131 2478 162 2513 1.
193 2479 412 2523 Septembris
430 2478 538 2522 (sic),
556 2480 702 2512 Baluze.

133 2533 162 2565 2.
192 2533 232 2565 B.
255 2533 312 2572 N.‚
331 2544 398 2566 ms.
417 2532 512 2565 latin
531 2532 635 2572 5181,
654 2532 678 2565 f.
699 2533 767 2565 173
784 2536 828 2565 r0.

137 2587 169 2619 3.
194 2584 298 2618 Lisez
319 2585 536 2619 Florentiae.

132 2639 164 2672 4.
181 2639 302 2672 Bulles
319 2639 369 2671 du
384 2639 437 2671 1er
458 2639 669 2683 septembre
685 2639 778 2671 1310
798 2637 968 2681 (Clement
985 2637 1025 2676 V,
1043 2649 1076 2670 n.
1095 2638 1187 2670 6338
1202 2642 1239 2668 et
1255 2636 1450 2673 Schwalm,
1468 2635 1772 2678 (Constitutiones,

85 2697 111 2725 t.
136 2690 203 2732 1v1,
229 2703 264 2725 n.
291 2692 388 2735 437).
413 2692 570 2724 Arnaud
595 2691 728 2724 assista
755 2691 870 2723 Henri
895 2690 968 2723 VII
993 2690 1043 2723 les
1070 2690 1113 2722 24
1137 2696 1174 2721 ct
1200 2690 1242 2721 25
1268 2689 1470 2721 novembre
1504 2688 1596 2721 1310
1633 2688 1653 2719 a
1689 2687 1771 2720 Asti

88 2744 298 2787 (Schwalm,
321 2745 422 2785 ibid,
443 2757 478 2788 p.
500 2745 580 2784 425,
603 2745 684 2785 433,
705 2745 773 2777 437
794 2750 832 2776 et
852 2743 956 2786 1447)
979 2749 1017 2775 et
1036 2742 1166 2776 ecrivit
1186 2754 1231 2774 en
1245 2754 1285 2774 sa
1304 2742 1435 2774 faveur
1454 2741 1531 2773 asin
1551 2741 1593 2773 de
1614 2740 1772 2772 faciliter

85 2809 153 2830 son
171 2804 466 2831 couronnement
483 2798 504 2830 a
525 2797 846 2831 Saint-Ambroise
866 2797 909 2829 de
928 2796 1044 2828 Milan
1065 2794 1179 2838 (ibid,
1200 2807 1233 2827 n.
1254 2795 1349 2837 484).
1371 2794 1419 2827 Le
1438 2794 1491 2826 roi
1510 2794 1571 2826 des
1592 2793 1770 2825 Romains

85 2850 259 2894 apprecia
281 2862 337 2884 ses
361 2850 531 2891 services,
556 2862 619 2884 car
640 2862 687 2883 en
710 2850 799 2883 1311
826 2849 850 2881 il
874 2849 955 2893 pria
979 2848 1146 2881 Clement
1170 2847 1202 2880 V
1226 2848 1268 2880 de
1293 2848 1484 2889 l’envoyer
1506 2857 1649 2878 comme
1674 2846 1773 2888 legat

86 2915 131 2936 en
153 2903 272 2943 Italie,
295 2915 386 2937 avec
406 2903 561 2936 mission
582 2904 625 2936 de
646 2904 825 2947 proceder
845 2902 866 2934 a
886 2913 953 2934 son
973 2907 1267 2934 couronnement
1287 2900 1456 2943 imperial
1480 2899 1595 2942 (ibici,
1619 2910 1653 2942 p.
1677 2898 1772 2941 602).

91 2956 120 2988 Il
141 2962 198 2989 est
220 2957 400 3000 probable
423 2968 494 3000 que
517 2957 548 2990 le
572 2968 667 3000 pape
690 2968 734 2989 ne
758 2955 892 2988 voulut
915 2966 980 2998 pas
1003 2966 1039 2987 se
1062 2956 1210 2997 separer
1232 2954 1275 2986 de
1299 2953 1392 2985 celui
1415 2953 1508 2985 dont
1530 2952 1554 2984 il
1577 2951 1695 2984 louait
1716 2952 1775 2984 sni

87 3009 370 3053 profunditatem
385 3010 531 3043 consilii
551 3009 666 3052 (ibid,
685 3021 720 3052 p.
739 3008 836 3051 338).
858 3008 913 3040 En
930 3013 1016 3040 tout
1032 3018 1092 3039 cas
1113 3006 1227 3039 I‘Icnri
1243 3006 1317 3038 VII
1336 3011 1490 3048 octroya
1508 3016 1559 3037 un
1576 3005 1650 3037 don
1667 3005 1776 3047 pecu-

88 3062 203 3095 niaire
219 3062 431 3106 important
447 3063 467 3095 a
483 3063 640 3095 Arnaud
655 3062 687 3095 le
706 3062 724 3094 2
742 3061 836 3094 avril
853 3060 942 3094 1311
967 3059 1082 3103 (ibid,
1102 3065 1126 3092 t.
1144 3071 1181 3098 11,
1200 3071 1234 3102 p.
1254 3059 1374 3101 1147).
