2083 3458
307 209 387 249 ,110
539 220 541 222 “
952 223 1102 248 NOTAE
1137 224 1197 248 AD
1232 223 1359 248 vl‘rAs
1880 203 2007 259 [635}

304 308 458 358 speculi
485 307 702 357 judicialis,
732 315 772 346 et
800 307 841 344 in
879 306 1014 345 codice
1053 306 1155 346 1495
1173 306 1186 328 ¹
1224 305 1411 344 tabulam
1441 304 1625 354 ejusdem
1653 319 1773 354 super
1801 317 2006 342 summam

306 367 517 406 Ostiensis.

357 427 398 464 P.
432 426 494 474 61,
522 426 587 475 lig.
619 426 678 463 18.
722 425 918 463 ARNALD.
954 440 1008 461 DE
1040 425 1313 471 CANTALUPO,
1343 422 1560 462 Clementis
1602 423 1636 460 V
1665 420 2002 471 consanguineus,

302 493 391 523 tum
422 486 572 524 electus
607 483 916 533 Burdegalensis
962 498 1071 522 anno
1106 483 1280 521 MCCCV
1327 482 1391 533 [15
1437 481 1673 532 decembre]
1711 489 1752 519 et
1788 495 1885 519 mox
1920 493 2005 519 car·

303 545 447 583 dinalis
487 544 701 594 presbyter
741 542 852 580 tituli
894 542 931 580 S.
976 541 1165 580 Marcelli.
1213 542 1494 580 Successorem
1534 541 1681 579 habuit
1722 540 1764 578 in
1808 540 2002 578 cathedra

300 602 590 653 Burdegalensi
630 610 821 652 nepotem
860 616 979 639 suum
1018 601 1246 639 Arnaldum
1276 601 1328 641 def
1363 601 1606 651 Cantalupo,
1647 614 1769 650 quem
1798 599 2003 638 Arnaldus

302 662 561 703 Oihenartus,
592 661 633 699 in
678 661 832 698 Notitia
867 660 1097 707 Vaseoniae,
1128 675 1166 710 p.
1209 660 1298 708 438,
1344 675 1414 710 per
1445 674 1620 698 errorem
1662 658 1879 697 confundit
1909 673 2001 696 cum

301 729 448 772 patruo
480 720 696 767 cardinale,
737 720 914 758 scribens
947 734 1040 757 eum
1074 718 1284 758 ecclesiam
1316 719 1427 757 illam
1460 718 1609 757 rexisse
1642 719 1694 756 ab
1727 732 1791 756 an.
1828 717 2002 756 MCCCV

300 795 429 830 usque
462 781 513 817 ad
547 793 700 818 annum
734 778 1001 817 MCCCXXX
1020 779 1045 816 2.

357 839 512 878 Primus
532 838 714 877 omnium
744 837 1019 876 recentiorum
1036 838 1272 888 Onuphrius
1291 838 1517 876 Panvinius
1546 837 1710 888 scripsit
1727 838 1835 875 hunc
1859 837 2002 875 Arnal-

303 899 401 936 dum
415 899 535 937 fuisse
553 898 590 937 S.
608 899 654 936 R.
673 899 717 936 E.
740 897 1035 946 Camerarium3
1053 912 1177 948 quam
1194 897 1443 935 sententiam
1459 897 1680 935 confirmat
1694 895 2000 934 vetustissimus

300 958 508 1007 catalogus
531 956 798 995 cardinalium
820 955 1052 994 viventium
1071 955 1112 994 in
1130 956 1256 994 initiis
1274 955 1543 1006 pontificatus
1566 954 1784 993 Clementis
1799 954 1847 1002 V⁷
1866 955 2002 994 editus

298 1016 339 1054 in
362 1024 475 1054 tomo
498 1015 619 1054 tertio
642 1015 885 1053 Libertatum
908 1015 1103 1054 Ecclesiae
1126 1014 1387 1064 Anglicanae,
1403 1030 1442 1065 p.
1461 1014 1659 1063 1155,ubi
1678 1013 1893 1052 cardinalis
1909 1013 1998 1061 iste)

300 1074 487 1124 quamvis
505 1090 575 1125 per
593 1088 767 1112 errorem
784 1074 862 1112 illic
876 1075 1046 1112 vocetur
1059 1074 1296 1121 Willelmus,
1313 1073 1557 1126 camerarius
1574 1088 1706 1124 papae
1721 1081 2000 1124 nuncupatur.

300 1134 411 1182 Quae
424 1142 563 1172 tamen
580 1148 640 1172 res
659 1133 758 1171 mihi
775 1133 939 1171 videtur
953 1133 1102 1171 habere
1120 1133 1301 1183 aliquam
1318 1133 1616 1171 difficultatem.
1638 1132 1803 1171 Etenim
1816 1132 1999 1171 Theodo-

297 1193 401 1231 ricus
424 1193 635 1243 episcopus
660 1192 839 1230 civitatis
861 1192 1032 1243 papalis,
1057 1192 1125 1242 qui
1147 1207 1254 1230 anno
1278 1192 1475 1231 MCCCVI
1497 1200 1672 1230 exeunte
1694 1191 1901 1230 extinctus
1924 1200 2001 1240 est,

297 1260 384 1290 erat
409 1251 665 1290 camerarius.
691 1252 967 1290 Bertrandum
992 1266 1087 1290 vero
1113 1252 1161 1290 de
1187 1251 1330 1289 Bordis
1356 1251 1593 1302 episcopum
1617 1251 1852 1289 Albiensem
1876 1250 1998 1289 fuisse

296 1325 427 1361 papae
457 1310 724 1349 camerarium
753 1325 860 1349 anno
888 1311 1131 1349 MCCCVIII
1161 1318 1202 1349 et
1231 1310 1356 1349 etiam
1386 1325 1430 1349 eo
1460 1318 1643 1361 tempore
1669 1324 1748 1360 quo
1772 1310 1906 1348 factus
1937 1318 2000 1349 est

296 1370 510 1408 cardinalis
534 1384 642 1408 anno
667 1370 849 1408 MCCCX
882 1369 1114 1408 certissimis
1139 1369 1384 1408 testimoniis
1409 1377 1666 1420 compertum
1690 1370 1833 1408 habeo.
1865 1370 2000 1418 Quare

296 1444 456 1468 necesse
493 1437 553 1467 est
588 1437 662 1467 aut
697 1429 924 1466 Arnaldum
959 1443 1040 1468 non
1077 1429 1199 1467 fuisse
1236 1437 1428 1467 ornatum
1464 1443 1509 1467 ea
1547 1428 1761 1478 dignitate,
1798 1436 1872 1467 aut
1907 1443 1998 1467 eam

296 1488 493 1526 dimisisse
515 1488 673 1538 aliquot
692 1488 808 1526 annis
829 1496 925 1526 ante
946 1496 1122 1526 mortem
1142 1492 1168 1526 ff.

349 1547 497 1585 Factus
530 1546 745 1585 cardinalis
776 1547 898 1585 rediit
926 1547 1213 1597 Burdegalam‚
1245 1547 1315 1585 ubi
1346 1547 1468 1585 fuisse
1500 1561 1593 1585 eum
1623 1561 1760 1585 mense
1792 1547 1998 1585 februario

295 1606 392 1645 anni
418 1606 614 1644 MCCCVI
640 1606 759 1644 docet
784 1614 902 1644 vetus
929 1607 1070 1644 charta
1097 1606 1206 1644 edita
1232 1620 1254 1644 a
1291 1607 1411 1644 Petro
1438 1606 1637 1653 Louveto‚
1662 1614 1781 1657 parte
1809 1607 1862 1654 II,
1887 1606 1994 1645 Hist.

294 1665 499 1715 Aquilam..
522 1679 608 1715 cap.
631 1681 686 1712 m,
708 1680 760 1703 ex
781 1679 860 1715 qua
887 1673 1004 1715 patet
1025 1666 1132 1704 hunc
1160 1665 1408 1705 cardinalem
1430 1665 1553 1704 fuisse
1579 1665 1756 1716 priorem
1774 1666 1822 1704 de
1840 1665 1995 1716 Regula

295 1731 335 1761 et
355 1724 550 1762 baronem
572 1724 786 1762 Vasatesii.

345 1783 463 1821 Anno
494 1783 713 1821 MCCCVH
742 1783 1057 1833 Augustoritum
1087 1783 1305 1822 Pictonum
1333 1783 1540 1834 profectus
1570 1792 1631 1823 est
1653 1798 1746 1822 cum
1774 1798 1882 1835 papa
1912 1784 1997 1823 Cle-

342 1928 372 1959 1.
396 1926 435 1958 B.
462 1926 518 1961 N..
541 1938 607 1958 ms.
630 1925 724 1958 latin
745 1926 850 1960 4008.
872 1945 921 1948 ᾔ
940 1926 987 1958 Μ.
1013 1926 1050 1959 Ρ.
1074 1926 1212 1958 Viollet
1245 1938 1265 1958 a
1297 1926 1542 1969 longuement
1562 1926 1688 1959 etudie
1708 1927 1759 1959 les
1780 1938 1928 1960 oeuvres
1950 1928 1993 1960 de

293 1979 476 2022 Be'rcnger
497 1979 629 2011 Fredol
649 1985 685 2011 et
704 1980 754 2011 les
776 1991 861 2012 mss.
884 1979 947 2022 qui
967 1980 1016 2012 les
1037 1980 1200 2012 recelent
1223 1979 1283 2022 (H.
1306 1980 1360 2019 L.,
1382 1986 1408 2012 t.
1430 1991 1569 2019 XXXIV,
1591 1991 1625 2023 p.
1647 1980 1834 2024 144-177).
1858 1980 1888 2013 Il
1908 1981 1993 2013 faut

291 2033 390 2064 aussi
411 2033 600 2065 consulter
623 2032 661 2065 E.
680 2032 830 2075 Vernay
855 2033 916 2073 (Le
930 2044 943 2061 ‹<
957 2033 1067 2065 Liber
1085 2033 1124 2065 cle
1144 2034 1514 2066 eoecommmzicatione
1528 2045 1542 2063 >›
1571 2034 1619 2066 (lu
1633 2034 1800 2066 cardinal
1813 2034 1996 2077 Berenger

292 2085 432 2125 Fre'dol,
454 2086 567 2125 Paris,
589 2086 693 2129 1912)
714 2091 749 2118 et
771 2086 808 2118 F.
829 2086 949 2118 Tocco
971 2086 1037 2128 (La
1053 2087 1233 2129 quistione
1250 2087 1342 2119 della
1358 2088 1504 2130 poverta
1520 2087 1578 2119 nel
1592 2087 1703 2119 secolo
1719 2087 1832 2127 XIV,
1851 2099 1886 2131 p.
1906 2088 1993 2121 143-

295 2140 372 2181 152)
400 2140 445 2171 ou
469 2145 524 2171 est
547 2139 673 2182 public
695 2151 746 2171 un
769 2139 848 2171 avis
872 2145 1101 2172 conccrnant
1122 2140 1153 2172 le
1177 2140 1302 2183 projct
1325 2140 1368 2172 de
1391 2141 1426 2172 la
1448 2140 1547 2172 hulle
1571 2140 1665 2173 Cum
1688 2141 1779 2173 inter
1797 2141 1994 2175 nonnullos

293 2193 426 2233 (1323).
451 2192 497 2225 M.
521 2192 664 2225 Omont
685 2204 705 2225 a
726 2192 795 2225 fait
817 2194 1010 2225 connaitre
1031 2205 1083 2225 un
1103 2204 1278 2226 nouveau
1300 2193 1507 2226 manuscrit
1529 2194 1572 2226 de
1593 2194 1878 2227 l'Inventarium
1895 2194 1995 2238 juris

288 2247 467 2285 canonici,
502 2258 573 2289 quc
605 2246 754 2289 redigea
785 2246 970 2289 Berenger
1003 2246 1136 2279 Fredol
1172 2246 1348 2289 (Balletin
1377 2247 1575 2290 lzistoriqne
1605 2252 1636 2280 et
1666 2248 1912 2291 philologiqae
1944 2248 1993 2281 dn

290 2300 428 2333 Comile
450 2300 508 2331 des
530 2304 683 2331 travauae
703 2299 928 2342 historiques,
954 2300 1059 2339 1918,
1085 2312 1118 2342 p.
1144 2300 1176 2341 7,
1195 2300 1242 2342 8).
1269 2300 1317 2333 Le
1342 2306 1368 2332 t.
1391 2312 1429 2332 111
1454 2301 1516 2333 des
1539 2300 1633 2333 Acta
1650 2300 1921 2344 Aragonensia,
1947 2302 1992 2334 de

290 2352 418 2395 Finke7
445 2353 614 2385 contient
629 2353 791 2385 diverses
816 2353 1081 2386 informations
1107 2354 1298 2386 nouvelles
1323 2365 1386 2386 sur
1410 2354 1441 2386 le
1468 2354 1635 2386 cardinal
1664 2354 1769 2397 (voir,
1796 2366 1830 2398 p.
1860 2355 1929 2388 234
1953 2361 1991 2388 et

290 2407 385 2448 283).

338 2460 368 2491 2.
395 2459 442 2491 Le
467 2471 586 2492 neven
610 2459 807 2492 d’Arnaud
829 2459 888 2492 fut
910 2460 1145 2503 archevequc
1169 2460 1213 2492 de
1236 2460 1437 2492 Bordcaux
1459 2460 1502 2493 de
1526 2460 1620 2493 1306
1642 2472 1690 2493 au
1715 2461 1758 2494 26
1773 2473 1871 2494 mars
1895 2462 1991 2495 1332

290 2512 465 2554 (Cle'ment
484 2512 524 2552 1⁷,
541 2512 766 2556 Appendice,
784 2525 817 2545 n.
836 2513 879 2545 24
895 2519 932 2545 et
950 2513 1079 2552 Eubol,
1096 2513 1327 2551 Hier-archia,
1345 2519 1371 2546 t.
1387 2525 1410 2553 1,
1428 2525 1462 2557 p.
1481 2514 1578 2557 150).

335 2568 367 2600 3.
395 2566 530 2598 Baluze
555 2566 719 2598 confond
743 2566 787 2599 ici
813 2566 912 2599 deux
936 2567 1089 2609 charges
1114 2566 1200 2599 bien
1225 2566 1420 2599 distinctos
1447 2579 1453 2598 z
1480 2567 1568 2599 celle
1594 2567 1637 2599 de
1662 2567 1913 2611 camerlingue
1939 2568 1989 2600 du

286 2618 395 2651 Suet-e
420 2619 563 2662 Collegc
586 2631 657 2663 que
681 2621 766 2662 gera
788 2620 944 2662 Thicrry
970 2620 1107 2662 (Erhle,
1132 2619 1300 2652 Historia
1320 2619 1577 2660 Bibliothecae,
1598 2632 1632 2663 p.
1657 2621 1677 2653 4
1696 2627 1734 2653 et
1756 2621 1813 2664 10)
1840 2627 1878 2654 et
1899 2621 1987 2654 celle

287 2672 329 2703 «10
349 2672 527 2705 varnerier
544 2673 593 2705 du
612 2672 843 2716 Saint-Siege
862 2685 933 2716 que
952 2673 1143 2716 possedait
1161 2673 1258 2705 Jcan
1276 2673 1319 2706 de
1340 2673 1560 2713 Palestrina‚
1581 2675 1722 2717 eveque
1741 2675 1799 2707 elu
1819 2675 1862 2707 de
1896 2673 1990 2717 Spo-

286 2725 371 2763 lcto,
395 2726 466 2758 lor-s
490 2726 539 2758 du
562 2727 738 2759 conclave
762 2727 805 2759 de
831 2726 989 2759 Perouse
1015 2726 1152 2769 (Ehrle,
1174 2726 1276 2765 ibid„
1300 2738 1335 2769 p.
1360 2727 1506 2770 1Ο,11).
1530 2727 1687 2759 Arnaud
1710 2727 1754 2760 de
1776 2727 1987 2771 Canteloup

285 2778 467 2811 s'intitule
492 2780 670 2812 camai-ier
693 2780 742 2811 du
766 2780 997 2823 Saint—Siegc
1022 2780 1052 2813 le
1077 2780 1121 2812 20
1145 2780 1348 2812 novembre
1372 2780 1465 2813 1305
1493 2779 1666 2823 (Clementi
1692 2780 1734 2820 V,
1757 2780 1985 2824 Αρρεηάὶεε,

288 2843 319 2863 n.
343 2832 422 2873 259)
445 2838 481 2864 ot
501 2832 686 2865 Bcrtrand
706 2833 749 2865 dc
769 2833 907 2866 Bordes
926 2834 957 2866 lc
978 2834 1020 2866 28
1040 2833 1244 2866 iiovcmbrc
1264 2833 1356 2866 1307
1379 2833 1503 2876 (Ibid.,
1524 2845 1558 2866 n.
1579 2834 1676 2876 320).
1697 2834 1782 2866 Ala
1802 2834 1985 2877 decharge

287 2884 329 2915 110
358 2885 501 2922 nalum»,
528 2886 551 2917 il
576 2886 659 2918 faut
683 2898 900 2929 remarquer
923 2887 1109 2930 qu'avant
1134 2886 1251 2919 d’etrc
1277 2886 1443 2919 cardinal
1468 2886 1624 2929 Thierry
1648 2886 1708 2919 fut
1732 2887 1911 2920 camerier
1936 2887 1985 2919 du

285 2936 514 2981 &nint-Sicgo
541 2939 707 2981 (Digzwd,
732 2951 765 2972 n.
790 2940 911 2983 1570).
934 2959 982 2962 —-
1002 2940 1214 2972 Arnaldum
1235 2940 1279 2972 de
1302 2939 1526 2983 Cantalupo‚
1550 2940 1712 2973 eloctum
1733 2940 1987 2984 Burdegalen-

284 3002 372 3026 svm,
395 2991 505 3023 fuisse
526 2993 774 3025 camerarium
792 3004 913 3036 papae
934 3005 1033 3026 anno
1053 2994 1157 3032 1305,
1173 3004 1298 3025 mense
1311 2993 1519 3032 novembri,
1534 2993 1671 3026 docent
1689 2993 1837 3027 litterae
1857 2993 1985 3037 Hugo-

287 3043 350 3077 nis,
383 3044 530 3076 abbatis
561 3046 593 3077 S.
626 3046 781 3087 Aogidii,
813 3058 906 3089 quas
936 3047 1067 3079 habeo.
1101 3046 1273 3079 Decanus
1312 3045 1558 3079 Londinensis
1591 3046 1801 3089 (VVharton,
1832 3059 1866 3090 p.
1899 3046 1981 3089 215)

295 3095 303 3137 [
322 3096 394 3128 Bal.
410 3096 431 3138 )
