<?xml version="1.0" encoding="UTF-8"?>
<!DOCTYPE html PUBLIC "-//W3C//DTD XHTML 1.0 Transitional//EN"
    "http://www.w3.org/TR/xhtml1/DTD/xhtml1-transitional.dtd">
<html xmlns="http://www.w3.org/1999/xhtml" xml:lang="en" lang="en">
 <head>
  <title>
</title>
<meta http-equiv="Content-Type" content="text/html;charset=utf-8" />
  <meta name='ocr-system' content='tesseract 3.04.00' />
  <meta name='ocr-capabilities' content='ocr_page ocr_carea ocr_par ocr_line ocrx_word'/>
</head>
<body>
  <div class='ocr_page' id='page_1' title='image "./vitaepaparumaven02balu_0668.png"; bbox 0 0 2083 3458; ppageno 0'>
   <div class='ocr_carea' id='block_1_1' title="bbox 284 190 1988 245">
    <p class='ocr_par' dir='ltr' id='par_1_1' title="bbox 284 190 1988 245">
     <span class='ocr_line' id='line_1_1' title="bbox 284 190 1988 245; baseline -0.001 -12"><span class='ocrx_word' id='word_1_1' title='bbox 284 191 365 233; x_wconf 73' lang='grc'><em>658</em></span> <span class='ocrx_word' id='word_1_2' title='bbox 933 204 1084 230; x_wconf 80' lang='lat' dir='ltr'><strong>NOTAE</strong></span> <span class='ocrx_word' id='word_1_3' title='bbox 1119 205 1180 230; x_wconf 89' lang='lat' dir='ltr'><em>AD</em></span> <span class='ocrx_word' id='word_1_4' title='bbox 1214 205 1342 230; x_wconf 76' lang='lat' dir='ltr'><em>vers</em></span> <span class='ocrx_word' id='word_1_5' title='bbox 1836 190 1988 245; x_wconf 87' lang='lat'>[1137]</span> 
     </span>
    </p>
   </div>
   <div class='ocr_carea' id='block_1_2' title="bbox 268 287 1992 2836">
    <p class='ocr_par' dir='ltr' id='par_1_2' title="bbox 281 287 1992 518">
     <span class='ocr_line' id='line_1_2' title="bbox 284 287 1992 341; baseline -0.001 -12"><span class='ocrx_word' id='word_1_6' title='bbox 284 292 382 329; x_wconf 87' lang='lat' dir='ltr'><em>haec</em></span> <span class='ocrx_word' id='word_1_7' title='bbox 422 290 626 327; x_wconf 80' lang='lat' dir='ltr'><em>habentur</em></span> <span class='ocrx_word' id='word_1_8' title='bbox 643 288 657 311; x_wconf 77' lang='lat'>1</span> <span class='ocrx_word' id='word_1_9' title='bbox 686 304 693 326; x_wconf 78' lang='lat' dir='ltr'>z</span> <span class='ocrx_word' id='word_1_10' title='bbox 733 288 830 326; x_wconf 89' lang='lat' dir='ltr'><em>Item</em></span> <span class='ocrx_word' id='word_1_11' title='bbox 866 288 967 326; x_wconf 69' lang='lat' dir='ltr'><em>dimit</em></span> <span class='ocrx_word' id='word_1_12' title='bbox 990 287 1124 338; x_wconf 81' lang='lat' dir='ltr'><em>[quod]</em></span> <span class='ocrx_word' id='word_1_13' title='bbox 1152 289 1308 338; x_wconf 82' lang='lat' dir='ltr'><em>quando</em></span> <span class='ocrx_word' id='word_1_14' title='bbox 1329 290 1546 328; x_wconf 84' lang='lat' dir='ltr'><em>cardinalis</em></span> <span class='ocrx_word' id='word_1_15' title='bbox 1569 290 1898 338; x_wconf 76' lang='lat' dir='ltr'><em>Mediolanensi3‚</em></span> <span class='ocrx_word' id='word_1_16' title='bbox 1926 290 1992 341; x_wconf 84' lang='lat' dir='ltr'><em>qui</em></span> 
     </span>
     <span class='ocr_line' id='line_1_3' title="bbox 282 347 1990 400; baseline -0.001 -12"><span class='ocrx_word' id='word_1_17' title='bbox 282 359 362 388; x_wconf 88' lang='lat' dir='ltr'><em>erat</em></span> <span class='ocrx_word' id='word_1_18' title='bbox 384 363 505 400; x_wconf 80' lang='lat' dir='ltr'><em>prope</em></span> <span class='ocrx_word' id='word_1_19' title='bbox 529 363 617 386; x_wconf 89' lang='lat' dir='ltr'><em>eum</em></span> <span class='ocrx_word' id='word_1_20' title='bbox 644 348 687 385; x_wconf 90' lang='lat' dir='ltr'><em>in</em></span> <span class='ocrx_word' id='word_1_21' title='bbox 709 348 843 386; x_wconf 88' lang='lat' dir='ltr'><em>ordine</em></span> <span class='ocrx_word' id='word_1_22' title='bbox 865 347 1147 395; x_wconf 76' lang='lat' dir='ltr'><em>cardinalium,</em></span> <span class='ocrx_word' id='word_1_23' title='bbox 1161 348 1321 386; x_wconf 82' lang='lat' dir='ltr'><em>debebat</em></span> <span class='ocrx_word' id='word_1_24' title='bbox 1346 348 1400 386; x_wconf 88' lang='lat' dir='ltr'><em>ire</em></span> <span class='ocrx_word' id='word_1_25' title='bbox 1415 350 1467 387; x_wconf 86' lang='lat' dir='ltr'><em>ad</em></span> <span class='ocrx_word' id='word_1_26' title='bbox 1484 349 1709 399; x_wconf 75' lang='lat' dir='ltr'><em>faciendam</em></span> <span class='ocrx_word' id='word_1_27' title='bbox 1724 350 1990 398; x_wconf 67' lang='lat' dir='ltr'><em>reverentiam,</em></span> 
     </span>
     <span class='ocr_line' id='line_1_4' title="bbox 281 407 1990 460; baseline 0 -13"><span class='ocrx_word' id='word_1_28' title='bbox 281 424 432 460; x_wconf 89' lang='lat' dir='ltr'><em>semper</em></span> <span class='ocrx_word' id='word_1_29' title='bbox 451 408 601 446; x_wconf 83' lang='lat' dir='ltr'><em>dicebat</em></span> <span class='ocrx_word' id='word_1_30' title='bbox 619 408 720 458; x_wconf 78' lang='lat' dir='ltr'><em>quod</em></span> <span class='ocrx_word' id='word_1_31' title='bbox 738 407 954 458; x_wconf 83' lang='lat' dir='ltr'><em>occupabat</em></span> <span class='ocrx_word' id='word_1_32' title='bbox 972 407 1193 445; x_wconf 76' lang='lat' dir='ltr'><em>cathedram</em></span> <span class='ocrx_word' id='word_1_33' title='bbox 1210 408 1337 446; x_wconf 85' lang='lat' dir='ltr'><em>sancti</em></span> <span class='ocrx_word' id='word_1_34' title='bbox 1357 409 1465 446; x_wconf 83' lang='lat' dir='ltr'><em>Petri</em></span> <span class='ocrx_word' id='word_1_35' title='bbox 1484 417 1519 447; x_wconf 84' lang='lat' dir='ltr'><em>et</em></span> <span class='ocrx_word' id='word_1_36' title='bbox 1536 410 1637 459; x_wconf 86' lang='lat' dir='ltr'><em>quod</em></span> <span class='ocrx_word' id='word_1_37' title='bbox 1656 410 1737 448; x_wconf 86' lang='lat' dir='ltr'><em>ibat</em></span> <span class='ocrx_word' id='word_1_38' title='bbox 1754 410 1806 447; x_wconf 86' lang='lat' dir='ltr'><em>ad</em></span> <span class='ocrx_word' id='word_1_39' title='bbox 1823 410 1990 447; x_wconf 89' lang='lat' dir='ltr'><em>adoran-</em></span> 
     </span>
     <span class='ocr_line' id='line_1_5' title="bbox 284 468 568 518; baseline -0.007 -11"><span class='ocrx_word' id='word_1_40' title='bbox 284 470 377 507; x_wconf 89' lang='lat' dir='ltr'><em>dum</em></span> <span class='ocrx_word' id='word_1_41' title='bbox 396 468 568 518; x_wconf 75' lang='lat' dir='ltr'><em>ydolum.</em></span> 
     </span>
    </p>

    <p class='ocr_par' dir='ltr' id='par_1_3' title="bbox 279 526 1991 1113">
     <span class='ocr_line' id='line_1_6' title="bbox 338 526 1989 576; baseline 0 -10"><span class='ocrx_word' id='word_1_42' title='bbox 338 529 516 566; x_wconf 82' lang='lat' dir='ltr'><em>Rursum</em></span> <span class='ocrx_word' id='word_1_43' title='bbox 545 527 624 565; x_wconf 89' lang='lat' dir='ltr'><em>alio</em></span> <span class='ocrx_word' id='word_1_44' title='bbox 655 541 818 576; x_wconf 86' lang='lat' dir='ltr'><em>quoque</em></span> <span class='ocrx_word' id='word_1_45' title='bbox 848 541 1042 576; x_wconf 85' lang='lat' dir='ltr'><em>responso</em></span> <span class='ocrx_word' id='word_1_46' title='bbox 1073 526 1255 565; x_wconf 80' lang='lat' dir='ltr'><em>ostendit</em></span> <span class='ocrx_word' id='word_1_47' title='bbox 1283 527 1392 566; x_wconf 89' lang='lat' dir='ltr'><em>idem</em></span> <span class='ocrx_word' id='word_1_48' title='bbox 1423 527 1562 567; x_wconf 86' lang='lat' dir='ltr'>Simon</span> <span class='ocrx_word' id='word_1_49' title='bbox 1591 528 1807 567; x_wconf 85' lang='lat' dir='ltr'><em>cardinalis</em></span> <span class='ocrx_word' id='word_1_50' title='bbox 1838 528 1989 566; x_wconf 79' lang='lat' dir='ltr'><em>Medio-</em></span> 
     </span>
     <span class='ocr_line' id='line_1_7' title="bbox 282 585 1989 638; baseline 0 -12"><span class='ocrx_word' id='word_1_51' title='bbox 282 587 456 626; x_wconf 80' lang='lat' dir='ltr'><em>lanensis</em></span> <span class='ocrx_word' id='word_1_52' title='bbox 485 586 583 637; x_wconf 90' lang='lat' dir='ltr'><em>quid</em></span> <span class='ocrx_word' id='word_1_53' title='bbox 609 586 779 625; x_wconf 79' lang='lat' dir='ltr'><em>sentiret</em></span> <span class='ocrx_word' id='word_1_54' title='bbox 806 586 854 624; x_wconf 91' lang='lat' dir='ltr'><em>de</em></span> <span class='ocrx_word' id='word_1_55' title='bbox 880 585 1077 624; x_wconf 80' lang='lat' dir='ltr'>electione</span> <span class='ocrx_word' id='word_1_56' title='bbox 1106 586 1275 624; x_wconf 84' lang='lat' dir='ltr'>Urbani.</span> <span class='ocrx_word' id='word_1_57' title='bbox 1305 587 1408 625; x_wconf 83' lang='lat' dir='ltr'><em>Rem</em></span> <span class='ocrx_word' id='word_1_58' title='bbox 1433 587 1491 625; x_wconf 85' lang='lat' dir='ltr'><em>ita</em></span> <span class='ocrx_word' id='word_1_59' title='bbox 1518 596 1658 626; x_wconf 82' lang='lat' dir='ltr'><em>narrat</em></span> <span class='ocrx_word' id='word_1_60' title='bbox 1683 588 1861 638; x_wconf 82' lang='lat' dir='ltr'>Angelus</span> <span class='ocrx_word' id='word_1_61' title='bbox 1887 587 1989 638; x_wconf 87' lang='lat' dir='ltr'><em>epis-</em></span> 
     </span>
     <span class='ocr_line' id='line_1_8' title="bbox 282 645 1991 699; baseline -0.001 -13"><span class='ocrx_word' id='word_1_62' title='bbox 282 662 405 699; x_wconf 90' lang='lat' dir='ltr'><em>copus</em></span> <span class='ocrx_word' id='word_1_63' title='bbox 433 646 684 684; x_wconf 85' lang='lat' dir='ltr'><em>Pisaurensis</em></span> <span class='ocrx_word' id='word_1_64' title='bbox 709 645 751 683; x_wconf 92' lang='lat' dir='ltr'><em>in</em></span> <span class='ocrx_word' id='word_1_65' title='bbox 784 660 856 683; x_wconf 86' lang='lat' dir='ltr'><em>sua</em></span> <span class='ocrx_word' id='word_1_66' title='bbox 891 645 1146 696; x_wconf 79' lang='lat' dir='ltr'>depositione</span> <span class='ocrx_word' id='word_1_67' title='bbox 1163 645 1178 668; x_wconf 81' lang='lat'><strong>2</strong></span> <span class='ocrx_word' id='word_1_68' title='bbox 1204 661 1211 683; x_wconf 89' lang='lat'><strong>:</strong></span> <span class='ocrx_word' id='word_1_69' title='bbox 1241 646 1339 684; x_wconf 90' lang='lat' dir='ltr'><em>Item</em></span> <span class='ocrx_word' id='word_1_70' title='bbox 1363 647 1457 684; x_wconf 91' lang='lat' dir='ltr'><em>dum</em></span> <span class='ocrx_word' id='word_1_71' title='bbox 1481 647 1586 685; x_wconf 89' lang='lat' dir='ltr'><em>testis</em></span> <span class='ocrx_word' id='word_1_72' title='bbox 1611 647 1677 698; x_wconf 81' lang='lat' dir='ltr'><em>qui</em></span> <span class='ocrx_word' id='word_1_73' title='bbox 1702 647 1873 697; x_wconf 79' lang='lat' dir='ltr'><em>loquitur</em></span> <span class='ocrx_word' id='word_1_74' title='bbox 1896 655 1991 685; x_wconf 90' lang='lat' dir='ltr'><em>esset</em></span> 
     </span>
     <span class='ocr_line' id='line_1_9' title="bbox 280 705 1989 759; baseline -0.001 -14"><span class='ocrx_word' id='word_1_75' title='bbox 280 706 638 759; x_wconf 73' lang='lat' dir='ltr'><em>excommunicatus</em></span> <span class='ocrx_word' id='word_1_76' title='bbox 663 720 732 756; x_wconf 88' lang='lat' dir='ltr'><em>per</em></span> <span class='ocrx_word' id='word_1_77' title='bbox 755 705 933 755; x_wconf 89' lang='lat' dir='ltr'><em>primum</em></span> <span class='ocrx_word' id='word_1_78' title='bbox 957 705 1116 743; x_wconf 83' lang='lat' dir='ltr'><em>electum</em></span> <span class='ocrx_word' id='word_1_79' title='bbox 1141 720 1182 742; x_wconf 90' lang='lat' dir='ltr'><em>eo</em></span> <span class='ocrx_word' id='word_1_80' title='bbox 1208 706 1309 755; x_wconf 82' lang='lat' dir='ltr'><em>quod</em></span> <span class='ocrx_word' id='word_1_81' title='bbox 1333 720 1412 743; x_wconf 92' lang='lat' dir='ltr'><em>non</em></span> <span class='ocrx_word' id='word_1_82' title='bbox 1435 707 1599 745; x_wconf 64' lang='lat' dir='ltr'><em>solverat</em></span> <span class='ocrx_word' id='word_1_83' title='bbox 1622 708 1833 757; x_wconf 83' lang='lat' dir='ltr'><em>quamdam</em></span> <span class='ocrx_word' id='word_1_84' title='bbox 1860 707 1989 744; x_wconf 88' lang='lat' dir='ltr'><em>collec-</em></span> 
     </span>
     <span class='ocr_line' id='line_1_10' title="bbox 281 764 1988 816; baseline -0.001 -11"><span class='ocrx_word' id='word_1_85' title='bbox 281 776 360 805; x_wconf 86' lang='lat' dir='ltr'><em>tam</em></span> <span class='ocrx_word' id='word_1_86' title='bbox 378 767 523 816; x_wconf 71' lang='lat' dir='ltr'><em>factam</em></span> <span class='ocrx_word' id='word_1_87' title='bbox 542 780 611 816; x_wconf 89' lang='lat' dir='ltr'><em>per</em></span> <span class='ocrx_word' id='word_1_88' title='bbox 630 765 790 803; x_wconf 87' lang='lat' dir='ltr'><em>electum</em></span> <span class='ocrx_word' id='word_1_89' title='bbox 808 764 888 802; x_wconf 82' lang='lat' dir='ltr'><em>sibi</em></span> <span class='ocrx_word' id='word_1_90' title='bbox 908 773 942 802; x_wconf 94' lang='lat' dir='ltr'><em>et</em></span> <span class='ocrx_word' id='word_1_91' title='bbox 961 764 1056 802; x_wconf 88' lang='lat' dir='ltr'><em>aliis</em></span> <span class='ocrx_word' id='word_1_92' title='bbox 1075 764 1285 815; x_wconf 80' lang='lat' dir='ltr'><em>episcopis,</em></span> <span class='ocrx_word' id='word_1_93' title='bbox 1307 766 1402 803; x_wconf 87' lang='lat' dir='ltr'><em>dum</em></span> <span class='ocrx_word' id='word_1_94' title='bbox 1423 766 1493 804; x_wconf 87' lang='lat' dir='ltr'><em>iret</em></span> <span class='ocrx_word' id='word_1_95' title='bbox 1510 767 1562 804; x_wconf 92' lang='lat' dir='ltr'><em>ad</em></span> <span class='ocrx_word' id='word_1_96' title='bbox 1579 766 1777 816; x_wconf 89' lang='lat' dir='ltr'><em>palatium</em></span> <span class='ocrx_word' id='word_1_97' title='bbox 1796 767 1849 804; x_wconf 90' lang='lat' dir='ltr'><em>ad</em></span> <span class='ocrx_word' id='word_1_98' title='bbox 1868 766 1988 816; x_wconf 89' lang='lat' dir='ltr'><em>impe-</em></span> 
     </span>
     <span class='ocr_line' id='line_1_11' title="bbox 280 824 1990 876; baseline -0.001 -12"><span class='ocrx_word' id='word_1_99' title='bbox 280 827 465 865; x_wconf 86' lang='lat' dir='ltr'><em>trandum</em></span> <span class='ocrx_word' id='word_1_100' title='bbox 495 825 781 863; x_wconf 81' lang='lat' dir='ltr'><em>absolutionem</em></span> <span class='ocrx_word' id='word_1_101' title='bbox 811 824 982 862; x_wconf 68' lang='lat' dir='ltr'><em>obviavit</em></span> <span class='ocrx_word' id='word_1_102' title='bbox 1011 824 1208 862; x_wconf 75' lang='lat' dir='ltr'><em>cardinali</em></span> <span class='ocrx_word' id='word_1_103' title='bbox 1239 825 1535 863; x_wconf 69' lang='lat' dir='ltr'><em>NIediolanensi</em></span> <span class='ocrx_word' id='word_1_104' title='bbox 1567 826 1610 863; x_wconf 93' lang='lat' dir='ltr'><em>in</em></span> <span class='ocrx_word' id='word_1_105' title='bbox 1639 826 1715 864; x_wconf 68' lang='lat' dir='ltr'><em>via.</em></span> <span class='ocrx_word' id='word_1_106' title='bbox 1749 825 1827 876; x_wconf 80' lang='lat' dir='ltr'><em>Qui</em></span> <span class='ocrx_word' id='word_1_107' title='bbox 1857 834 1990 876; x_wconf 86' lang='lat' dir='ltr'><em>petens</em></span> 
     </span>
     <span class='ocr_line' id='line_1_12' title="bbox 281 883 1987 937; baseline -0.001 -13"><span class='ocrx_word' id='word_1_108' title='bbox 281 901 353 937; x_wconf 82' lang='lat' dir='ltr'><em>quo</em></span> <span class='ocrx_word' id='word_1_109' title='bbox 378 886 472 933; x_wconf 81' lang='lat' dir='ltr'><em>ibat,</em></span> <span class='ocrx_word' id='word_1_110' title='bbox 497 884 699 935; x_wconf 78' lang='lat' dir='ltr'><em>respondit</em></span> <span class='ocrx_word' id='word_1_111' title='bbox 722 884 823 934; x_wconf 85' lang='lat' dir='ltr'><em>quod</em></span> <span class='ocrx_word' id='word_1_112' title='bbox 844 885 896 921; x_wconf 87' lang='lat' dir='ltr'><em>ad</em></span> <span class='ocrx_word' id='word_1_113' title='bbox 920 883 1210 934; x_wconf 81' lang='lat' dir='ltr'><em>impetrandam</em></span> <span class='ocrx_word' id='word_1_114' title='bbox 1233 884 1531 933; x_wconf 82' lang='lat' dir='ltr'><em>absolutionem,</em></span> <span class='ocrx_word' id='word_1_115' title='bbox 1556 894 1633 924; x_wconf 78' lang='lat' dir='ltr'><em>etc.</em></span> <span class='ocrx_word' id='word_1_116' title='bbox 1653 885 1731 935; x_wconf 76' lang='lat' dir='ltr'><em>Qui</em></span> <span class='ocrx_word' id='word_1_117' title='bbox 1756 885 1956 936; x_wconf 81' lang='lat' dir='ltr'><em>respondit</em></span> <span class='ocrx_word' id='word_1_118' title='bbox 1980 901 1987 923; x_wconf 92' lang='lat'><strong>:</strong></span> 
     </span>
     <span class='ocr_line' id='line_1_13' title="bbox 281 943 1990 996; baseline -0.001 -13"><span class='ocrx_word' id='word_1_119' title='bbox 281 946 380 996; x_wconf 78' lang='lat' dir='ltr'><em>Quis</em></span> <span class='ocrx_word' id='word_1_120' title='bbox 410 944 761 983; x_wconf 67' lang='lat' dir='ltr'><em>excommunicavit</em></span> <span class='ocrx_word' id='word_1_121' title='bbox 790 943 849 981; x_wconf 69' lang='lat' dir='ltr'><em>te?</em></span> <span class='ocrx_word' id='word_1_122' title='bbox 878 944 1096 993; x_wconf 75' lang='lat' dir='ltr'><em>Respondit</em></span> <span class='ocrx_word' id='word_1_123' title='bbox 1126 944 1226 993; x_wconf 82' lang='lat' dir='ltr'><em>quod</em></span> <span class='ocrx_word' id='word_1_124' title='bbox 1254 944 1438 982; x_wconf 87' lang='lat' dir='ltr'><em>dominus</em></span> <span class='ocrx_word' id='word_1_125' title='bbox 1467 960 1588 995; x_wconf 87' lang='lat' dir='ltr'><em>papa.</em></span> <span class='ocrx_word' id='word_1_126' title='bbox 1625 945 1737 982; x_wconf 91' lang='lat' dir='ltr'><em>Tunc</em></span> <span class='ocrx_word' id='word_1_127' title='bbox 1772 944 1990 982; x_wconf 88' lang='lat' dir='ltr'><em>cardinalis</em></span> 
     </span>
     <span class='ocr_line' id='line_1_14' title="bbox 279 1003 1989 1055; baseline -0.001 -12"><span class='ocrx_word' id='word_1_128' title='bbox 279 1006 405 1043; x_wconf 74' lang='lat' dir='ltr'><em>dixit:</em></span> <span class='ocrx_word' id='word_1_129' title='bbox 429 1005 522 1046; x_wconf 83' lang='lat' dir='ltr'><em>Non</em></span> <span class='ocrx_word' id='word_1_130' title='bbox 541 1004 649 1042; x_wconf 91' lang='lat' dir='ltr'><em>credo</em></span> <span class='ocrx_word' id='word_1_131' title='bbox 679 1004 780 1054; x_wconf 82' lang='lat' dir='ltr'><em>quod</em></span> <span class='ocrx_word' id='word_1_132' title='bbox 804 1003 974 1053; x_wconf 91' lang='lat' dir='ltr'><em>potuerit</em></span> <span class='ocrx_word' id='word_1_133' title='bbox 1003 1011 1035 1041; x_wconf 89' lang='lat' dir='ltr'><em>te</em></span> <span class='ocrx_word' id='word_1_134' title='bbox 1064 1003 1401 1041; x_wconf 72' lang='lat' dir='ltr'><em>excommunicare</em></span> <span class='ocrx_word' id='word_1_135' title='bbox 1419 1019 1486 1042; x_wconf 88' lang='lat' dir='ltr'><em>nec</em></span> <span class='ocrx_word' id='word_1_136' title='bbox 1512 1005 1613 1055; x_wconf 81' lang='lat' dir='ltr'><em>quod</em></span> <span class='ocrx_word' id='word_1_137' title='bbox 1640 1005 1696 1042; x_wconf 90' lang='lat' dir='ltr'><em>sis</em></span> <span class='ocrx_word' id='word_1_138' title='bbox 1725 1004 1989 1042; x_wconf 70' lang='lat' dir='ltr'><em>eoecommuni-</em></span> 
     </span>
     <span class='ocr_line' id='line_1_15' title="bbox 279 1062 1035 1113; baseline -0.004 -10"><span class='ocrx_word' id='word_1_139' title='bbox 279 1074 401 1112; x_wconf 79' lang='lat' dir='ltr'><em>catus,</em></span> <span class='ocrx_word' id='word_1_140' title='bbox 424 1064 597 1102; x_wconf 89' lang='lat' dir='ltr'><em>ducendo</em></span> <span class='ocrx_word' id='word_1_141' title='bbox 618 1071 737 1113; x_wconf 84' lang='lat' dir='ltr'><em>caput</em></span> <span class='ocrx_word' id='word_1_142' title='bbox 757 1062 849 1100; x_wconf 82' lang='lat' dir='ltr'><em>hinc</em></span> <span class='ocrx_word' id='word_1_143' title='bbox 871 1063 973 1101; x_wconf 88' lang='lat' dir='ltr'><em>inde.</em></span> <span class='ocrx_word' id='word_1_144' title='bbox 1032 1068 1035 1070; x_wconf 86' lang='grc'><strong><em>’</em></strong></span> 
     </span>
    </p>

    <p class='ocr_par' dir='ltr' id='par_1_4' title="bbox 270 1122 1990 2303">
     <span class='ocr_line' id='line_1_16' title="bbox 333 1122 1988 1174; baseline -0.001 -12"><span class='ocrx_word' id='word_1_145' title='bbox 333 1124 517 1174; x_wconf 91' lang='lat' dir='ltr'><em>Denique</em></span> <span class='ocrx_word' id='word_1_146' title='bbox 562 1123 675 1161; x_wconf 81' lang='lat' dir='ltr'><em>istud</em></span> <span class='ocrx_word' id='word_1_147' title='bbox 719 1122 854 1172; x_wconf 88' lang='lat' dir='ltr'><em>ipsum</em></span> <span class='ocrx_word' id='word_1_148' title='bbox 900 1122 1174 1161; x_wconf 85' lang='lat' dir='ltr'><em>confirmatur</em></span> <span class='ocrx_word' id='word_1_149' title='bbox 1217 1123 1456 1162; x_wconf 81' lang='lat' dir='ltr'><em>testimonio</em></span> <span class='ocrx_word' id='word_1_150' title='bbox 1502 1123 1673 1161; x_wconf 87' lang='lat' dir='ltr'><em>Joannis</em></span> <span class='ocrx_word' id='word_1_151' title='bbox 1721 1123 1896 1173; x_wconf 82' lang='lat' dir='ltr'>Remigii</span> <span class='ocrx_word' id='word_1_152' title='bbox 1940 1123 1988 1161; x_wconf 90' lang='lat' dir='ltr'><em>de</em></span> 
     </span>
     <span class='ocr_line' id='line_1_17' title="bbox 279 1182 1988 1233; baseline -0.001 -10"><span class='ocrx_word' id='word_1_153' title='bbox 279 1184 479 1231; x_wconf 77' lang='lat' dir='ltr'><em>Guzman‚</em></span> <span class='ocrx_word' id='word_1_154' title='bbox 507 1182 785 1221; x_wconf 78' lang='lat' dir='ltr'>archidiaconi</span> <span class='ocrx_word' id='word_1_155' title='bbox 812 1182 876 1220; x_wconf 89' lang='lat' dir='ltr'><em>del</em></span> <span class='ocrx_word' id='word_1_156' title='bbox 903 1182 1024 1220; x_wconf 85' lang='lat' dir='ltr'><em>Alcor</em></span> <span class='ocrx_word' id='word_1_157' title='bbox 1059 1182 1101 1219; x_wconf 89' lang='lat' dir='ltr'><em>in</em></span> <span class='ocrx_word' id='word_1_158' title='bbox 1130 1182 1309 1220; x_wconf 79' lang='lat' dir='ltr'>Ecclesia</span> <span class='ocrx_word' id='word_1_159' title='bbox 1338 1183 1567 1231; x_wconf 75' lang='lat' dir='ltr'><em>palentina,</em></span> <span class='ocrx_word' id='word_1_160' title='bbox 1594 1183 1637 1220; x_wconf 91' lang='lat' dir='ltr'><em>in</em></span> <span class='ocrx_word' id='word_1_161' title='bbox 1672 1183 1787 1232; x_wconf 84' lang='lat' dir='ltr'><em>cujus</em></span> <span class='ocrx_word' id='word_1_162' title='bbox 1824 1188 1988 1233; x_wconf 81' lang='lat' dir='ltr'><em>respon-</em></span> 
     </span>
     <span class='ocr_line' id='line_1_18' title="bbox 277 1241 1988 1292; baseline -0.001 -10"><span class='ocrx_word' id='word_1_163' title='bbox 277 1244 388 1282; x_wconf 86' lang='lat' dir='ltr'>sione</span> <span class='ocrx_word' id='word_1_164' title='bbox 412 1243 465 1282; x_wconf 89' lang='lat' dir='ltr'><em>ad</em></span> <span class='ocrx_word' id='word_1_165' title='bbox 489 1243 539 1280; x_wconf 84' lang='lat'><em>94</em></span> <span class='ocrx_word' id='word_1_166' title='bbox 562 1242 783 1280; x_wconf 83' lang='lat' dir='ltr'><em>articulum</em></span> <span class='ocrx_word' id='word_1_167' title='bbox 806 1241 928 1292; x_wconf 84' lang='lat' dir='ltr'><em>primi</em></span> <span class='ocrx_word' id='word_1_168' title='bbox 951 1241 1070 1280; x_wconf 82' lang='lat' dir='ltr'><em>electi</em></span> <span class='ocrx_word' id='word_1_169' title='bbox 1103 1241 1158 1280; x_wconf 88' lang='lat' dir='ltr'><em>sic</em></span> <span class='ocrx_word' id='word_1_170' title='bbox 1189 1241 1367 1291; x_wconf 78' lang='lat' dir='ltr'><em>legitur3</em></span> <span class='ocrx_word' id='word_1_171' title='bbox 1392 1258 1399 1280; x_wconf 91' lang='lat'>:</span> <span class='ocrx_word' id='word_1_172' title='bbox 1428 1243 1525 1280; x_wconf 82' lang='lat' dir='ltr'><em>Item</em></span> <span class='ocrx_word' id='word_1_173' title='bbox 1543 1242 1703 1280; x_wconf 21' lang='lat' dir='ltr'><em>*audivit</em></span> <span class='ocrx_word' id='word_1_174' title='bbox 1725 1257 1749 1280; x_wconf 91' lang='lat' dir='ltr'><em>a</em></span> <span class='ocrx_word' id='word_1_175' title='bbox 1770 1242 1988 1292; x_wconf 83' lang='lat' dir='ltr'><em>capellanis</em></span> 
     </span>
     <span class='ocr_line' id='line_1_19' title="bbox 277 1301 1990 1352; baseline -0.001 -11"><span class='ocrx_word' id='word_1_176' title='bbox 277 1303 494 1341; x_wconf 89' lang='lat' dir='ltr'><em>cardinalis</em></span> <span class='ocrx_word' id='word_1_177' title='bbox 518 1301 836 1339; x_wconf 88' lang='lat' dir='ltr'><em>Mediolanensis</em></span> <span class='ocrx_word' id='word_1_178' title='bbox 859 1309 893 1339; x_wconf 92' lang='lat' dir='ltr'><em>et</em></span> <span class='ocrx_word' id='word_1_179' title='bbox 915 1301 965 1339; x_wconf 84' lang='lat' dir='ltr'><em>ab</em></span> <span class='ocrx_word' id='word_1_180' title='bbox 989 1301 1084 1338; x_wconf 91' lang='lat' dir='ltr'><em>aliis</em></span> <span class='ocrx_word' id='word_1_181' title='bbox 1106 1301 1287 1351; x_wconf 88' lang='lat' dir='ltr'><em>personis</em></span> <span class='ocrx_word' id='word_1_182' title='bbox 1318 1316 1415 1351; x_wconf 80' lang='lat' dir='ltr'><em>quas</em></span> <span class='ocrx_word' id='word_1_183' title='bbox 1449 1301 1544 1339; x_wconf 88' lang='lat' dir='ltr'><em>dicit</em></span> <span class='ocrx_word' id='word_1_184' title='bbox 1575 1301 1701 1351; x_wconf 75' lang='lat' dir='ltr'><em>fuisse</em></span> <span class='ocrx_word' id='word_1_185' title='bbox 1724 1310 1932 1352; x_wconf 79' lang='lat' dir='ltr'><em>presentes,</em></span> <span class='ocrx_word' id='word_1_186' title='bbox 1956 1310 1990 1340; x_wconf 87' lang='lat' dir='ltr'><em>et</em></span> 
     </span>
     <span class='ocr_line' id='line_1_20' title="bbox 279 1361 1987 1413; baseline -0.001 -13"><span class='ocrx_word' id='word_1_187' title='bbox 279 1362 362 1413; x_wconf 88' lang='lat' dir='ltr'><em>ipse</em></span> <span class='ocrx_word' id='word_1_188' title='bbox 393 1362 588 1411; x_wconf 79' lang='lat' dir='ltr'><em>cognoscit</em></span> <span class='ocrx_word' id='word_1_189' title='bbox 618 1376 693 1408; x_wconf 75' lang='lat' dir='ltr'><em>eos,</em></span> <span class='ocrx_word' id='word_1_190' title='bbox 725 1361 792 1398; x_wconf 87' lang='lat' dir='ltr'><em>sed</em></span> <span class='ocrx_word' id='word_1_191' title='bbox 823 1375 902 1398; x_wconf 92' lang='lat' dir='ltr'><em>non</em></span> <span class='ocrx_word' id='word_1_192' title='bbox 933 1361 1155 1398; x_wconf 86' lang='lat' dir='ltr'><em>recordatur</em></span> <span class='ocrx_word' id='word_1_193' title='bbox 1185 1362 1230 1398; x_wconf 92' lang='lat' dir='ltr'><em>de</em></span> <span class='ocrx_word' id='word_1_194' title='bbox 1261 1361 1492 1399; x_wconf 83' lang='lat' dir='ltr'><em>nominibus</em></span> <span class='ocrx_word' id='word_1_195' title='bbox 1523 1376 1668 1409; x_wconf 78' lang='lat' dir='ltr'><em>eorum,</em></span> <span class='ocrx_word' id='word_1_196' title='bbox 1701 1362 1803 1411; x_wconf 82' lang='lat' dir='ltr'><em>quod</em></span> <span class='ocrx_word' id='word_1_197' title='bbox 1833 1361 1987 1411; x_wconf 82' lang='lat' dir='ltr'><em>quando</em></span> 
     </span>
     <span class='ocr_line' id='line_1_21' title="bbox 277 1420 1987 1471; baseline -0.001 -11"><span class='ocrx_word' id='word_1_198' title='bbox 277 1423 485 1460; x_wconf 85' lang='lat' dir='ltr'><em>modernus</em></span> <span class='ocrx_word' id='word_1_199' title='bbox 527 1421 736 1471; x_wconf 91' lang='lat' dir='ltr'><em>episcopus</em></span> <span class='ocrx_word' id='word_1_200' title='bbox 766 1420 1027 1470; x_wconf 79' lang='lat' dir='ltr'><em>Legionensis</em></span> <span class='ocrx_word' id='word_1_201' title='bbox 1058 1420 1128 1458; x_wconf 74' lang='lat' dir='ltr'><em>ivit</em></span> <span class='ocrx_word' id='word_1_202' title='bbox 1161 1420 1346 1458; x_wconf 78' lang='lat' dir='ltr'><em>Tiburim</em></span> <span class='ocrx_word' id='word_1_203' title='bbox 1375 1421 1427 1458; x_wconf 91' lang='lat' dir='ltr'><em>ad</em></span> <span class='ocrx_word' id='word_1_204' title='bbox 1464 1421 1762 1470; x_wconf 79' lang='lat' dir='ltr'><em>regratiandum</em></span> <span class='ocrx_word' id='word_1_205' title='bbox 1791 1420 1987 1459; x_wconf 77' lang='lat' dir='ltr'><em>cardinali</em></span> 
     </span>
     <span class='ocr_line' id='line_1_22' title="bbox 276 1479 1987 1530; baseline -0.001 -11"><span class='ocrx_word' id='word_1_206' title='bbox 276 1480 584 1528; x_wconf 79' lang='lat' dir='ltr'><em>Mediolanensi,</em></span> <span class='ocrx_word' id='word_1_207' title='bbox 605 1480 668 1517; x_wconf 90' lang='lat' dir='ltr'><em>ille</em></span> <span class='ocrx_word' id='word_1_208' title='bbox 684 1479 902 1518; x_wconf 86' lang='lat' dir='ltr'><em>cardinalis</em></span> <span class='ocrx_word' id='word_1_209' title='bbox 919 1479 1070 1518; x_wconf 71' lang='lat' dir='ltr'><em>dixerat</em></span> <span class='ocrx_word' id='word_1_210' title='bbox 1085 1480 1165 1517; x_wconf 81' lang='lat' dir='ltr'><em>sibi</em></span> <span class='ocrx_word' id='word_1_211' title='bbox 1183 1496 1190 1517; x_wconf 73' lang='grc' dir='ltr'>ε</span> <span class='ocrx_word' id='word_1_212' title='bbox 1216 1480 1292 1517; x_wconf 85' lang='lat' dir='ltr'><em>Vos</em></span> <span class='ocrx_word' id='word_1_213' title='bbox 1309 1494 1388 1518; x_wconf 91' lang='lat' dir='ltr'><em>non</em></span> <span class='ocrx_word' id='word_1_214' title='bbox 1404 1480 1495 1518; x_wconf 86' lang='lat' dir='ltr'><em>estis</em></span> <span class='ocrx_word' id='word_1_215' title='bbox 1511 1480 1733 1530; x_wconf 79' lang='lat' dir='ltr'><em>episcopus,</em></span> <span class='ocrx_word' id='word_1_216' title='bbox 1753 1495 1821 1518; x_wconf 91' lang='lat' dir='ltr'><em>nec</em></span> <span class='ocrx_word' id='word_1_217' title='bbox 1837 1480 1987 1518; x_wconf 77' lang='lat' dir='ltr'><em>habetis</em></span> 
     </span>
     <span class='ocr_line' id='line_1_23' title="bbox 275 1539 1987 1590; baseline -0.001 -11"><span class='ocrx_word' id='word_1_218' title='bbox 275 1542 341 1590; x_wconf 73' lang='lat' dir='ltr'><em>jus</em></span> <span class='ocrx_word' id='word_1_219' title='bbox 373 1542 424 1578; x_wconf 87' lang='lat' dir='ltr'><em>ad</em></span> <span class='ocrx_word' id='word_1_220' title='bbox 455 1541 739 1590; x_wconf 78' lang='lat' dir='ltr'><em>episcopatum,</em></span> <span class='ocrx_word' id='word_1_221' title='bbox 773 1553 841 1577; x_wconf 90' lang='lat' dir='ltr'><em>nec</em></span> <span class='ocrx_word' id='word_1_222' title='bbox 873 1539 939 1589; x_wconf 83' lang='lat' dir='ltr'><em>qui</em></span> <span class='ocrx_word' id='word_1_223' title='bbox 973 1539 1076 1576; x_wconf 82' lang='lat' dir='ltr'><em>dedit</em></span> <span class='ocrx_word' id='word_1_224' title='bbox 1109 1539 1216 1577; x_wconf 71' lang='lat' dir='ltr'><em>vobis</em></span> <span class='ocrx_word' id='word_1_225' title='bbox 1247 1540 1376 1589; x_wconf 90' lang='lat' dir='ltr'><em>potuit</em></span> <span class='ocrx_word' id='word_1_226' title='bbox 1407 1540 1510 1587; x_wconf 80' lang='lat' dir='ltr'><em>dare,</em></span> <span class='ocrx_word' id='word_1_227' title='bbox 1544 1548 1578 1577; x_wconf 94' lang='lat' dir='ltr'><em>et</em></span> <span class='ocrx_word' id='word_1_228' title='bbox 1606 1540 1702 1589; x_wconf 75' lang='lat' dir='ltr'><em>sorte</em></span> <span class='ocrx_word' id='word_1_229' title='bbox 1736 1539 1885 1589; x_wconf 74' lang='lat' dir='ltr'><em>faciam</em></span> <span class='ocrx_word' id='word_1_230' title='bbox 1917 1554 1987 1590; x_wconf 81' lang='lat' dir='ltr'><em>que</em></span> 
     </span>
     <span class='ocr_line' id='line_1_24' title="bbox 273 1598 1985 1650; baseline -0.001 -12"><span class='ocrx_word' id='word_1_231' title='bbox 273 1601 447 1650; x_wconf 86' lang='lat' dir='ltr'><em>jecerunt</em></span> <span class='ocrx_word' id='word_1_232' title='bbox 475 1599 548 1637; x_wconf 88' lang='lat' dir='ltr'><em>alii</em></span> <span class='ocrx_word' id='word_1_233' title='bbox 579 1599 812 1637; x_wconf 82' lang='lat' dir='ltr'><em>cardinales.</em></span> <span class='ocrx_word' id='word_1_234' title='bbox 843 1599 894 1636; x_wconf 90' lang='lat' dir='ltr'><em>Et</em></span> <span class='ocrx_word' id='word_1_235' title='bbox 924 1598 1024 1635; x_wconf 68' lang='lat' dir='ltr'><em>dixit</em></span> <span class='ocrx_word' id='word_1_236' title='bbox 1053 1613 1091 1635; x_wconf 89' lang='lat' dir='ltr'><em>se</em></span> <span class='ocrx_word' id='word_1_237' title='bbox 1121 1599 1268 1636; x_wconf 85' lang='lat' dir='ltr'><em>credere</em></span> <span class='ocrx_word' id='word_1_238' title='bbox 1298 1600 1399 1649; x_wconf 74' lang='lat' dir='ltr'><em>quod</em></span> <span class='ocrx_word' id='word_1_239' title='bbox 1428 1600 1528 1637; x_wconf 86' lang='lat' dir='ltr'><em>illud</em></span> <span class='ocrx_word' id='word_1_240' title='bbox 1556 1599 1656 1637; x_wconf 72' lang='lat' dir='ltr'><em>dixit</em></span> <span class='ocrx_word' id='word_1_241' title='bbox 1683 1607 1841 1650; x_wconf 87' lang='lat' dir='ltr'><em>propter</em></span> <span class='ocrx_word' id='word_1_242' title='bbox 1871 1599 1985 1647; x_wconf 84' lang='lat' dir='ltr'><em>iram,</em></span> 
     </span>
     <span class='ocr_line' id='line_1_25' title="bbox 274 1658 1986 1710; baseline -0.001 -13"><span class='ocrx_word' id='word_1_243' title='bbox 274 1675 315 1697; x_wconf 90' lang='lat' dir='ltr'><em>eo</em></span> <span class='ocrx_word' id='word_1_244' title='bbox 334 1660 435 1710; x_wconf 81' lang='lat' dir='ltr'><em>quod</em></span> <span class='ocrx_word' id='word_1_245' title='bbox 453 1660 522 1697; x_wconf 90' lang='lat' dir='ltr'><em>iste</em></span> <span class='ocrx_word' id='word_1_246' title='bbox 541 1658 759 1696; x_wconf 89' lang='lat' dir='ltr'><em>cardinalis</em></span> <span class='ocrx_word' id='word_1_247' title='bbox 777 1658 1095 1695; x_wconf 85' lang='lat' dir='ltr'><em>Mediolanensis</em></span> <span class='ocrx_word' id='word_1_248' title='bbox 1112 1658 1367 1708; x_wconf 81' lang='lat' dir='ltr'><em>supplicabat</em></span> <span class='ocrx_word' id='word_1_249' title='bbox 1383 1666 1418 1696; x_wconf 92' lang='lat' dir='ltr'><em>et</em></span> <span class='ocrx_word' id='word_1_250' title='bbox 1434 1667 1521 1696; x_wconf 85' lang='lat' dir='ltr'><em>erat·</em></span> <span class='ocrx_word' id='word_1_251' title='bbox 1531 1667 1726 1708; x_wconf 89' lang='lat' dir='ltr'><em>promotor</em></span> <span class='ocrx_word' id='word_1_252' title='bbox 1746 1659 1862 1697; x_wconf 89' lang='lat' dir='ltr'><em>istius</em></span> <span class='ocrx_word' id='word_1_253' title='bbox 1881 1658 1986 1697; x_wconf 88' lang='lat' dir='ltr'><em>testis</em></span> 
     </span>
     <span class='ocr_line' id='line_1_26' title="bbox 276 1717 1984 1767; baseline -0.001 -10"><span class='ocrx_word' id='word_1_254' title='bbox 276 1719 331 1767; x_wconf 87' lang='lat' dir='ltr'><em>(id</em></span> <span class='ocrx_word' id='word_1_255' title='bbox 366 1728 441 1766; x_wconf 75' lang='lat' dir='ltr'><em>est,</em></span> <span class='ocrx_word' id='word_1_256' title='bbox 478 1718 649 1756; x_wconf 76' lang='lat' dir='ltr'><em>=loannis</em></span> <span class='ocrx_word' id='word_1_257' title='bbox 687 1717 875 1767; x_wconf 72' lang='lat' dir='ltr'><em>Remigii)</em></span> <span class='ocrx_word' id='word_1_258' title='bbox 908 1717 974 1767; x_wconf 84' lang='lat' dir='ltr'><em>qui</em></span> <span class='ocrx_word' id='word_1_259' title='bbox 1011 1726 1102 1755; x_wconf 86' lang='lat' dir='ltr'><em>tunc</em></span> <span class='ocrx_word' id='word_1_260' title='bbox 1135 1726 1215 1755; x_wconf 89' lang='lat' dir='ltr'><em>erat</em></span> <span class='ocrx_word' id='word_1_261' title='bbox 1251 1719 1474 1767; x_wconf 87' lang='lat' dir='ltr'><em>postulatus</em></span> <span class='ocrx_word' id='word_1_262' title='bbox 1507 1719 1559 1755; x_wconf 92' lang='lat' dir='ltr'><em>ad</em></span> <span class='ocrx_word' id='word_1_263' title='bbox 1591 1718 1735 1756; x_wconf 90' lang='lat' dir='ltr'><em>dictam</em></span> <span class='ocrx_word' id='word_1_264' title='bbox 1769 1718 1984 1756; x_wconf 84' lang='lat' dir='ltr'><em>Ecclesiam</em></span> 
     </span>
     <span class='ocr_line' id='line_1_27' title="bbox 273 1777 1986 1828; baseline -0.002 -12"><span class='ocrx_word' id='word_1_265' title='bbox 273 1779 568 1828; x_wconf 78' lang='lat' dir='ltr'><em>Legionensem‚</em></span> <span class='ocrx_word' id='word_1_266' title='bbox 599 1786 633 1815; x_wconf 87' lang='lat' dir='ltr'><em>et</em></span> <span class='ocrx_word' id='word_1_267' title='bbox 663 1777 732 1814; x_wconf 90' lang='lat' dir='ltr'><em>iste</em></span> <span class='ocrx_word' id='word_1_268' title='bbox 770 1777 927 1827; x_wconf 82' lang='lat' dir='ltr'><em>primus</em></span> <span class='ocrx_word' id='word_1_269' title='bbox 956 1777 1095 1814; x_wconf 90' lang='lat' dir='ltr'><em>electus</em></span> <span class='ocrx_word' id='word_1_270' title='bbox 1136 1777 1358 1827; x_wconf 72' lang='lat' dir='ltr'><em>providerat</em></span> <span class='ocrx_word' id='word_1_271' title='bbox 1395 1777 1494 1815; x_wconf 91' lang='lat' dir='ltr'><em>dicto</em></span> <span class='ocrx_word' id='word_1_272' title='bbox 1523 1777 1706 1827; x_wconf 83' lang='lat' dir='ltr'><em>episcopo</em></span> <span class='ocrx_word' id='word_1_273' title='bbox 1736 1778 1779 1815; x_wconf 90' lang='lat' dir='ltr'><em>de</em></span> <span class='ocrx_word' id='word_1_274' title='bbox 1809 1777 1986 1815; x_wconf 82' lang='lat' dir='ltr'><em>Ecclesia</em></span> 
     </span>
     <span class='ocr_line' id='line_1_28' title="bbox 273 1836 1984 1887; baseline -0.001 -12"><span class='ocrx_word' id='word_1_275' title='bbox 273 1837 523 1887; x_wconf 84' lang='lat' dir='ltr'><em>Legionensi,</em></span> <span class='ocrx_word' id='word_1_276' title='bbox 546 1845 580 1875; x_wconf 87' lang='lat' dir='ltr'><em>et</em></span> <span class='ocrx_word' id='word_1_277' title='bbox 602 1837 671 1874; x_wconf 89' lang='lat' dir='ltr'><em>iste</em></span> <span class='ocrx_word' id='word_1_278' title='bbox 693 1836 910 1874; x_wconf 87' lang='lat' dir='ltr'><em>cardinalis</em></span> <span class='ocrx_word' id='word_1_279' title='bbox 926 1836 1243 1874; x_wconf 84' lang='lat' dir='ltr'><em>Mediolanensis</em></span> <span class='ocrx_word' id='word_1_280' title='bbox 1260 1851 1338 1874; x_wconf 92' lang='lat' dir='ltr'><em>non</em></span> <span class='ocrx_word' id='word_1_281' title='bbox 1361 1837 1590 1886; x_wconf 76' lang='lat' dir='ltr'><em>interfuerat</em></span> <span class='ocrx_word' id='word_1_282' title='bbox 1612 1837 1681 1875; x_wconf 92' lang='lat' dir='ltr'><em>illa</em></span> <span class='ocrx_word' id='word_1_283' title='bbox 1696 1837 1758 1874; x_wconf 92' lang='lat' dir='ltr'><em>die</em></span> <span class='ocrx_word' id='word_1_284' title='bbox 1781 1837 1823 1874; x_wconf 93' lang='lat' dir='ltr'><em>in</em></span> <span class='ocrx_word' id='word_1_285' title='bbox 1838 1837 1984 1875; x_wconf 83' lang='lat' dir='ltr'><em>consis-</em></span> 
     </span>
     <span class='ocr_line' id='line_1_29' title="bbox 274 1896 1983 1946; baseline 0 -12"><span class='ocrx_word' id='word_1_286' title='bbox 274 1898 383 1944; x_wconf 88' lang='lat' dir='ltr'><em>torio,</em></span> <span class='ocrx_word' id='word_1_287' title='bbox 406 1906 439 1935; x_wconf 91' lang='lat' dir='ltr'><em>et</em></span> <span class='ocrx_word' id='word_1_288' title='bbox 462 1897 524 1934; x_wconf 90' lang='lat' dir='ltr'><em>ille</em></span> <span class='ocrx_word' id='word_1_289' title='bbox 545 1896 701 1946; x_wconf 88' lang='lat' dir='ltr'><em>primus</em></span> <span class='ocrx_word' id='word_1_290' title='bbox 723 1896 862 1933; x_wconf 89' lang='lat' dir='ltr'><em>electus</em></span> <span class='ocrx_word' id='word_1_291' title='bbox 883 1896 1117 1946; x_wconf 88' lang='lat' dir='ltr'><em>promiserat</em></span> <span class='ocrx_word' id='word_1_292' title='bbox 1138 1911 1217 1934; x_wconf 89' lang='lat' dir='ltr'><em>non</em></span> <span class='ocrx_word' id='word_1_293' title='bbox 1237 1896 1438 1946; x_wconf 67' lang='lat' dir='ltr'><em>providere</em></span> <span class='ocrx_word' id='word_1_294' title='bbox 1460 1897 1503 1934; x_wconf 90' lang='lat' dir='ltr'><em>de</em></span> <span class='ocrx_word' id='word_1_295' title='bbox 1525 1896 1628 1934; x_wconf 90' lang='lat' dir='ltr'><em>dicta</em></span> <span class='ocrx_word' id='word_1_296' title='bbox 1649 1896 1826 1934; x_wconf 89' lang='lat' dir='ltr'><em>Ecclesia</em></span> <span class='ocrx_word' id='word_1_297' title='bbox 1845 1896 1983 1946; x_wconf 80' lang='lat' dir='ltr'><em>Legio-</em></span> 
     </span>
     <span class='ocr_line' id='line_1_30' title="bbox 274 1955 1985 2006; baseline -0.001 -12"><span class='ocrx_word' id='word_1_298' title='bbox 274 1957 386 1994; x_wconf 91' lang='lat' dir='ltr'><em>nensi</em></span> <span class='ocrx_word' id='word_1_299' title='bbox 421 1956 543 1994; x_wconf 87' lang='lat' dir='ltr'><em>alicui</em></span> <span class='ocrx_word' id='word_1_300' title='bbox 579 1956 696 1993; x_wconf 87' lang='lat' dir='ltr'><em>donec</em></span> <span class='ocrx_word' id='word_1_301' title='bbox 730 1956 883 1993; x_wconf 89' lang='lat' dir='ltr'><em>audiret</em></span> <span class='ocrx_word' id='word_1_302' title='bbox 917 1955 1144 1993; x_wconf 86' lang='lat' dir='ltr'><em>relationem</em></span> <span class='ocrx_word' id='word_1_303' title='bbox 1177 1956 1460 2006; x_wconf 86' lang='lat' dir='ltr'><em>postulationis</em></span> <span class='ocrx_word' id='word_1_304' title='bbox 1496 1956 1611 1993; x_wconf 86' lang='lat' dir='ltr'><em>istius</em></span> <span class='ocrx_word' id='word_1_305' title='bbox 1646 1956 1763 1994; x_wconf 86' lang='lat' dir='ltr'><em>testis.</em></span> <span class='ocrx_word' id='word_1_306' title='bbox 1800 1956 1851 1994; x_wconf 87' lang='lat' dir='ltr'><em>Et</em></span> <span class='ocrx_word' id='word_1_307' title='bbox 1884 1956 1985 1994; x_wconf 69' lang='lat' dir='ltr'><em>discit</em></span> 
     </span>
     <span class='ocr_line' id='line_1_31' title="bbox 273 2015 1982 2066; baseline 0 -13"><span class='ocrx_word' id='word_1_308' title='bbox 273 2017 374 2066; x_wconf 80' lang='lat' dir='ltr'><em>quod</em></span> <span class='ocrx_word' id='word_1_309' title='bbox 400 2016 557 2053; x_wconf 88' lang='lat' dir='ltr'><em>illorum</em></span> <span class='ocrx_word' id='word_1_310' title='bbox 583 2015 650 2065; x_wconf 80' lang='lat' dir='ltr'><em>qui</em></span> <span class='ocrx_word' id='word_1_311' title='bbox 678 2015 790 2053; x_wconf 82' lang='lat' dir='ltr'><em>ibant</em></span> <span class='ocrx_word' id='word_1_312' title='bbox 815 2029 903 2052; x_wconf 87' lang='lat' dir='ltr'><em>cum</em></span> <span class='ocrx_word' id='word_1_313' title='bbox 930 2015 1029 2052; x_wconf 90' lang='lat' dir='ltr'><em>dicto</em></span> <span class='ocrx_word' id='word_1_314' title='bbox 1055 2015 1238 2065; x_wconf 87' lang='lat' dir='ltr'><em>episcopo</em></span> <span class='ocrx_word' id='word_1_315' title='bbox 1264 2024 1298 2053; x_wconf 91' lang='lat' dir='ltr'><em>et</em></span> <span class='ocrx_word' id='word_1_316' title='bbox 1322 2015 1535 2053; x_wconf 89' lang='lat' dir='ltr'><em>audierunt</em></span> <span class='ocrx_word' id='word_1_317' title='bbox 1561 2015 1802 2053; x_wconf 84' lang='lat' dir='ltr'><em>cardinalem</em></span> <span class='ocrx_word' id='word_1_318' title='bbox 1828 2015 1982 2053; x_wconf 91' lang='lat' dir='ltr'><em>Medio—</em></span> 
     </span>
     <span class='ocr_line' id='line_1_32' title="bbox 273 2074 1981 2122; baseline 0 -9"><span class='ocrx_word' id='word_1_319' title='bbox 273 2076 473 2113; x_wconf 89' lang='lat' dir='ltr'><em>lanensem</em></span> <span class='ocrx_word' id='word_1_320' title='bbox 502 2075 569 2112; x_wconf 78' lang='lat' dir='ltr'><em>hoc</em></span> <span class='ocrx_word' id='word_1_321' title='bbox 598 2074 721 2112; x_wconf 90' lang='lat' dir='ltr'><em>dicere</em></span> <span class='ocrx_word' id='word_1_322' title='bbox 751 2089 855 2112; x_wconf 90' lang='lat' dir='ltr'><em>unus</em></span> <span class='ocrx_word' id='word_1_323' title='bbox 884 2082 965 2112; x_wconf 92' lang='lat' dir='ltr'><em>erat</em></span> <span class='ocrx_word' id='word_1_324' title='bbox 993 2074 1234 2112; x_wconf 86' lang='lat' dir='ltr'><em>Franciscus</em></span> <span class='ocrx_word' id='word_1_325' title='bbox 1263 2074 1481 2122; x_wconf 88' lang='lat' dir='ltr'><em>Fernandi,</em></span> <span class='ocrx_word' id='word_1_326' title='bbox 1511 2083 1644 2112; x_wconf 87' lang='lat' dir='ltr'><em>cantor</em></span> <span class='ocrx_word' id='word_1_327' title='bbox 1672 2074 1981 2113; x_wconf 88' lang='lat' dir='ltr'><em>Palentinensis.</em></span> 
     </span>
     <span class='ocr_line' id='line_1_33' title="bbox 272 2133 1983 2185; baseline -0.001 -13"><span class='ocrx_word' id='word_1_328' title='bbox 272 2135 322 2173; x_wconf 88' lang='lat' dir='ltr'><em>Et</em></span> <span class='ocrx_word' id='word_1_329' title='bbox 339 2135 439 2172; x_wconf 67' lang='lat' dir='ltr'><em>discit</em></span> <span class='ocrx_word' id='word_1_330' title='bbox 456 2135 557 2185; x_wconf 81' lang='lat' dir='ltr'><em>quod</em></span> <span class='ocrx_word' id='word_1_331' title='bbox 572 2142 659 2184; x_wconf 85' lang='lat' dir='ltr'><em>post</em></span> <span class='ocrx_word' id='word_1_332' title='bbox 677 2134 752 2172; x_wconf 88' lang='lat' dir='ltr'><em>ista</em></span> <span class='ocrx_word' id='word_1_333' title='bbox 770 2134 868 2171; x_wconf 68' lang='lat' dir='ltr'><em>vidit</em></span> <span class='ocrx_word' id='word_1_334' title='bbox 885 2149 1008 2171; x_wconf 89' lang='lat' dir='ltr'><em>unam</em></span> <span class='ocrx_word' id='word_1_335' title='bbox 1024 2134 1358 2184; x_wconf 87' lang='lat' dir='ltr'><em>supplicationem</em></span> <span class='ocrx_word' id='word_1_336' title='bbox 1374 2134 1575 2183; x_wconf 81' lang='lat' dir='ltr'><em>signatam</em></span> <span class='ocrx_word' id='word_1_337' title='bbox 1591 2149 1660 2184; x_wconf 88' lang='lat' dir='ltr'><em>per</em></span> <span class='ocrx_word' id='word_1_338' title='bbox 1676 2134 1790 2172; x_wconf 85' lang='lat' dir='ltr'><em>illum</em></span> <span class='ocrx_word' id='word_1_339' title='bbox 1805 2133 1983 2184; x_wconf 89' lang='lat' dir='ltr'><em>primum</em></span> 
     </span>
     <span class='ocr_line' id='line_1_34' title="bbox 270 2193 1983 2244; baseline 0 -13"><span class='ocrx_word' id='word_1_340' title='bbox 270 2196 429 2232; x_wconf 86' lang='lat' dir='ltr'><em>electum</em></span> <span class='ocrx_word' id='word_1_341' title='bbox 459 2209 527 2244; x_wconf 92' lang='lat' dir='ltr'><em>per</em></span> <span class='ocrx_word' id='word_1_342' title='bbox 557 2208 674 2244; x_wconf 84' lang='lat' dir='ltr'><em>quam</em></span> <span class='ocrx_word' id='word_1_343' title='bbox 702 2193 925 2243; x_wconf 65' lang='lat' dir='ltr'><em>providerat</em></span> <span class='ocrx_word' id='word_1_344' title='bbox 955 2193 1151 2231; x_wconf 89' lang='lat' dir='ltr'><em>cardinali</em></span> <span class='ocrx_word' id='word_1_345' title='bbox 1182 2194 1477 2231; x_wconf 89' lang='lat' dir='ltr'><em>Mediolanensi</em></span> <span class='ocrx_word' id='word_1_346' title='bbox 1508 2194 1552 2231; x_wconf 89' lang='lat' dir='ltr'><em>de</em></span> <span class='ocrx_word' id='word_1_347' title='bbox 1581 2193 1909 2231; x_wconf 75' lang='lat' dir='ltr'><em>archidiaconatu</em></span> <span class='ocrx_word' id='word_1_348' title='bbox 1939 2194 1983 2231; x_wconf 89' lang='lat' dir='ltr'><em>de</em></span> 
     </span>
     <span class='ocr_line' id='line_1_35' title="bbox 272 2252 1693 2303; baseline 0 -12"><span class='ocrx_word' id='word_1_349' title='bbox 272 2254 470 2303; x_wconf 88' lang='lat' dir='ltr'><em>Majorico</em></span> <span class='ocrx_word' id='word_1_350' title='bbox 496 2253 650 2291; x_wconf 66' lang='lat' dir='ltr'><em>vacanti</em></span> <span class='ocrx_word' id='word_1_351' title='bbox 675 2267 745 2303; x_wconf 91' lang='lat' dir='ltr'><em>per</em></span> <span class='ocrx_word' id='word_1_352' title='bbox 768 2252 1053 2303; x_wconf 86' lang='lat' dir='ltr'><em>promotionem</em></span> <span class='ocrx_word' id='word_1_353' title='bbox 1079 2253 1195 2291; x_wconf 89' lang='lat' dir='ltr'><em>istius</em></span> <span class='ocrx_word' id='word_1_354' title='bbox 1219 2253 1396 2303; x_wconf 90' lang='lat' dir='ltr'><em>episcopi</em></span> <span class='ocrx_word' id='word_1_355' title='bbox 1421 2253 1693 2302; x_wconf 82' lang='lat' dir='ltr'><em>Legionensis.</em></span> 
     </span>
    </p>

    <p class='ocr_par' dir='ltr' id='par_1_5' title="bbox 268 2312 1981 2836">
     <span class='ocr_line' id='line_1_36' title="bbox 327 2312 1981 2363; baseline -0.001 -13"><span class='ocrx_word' id='word_1_356' title='bbox 327 2314 472 2363; x_wconf 78' lang='lat' dir='ltr'><em>Itaque</em></span> <span class='ocrx_word' id='word_1_357' title='bbox 500 2312 716 2351; x_wconf 87' lang='lat' dir='ltr'><em>cardinalis</em></span> <span class='ocrx_word' id='word_1_358' title='bbox 745 2312 1058 2351; x_wconf 86' lang='lat' dir='ltr'><em>Mediolanensis</em></span> <span class='ocrx_word' id='word_1_359' title='bbox 1085 2312 1266 2362; x_wconf 74' lang='lat' dir='ltr'><em>putabat</em></span> <span class='ocrx_word' id='word_1_360' title='bbox 1293 2313 1509 2351; x_wconf 85' lang='lat' dir='ltr'><em>Urbanum</em></span> <span class='ocrx_word' id='word_1_361' title='bbox 1535 2312 1592 2350; x_wconf 88' lang='lat' dir='ltr'><em>VI</em></span> <span class='ocrx_word' id='word_1_362' title='bbox 1619 2326 1703 2350; x_wconf 90' lang='lat' dir='ltr'><em>non</em></span> <span class='ocrx_word' id='word_1_363' title='bbox 1727 2327 1811 2350; x_wconf 85' lang='lat' dir='ltr'><em>esse</em></span> <span class='ocrx_word' id='word_1_364' title='bbox 1838 2326 1981 2350; x_wconf 86' lang='lat' dir='ltr'><em>verum</em></span> 
     </span>
     <span class='ocr_line' id='line_1_37' title="bbox 270 2371 1980 2423; baseline -0.001 -13"><span class='ocrx_word' id='word_1_365' title='bbox 270 2386 435 2423; x_wconf 85' lang='lat' dir='ltr'><em>papam.</em></span> <span class='ocrx_word' id='word_1_366' title='bbox 459 2373 512 2410; x_wconf 76' lang='lat' dir='ltr'><em>Et</em></span> <span class='ocrx_word' id='word_1_367' title='bbox 530 2380 673 2412; x_wconf 76' lang='lat' dir='ltr'><em>tamen</em></span> <span class='ocrx_word' id='word_1_368' title='bbox 691 2386 782 2410; x_wconf 90' lang='lat' dir='ltr'><em>cum</em></span> <span class='ocrx_word' id='word_1_369' title='bbox 804 2372 982 2410; x_wconf 87' lang='lat' dir='ltr'><em>secunda</em></span> <span class='ocrx_word' id='word_1_370' title='bbox 1003 2372 1146 2410; x_wconf 77' lang='lat' dir='ltr'><em>electio</em></span> <span class='ocrx_word' id='word_1_371' title='bbox 1167 2372 1371 2410; x_wconf 79' lang='lat' dir='ltr'><em>celebrata</em></span> <span class='ocrx_word' id='word_1_372' title='bbox 1392 2371 1548 2419; x_wconf 72' lang='lat' dir='ltr'><em>fuisset,</em></span> <span class='ocrx_word' id='word_1_373' title='bbox 1568 2371 1679 2409; x_wconf 86' lang='lat' dir='ltr'><em>visus</em></span> <span class='ocrx_word' id='word_1_374' title='bbox 1699 2379 1763 2409; x_wconf 78' lang='lat' dir='ltr'><em>est</em></span> <span class='ocrx_word' id='word_1_375' title='bbox 1782 2371 1980 2421; x_wconf 86' lang='lat' dir='ltr'><em>aliquam-</em></span> 
     </span>
     <span class='ocr_line' id='line_1_38' title="bbox 270 2430 1981 2481; baseline -0.001 -12"><span class='ocrx_word' id='word_1_376' title='bbox 270 2432 339 2469; x_wconf 88' lang='lat' dir='ltr'><em>diu</em></span> <span class='ocrx_word' id='word_1_377' title='bbox 358 2431 568 2469; x_wconf 80' lang='lat' dir='ltr'><em>dubitasse</em></span> <span class='ocrx_word' id='word_1_378' title='bbox 588 2446 668 2481; x_wconf 92' lang='lat' dir='ltr'><em>quo</em></span> <span class='ocrx_word' id='word_1_379' title='bbox 687 2446 727 2469; x_wconf 85' lang='lat' dir='ltr'><em>se</em></span> <span class='ocrx_word' id='word_1_380' title='bbox 746 2439 938 2469; x_wconf 79' lang='lat' dir='ltr'><em>verteret.</em></span> <span class='ocrx_word' id='word_1_381' title='bbox 959 2431 1072 2469; x_wconf 88' lang='lat' dir='ltr'><em>Idem</em></span> <span class='ocrx_word' id='word_1_382' title='bbox 1092 2431 1330 2469; x_wconf 88' lang='lat' dir='ltr'><em>Fernandus</em></span> <span class='ocrx_word' id='word_1_383' title='bbox 1350 2431 1474 2478; x_wconf 75' lang='lat' dir='ltr'><em>Petri,</em></span> <span class='ocrx_word' id='word_1_384' title='bbox 1491 2431 1668 2469; x_wconf 86' lang='lat' dir='ltr'><em>decanus</em></span> <span class='ocrx_word' id='word_1_385' title='bbox 1688 2430 1981 2477; x_wconf 86' lang='lat' dir='ltr'><em>Tirasonensis‚</em></span> 
     </span>
     <span class='ocr_line' id='line_1_39' title="bbox 270 2489 1979 2539; baseline -0.001 -11"><span class='ocrx_word' id='word_1_386' title='bbox 270 2491 327 2528; x_wconf 83' lang='lat' dir='ltr'><em>ita</em></span> <span class='ocrx_word' id='word_1_387' title='bbox 349 2505 433 2529; x_wconf 88' lang='lat' dir='ltr'><em>rem</em></span> <span class='ocrx_word' id='word_1_388' title='bbox 454 2491 576 2528; x_wconf 75' lang='lat' dir='ltr'><em>istam</em></span> <span class='ocrx_word' id='word_1_389' title='bbox 598 2490 729 2528; x_wconf 73' lang='lat' dir='ltr'><em>tradit</em></span> <span class='ocrx_word' id='word_1_390' title='bbox 744 2489 761 2512; x_wconf 84' lang='lat'>4</span> <span class='ocrx_word' id='word_1_391' title='bbox 781 2507 788 2528; x_wconf 90' lang='lat'><strong>:</strong></span> <span class='ocrx_word' id='word_1_392' title='bbox 811 2506 826 2525; x_wconf 80' lang='lat'>«</span> <span class='ocrx_word' id='word_1_393' title='bbox 849 2490 1020 2528; x_wconf 76' lang='lat' dir='ltr'><em>Audivit</em></span> <span class='ocrx_word' id='word_1_394' title='bbox 1049 2490 1125 2528; x_wconf 76' lang='lat' dir='ltr'><em>iste</em></span> <span class='ocrx_word' id='word_1_395' title='bbox 1155 2490 1272 2529; x_wconf 75' lang='lat' dir='ltr'><em>testis</em></span> <span class='ocrx_word' id='word_1_396' title='bbox 1294 2504 1316 2528; x_wconf 89' lang='lat' dir='ltr'><em>a</em></span> <span class='ocrx_word' id='word_1_397' title='bbox 1339 2490 1535 2528; x_wconf 81' lang='lat' dir='ltr'><em>cardinali</em></span> <span class='ocrx_word' id='word_1_398' title='bbox 1558 2489 1849 2528; x_wconf 83' lang='lat' dir='ltr'><em>Mediolanensi</em></span> <span class='ocrx_word' id='word_1_399' title='bbox 1870 2490 1979 2539; x_wconf 89' lang='lat' dir='ltr'><em>quod</em></span> 
     </span>
     <span class='ocr_line' id='line_1_40' title="bbox 270 2548 1979 2600; baseline -0.001 -12"><span class='ocrx_word' id='word_1_400' title='bbox 270 2550 353 2600; x_wconf 89' lang='lat' dir='ltr'><em>ipse</em></span> <span class='ocrx_word' id='word_1_401' title='bbox 375 2550 537 2588; x_wconf 73' lang='lat' dir='ltr'><em>dixerat</em></span> <span class='ocrx_word' id='word_1_402' title='bbox 557 2550 682 2588; x_wconf 89' lang='lat' dir='ltr'><em>verba</em></span> <span class='ocrx_word' id='word_1_403' title='bbox 706 2550 834 2587; x_wconf 81' lang='lat' dir='ltr'><em>Rome</em></span> <span class='ocrx_word' id='word_1_404' title='bbox 865 2549 1170 2600; x_wconf 80' lang='lat' dir='ltr'><em>archiepiscopo</em></span> <span class='ocrx_word' id='word_1_405' title='bbox 1194 2549 1362 2588; x_wconf 86' lang='lat' dir='ltr'><em>Barensi</em></span> <span class='ocrx_word' id='word_1_406' title='bbox 1382 2564 1453 2599; x_wconf 87' lang='lat' dir='ltr'><em>per</em></span> <span class='ocrx_word' id='word_1_407' title='bbox 1475 2563 1552 2599; x_wconf 90' lang='lat' dir='ltr'><em>que</em></span> <span class='ocrx_word' id='word_1_408' title='bbox 1572 2549 1657 2599; x_wconf 89' lang='lat' dir='ltr'><em>ipse</em></span> <span class='ocrx_word' id='word_1_409' title='bbox 1681 2548 1819 2599; x_wconf 79' lang='lat' dir='ltr'><em>potuit</em></span> <span class='ocrx_word' id='word_1_410' title='bbox 1833 2548 1979 2587; x_wconf 81' lang='lat' dir='ltr'><em>intelli-</em></span> 
     </span>
     <span class='ocr_line' id='line_1_41' title="bbox 270 2607 1979 2659; baseline -0.001 -13"><span class='ocrx_word' id='word_1_411' title='bbox 270 2624 357 2658; x_wconf 78' lang='lat' dir='ltr'><em>gere</em></span> <span class='ocrx_word' id='word_1_412' title='bbox 380 2609 489 2659; x_wconf 85' lang='lat' dir='ltr'><em>quod</em></span> <span class='ocrx_word' id='word_1_413' title='bbox 512 2624 607 2647; x_wconf 87' lang='lat' dir='ltr'><em>suus</em></span> <span class='ocrx_word' id='word_1_414' title='bbox 629 2617 763 2647; x_wconf 79' lang='lat' dir='ltr'><em>status</em></span> <span class='ocrx_word' id='word_1_415' title='bbox 786 2623 868 2646; x_wconf 90' lang='lat' dir='ltr'><em>non</em></span> <span class='ocrx_word' id='word_1_416' title='bbox 889 2617 977 2647; x_wconf 80' lang='lat' dir='ltr'><em>erat</em></span> <span class='ocrx_word' id='word_1_417' title='bbox 998 2623 1175 2647; x_wconf 86' lang='lat' dir='ltr'><em>securus.</em></span> <span class='ocrx_word' id='word_1_418' title='bbox 1194 2609 1248 2646; x_wconf 75' lang='lat' dir='ltr'><em>Et</em></span> <span class='ocrx_word' id='word_1_419' title='bbox 1266 2609 1342 2646; x_wconf 91' lang='lat' dir='ltr'><em>hoc</em></span> <span class='ocrx_word' id='word_1_420' title='bbox 1364 2608 1525 2646; x_wconf 76' lang='lat' dir='ltr'><em>audivit</em></span> <span class='ocrx_word' id='word_1_421' title='bbox 1545 2622 1567 2646; x_wconf 87' lang='lat' dir='ltr'><em>a</em></span> <span class='ocrx_word' id='word_1_422' title='bbox 1590 2608 1700 2647; x_wconf 79' lang='lat' dir='ltr'><em>dicto</em></span> <span class='ocrx_word' id='word_1_423' title='bbox 1722 2607 1917 2646; x_wconf 87' lang='lat' dir='ltr'><em>cardinali</em></span> <span class='ocrx_word' id='word_1_424' title='bbox 1937 2608 1979 2645; x_wconf 90' lang='lat' dir='ltr'><em>in</em></span> 
     </span>
     <span class='ocr_line' id='line_1_42' title="bbox 268 2667 1977 2718; baseline -0.001 -12"><span class='ocrx_word' id='word_1_425' title='bbox 268 2669 436 2706; x_wconf 71' lang='lat' dir='ltr'><em>civitate</em></span> <span class='ocrx_word' id='word_1_426' title='bbox 454 2668 502 2706; x_wconf 89' lang='lat' dir='ltr'><em>dc</em></span> <span class='ocrx_word' id='word_1_427' title='bbox 521 2669 618 2706; x_wconf 81' lang='lat' dir='ltr'><em>Sora</em></span> <span class='ocrx_word' id='word_1_428' title='bbox 635 2668 677 2705; x_wconf 90' lang='lat' dir='ltr'><em>in</em></span> <span class='ocrx_word' id='word_1_429' title='bbox 692 2683 816 2717; x_wconf 80' lang='lat' dir='ltr'><em>regno</em></span> <span class='ocrx_word' id='word_1_430' title='bbox 836 2668 1124 2718; x_wconf 73' lang='lat' dir='ltr'><em>Neapolitano,</em></span> <span class='ocrx_word' id='word_1_431' title='bbox 1142 2682 1234 2706; x_wconf 89' lang='lat' dir='ltr'><em>cum</em></span> <span class='ocrx_word' id='word_1_432' title='bbox 1251 2676 1357 2706; x_wconf 74' lang='lat' dir='ltr'><em>esset</em></span> <span class='ocrx_word' id='word_1_433' title='bbox 1372 2668 1428 2705; x_wconf 89' lang='lat' dir='ltr'><em>ibi</em></span> <span class='ocrx_word' id='word_1_434' title='bbox 1443 2682 1606 2718; x_wconf 87' lang='lat' dir='ltr'><em>presens</em></span> <span class='ocrx_word' id='word_1_435' title='bbox 1624 2667 1812 2706; x_wconf 87' lang='lat' dir='ltr'><em>dominus</em></span> <span class='ocrx_word' id='word_1_436' title='bbox 1831 2667 1977 2705; x_wconf 89' lang='lat' dir='ltr'><em>Nicho-</em></span> 
     </span>
     <span class='ocr_line' id='line_1_43' title="bbox 271 2726 1976 2777; baseline -0.001 -13"><span class='ocrx_word' id='word_1_437' title='bbox 271 2728 356 2765; x_wconf 85' lang='lat' dir='ltr'><em>laus</em></span> <span class='ocrx_word' id='word_1_438' title='bbox 378 2727 640 2765; x_wconf 86' lang='lat' dir='ltr'><em>cancellarius</em></span> <span class='ocrx_word' id='word_1_439' title='bbox 661 2727 796 2777; x_wconf 81' lang='lat' dir='ltr'><em>regine</em></span> <span class='ocrx_word' id='word_1_440' title='bbox 818 2727 1102 2777; x_wconf 77' lang='lat' dir='ltr'><em>Neapolitane.</em></span> <span class='ocrx_word' id='word_1_441' title='bbox 1126 2727 1180 2765; x_wconf 78' lang='lat' dir='ltr'><em>Et</em></span> <span class='ocrx_word' id='word_1_442' title='bbox 1199 2727 1344 2765; x_wconf 91' lang='lat' dir='ltr'><em>modus</em></span> <span class='ocrx_word' id='word_1_443' title='bbox 1366 2727 1526 2765; x_wconf 89' lang='lat' dir='ltr'><em>dicendi</em></span> <span class='ocrx_word' id='word_1_444' title='bbox 1545 2726 1659 2765; x_wconf 77' lang='lat' dir='ltr'><em>venit</em></span> <span class='ocrx_word' id='word_1_445' title='bbox 1679 2726 1734 2764; x_wconf 90' lang='lat' dir='ltr'><em>sic</em></span> <span class='ocrx_word' id='word_1_446' title='bbox 1755 2726 1865 2776; x_wconf 89' lang='lat' dir='ltr'><em>quod</em></span> <span class='ocrx_word' id='word_1_447' title='bbox 1885 2740 1976 2764; x_wconf 88' lang='lat' dir='ltr'><em>cum</em></span> 
     </span>
     <span class='ocr_line' id='line_1_44' title="bbox 268 2785 1977 2836; baseline -0.001 -12"><span class='ocrx_word' id='word_1_448' title='bbox 268 2787 373 2824; x_wconf 88' lang='lat' dir='ltr'><em>idem</em></span> <span class='ocrx_word' id='word_1_449' title='bbox 392 2787 656 2825; x_wconf 84' lang='lat' dir='ltr'><em>cancellarius</em></span> <span class='ocrx_word' id='word_1_450' title='bbox 674 2795 715 2825; x_wconf 73' lang='lat' dir='ltr'><em>et</em></span> <span class='ocrx_word' id='word_1_451' title='bbox 731 2787 807 2825; x_wconf 76' lang='lat' dir='ltr'><em>iste</em></span> <span class='ocrx_word' id='word_1_452' title='bbox 824 2786 942 2825; x_wconf 75' lang='lat' dir='ltr'><em>testis</em></span> <span class='ocrx_word' id='word_1_453' title='bbox 960 2786 1134 2825; x_wconf 79' lang='lat' dir='ltr'><em>fuissent</em></span> <span class='ocrx_word' id='word_1_454' title='bbox 1150 2786 1261 2824; x_wconf 87' lang='lat' dir='ltr'><em>missi</em></span> <span class='ocrx_word' id='word_1_455' title='bbox 1277 2801 1349 2836; x_wconf 86' lang='lat' dir='ltr'><em>per</em></span> <span class='ocrx_word' id='word_1_456' title='bbox 1366 2786 1589 2824; x_wconf 87' lang='lat' dir='ltr'><em>cardinales</em></span> <span class='ocrx_word' id='word_1_457' title='bbox 1609 2785 1748 2824; x_wconf 80' lang='lat' dir='ltr'><em>Sancti</em></span> <span class='ocrx_word' id='word_1_458' title='bbox 1765 2785 1977 2824; x_wconf 74' lang='lat' dir='ltr'><em>Eustachii</em></span> 
     </span>
    </p>
   </div>
   <div class='ocr_carea' id='block_1_3' title="bbox 348 2928 837 3127">
    <p class='ocr_par' dir='ltr' id='par_1_6' title="bbox 386 2928 776 2967">
     <span class='ocr_line' id='line_1_45' title="bbox 386 2928 776 2967; baseline 0.005 -7"><span class='ocrx_word' id='word_1_459' title='bbox 386 2928 451 2961; x_wconf 91' lang='lat' dir='ltr'><em>Ms.</em></span> <span class='ocrx_word' id='word_1_460' title='bbox 474 2928 558 2967; x_wconf 77' lang='lat' dir='ltr'><em>cite,</em></span> <span class='ocrx_word' id='word_1_461' title='bbox 579 2929 640 2961; x_wconf 81' lang='lat' dir='ltr'><em>sol.</em></span> <span class='ocrx_word' id='word_1_462' title='bbox 661 2930 705 2962; x_wconf 88' lang='lat'><em>37</em></span> <span class='ocrx_word' id='word_1_463' title='bbox 726 2934 776 2962; x_wconf 72' lang='grc' dir='ltr'><em>νῦ.</em></span> 
     </span>
    </p>

    <p class='ocr_par' dir='ltr' id='par_1_7' title="bbox 348 2980 837 3127">
     <span class='ocr_line' id='line_1_46' title="bbox 385 2980 812 3021; baseline 0.007 -9"><span class='ocrx_word' id='word_1_464' title='bbox 385 2980 450 3013; x_wconf 90' lang='lat' dir='ltr'><em>Ms.</em></span> <span class='ocrx_word' id='word_1_465' title='bbox 477 2981 560 3021; x_wconf 74' lang='lat' dir='ltr'><em>cite,</em></span> <span class='ocrx_word' id='word_1_466' title='bbox 585 2982 646 3015; x_wconf 84' lang='lat' dir='ltr'><em>fol.</em></span> <span class='ocrx_word' id='word_1_467' title='bbox 672 2983 741 3015; x_wconf 80' lang='lat'><em>192</em></span> <span class='ocrx_word' id='word_1_468' title='bbox 764 2987 812 3019; x_wconf 74' lang='grc' dir='ltr'><em>ΓΟ.</em></span> 
     </span>
     <span class='ocr_line' id='line_1_47' title="bbox 385 3033 830 3073; baseline 0.009 -8"><span class='ocrx_word' id='word_1_469' title='bbox 385 3033 451 3066; x_wconf 86' lang='lat' dir='ltr'><em>Ms.</em></span> <span class='ocrx_word' id='word_1_470' title='bbox 481 3035 563 3073; x_wconf 78' lang='lat' dir='ltr'><em>cite,</em></span> <span class='ocrx_word' id='word_1_471' title='bbox 592 3035 653 3068; x_wconf 79' lang='lat' dir='ltr'><em>fol.</em></span> <span class='ocrx_word' id='word_1_472' title='bbox 683 3036 752 3069; x_wconf 88' lang='lat'><em>130</em></span> <span class='ocrx_word' id='word_1_473' title='bbox 779 3040 830 3069; x_wconf 71' lang='grc' dir='ltr'><em>νο.</em></span> 
     </span>
     <span class='ocr_line' id='line_1_48' title="bbox 348 3086 837 3127; baseline 0.004 -8"><span class='ocrx_word' id='word_1_474' title='bbox 348 3112 354 3119; x_wconf 82' lang='grc'><strong>.</strong></span> <span class='ocrx_word' id='word_1_475' title='bbox 387 3086 453 3120; x_wconf 79' lang='lat' dir='ltr'><em>Ms.</em></span> <span class='ocrx_word' id='word_1_476' title='bbox 483 3088 567 3127; x_wconf 71' lang='lat' dir='ltr'><em>cite,</em></span> <span class='ocrx_word' id='word_1_477' title='bbox 596 3088 657 3121; x_wconf 84' lang='lat' dir='ltr'><em>fol.</em></span> <span class='ocrx_word' id='word_1_478' title='bbox 687 3089 756 3122; x_wconf 83' lang='lat'><em>175</em></span> <span class='ocrx_word' id='word_1_479' title='bbox 785 3093 837 3121; x_wconf 83' lang='lat' dir='ltr'><em>v0.</em></span> 
     </span>
    </p>
   </div>
   <div class='ocr_carea' id='block_1_4' title="bbox 321 2928 353 3067">
    <p class='ocr_par' dir='ltr' id='par_1_8' title="bbox 321 2928 353 3067">
     <span class='ocr_line' id='line_1_49' title="bbox 321 2928 353 3067; textangle 90"><span class='ocrx_word' id='word_1_480' title='bbox 321 2928 353 3067; x_wconf 42' lang='lat'><em>9030?</em></span> 
     </span>
    </p>
   </div>
   <div class='ocr_carea' id='block_1_5' title="bbox 323 3087 341 3117">
    <p class='ocr_par' dir='ltr' id='par_1_9' title="bbox 323 3087 341 3117">
     <span class='ocr_line' id='line_1_50' title="bbox 323 3087 341 3117; textangle 90"><span class='ocrx_word' id='word_1_481' title='bbox 323 3087 341 3117; x_wconf 48' lang='grc' dir='ltr'><strong>ὢ</strong></span> 
     </span>
    </p>
   </div>
   <div class='ocr_carea' id='block_1_6' title="bbox 2067 250 2071 272">
    <p class='ocr_par' dir='ltr' id='par_1_10' title="bbox 2067 250 2071 272">
     <span class='ocr_line' id='line_1_51' title="bbox 2067 250 2071 272; baseline 0 0"><span class='ocrx_word' id='word_1_482' title='bbox 2067 250 2071 272; x_wconf 69' lang='lat' dir='ltr'><em>l</em></span> 
     </span>
    </p>
   </div>
   <div class='ocr_carea' id='block_1_7' title="bbox 2074 182 2083 236">
    <p class='ocr_par' dir='ltr' id='par_1_11' title="bbox 2074 182 2083 236">
     <span class='ocr_line' id='line_1_52' title="bbox 2074 182 2083 236; baseline 0 -11"><span class='ocrx_word' id='word_1_483' title='bbox 2074 182 2083 236; x_wconf 71' lang='lat' dir='ltr'><em>J</em></span> 
     </span>
    </p>
   </div>
  </div>
 </body>
</html>
