2083 3458
77 217 200 272 [817]
614 235 832 261 PAPARUM
867 234 1252 262 AVENlONENsmM
1693 220 1774 261 321

73 318 208 357 afferri
232 326 373 368 potest
400 317 441 355 id
471 319 580 368 quod
599 319 721 368 paulo
749 327 844 368 post
860 319 919 356 ait
946 319 1054 358 idem
1084 319 1306 368 Frizonius,
1327 319 1597 358 Benedictum
1625 334 1777 370 papam

74 376 321 416 commisisse
359 376 574 415 Guillelmo
613 376 808 415 cardinali
837 378 977 427 nepoti
1005 386 1053 415 ut
1079 392 1223 428 pacem
1251 378 1454 417 stabiliret
1480 378 1588 417 inter
1610 379 1776 418 Casimi-

73 450 164 474 rum
184 447 320 485 regem
342 435 534 473 Poloniae
557 443 598 473 et
620 436 857 474 Cruciferos.
884 437 990 474 Nam
1012 436 1044 475 si
1062 437 1185 475 semel
1201 445 1362 476 constet
1382 437 1497 475 illum
1517 452 1539 476 a
1553 438 1777 476 Benedicto

74 502 269 533 vocatum
293 494 415 532 fuisse
439 502 645 544 nepotem,
671 494 842 532 dubium
866 510 950 533 esse
975 510 1055 533 non
1077 504 1217 546 potest
1241 496 1338 546 quin
1363 496 1486 535 fuerit
1507 496 1614 535 illius
1638 511 1777 547 nepos.

74 554 226 592 Verum
247 553 288 591 id
312 553 490 603 quidem.
516 553 593 591 Sed
617 567 709 591 cum
732 554 842 603 apud
864 554 1077 601 Bzovium,
1101 569 1151 593 ex
1174 569 1254 605 quo
1279 555 1487 594 Frizonius
1510 570 1582 594 sua
1605 556 1774 606 accepit,

75 626 139 651 an.
168 612 282 660 1339,
314 612 330 661 ξ
357 611 418 659 16,
444 611 544 649 nihil
569 611 768 662 scriptum
794 613 847 650 sit
872 627 952 662 quo
974 613 1306 663 consanguinitas
1332 629 1473 654 eorum
1498 614 1776 662 confirmetur,

74 671 144 709 sed
168 679 334 709 tantum
360 684 512 721 papam
538 670 753 709 Guillelmo
778 671 889 708 tituli
916 671 1055 710 Sancti
1082 672 1279 723 Stephani
1303 672 1344 710 in
1370 673 1504 712 Coelio
1529 681 1669 712 monte
1695 687 1778 712 car-

75 729 201 767 dinali
233 729 480 768 commisisse
510 737 558 767 ut
578 744 723 780 pacem
743 729 855 767 illam
878 730 1093 778 stabiliret,
1116 731 1199 769 ruit
1219 732 1404 782 profecto
1427 733 1651 770 auctoritas
1675 746 1779 782 quae

75 804 125 827 ex
149 789 218 827 illo
247 788 422 826 Frizonii
447 789 535 827 loco
559 788 649 839 capi
675 796 859 839 poterat3
887 790 1129 839 praesertim
1156 805 1249 829 cum
1276 805 1321 828 ea
1342 790 1511 829 historia
1530 791 1668 830 referri
1698 806 1779 829 non

74 848 204 897 possit
240 848 292 885 ad
331 847 594 886 Guillelmum
631 847 759 895 Curti,
797 847 867 886 sed
904 848 956 885 ad
995 849 1257 887 Guillelmum
1295 850 1343 888 de
1382 850 1491 888 Aura
1530 850 1779 888 cardinalem

77 907 114 945 S.
150 906 348 957 Stephani
378 906 421 944 in
454 906 588 945 Coelio
621 914 774 945 monte.

129 966 294 1004 Certum
309 973 371 1004 est
387 965 623 1016 Philippum
636 966 707 1013 VI,
721 974 993 1015 cognomento
1009 966 1229 1014 Valesium‚
1244 982 1379 1016 regem
1393 968 1655 1016 Francorum,
1669 967 1780 1019 apud

76 1024 331 1063 Avenionem
389 1039 481 1063 cum
530 1024 613 1062 filio
663 1039 736 1062 suo
785 1025 957 1072 Joanne,
1006 1025 1107 1063 duce
1157 1020 1447 1073 Normanniae,
1494 1027 1617 1065 fuisse
1672 1041 1780 1064 anno

76 1083 418 1131 MCCCXXXVI,
449 1083 611 1133 illicque
643 1098 737 1121 cum
765 1097 874 1134 papa
906 1091 1104 1122 tractasse
1137 1084 1184 1123 de
1204 1085 1392 1134 passagio
1424 1086 1568 1124 Terrae
1600 1093 1780 1124 sanctae.

77 1142 165 1190 Qua
186 1142 234 1181 de
253 1157 294 1181 re
314 1142 516 1181 videndus
536 1142 578 1180 in
596 1142 737 1193 primis
759 1142 1024 1181 continuator
1043 1143 1231 1181 Clzronici
1252 1144 1450 1193 Nangiaci
1477 1145 1521 1195 [t.
1542 1159 1583 1191 11,
1603 1159 1642 1195 p.
1666 1144 1780 1194 150}

76 1201 262 1239 Meminit
285 1201 411 1240 etiam
434 1201 550 1240 istius
574 1201 631 1240 rei
656 1202 906 1239 Froissartus
942 1202 986 1252 [t.
1010 1201 1054 1249 1²,
1079 1217 1117 1252 p.
1146 1202 1243 1253 116]
1268 1202 1375 1241 inter
1398 1218 1464 1241 eos
1490 1204 1558 1253 qui
1580 1212 1673 1241 tum
1696 1218 1782 1241 cru-

76 1260 272 1310 cesignati
321 1269 418 1299 sunt
466 1268 658 1299 numerat
707 1260 956 1299 cardinalem
1007 1261 1341 1311 Neapolitanum,
1394 1262 1782 1311 Petragoricensem,

76 1319 241 1367 Album,
272 1327 313 1358 et
343 1319 587 1358 Ostiensem.
617 1320 727 1358 Haec
758 1327 855 1357 sunt
884 1319 971 1369 ejus
1002 1320 1128 1358 verba
1156 1336 1164 1358 ε
1189 1321 1239 1358 Et
1269 1321 1348 1358 ossi
1378 1330 1511 1371 quatre
1540 1322 1732 1368 cardinal,
1754 1321 1783 1358 li

75 1378 305 1417 cardinaulz
329 1379 468 1427 Blans,
492 1379 521 1416 li
548 1378 777 1417 cardinaulz
804 1379 847 1416 de
872 1379 1036 1428 Naples,
1055 1379 1084 1416 li
1110 1379 1340 1417 cardinaulz
1361 1381 1405 1417 de
1430 1380 1669 1429 Pieregorth,
1697 1389 1730 1418 et
1755 1380 1785 1417 li

76 1437 305 1475 cardinaulz
327 1438 486 1488 d’Ostie.
509 1438 563 1475 Et
586 1437 708 1476 ceteri
733 1437 898 1488 quidem
922 1437 1209 1476 difficultatem
1232 1453 1314 1476 non
1327 1439 1495 1477 habent.
1513 1439 1639 1477 Albus
1659 1439 1786 1476 habet

78 1496 316 1534 maximam.
348 1497 454 1534 Nam
483 1497 564 1535 duo
592 1505 759 1534 tantum
787 1512 858 1547 per
878 1511 923 1535 ea
946 1504 1133 1547 tempora
1157 1497 1381 1536 cardinales
1406 1497 1665 1548 reperiuntur
1693 1497 1786 1535 Albi

78 1555 370 1605 cognominati,
396 1557 575 1594 Jacobus
600 1555 795 1594 nimirum
819 1556 868 1594 de
895 1556 1045 1603 Furno,
1079 1564 1120 1594 et
1153 1556 1393 1595 Guillelmus
1419 1557 1547 1604 Curti,
1581 1557 1703 1595 ambo
1727 1556 1785 1594 ita

77 1614 177 1652 dicti
207 1614 302 1665 quia
332 1623 449 1654 erant
478 1614 669 1653 monachi
698 1615 794 1663 albi,
824 1614 865 1652 id
895 1622 970 1662 est,
1001 1615 1299 1653 Cistercienses.
1332 1616 1456 1654 Porro
1487 1616 1666 1654 Jacobus
1696 1623 1787 1652 tum

76 1687 159 1711 non
189 1682 278 1712 erat
308 1674 539 1722 cardinalis,
570 1674 640 1712 sed
670 1688 792 1725 papa.
825 1674 1065 1712 Guillelmus
1096 1689 1192 1712 vero
1223 1675 1407 1712 nondum
1438 1682 1526 1713 erat
1556 1674 1787 1721 cardinalis,

78 1732 130 1770 ad
149 1747 240 1771 eam
259 1732 505 1783 dignitatem
523 1741 737 1784 promotus
756 1741 851 1783 post
871 1733 971 1771 duos
991 1741 1159 1771 tantum
1177 1733 1323 1772 exinde
1343 1748 1484 1772 annos.
1507 1734 1629 1772 Error
1647 1733 1787 1783 itaque

78 1799 140 1830 est
165 1792 276 1842 apud
304 1792 592 1840 Froissartum,
620 1792 689 1843 qui
715 1792 878 1843 irrepsit
904 1806 954 1830 ex
979 1792 1214 1831 temeritate
1241 1793 1458 1831 editorum.
1487 1793 1653 1831 Veteres
1680 1792 1787 1830 enim

76 1850 168 1888 libri
191 1865 286 1889 mss.
310 1859 419 1890 recte
442 1851 598 1890 habent
622 1868 630 1890 z
656 1851 706 1889 Et
728 1851 840 1889 aussi
864 1852 979 1900 firent
1001 1859 1134 1901 quatre
1167 1851 1416 1899 cardinaziloe,
1440 1852 1530 1890 c’est
1552 1851 1729 1889 assawoir
1757 1851 1790 1888 le

77 1909 258 1948 cardinal
296 1911 340 1948 de
370 1911 565 1961 Napples,
605 1911 639 1948 le
668 1910 849 1948 cardinal
878 1910 922 1948 de
960 1910 1195 1959 Pierregort,
1226 1911 1259 1948 le
1297 1911 1478 1948 cardinal
1507 1911 1716 1958 d’Albane,
1756 1918 1792 1947 et>

77 1969 110 2006 le
146 1969 328 2007 cardinal
350 1969 509 2008 d'Ostie.
537 1969 763 2008 Cardinalis
788 1977 929 2007 autem
954 1969 1197 2007 Albanensis
1223 1978 1312 2008 erat
1338 1984 1385 2008 eo
1408 1978 1593 2020 tempore
1620 1970 1788 2008 Gaucel-

80 2041 169 2065 mus
192 2028 217 2066 J
222 2028 376 2067 oannis.
504 2019 508 2024 .

130 2086 250 2125 Anno
272 2087 638 2135 MCCCXXXVII,
656 2087 760 2138 prid.
784 2088 864 2126 kal.
881 2087 978 2124 maii
1010 2086 1076 2137 [30
1092 2086 1226 2137 avril],
1249 2088 1488 2126 Guillelmus
1511 2087 1624 2126 Curti
1654 2087 1787 2124 factus

78 2153 140 2183 est
149 2145 362 2196 episcopus
375 2146 678 2194 Nemausensis,
689 2154 779 2184 tum
789 2161 831 2184 111
842 2161 935 2184 non.
950 2145 1004 2196 [3]
1019 2146 1244 2184 decembris
1257 2147 1309 2184 ad
1320 2146 1553 2185 Albiensem
1564 2145 1787 2184 Ecclesiam

79 2205 303 2243 translatus
323 2205 349 2244 ¹.
376 2205 471 2243 Fuit
492 2205 617 2255 igitur
639 2205 852 2256 episcopus
876 2205 1093 2253 Albiensis,
1118 2205 1227 2255 quod
1252 2205 1485 2243 Frizonium
1508 2205 1618 2242 nullo
1642 2204 1787 2241 funda—

79 2271 219 2302 mento
243 2264 386 2302 nixum
410 2279 556 2315 negare
581 2265 640 2303 ait
665 2265 859 2314 Ughellus
883 2264 925 2301 in
949 2263 1137 2313 Catalogo
1161 2264 1436 2314 episcoporum
1471 2263 1787 2301 Tusculanorum

91 2321 136 2371 [t.
163 2337 190 2370 1,
218 2323 291 2361 col.
321 2323 435 2374 236].
465 2324 568 2362 Sane
595 2324 711 2362 illum
738 2323 861 2362 fuisse
888 2323 1125 2373 episcopum
1152 2323 1386 2361 Albiensem
1413 2323 1515 2361 adeo
1543 2330 1700 2360 certum
1727 2329 1788 2359 est

79 2388 127 2418 ut
149 2381 396 2420 Benedictus
423 2397 586 2432 quoque
613 2382 698 2420 XII
723 2382 817 2420 huic
842 2381 1010 2420 veritati
1035 2381 1321 2420 testimonium
1345 2381 1572 2432 perhibeat.
1601 2380 1787 2418 Scribens

81 2439 189 2477 enim
215 2440 267 2478 ad
294 2440 532 2491 Philippum
558 2442 630 2489 VI,
656 2455 792 2491 regem
820 2442 1084 2487 Francorum,
1112 2455 1152 2478 v1
1180 2441 1258 2478 kal.
1287 2439 1481 2478 februarii
1507 2454 1614 2477 anno
1643 2438 1787 2488 quinto

91 2498 155 2548 [27
177 2498 338 2548 janvier
362 2500 487 2550 1339]
511 2500 553 2538 in
576 2500 751 2550 gratiam
776 2499 994 2546 pictavini,
1019 2499 1082 2537 cui
1105 2507 1288 2537 recenter
1311 2499 1481 2537 dederat
1503 2498 1786 2548 episcopatum

81 2557 328 2605 Albiensem,
357 2559 416 2596 ait
445 2575 453 2597 z
483 2559 624 2609 Nuper
650 2559 845 2609 siquidem
871 2558 1050 2596 Ecclesia
1076 2558 1262 2595 Albiensi
1289 2557 1461 2607 pastoris
1488 2556 1678 2605 regimine
1706 2556 1787 2593 des-

81 2615 196 2654 tituta
215 2631 287 2666 pro
308 2632 350 2654 eo
371 2618 472 2668 quod
493 2632 562 2655 nos
584 2609 777 2656 dilectam·
789 2618 919 2667 filiam
941 2625 1116 2654 nostrum
1145 2616 1405 2654 Guillermam
1426 2615 1531 2653 tituli
1555 2615 1787 2653 Sanctorum

81 2683 247 2724 quatuor
273 2675 558 2714 Coronatorum
593 2677 862 2727 presbyterum
888 2675 1142 2722 cardinalem,
1172 2683 1264 2712 tunc
1290 2674 1520 2724 episcopum
1543 2673 1786 2720 Albiensem‚

79 2747 103 2770 a
134 2733 289 2772 vinculo
318 2749 391 2785 quo
420 2735 544 2774 eidem
571 2736 744 2774 Ecclesie
771 2735 970 2782 Albicnsi,
1002 2734 1065 2771 cai
1094 2741 1258 2783 preerat,
1289 2733 1490 2770 tenebatur
1517 2732 1713 2779 astrictas,
1744 2732 1788 2769 de

79 2792 248 2840 fratrum
277 2802 497 2832 nostrorum
533 2794 698 2832 consilio
725 2803 759 2832 et
786 2793 996 2844 apostolice
1023 2791 1224 2842 potestatis
1260 2791 1507 2843 plenitudine
1535 2791 1787 2838 absolventes,

79 2865 170 2889 eam
195 2851 238 2889 in
261 2852 502 2891 cardinalem
524 2861 655 2891 sancte
678 2853 855 2891 Romane
878 2851 1049 2889 Ecclesie
1073 2851 1260 2888 duaeimas
1283 2850 1577 2897 assumendum,
1603 2857 1680 2888 etc.

134 2909 254 2948 Anno
284 2911 674 2960 MCCCXXXVIII,
706 2912 769 2950 die
800 2926 901 2949 xvm
933 2909 1171 2956 decembris,
1203 2909 1335 2947 factus
1367 2917 1428 2947 est
1456 2909 1672 2959 presbyter
1702 2922 1786 2945 car-

129 3094 161 3128 1.
182 3094 303 3134 Vidal,
323 3106 358 3128 n.
378 3095 471 3128 4063
490 3100 528 3128 et
546 3095 652 3130 4096.

708 3177 870 3200 BALUZE.
895 3185 944 3189 ——
973 3166 1024 3198 II.
1054 3184 1101 3189 »-
1124 3166 1164 3197 11
