2083 3458
97 247 248 303 [1353]
616 265 833 291 PAPARUM
867 266 1253 292 AVENIONENSIUM
1700 250 1782 291 867

138 348 183 386 Ρ.
206 347 297 395 493,
320 347 387 398 lig.
414 348 474 386 15.
500 348 733 387 JOHANNES
759 365 812 387 DE
828 351 1101 395 BnumnAco,
1119 350 1175 389 sic
1199 350 1331 389 dictus
1349 364 1372 388 a
1387 350 1475 389 loco
1491 365 1586 388 suae
1605 350 1782 400 originis,

83 406 208 456 vulgo
227 406 436 456 Brognier,
462 406 503 444 in
524 408 739 458 parrochia
762 409 961 448 Anissiaci
978 410 1143 457 veteris,
1166 424 1269 459 quae
1286 409 1466 460 pertinet
1490 410 1543 448 ad
1567 409 1784 447 dioecesim

85 465 409 504 Gebennensem.
438 465 566 504 Multa
593 467 792 506 hactenus
818 483 840 506 a
866 468 1133 519 scriptoribus
1160 469 1353 507 historiae
1380 468 1650 507 cardinalium
1672 468 1782 506 dicta

84 524 132 563 de
154 524 223 562 illo
244 533 355 572 sunt,
378 539 401 562 a
422 525 570 574 quibus
590 527 811 566 referendis
831 542 903 566 nos
920 543 993 578 pro
1015 543 1124 567 more
1144 527 1420 577 institutoque
1443 536 1583 566 nostro
1602 527 1780 565 abstine-

82 583 230 622 bimus.
254 583 444 622 Dicemus
463 593 605 623 tamen
623 586 834 634 nonnulla,
852 595 944 624 tum
962 595 1009 625 ut
1028 587 1212 625 ordinem
1229 595 1466 637 temporum
1484 587 1535 624 ab
1555 586 1641 624 aliis
1661 587 1780 624 valde

32 654 35 658 ·
81 643 374 693 perturbatum
389 643 705 692 constituamus,
721 653 812 683 tum
827 654 875 684 ut
890 660 936 684 ea
952 646 1153 684 addamus
1170 660 1274 696 quae
1291 646 1347 683 illi
1361 654 1434 683 aut
1449 660 1530 684 non
1544 646 1780 684 habuerunt

81 710 156 740 aut
174 716 257 740 non
276 702 562 742 observarunt.

136 761 374 800 Franciscus
407 761 661 801 Duchesnius
691 763 824 801 vitam
852 764 968 802 istius
998 764 1214 802 cardinalis
1237 764 1461 814 scripturus
1491 763 1779 810 rhetoricatur,

82 819 282 858 virtutem
301 820 377 859 iste
397 821 507 860 aiens
528 821 655 859 etiam
674 822 715 860 in
735 822 969 861 hominibus
990 837 1041 861 ex
1060 823 1202 861 infima
1225 823 1342 873 plebe
1364 822 1477 870 ortis,
1497 823 1620 872 idque
1642 822 1779 872 quoad

80 879 188 918 hunc
217 879 467 918 cardinalem
495 881 691 928 evenisse,
722 895 844 931 quem
872 897 922 920 ex
944 882 1138 920 tenuibus
1160 890 1200 920 et
1238 881 1508 932 pauperrimis
1537 881 1776 932 parentibus

80 937 139 975 ait
168 938 244 977 iste
273 948 539 989 prognatum,
569 940 771 990 simulque
801 941 957 991 lapides
988 941 1189 991 quasdam
1220 941 1388 979 fabellas
1419 940 1643 987 interserit3
1675 954 1776 990 quas

80 1011 174 1035 cum
207 1012 247 1036 se
281 999 555 1048 probaturum
592 999 821 1038 firmissime
856 1001 1153 1039 asseveraverit
1187 1000 1310 1038 miror
1344 1000 1456 1052 illum
1501 1014 1581 1037 non
1615 999 1776 1037 stetisse

79 1056 281 1106 promisit.
299 1058 353 1095 At
367 1072 440 1107 ego
457 1058 497 1095 in
513 1058 649 1097 codice
662 1057 765 1097 1393
778 1059 1051 1098 bibliothecae
1067 1059 1324 1098 Colbertinae
1336 1058 1349 1081 ¹
1365 1058 1495 1109 reperi
1510 1058 1776 1096 donationem

78 1114 186 1154 inter
205 1116 335 1164 vivos,
355 1125 402 1155 ut
422 1125 587 1163 vocant,
608 1117 763 1156 factam
783 1119 835 1156 ab
854 1119 930 1157 hoc
961 1118 1164 1157 cardinale
1185 1132 1292 1156 anno
1325 1118 1585 1165 MCDXXII,
1606 1117 1668 1155 die
1690 1131 1774 1154 xv11

78 1174 227 1213 mensis
251 1175 403 1223 martii,
428 1190 507 1226 qua
531 1177 638 1214 bona
663 1177 799 1215 omnia
834 1177 1000 1215 mobilia
1024 1192 1127 1227 quae
1160 1177 1236 1215 sibi
1259 1177 1514 1215 obvenerant
1544 1192 1594 1215 ex
1620 1190 1774 1214 succes-

77 1233 189 1272 sione
209 1243 429 1285 parentum
448 1250 616 1274 suorum
634 1236 832 1274 transfert
850 1236 892 1273 in
913 1237 1205 1283 Johannetam,
1227 1244 1392 1286 neptem
1412 1250 1542 1283 suam,
1564 1250 1666 1285 quae
1686 1235 1774 1284 jure

78 1307 151 1331 suo
177 1293 218 1331 in
244 1303 405 1344 partem
432 1292 671 1333 eorumdem
697 1295 900 1334 bonorum
926 1296 1140 1334 succedere
1179 1295 1369 1334 debebat.
1412 1295 1474 1332 Ex
1499 1295 1775 1333 instrumento

78 1351 182 1390 illius
211 1352 445 1391 donationis
472 1362 646 1404 apparet
672 1354 783 1391 illam
810 1369 891 1392 non
917 1355 1039 1393 fuisse
1063 1355 1110 1393 dc
1137 1370 1177 1393 re
1204 1354 1352 1392 nullius
1380 1354 1579 1392 momenti
1606 1361 1775 1404 propter

78 1411 333 1450 conditiones
363 1412 404 1450 in
434 1427 479 1451 ea
510 1413 734 1464 appositas,
766 1414 949 1463 adeoque
979 1422 1168 1464 parentes
1200 1414 1315 1451 istius
1338 1413 1553 1451 cardinalis
1583 1412 1773 1450 habuisse

76 1470 176 1508 satis
197 1472 335 1521 ampla
356 1480 396 1510 et
418 1472 581 1522 copiosa
603 1473 872 1523 patrimonia:
895 1473 1077 1523 alioquin
1099 1473 1269 1511 donatio
1290 1473 1356 1510 illa
1379 1472 1521 1511 fuisset
1542 1472 1711 1510 ridicula
1732 1479 1774 1509 et

74 1529 266 1569 illusoria.

130 1590 273 1628 Frater
295 1591 475 1629 Jacobus
500 1590 654 1629 Fodera
677 1591 717 1628 in
739 1591 922 1628 Historia
942 1591 1169 1641 provinciae
1191 1591 1402 1628 Minorum
1421 1590 1547 1628 sancti
1569 1591 1773 1627 Bonaven-

77 1656 186 1686 turae
205 1649 285 1686 sive
303 1650 600 1699 Lugdunensz's‘,
617 1665 656 1700 p.
680 1650 793 1698 1008,
814 1650 945 1688 tradit
964 1650 1078 1688 illum
1093 1658 1289 1688 vocatum
1306 1649 1427 1688 fuisse
1447 1651 1647 1687 Joannem
1665 1648 1773 1686 Aler-

76 1716 233 1745 metum
273 1717 314 1746 et
354 1717 516 1759 patrem
558 1709 748 1747 habuisse
795 1710 1042 1747 Marmetum
1086 1709 1352 1747 Alermetum.
1395 1708 1473 1746 Alii
1515 1707 1773 1752 contendunt

36 1791 42 1797 -
76 1781 302 1817 cognomen
328 1768 363 1805 ei
390 1768 511 1806 fuisse
541 1769 721 1807 Fraczon
748 1783 829 1806 non
856 1768 954 1806 satis
983 1768 1101 1807 certis
1129 1768 1390 1806 testimoniis.
1419 1768 1523 1805 Sunt
1549 1767 1674 1805 etiam
1703 1765 1773 1815 qui

74 1834 228 1876 putant
255 1841 349 1864 eum
376 1827 743 1866 Carthusianorum
770 1836 904 1866 sectae
932 1842 972 1866 se
1000 1827 1243 1878 applicuisse
1270 1827 1312 1864 in
1339 1826 1633 1873 adolescentia3
1662 1825 1772 1875 quod

75 1899 236 1924 rursum
253 1900 334 1924 non
349 1886 449 1924 mihi
465 1886 629 1924 videtur
644 1887 726 1924 ullo
741 1886 979 1925 testimonio
996 1887 1325 1937 comprobatum.
1344 1885 1517 1924 Facilius
1533 1884 1772 1924 crediderim

74 1943 190 1982 illum
221 1945 353 1995 primo
386 1945 427 1983 in
460 1946 643 1984 ordinem
677 1945 915 1984 clericorum
946 1946 1214 1996 adscriptum,
1247 1945 1481 1996 praebenda
1516 1942 1773 1983 Gebennensi

76 2003 290 2042 donatum.
318 2005 375 2042 De
398 2005 561 2054 reliquis
585 2005 689 2042 illius
713 2004 950 2043 sacerdotiis
973 2013 1115 2055 postea
1139 2004 1382 2042 videbimus.

129 2062 359 2101 Literarum
374 2064 520 2102 studiis
537 2064 651 2102 dedit
667 2078 833 2114 operam
848 2064 888 2101 in
903 2063 1114 2102 academia
1132 2062 1425 2110 Avenionensi3
1441 2062 1577 2112 ibique
1594 2060 1771 2100 doctoris

75 2122 261 2171 gradum,
284 2122 478 2161 nimirum
499 2123 540 2161 in
560 2123 663 2172 jure,
686 2138 725 2161 se
748 2122 950 2173 accepisse
973 2122 1057 2173 ipse
1078 2131 1272 2161 testatur.
1297 2123 1443 2160 Postea
1466 2136 1576 2168 Vero,
1598 2129 1645 2159 ut
1666 2119 1770 2169 arbi-

74 2188 173 2227 tror,
198 2181 332 2220 factus
356 2191 417 2220 est
442 2181 661 2220 canonicus
687 2181 979 2227 Gebennensis‚
1004 2181 1097 2220 inde
1121 2181 1334 2232 episcopus
1360 2179 1606 2218 Vivariensis
1627 2179 1641 2202 2
1663 2193 1772 2217 anno

76 2240 393 2288 MCCCLXXX,
438 2249 479 2280 et
524 2241 795 2279 cubicularius
842 2240 1060 2279 Clementis
1107 2241 1187 2278 VII
1222 2254 1368 2290 papae,
1415 2239 1484 2289 qui
1528 2253 1621 2276 eum
1665 2252 1773 2276 anno

75 2299 417 2338 MCCCLXXXV
440 2299 595 2339 creavit
616 2300 905 2350 presbyterum
927 2299 1176 2338 cardinalem
1198 2299 1310 2337 tituli
1333 2300 1506 2337 Sanctae
1530 2297 1773 2335 Anastasiae

74 2358 262 2397 vacantis
278 2373 350 2409 per
366 2367 541 2397 mortem
559 2358 670 2397 Petri
686 2359 734 2397 de
752 2359 1004 2397 Monteruco.
1026 2358 1167 2396 Dictus
1185 2366 1325 2395 autem
1340 2357 1463 2407 vulgo
1479 2365 1540 2395 est
1557 2355 1772 2395 cardinalis

75 2417 337 2456 Vivariensis.
366 2418 412 2455 In
435 2418 618 2455 Historia
641 2418 912 2456 Cartlzusiana
934 2418 972 2456 d.
999 2417 1155 2455 Nicolai
1179 2416 1318 2463 Molin‚
1343 2416 1457 2465 cujus
1495 2416 1772 2465 fragmentum

73 2476 248 2514 refertur
266 2491 289 2514 a
311 2477 526 2515 Francisco
549 2476 796 2523 Duchesnio,
815 2476 963 2526 legitur
981 2477 1089 2514 hunc
1121 2475 1284 2513 honoris
1313 2475 1486 2524 gradum
1513 2474 1548 2512 ei
1566 2474 1771 2511 tributum

72 2549 96 2572 a
131 2535 338 2574 Clemente
373 2535 698 2573 consideratione
733 2536 967 2573 sedularum
1001 2534 1345 2585 efflagitationum
1379 2532 1557 2583 Philippi
1589 2532 1772 2580 audacis,

74 2593 186 2632 ducis
221 2594 497 2644 Burgundiae.
536 2594 692 2632 Eodem
727 2602 867 2632 autem
901 2602 1085 2644 tempore
1122 2593 1254 2631 factus
1290 2600 1352 2631 est
1385 2591 1740 2630 vicecancellarius
1756 2589 1772 2613 ³

74 2652 112 2691 S.
133 2653 181 2692 R.
201 2654 246 2691 E.
263 2661 310 2690 ut
326 2661 447 2691 notat
465 2652 714 2703 Onuphrius.

127 2713 246 2750 Anno
265 2712 629 2750 MCCCLXXXVI
648 2711 710 2749 die
729 2711 972 2749 duodecima
988 2710 1168 2760 augusti,
1185 2724 1279 2749 cum
1294 2717 1484 2760 ageretur
1499 2709 1547 2747 de
1565 2708 1770 2747 mittendo

75 2771 227 2809 Ottone
242 2770 532 2809 Brunsvicensi
547 2771 588 2808 in
598 2784 770 2819 regnum
785 2769 1120 2820 Neapolitanum,
1133 2782 1375 2818 summaque
1388 2767 1650 2807 contentione
1664 2767 1771 2806 inter

72 2843 238 2880 papam,
264 2829 435 2867 Mariam
458 2829 641 2878 reginam
663 2837 704 2866 et
729 2830 926 2867 Ottonem
949 2828 1206 2878 agitarentur
1228 2827 1481 2866 conditiones
1504 2827 1626 2877 hujus
1649 2841 1769 2876 expe-

121 2973 151 3005 1.
183 2973 222 3007 B.
249 2973 393 3011 N.‚'ms.
416 2972 511 3004 latin
530 2971 714 3010 1461,f01.
738 2972 781 3004 85
802 2975 853 3003 v0.

121 3026 151 3058 2.
179 3025 228 3058 Le
254 3026 295 3058 11
323 3026 416 3058 aout
440 3025 533 3058 1382
562 3024 709 3067 (Eubel,
735 3023 968 3062 Hierarchia,
996 3029 1022 3056 t.
1048 3035 1071 3062 1,
1099 3035 1132 3066 p.
1161 3015 1258 3066 5335.
1280 3023 1310 3056 ΙΙ
1334 3023 1429 3056 etait
1457 3022 1511 3055 fils
1537 3023 1581 3055 de
1608 3022 1767 3055 Mermet

72 3077 241 3164 Frgfzgsn·
264 3131 353 3164 1391
383 3131 666 3174 (Baumgarten,
694 3130 775 3162 Von
797 3130 856 3162 der
877 3129 1142 3172 apostolischen
1164 3104 1332 3168 Καηξίεἱ,
1356 3140 1390 3172 p.
1416 3129 1512 3171 127).
