2083 3458
78 238 228 294 [1277]
597 252 813 277 PAPARUM
849 252 1233 277 AVENIONENSIUM
1684 237 1765 278 797

65 336 249 386 Angliae,
289 334 359 384 qui
396 334 572 384 recipere
612 335 832 373 noluerunt
871 334 1183 372 informationes
1222 349 1295 384 pro
1337 334 1555 373 Clemente.
1587 335 1762 374 Homine

65 395 257 446 imperito
284 408 499 443 nunquam
524 393 748 443 quicquam
773 393 980 443 injustius.

118 454 247 492 Addit
289 453 486 492 Odoricus
531 453 769 502 Raynaldus
810 461 858 490 ut
897 452 1095 502 insignem
1138 460 1281 490 notam
1321 453 1450 491 malae
1491 467 1537 491 ac
1576 453 1761 504 perditae

64 512 337 552 conscientiae
359 512 400 549 in
425 512 577 550 Karolo
598 526 688 561 rege
711 512 844 562 ipsum
867 511 1007 550 audire
1029 511 1205 550 noluisse
1228 512 1390 550 oracula
1423 520 1662 550 sanctorum
1692 512 1762 562 qui

64 574 140 611 hoc
160 581 344 622 tempore
368 572 585 609 florebant.
610 572 663 608 Et
685 579 792 609 certe
814 570 961 609 mirum
984 586 1066 608 non
1093 579 1155 609 est
1179 571 1442 620 Raynaldum
1473 571 1610 621 magni
1630 572 1760 610 facere

64 633 139 671 hoc
167 639 473 681 argumentum,
503 630 572 680 qui
600 630 866 681 praecipuum
908 630 1228 668 fundamentum
1253 629 1353 680 juris
1374 624 1540 668 vUrbani
1576 630 1693 680 ponit
1720 631 1761 668 in

63 690 383 730 revelationibus
404 698 656 737 sanctorum,
678 689 747 739 qui
766 697 976 727 testantur
999 689 1128 727 Deum
1150 703 1171 727 a
1192 704 1231 727 se
1253 690 1485 727 consultum
1506 690 1759 739 respondisse

63 750 168 789 illius
186 749 428 788 electionem
446 748 568 787 fuisse
587 749 827 787 canonicam
844 757 885 786 et
902 748 1128 797 legitimam
1145 757 1186 786 et
1203 748 1317 788 illum
1333 761 1417 786 esse
1435 763 1578 787 verum
1594 763 1759 799 papam.

64 810 141 848 Sed
165 810 225 848 his
249 808 499 847 testimoniis
525 822 673 858 parum
705 808 833 846 inesse
858 807 1118 845 auctoritatis
1143 807 1399 846 existimasse
1424 807 1559 846 virum
1591 808 1761 846 sanctis-

62 869 212 908 simum
235 867 499 907 Vincentium
523 867 753 905 Ferrarium
775 868 892 917 patet
923 881 972 904 ex
1003 874 1188 904 tractatu
1206 866 1220 889 1
1242 866 1329 915 ejus
1349 867 1408 904 De
1430 868 1611 904 moderno
1633 868 1760 904 Eccle-

61 929 144 966 siae
179 928 400 974 schismate,
427 941 513 977 par.
546 927 599 973 ΙΙ,
627 941 715 977 cap.
746 941 783 973 v,
810 925 881 963 ubi
906 926 985 964 ista
1023 926 1214 975 leguntur
1242 941 1249 963 :
1278 925 1480 975 Quantum
1506 927 1558 964 ad
1582 926 1761 976 quintam

62 988 301 1038 questionem
324 987 536 1036 respondeo
561 986 662 1036 quod
686 986 912 1023 nullatenus
937 993 992 1022 est
1014 985 1277 1034 judicandum
1301 986 1345 1022 de
1369 993 1522 1034 papatu
1545 986 1761 1023 secundum

63 1047 271 1097 prophetas
312 1047 513 1083 modernos
554 1059 673 1094 neque
713 1045 928 1082 secundum
969 1044 1162 1082 miracula
1202 1042 1441 1093 apparentia
1481 1059 1601 1094 neque
1642 1044 1759 1082 etiam

62 1107 277 1144 secundum
302 1105 473 1143 visiones
509 1113 695 1142 ostensas.
726 1104 881 1141 Eadem
918 1103 997 1141 fuit
1022 1103 1227 1141 sententia
1256 1102 1413 1141 Nicolai
1448 1103 1665 1152 Eymerici,
1691 1105 1759 1153 qui

62 1165 102 1203 in
129 1165 312 1203 oratione
339 1164 502 1202 nomine
530 1163 799 1202 cardinalium
825 1162 968 1200 habita
995 1163 1047 1200 ad
1074 1176 1209 1211 regem
1237 1162 1433 1200 Castellae
1463 1171 1556 1212 post
1582 1163 1761 1200 reditum

62 1240 112 1263 ex
148 1224 266 1262 Italia
301 1238 421 1262 suum
453 1223 512 1261 ait
544 1223 585 1260 in
628 1222 764 1261 codice
810 1221 914 1261 2846
945 1221 1216 1259 bibliothecae
1265 1221 1554 1260 Colbertinae²
1593 1238 1600 1259 :
1651 1221 1762 1261 Num

63 1284 235 1333 Begardi
254 1283 381 1321 sancti
401 1283 477 1320 viri
497 1282 656 1320 nomine
674 1290 707 1319 et
727 1281 864 1328 devoti,
885 1281 951 1331 qui
972 1281 1107 1318 dicunt
1124 1294 1165 1317 se
1184 1280 1354 1318 visiones
1374 1280 1500 1318 videre
1518 1289 1552 1318 et
1575 1281 1760 1331 sompnia

63 1344 288 1394 sompniare
322 1357 368 1380 ac
401 1357 425 1380 a
446 1342 601 1380 Christo
628 1341 885 1378 invisibiliter
910 1340 1025 1387 mitti,
1056 1340 1198 1377 habent
1230 1340 1498 1378 auctoritatem
1523 1340 1761 1390 questionem

63 1402 292 1452 hujusmodi
320 1401 547 1440 decidendi?
578 1401 707 1438 Absit.
741 1400 855 1438 Tales
882 1400 988 1437 enim
1016 1399 1200 1437 Pharisei
1227 1399 1487 1448 reprobantur
1511 1399 1598 1448 jure
1625 1399 1761 1436 divino

63 1477 86 1499 a
113 1462 282 1509 Christo,
313 1469 353 1499 ut
379 1468 483 1511 patet
512 1460 680 1498 Matthei
708 1459 875 1497 XXIII
901 1473 969 1509 per
998 1467 1131 1505 totum,
1159 1466 1193 1495 et
1219 1473 1243 1495 a
1268 1458 1355 1507 jure
1382 1458 1555 1495 humano
1582 1466 1688 1496 extra
1715 1460 1761 1495 (le

63 1521 190 1568 heret„
206 1535 292 1571 cap.
310 1521 375 1558 Ad
389 1528 578 1567 nostrum,
596 1519 638 1556 in
653 1519 838 1564 Clement,
856 1526 889 1556 et
904 1518 946 1555 in
961 1517 1230 1566 extravaganti
1243 1517 1394 1555 domini
1409 1517 1608 1555 Johannis
1621 1518 1760 1554 XXII

64 1580 210 1618 Sancta
240 1581 433 1618 Romana..
468 1579 549 1617 Nec
579 1579 680 1629 quod
709 1579 916 1616 mittantur
945 1578 1178 1615 credendum
1200 1585 1255 1614 est
1276 1576 1344 1615 eis,
1379 1577 1440 1614 Ita
1462 1577 1598 1614 (licant
1627 1591 1758 1614 omnes

63 1639 231 1678 heretici.
267 1640 423 1676 Horum
456 1639 563 1676 enim
596 1637 758 1676 assertio
793 1637 1042 1687 improbatur
1074 1645 1180 1674 eastra
1215 1636 1258 1673 de
1291 1636 1419 1683 heret„
1453 1651 1538 1685 cap.
1575 1636 1677 1673 Cum
1714 1650 1761 1673 eas

64 1698 253 1749 injuncto,
283 1698 364 1736 Nec
390 1699 433 1735 de
458 1712 591 1735 eorum
616 1697 840 1734 visionibus
864 1711 909 1734 ac
933 1695 1131 1745 sompniis
1156 1703 1210 1732 est
1234 1695 1454 1732 curandum
1477 1695 1590 1744 juxta
1623 1695 1722 1732 illud
1748 1711 1754 1732 :

63 1758 259 1808 Sompnia
281 1772 325 1795 ne
345 1771 467 1804 cures,
488 1772 581 1794 nam
598 1757 746 1806 fallunt
763 1755 949 1806 sompnia
969 1756 1114 1805 plures.
1132 1755 1209 1792 Sed
1221 1762 1314 1792 sunt
1332 1754 1510 1792 tradendi
1526 1754 1757 1803 diligentius

63 1826 96 1856 et
119 1817 376 1855 examinandi
401 1816 563 1867 prelatis
588 1817 645 1854 vel
669 1815 975 1866 inquisitoribus
999 1814 1158 1852 heretice
1181 1813 1390 1864 pravitatis
1409 1813 1523 1863 juxta
1547 1814 1759 1862 allegatum

63 1892 148 1927 cap.
179 1877 244 1914 Ad
270 1885 458 1923 nostrum,
494 1876 509 1905 Q
538 1876 664 1913 Petro.
696 1874 850 1923 Quanti
877 1874 986 1913 enim
1012 1873 1053 1911 in
1081 1872 1252 1922 negotiis
1281 1872 1390 1910 seriis
1420 1872 1628 1911 faciendae
1661 1881 1756 1910 sunt

64 1935 154 1974 illae
176 1935 460 1982 revelationes,
483 1949 609 1984 quam
630 1934 716 1973 vim
736 1934 918 1971 habeant
939 1933 980 1970 in
1000 1932 1176 1982 judiciis,
1199 1940 1402 1981 quantum
1425 1931 1500 1969 illis
1524 1931 1710 1969 tribuant
1731 1931 1757 1969 ii

65 1995 211 2045 quibus
236 2009 347 2032 mens
372 2008 470 2033 sana
505 2002 580 2041 est,
605 2008 743 2031 omnes
769 2007 928 2031 mecum
961 1992 1210 2041 intelligunt.
1239 1991 1421 2041 Denique
1445 2005 1567 2041 supra
1591 2005 1630 2041 p.
1657 1990 1759 2028 1223

63 2054 240 2092 vidimus
256 2054 382 2092 etiam
396 2053 591 2091 adversus
610 2053 824 2090 Urbanum
845 2060 1051 2089 ostensam
1073 2050 1194 2088 fuisse
1216 2050 1475 2100 prophetiam
1493 2050 1655 2088 cuidam
1669 2049 1758 2087 viro

63 2122 218 2152 sancto.
244 2113 389 2163 Itaque
410 2127 569 2151 necesse
590 2121 651 2150 est
672 2112 884 2149 detrahere
906 2125 1070 2150 omnem
1086 2110 1207 2147 fidem
1220 2108 1538 2147 revelationibus
1552 2116 1625 2146 ant
1638 2108 1757 2146 fateri

66 2173 279 2212 Urbanum
308 2172 429 2210 fuisse
451 2172 606 2209 malum
626 2171 833 2209 hominem
858 2184 904 2208 ac
925 2170 1111 2207 turbasse
1134 2168 1336 2209 mundum
1358 2176 1399 2206 et
1424 2167 1643 2206 Ecclesiam
1670 2166 1755 2205 Dei.

117 2231 185 2269 Ait
214 2240 423 2282 postremo
457 2231 695 2280 Raynaldus
731 2229 930 2268 Karolum
959 2228 1134 2267 noluisse
1166 2226 1488 2266 controversiam
1518 2227 1565 2264 de
1596 2240 1757 2265 summo

64 2290 314 2341 pontificatu
340 2290 479 2329 referri
504 2290 556 2327 ad
580 2289 795 2328 concilium
822 2288 1142 2326 oecumenicum.
1165 2287 1369 2324 Adversus
1389 2300 1514 2335 quam
1531 2284 1754 2324 accusatio-

63 2364 156 2388 nem
176 2349 412 2400 responderi
431 2357 571 2399 potest
591 2348 823 2399 dupliciter.
847 2347 982 2385 Primo
1004 2347 1054 2384 ob
1075 2360 1165 2384 eam
1186 2359 1352 2384 causam
1372 2359 1394 2382 a
1416 2344 1540 2382 Gallis
1561 2344 1755 2393 rejectam

64 2409 185 2447 fuisse
217 2423 307 2447 eam
339 2408 450 2447 viam
480 2406 749 2457 extinguendi
779 2406 1009 2445 schismatis
1043 2405 1137 2454 quia
1169 2403 1461 2454 insuperabiles
1494 2403 1760 2441 difficultates

64 2468 332 2506 occurrebant
360 2467 402 2505 in
429 2467 713 2516 congregando
742 2465 911 2504 concilio
940 2464 1130 2514 generali,
1158 2472 1199 2501 et
1226 2478 1276 2501 ex
1303 2477 1349 2501 ea
1378 2462 1587 2500 occasione
1615 2476 1755 2512 perpe-

62 2527 262 2565 tuabatur
289 2526 477 2565 schisma.
511 2526 664 2564 Deinde
694 2533 851 2564 certum
888 2532 950 2562 est
978 2523 1064 2561 illos
1094 2537 1256 2572 quoque
1290 2521 1360 2571 qui
1390 2521 1566 2559 maxime
1599 2520 1756 2559 concilii

64 2585 419 2635 congregationem
457 2585 660 2634 urgebant
697 2598 787 2623 eam
825 2583 1001 2623 maxime
1039 2581 1213 2619 noluisse
1252 2595 1422 2629 eamque
1460 2594 1678 2626 recusasse,
1715 2587 1756 2616 et

64 2644 389 2684 ludificationem
418 2644 554 2694 potius
586 2643 707 2681 [uisse
738 2656 861 2692 quam
890 2655 976 2680 rem
999 2640 1159 2687 seriam,
1185 2648 1232 2677 ut
1261 2653 1382 2689 supra
1413 2654 1452 2689 p.
1485 2638 1585 2676 1109
1616 2638 1755 2676 multis

65 2703 310 2743 testimoniis
343 2704 636 2742 confirmatum
667 2709 742 2739 est.
779 2701 850 2739 His
883 2714 978 2738 vero
1011 2714 1117 2737 nunc
1148 2699 1296 2736 addere
1328 2698 1442 2735 lubet
1473 2696 1756 2735 testimonium

66 2762 335 2801 cardinalium
362 2762 431 2811 qui
458 2776 551 2800 cum
579 2761 785 2799 Clemente
813 2767 944 2806 erant,
973 2758 1042 2807 qui
1068 2767 1158 2795 tum
1185 2757 1350 2796 insimul
1376 2756 1568 2806 scripsere
1596 2755 1756 2806 publice

66 2822 114 2860 de
139 2835 259 2860 causa
286 2820 443 2859 concilii
468 2819 677 2869 generaliis
696 2819 712 2841 3
735 2835 742 2856 :
769 2818 917 2855 Poterit
951 2817 1069 2855 etiam
1100 2816 1211 2865 tangi
1233 2816 1336 2865 quod
1359 2816 1476 2852 multe
1499 2815 1756 2864 difficultates,

65 2889 142 2919 etc.
177 2881 279 2918 Item
319 2879 605 2918 testimonium
636 2877 746 2915 Petri
774 2877 822 2915 de
853 2877 1074 2915 Sortenaco
1104 2874 1319 2913 cardinalis
1350 2873 1610 2920 Vivariensis‚
1641 2874 1758 2923 cujus

114 3016 146 3047 1.
176 3015 216 3047 Β.
244 3013 301 3053 Ν.,
326 3025 393 3046 ms.
418 3010 514 3045 latin
536 3012 642 3051 1470,
668 3011 730 3044 fol.
749 3011 822 3045 ,271
850 3015 900 3044 v0.

115 3069 145 3100 2.
176 3068 216 3100 Β.
242 3067 299 3105 Ν.,
322 3078 389 3099 ms.
412 3065 508 3098 latin
529 3065 635 3104 1464,
658 3064 720 3097 fol.
745 3065 789 3097 18
810 3069 854 3097 r0.

113 3122 146 3154 3.
176 3120 384 3159 Baluzeht.
415 3130 466 3157 iv,
500 3130 534 3161 p.
568 3118 647 3150 200.
