2083 3458
83 240 235 295 [1405]
603 258 819 284 PAPARUM
855 259 1238 285 AVENIONENSIUM
1687 248 1767 288 917

69 355 178 378 anno
214 341 539 379 MCCCLXXXI
582 356 711 391 usque
747 343 798 380 ad
835 356 990 380 annum
1027 343 1287 382 millesimum
1326 345 1692 384 CCCLXXXVIII
1727 347 1769 385 in

70 400 218 450 quibus
257 400 387 437 multa
425 401 635 450 praeclara
664 410 705 439 et
737 401 894 439 curiosa
927 410 1074 440 extant
1094 403 1145 440 ad
1181 403 1476 453 rempublicam
1497 405 1767 454 pertinentia,

68 473 197 509 eoque
219 473 290 496 nos
312 459 375 496 usi
397 473 516 508 saepe
540 474 679 498 sumus
704 460 746 497 in
768 460 829 498 his
855 460 973 498 Notis
996 461 1158 500 nostris.

123 518 338 556 Praeterea
359 518 400 555 in
420 518 556 556 codice
576 518 652 557 822
672 519 857 569 ejusdem
877 519 1150 559 bibliothecae
1169 520 1182 543 ¹
1203 521 1405 571 reperitur
1433 522 1564 560 oratio
1584 537 1655 572 per
1674 538 1766 561 eum

68 577 212 615 habita
245 577 297 615 ad
329 577 569 627 Gregorium
602 578 663 615 XI
695 578 858 616 nomine
893 578 1035 617 Karoli
1066 579 1113 626 V,
1144 580 1247 629 regis
1281 580 1546 627 Francorum,
1578 581 1618 619 in
1649 583 1765 632 cujus

68 637 202 675 fronte
223 637 323 674 haec
342 636 495 686 scripta
515 645 613 674 sunt
635 653 642 674 z
671 638 791 674 Anno
815 638 981 675 Domini
1008 638 1366 686 MCCCLXXVI,
1391 639 1453 677 die
1473 651 1563 677 ΧΧΙ
1588 641 1764 689 augusti,

69 695 178 733 misit
200 710 266 733 reae
287 696 339 733 ad
360 695 567 733 dominum
591 704 766 733 nostrum
789 711 939 747 papam
963 698 1199 746 magistrum
1224 698 1447 736 Johannem
1470 699 1610 746 Fabri,
1646 700 1766 737 abba-

67 763 141 793 tem
173 755 310 792 Sancti
348 754 506 791 Vedasti
539 755 823 802 Atrebatensis,
856 764 889 793 et
920 757 1125 794 dominum
1156 757 1362 794 Ferricum
1394 758 1437 794 de
1469 758 1604 805 Metis,
1638 759 1768 808 legum

67 815 270 860 doctorem,
299 813 500 851 occasione
528 828 782 863 processuum
809 823 940 853 contra
970 815 1221 853 Florentinos
1247 816 1439 853 editorum
1457 831 1526 866 per
1545 832 1694 866 papam
1724 818 1765 855 in

67 886 185 922 regno
209 872 380 910 Francie
400 872 746 922 publicandorum.
768 873 818 911 Et
836 874 979 924 recepit
997 874 1123 911 dictus
1149 875 1352 912 Johannes
1371 875 1511 922 Fabri,
1530 876 1767 914 decretorum

67 933 207 979 doctor,
235 945 306 981 pro
332 931 489 969 exordio
518 931 559 968 in
586 932 718 981 prima
745 947 847 982 pape
883 934 1152 983 propositione
1178 948 1248 983 que
1283 934 1458 983 sequitur
1486 948 1497 971 .·
1525 933 1609 971 Nos
1640 949 1765 984 prece-

67 992 197 1029 dentes
214 999 345 1040 patres
361 990 576 1040 sequimur,
595 991 689 1040 quia
705 1000 859 1029 auctore
872 993 954 1029 Deo
971 992 1021 1029 ab
1037 1006 1172 1030 eorum
1189 992 1366 1030 doctrina
1383 1006 1461 1030 non
1481 993 1764 1041 discordamus,

66 1059 144 1089 etc.
171 1050 217 1087 In
237 1049 381 1088 eodem
403 1049 540 1088 codice
563 1050 618 1088 sic
639 1050 654 1072 2
674 1050 822 1100 legitur
843 1052 891 1089 de
912 1051 1057 1089 eodem
1079 1052 1231 1089 abbate
1255 1067 1262 1089 :
1285 1052 1409 1089 Anno*
1423 1052 1590 1089 Domini
1613 1053 1768 1091 MCCC

66 1109 241 1156 LXXV,
263 1108 325 1146 die
346 1119 457 1146 XXII
478 1108 589 1155 maii,
610 1110 701 1158 jecit
722 1110 898 1147 Karolus
917 1124 983 1148 rex
1008 1110 1177 1148 Francie
1201 1110 1401 1160 publicari
1431 1125 1500 1160 per
1529 1112 1764 1159 magistrum

69 1169 293 1207 Johannem
319 1167 458 1215 Fabri,
486 1167 666 1205 abbatem
693 1169 829 1206 Sancti
862 1169 1020 1207 Vedasti
1048 1169 1331 1215 Atrebatensis‚
1359 1170 1547 1207 doctorem
1575 1170 1617 1207 in
1643 1171 1766 1208 decre—

65 1228 129 1276 tis,
154 1228 396 1277 solempnem
420 1227 632 1276 quamdam
657 1228 778 1276 legem
803 1243 921 1278 quam
945 1229 1182 1267 condiderat.
1207 1229 1256 1266 Et
1283 1228 1428 1266 ibidem
1454 1228 1496 1265 in
1521 1230 1766 1278 parlamento

65 1295 176 1325 erant
204 1294 399 1336 presentes
429 1285 614 1323 dominus
645 1295 771 1324 noster
800 1301 865 1325 rex
896 1287 1083 1334 Karolus,
1115 1288 1300 1325 dominus
1325 1288 1511 1337 Delftnus
1539 1287 1625 1336 ejus
1656 1288 1766 1337 filius

65 1346 367 1397 primogenitus,
392 1344 577 1382 dominus
599 1346 678 1383 duce
700 1347 1001 1395 Andegavensis
1021 1348 1141 1396 frater
1162 1346 1278 1395 regis,
1294 1355 1328 1384 et
1348 1347 1481 1396 plures
1502 1347 1588 1385 alii.
1606 1347 1656 1384 Et
1678 1362 1765 1397 pro-

64 1405 199 1457 posuit
229 1404 357 1443 verbis
395 1404 571 1442 Gallicis.
606 1405 657 1442 Et
688 1420 758 1454 pro
792 1405 1076 1443 introductione
1108 1406 1250 1456 recepit
1281 1406 1380 1443 hanc
1412 1406 1720 1455 propositionem
1754 1421 1766 1444 .·

65 1465 213 1503 Audite
232 1464 391 1501 verbum
408 1463 589 1510 Domini,
611 1464 832 1514 principes,·
853 1465 1021 1502 auribus
1041 1465 1231 1515 percipite
1252 1465 1385 1513 legem,
1408 1464 1560 1514 populi.

119 1524 162 1562 P.
191 1523 280 1569 526,
308 1522 375 1572 lig.
404 1522 466 1561 27.
498 1523 754 1561 EDUARDUS.
786 1524 916 1562 Extat
936 1524 952 1547 3
977 1524 1103 1562 etiam
1142 1524 1253 1574 apud
1283 1523 1550 1573 Radulphum
1578 1523 1626 1561 de
1658 1523 1762 1562 Rivo

64 1597 152 1634 cap.
184 1598 241 1620 ΧΠ
280 1582 335 1633 [p.
365 1581 431 1631 33]
464 1590 505 1619 et
533 1582 643 1631 apud
673 1582 1027 1633 VValsinghamum
1067 1584 1112 1633 [t.
1141 1598 1167 1631 1,
1197 1598 1235 1632 p.
1266 1581 1358 1632 385]
1391 1597 1472 1619 non
1500 1583 1575 1620 sub
1603 1582 1765 1621 nomine

63 1642 181 1692 regis,
213 1642 284 1680 sed
315 1641 602 1679 universorum
636 1641 785 1679 Christi
821 1642 1015 1681 fidelium.
1052 1643 1126 1680 Est
1158 1650 1299 1679 autem
1337 1655 1477 1679 revera
1518 1641 1764 1679 declamatio

64 1701 216 1740 furiosa
259 1700 477 1750 cujusdam
519 1700 639 1750 Angli
680 1701 876 1739 adversus
919 1701 1144 1740 cardinales
1188 1700 1376 1739 Gallicos.
1420 1700 1584 1738 Amicus
1628 1708 1766 1738 noster

64 1775 248 1799 summus
279 1759 476 1799 Odoricus
509 1759 764 1809 Raynaldus,
794 1760 864 1810 qui
891 1775 1087 1810 magnum
1115 1774 1188 1810 pro
1216 1774 1289 1797 sua
1317 1759 1522 1809 imperitia
1551 1759 1764 1808 adjumen-

63 1828 155 1858 tum
175 1833 320 1858 causae
342 1818 500 1857 Urbani
518 1827 642 1869 putat
661 1819 797 1857 afferri
815 1834 865 1858 ex
885 1819 1024 1857 favore
1044 1819 1079 1857 ei
1098 1819 1300 1869 praestito
1319 1818 1370 1855 ab
1392 1818 1530 1867 Anglis
1553 1818 1764 1856 Gallorum

64 1879 217 1930 apertis
237 1887 330 1916 tum
349 1877 537 1916 hostibus
559 1886 599 1916 et
620 1878 808 1925 inimicis,
831 1879 881 1916 ob
902 1878 1025 1929 idque
1045 1887 1213 1916 tantum
1233 1878 1275 1915 in
1294 1885 1431 1928 partes
1456 1876 1611 1915 Urbani
1631 1885 1763 1914 trans-

65 1938 223 1989 gressis,
247 1952 329 1975 non
353 1936 490 1975 omisit
513 1951 831 1975 commemorare
855 1938 960 1976 hanc
984 1937 1327 1976 declamationem
1348 1936 1462 1985 cujus
1486 1934 1763 1984 fragmentum

64 1997 207 2036 retulit
222 2010 287 2035 an.
303 1996 444 2044 1378,§
461 1996 520 2043 71,
534 2004 581 2034 ut
595 1997 789 2045 probaret
803 1997 953 2046 Anglos
967 2011 1133 2035 causam
1147 1995 1303 2034 Urbani
1316 1994 1537 2044 suscepisse
1550 1994 1762 2032 tuendam.

67 2057 120 2095 Et
145 2055 290 2094 statim
315 2055 401 2094 edit
428 2055 606 2093 rationes
635 2055 898 2105 Anglicorum
924 2056 1120 2093 adversus
1148 2055 1414 2101 Clementem,
1442 2054 1489 2091 de
1517 2053 1663 2102 quibus
1691 2068 1762 2090 nos

65 2130 189 2165 supra
220 2114 413 2152 diximus.

121 2175 163 2213 P.
190 2173 279 2221 530,
304 2173 370 2223 lig.
398 2172 458 2211 12.
485 2174 817 2211 PESTiLENTIAM.
846 2173 1000 2211 Eadem
1025 2172 1172 2210 afflixit
1194 2172 1320 2211 etiam
1354 2170 1619 2209 Avenionem.
1647 2170 1760 2219 Aegi-

67 2233 200 2272 didius
231 2232 458 2271 Bellamera
488 2232 530 2269 in
561 2246 649 2282 cap.
682 2233 780 2269 Alia
810 2232 978 2281 quidem,
1006 2233 1066 2269 De
1096 2230 1416 2281 procuratoribus
1448 2244 1460 2267 .·
1497 2230 1640 2266 I'erum
1670 2229 1763 2278 quia

67 2300 225 2343 propter
259 2291 479 2329 maximum
511 2292 677 2329 calorem
710 2306 755 2328 ac
787 2291 908 2340 pestis
942 2299 976 2328 et
1010 2290 1260 2328 mortalitatis
1294 2288 1564 2338 intemperiem
1593 2302 1662 2337 que
1696 2287 1764 2324 hoc

67 2365 196 2390 mense
221 2350 317 2400 julii
344 2364 450 2388 anno
473 2350 641 2387 Domini
669 2349 1071 2387 MCCCLXXXJJI
1097 2349 1159 2387 hic
1186 2349 1229 2386 in
1248 2348 1446 2386 Aoinione
1484 2347 1592 2384 valde
1619 2346 1762 2395 vigent,

67 2425 140 2461 quo
166 2424 294 2448 mense
319 2409 380 2447 die
404 2409 588 2446 mercurii
614 2414 703 2440 XIX
728 2409 873 2446 mensis
897 2409 1071 2459 ejusdem
1094 2408 1335 2446 Laurentius
1373 2407 1417 2443 de
1442 2406 1576 2452 Porta,
1603 2405 1763 2454 scutifer

68 2484 177 2508 meus
201 2477 236 2507 et
259 2468 427 2518 scriptor
452 2468 573 2517 liujus
599 2468 742 2517 operis,
769 2468 867 2505 obiit
892 2467 963 2505 liae
989 2475 1104 2517 peste,
1133 2481 1244 2516 quem
1272 2466 1381 2503 Deus
1412 2464 1563 2511 habeat,
1592 2463 1763 2501 laborem

69 2529 260 2577 mitigans
281 2535 315 2564 et
337 2526 508 2576 requiem
530 2540 719 2576 quaerens
741 2526 892 2564 remitto
913 2527 957 2564 de
979 2526 1048 2563 hoc
1069 2526 1120 2563 ad
1141 2540 1226 2575 cap.
1251 2524 1429 2569 Auditis,
1449 2524 1508 2560 De
1530 2522 1757 2572 praescript.

122 2588 165 2626 P.
194 2586 283 2632 532,
310 2585 376 2636 lig.
405 2585 466 2624 29.
495 2586 669 2623 CANTOR
697 2586 837 2623 PAms.
867 2585 936 2635 qui
960 2593 1134 2623 vocatur
1161 2583 1351 2634 Aegidius
1370 2581 1385 2604 4
1408 2582 1449 2619 in
1472 2589 1586 2619 tomo
1613 2589 1762 2630 quarto

67 2646 272 2684 Historiae
307 2644 588 2683 Universitatis
616 2644 878 2691 Parisiensis,
907 2658 948 2695 p.
978 2643 1067 2682 480.

117 2804 149 2837 1.
174 2803 214 2836 Β.
241 2802 299 2841 Ν.,
323 2813 390 2835 ms.
414 2801 510 2834 latin
532 2800 636 2840 1463,
661 2800 722 2833 fol.
748 2801 792 2834 72
835 2805 885 2833 v0.

117 2857 148 2890 2.
173 2855 240 2889 Ms.
265 2855 348 2894 cite,
372 2854 434 2887 fol.
459 2855 504 2887 72
525 2858 569 2887 ΓΟ.
1489 2859 1496 2879 ι

116 2910 149 2943 3.
172 2908 215 2942 Ν.
235 2908 362 2940 Valois
385 2907 454 2951 (op.
474 2907 546 2946 cit„
566 2913 593 2939 t.
612 2919 635 2946 1,
656 2918 690 2950 p.
712 2906 793 2949 243)
810 2918 923 2950 pense
942 2918 1013 2949 que
1032 2906 1067 2938 la
1084 2906 1195 2938 lettre
1215 2895 1437 2936 d’Edouard
1455 2908 1512 2935 est
1530 2902 1757 2945 apocryphe.

118 2963 150 2995 4.
170 2962 200 2995 Il
217 2960 420 3004 s’appelait
438 2959 651 2993 Guillaume
665 2960 708 2991 de
722 2959 961 2998 Salvarville,
977 2958 1058 2991 voir
1073 2955 1438 2990 Denisse-Chatelain
1458 2954 1759 2998 (chartularium,

70 3021 96 3049 t.
124 3027 176 3054 111,
204 3026 239 3058 p.
268 3013 351 3057 712)
371 3019 408 3046 et
426 3013 483 3046 Fr.
513 3012 820 3045 Bliemetzrieder
850 3012 1106 3055 (Conclusions
1133 3011 1173 3043 de
1205 3009 1414 3043 Guillaume
1433 3008 1474 3041 de
1500 3007 1759 3040 Salvarvtlla...

68 3079 133 3102 sur
151 3068 186 3101 la
203 3067 368 3111 question
386 3067 435 3099 du
452 3066 586 3098 concile
605 3065 750 3108 ge'ne'ral
766 3065 927 3108 pendant
946 3065 975 3097 le
995 3064 1112 3107 grand
1130 3063 1292 3096 Schisme
1304 3061 1522 3099 d’Occident,
1537 3060 1629 3092 dans
1641 3059 1762 3092 Revue

70 3121 257 3155 d’histoire
281 3119 556 3162 ecclesiastique‚
585 3123 610 3151 t.
640 3130 676 3150 vr
705 3118 840 3161 (1910),
868 3130 902 3161 p.
930 3117 1067 3160 47-55).
