2083 3458
288 185 370 228 738
936 200 1088 226 NOTAE
1122 200 1183 225 AD
1217 200 1344 226 VITAs
1846 184 2000 241 [1219]

286 284 327 321 in
353 293 535 322 castrum
562 283 703 322 Sancti
729 283 887 333 Angeli‚
915 297 1099 333 opusque
1124 282 1335 321 electionis
1361 297 1457 320 suae
1483 282 1626 332 perfici
1650 281 2000 322 inthronizatione

285 352 327 381 et
351 343 616 381 coronatione
640 358 713 381 sua
737 343 863 381 vellet
880 343 1095 389 Urbanus,
1120 341 1226 380 dixit
1247 342 1583 381 Bandarensibus
1606 342 1716 393 ipsos
1740 342 1876 381 adhuc
1900 341 2002 380 nihil

286 402 427 441 secisse
467 402 543 441 nisi
581 411 774 453 cogerent
813 402 1040 441 cardinales
1080 410 1127 439 ut
1166 402 1355 440 venirent
1392 402 1444 440 ad
1477 401 1845 440 inthronizandum
1890 416 2000 441 eum.

290 462 406 500 Istud
428 477 501 512 ego
526 477 608 500 non
629 462 750 500 unius
773 462 891 500 testis
916 461 985 500 sed
1006 461 1187 512 plurium
1208 461 1433 500 assertione
1457 462 1657 512 probabo,
1679 462 1722 499 in
1743 461 1884 512 primis
1903 476 2000 500 vero

283 521 487 560 Bonifacii
505 522 554 560 de
574 521 806 569 Amanatis,
827 521 897 571 qui
914 520 955 559 in
974 521 1232 571 depositione
1251 535 1324 559 sua
1342 521 1401 559 ait
1419 536 1459 559 se
1478 536 1572 559 cum
1590 521 1716 560 fratre
1734 536 1807 559 suo
1825 522 2000 568 Thoma,

283 581 591 632 archiepiscopo
634 581 924 632 Neapolitano,
964 580 1085 618 ivisse
1125 581 1178 619 ad
1217 580 1423 631 palatium
1462 581 1738 632 apostolicum
1778 589 1818 619 et
1857 580 2000 619 fecisse

283 641 560 679 reverentiam
589 641 758 679 Urbano
785 649 971 679 recenter
997 641 1148 688 electo;
1176 648 1210 678 et
1235 641 1330 691 quia
1347 640 1360 662 ¹
1388 641 1540 678 dicebat
1554 641 1669 679 horas
1685 655 1795 688 suas,
1814 640 1885 678 iste
1911 655 2001 678 cum

282 701 402 749 fratre
430 715 501 738 suo
527 709 802 751 spectaverunt
829 709 937 738 extra
964 715 1034 750 per
1060 700 1252 750 spatium.
1286 701 1400 738 Tunc
1427 709 1615 738 venerunt
1641 701 1694 738 ad
1719 715 1810 738 eum
1836 700 1999 738 Randa-

283 773 427 807 renses,
460 769 495 798 et
525 760 653 810 aliqui
686 761 861 798 Romani
893 761 945 798 ad
973 759 1206 809 faciendum
1237 760 1512 807 reverentiam3
1547 769 1580 798 et
1613 760 1713 798 inter
1744 768 1867 798 cetera
1898 760 2000 798 dixit

285 819 366 856 illis
390 820 722 858 Bandarensibus
745 820 1047 858 Bartholomeus
1073 836 1079 857 :
1106 820 1254 867 Videte,
1274 819 1400 857 nichil
1414 820 1567 869 jecistis
1585 820 1667 857 nisi
1684 820 1848 869 faciatis
1869 819 2000 857 venire

282 879 505 917 cardinales
531 881 584 917 ad
610 880 937 917 intronizandum
964 893 1034 918 me.
1068 879 1182 918 Idem
1208 879 1488 929 interrogatus
1516 893 1625 917 anno
1654 879 1999 926 MCCCLXXXI,

284 939 346 976 die
369 954 443 976 xix
469 939 678 987 februarii,
703 954 825 990 super
849 938 1032 978 articulis
1058 938 1180 989 primi
1203 938 1322 977 electi
1346 938 1561 989 respondit
1584 954 1625 977 se
1650 938 1858 978 audivisse
1887 953 2000 977 eum-

270 998 757 1049 rdemssartholomaeum
769 998 977 1051 dicentem
992 998 1111 1037 dictis
1124 999 1460 1037 Bandarensibus
1474 1007 1515 1037 et
1538 998 1802 1037 officialibus:
1822 998 1957 1037 Videte
1970 997 1998 1046 ²,

282 1072 347 1094 vos
373 1058 498 1096 nichil
522 1059 651 1096 adhuc
674 1059 825 1108 fecistis
853 1058 935 1096 nisi
961 1067 995 1096 et
1018 1058 1181 1108 faciatis
1208 1059 1310 1109 quod
1334 1059 1558 1096 cardinales
1584 1058 1651 1109 qui
1685 1067 1779 1096 sunt
1805 1058 1848 1096 in
1873 1066 1999 1096 castro

282 1117 442 1156 veniant
470 1119 522 1156 ad
550 1118 751 1168 palatium
779 1119 832 1156 asl
861 1118 1188 1156 intronizandum
1218 1133 1289 1156 me.
1324 1118 1442 1156 Istud
1471 1118 1608 1169 ipsum
1637 1126 1820 1156 testatur
1851 1119 1997 1156 Petrus

284 1177 494 1215 Flandrini
524 1178 741 1216 cardinalis
771 1178 813 1215 in
841 1186 1027 1216 tractatu
1055 1179 1114 1215 De
1141 1178 1366 1225 schismate,
1395 1177 1466 1216 ubi
1495 1192 1590 1216 cum
1619 1177 1869 1216 ostendisset
1896 1178 1997 1216 elec-

282 1236 439 1276 tionem
460 1237 771 1276 Bartholomaei
797 1253 882 1276 esse
905 1238 1063 1275 nullam
1085 1252 1157 1288 per
1177 1238 1285 1287 jura,
1308 1237 1427 1276 addit
1443 1237 1459 1260 3
1477 1254 1484 1275 ;
1502 1238 1554 1275 Et
1571 1237 1640 1275 hoc
1657 1237 1727 1275 iste
1748 1237 1878 1276 fimet
1897 1238 2000 1275 clare

281 1297 481 1345 confessus
504 1306 570 1336 est.
597 1295 706 1335 Nam
728 1297 771 1335 in
793 1297 993 1348 presentia
1017 1297 1140 1335 unius
1163 1297 1317 1335 domini
1340 1297 1561 1335 cardinalis
1590 1297 1738 1335 Ytalici
1760 1306 1795 1335 et
1815 1297 1998 1347 plurium

282 1357 535 1405 prelatorum,
556 1358 713 1407 quando
733 1357 807 1395 alii
827 1357 981 1395 domini
1001 1357 1224 1395 cardinales
1244 1357 1429 1395 nolebant
1446 1357 1551 1395 exire
1571 1357 1615 1394 de
1634 1365 1759 1395 castro
1779 1371 1847 1395 nec
1866 1356 1997 1394 venire

280 1416 332 1452 ad
364 1416 499 1465 ipsum
532 1417 898 1464 inthronizandum,
931 1425 964 1454 et
995 1426 1207 1466 antequam
1237 1425 1334 1454 esset
1364 1417 1444 1454 sibi
1476 1416 1608 1454 electio
1638 1425 1877 1467 presentata,
1911 1416 1997 1466 ipse

281 1475 429 1513 vocavit
455 1491 581 1514 unum
606 1477 803 1526 prelatum
828 1477 938 1514 valde
962 1476 1042 1513 sibi
1069 1476 1337 1523 domesticum,
1364 1485 1399 1514 et
1424 1476 1629 1514 mandavit
1652 1476 1688 1513 ei
1723 1476 1826 1526 quod
1850 1476 1921 1514 iret
1945 1476 1998 1513 ad

281 1534 559 1573 Bandarenses
579 1545 613 1574 et
624 1536 690 1574 hec
701 1536 781 1573 s'ibi
798 1536 1013 1586 imposuit:
1028 1536 1154 1574 Dicas
1169 1536 1502 1574 Bandarensibus
1515 1536 1618 1586 quod
1633 1535 1714 1586 ipsi
1729 1536 1858 1574 adhuc
1871 1535 1999 1573 nichil

278 1593 453 1642 fecerunt
476 1595 558 1633 nisi
580 1604 721 1645 cogant
744 1595 838 1633 istos
860 1595 1084 1633 cardinales
1107 1595 1238 1634 venire
1260 1596 1312 1633 ad
1335 1595 1688 1640 inthronizandum
1709 1609 1780 1635 me.
1805 1595 1908 1635 Cum
1930 1594 1995 1633 hic

279 1653 391 1691 locus
422 1655 541 1693 valde
571 1655 901 1694 incommodaret
930 1654 1118 1705 partibus
1150 1655 1323 1702 Urbani,
1353 1655 1460 1693 inter
1490 1655 1615 1693 dubia
1640 1669 1744 1705 quae
1774 1654 1994 1705 archiepis-

280 1727 404 1763 copus
427 1714 651 1752 Toletanus
674 1714 787 1754 misit
808 1714 860 1752 ad
883 1714 1134 1753 cardinalem
1158 1714 1458 1763 Florentinum,
1481 1715 1808 1753 controversiam
1830 1728 1994 1765 quoque

280 1772 377 1810 fecit
394 1773 443 1811 de
455 1774 532 1812 hoc
550 1774 748 1824 capitulo,
766 1782 808 1811 et
820 1773 897 1812 sibi
913 1774 1152 1824 responderi
1169 1789 1291 1825 super
1308 1775 1383 1813 hoc
1400 1773 1522 1824 petiit
1539 1775 1590 1812 ab
1608 1775 1754 1814 eodem
1771 1774 1993 1821 cardinale,

280 1831 374 1881 quia
406 1832 567 1883 publice
598 1827 815 1871 dicebatur
845 1833 980 1883 quod4
1010 1834 1080 1871 iste
1109 1834 1329 1872 cardinalis
1365 1834 1546 1872 Ytalicus
1577 1834 1620 1871 in
1649 1834 1765 1883 cujus
1794 1833 1995 1884 presentia

280 1891 356 1929 ista
382 1893 498 1930 verba
522 1893 687 1942 suerunt
704 1893 949 1943 prolatafuit
975 1894 1161 1931 dominus
1176 1893 1397 1931 cardinalis
1424 1894 1696 1932 Florentinus.
1728 1892 1959 1944 Respondit
1979 1891 1994 1914 ⁵

278 1965 371 2000 ergo
397 1952 657 1991 Florentinus
683 1962 824 1991 actum
848 1952 889 1990 id
905 1968 989 1990 esse
1014 1952 1230 2002 praesente
1255 1968 1310 2000 se,
1337 1961 1391 2000 et,
1409 1961 1525 2003 prout
1546 1953 1630 2004 ipse
1651 1954 1888 2000 recordatur,
1907 1966 1993 2002 pre-

276 2019 382 2047 sente
405 2011 589 2062 episcopo
616 2012 927 2050 Penssauriensi
953 2020 987 2049 et
1011 2013 1171 2050 domino
1197 2012 1381 2050 Bindone
1406 2013 1611 2062 capellano
1629 2027 1714 2060 suo,
1738 2021 1783 2060 et,
1806 2005 1993 2063 pluribus

276 2070 385 2117 aliis,
407 2071 510 2109 idem
528 2072 721 2109 Barensis
740 2072 876 2122 posuit
893 2072 1166 2110 ambaxiatam
1190 2072 1408 2122 predictam
1426 2073 1586 2109 domino
1608 2073 1790 2110 [Martino
1808 2072 1993 2122 episcopo

276 2128 534 2169 Cassanensi.
564 2132 757 2178 Rursum,
783 2131 1002 2171 cumidem
1022 2131 1352 2182 archiepiscopus
1376 2132 1599 2170 Toletanus
1625 2131 1844 2182 epistolam
1868 2130 1993 2181 scrip-

276 2188 394 2227 sisset
417 2190 614 2229 adversus
638 2199 870 2230 tractatum
895 2190 1007 2229 Petri
1030 2190 1257 2238 Flandrini,
1280 2199 1322 2229 et
1344 2191 1452 2228 inter
1476 2200 1625 2239 cetera,
1649 2191 1776 2231 etiam
1798 2191 1915 2229 illum
1942 2190 1991 2228 de

276 2248 351 2287 hoc
381 2250 516 2300 capite
546 2251 841 2300 interrogasset
871 2250 1008 2289 dicens
1040 2251 1141 2300 quod
1167 2250 1203 2288 si
1233 2259 1362 2300 posset
1390 2250 1458 2287 hoc
1487 2252 1588 2288 clare
1616 2251 1793 2301 probari,
1823 2251 1992 2288 multum

276 2308 530 2357 lucidaretur,
553 2318 587 2347 et
610 2311 872 2348 declararetur
886 2309 1037 2359 factum
1060 2318 1242 2357 vestrum,
1266 2319 1299 2347 et
1315 2310 1358 2347 in
1375 2310 1616 2348 conscientia
1639 2325 1725 2348 mea
1747 2311 1866 2348 multe
1887 2310 1991 2347 scin-

275 2368 356 2405 tille
395 2370 574 2406 ardentes
615 2384 683 2419 per
724 2370 842 2407 istam
881 2369 1155 2419 probationem
1194 2369 1530 2418 evtinguerentur‚
1565 2369 1778 2434 respondit
1797 2370 1812 2393 ⁶
1844 2370 1989 2408 Petrus

279 2428 489 2466 Flandrini
511 2430 614 2478 quod
635 2429 829 2466 Barensis
851 2437 943 2466 tunc
965 2429 1067 2466 dixit
1090 2429 1160 2466 illa
1182 2443 1244 2465 ver
1251 2429 1298 2466 ba
1321 2429 1488 2466 Alarino
1511 2444 1619 2469 nunc
1639 2429 1823 2480 episcopo
1846 2429 1989 2467 Cassa-

277 2488 405 2534 nensi,
437 2488 505 2537 qui
538 2504 644 2526 nunc
674 2503 714 2525 se
747 2488 941 2535 nominat,
974 2488 1062 2525 licet
1090 2488 1208 2537 salso,
1241 2488 1507 2526 camerarium
1546 2489 1758 2539 apostolice
1791 2488 1923 2535 Sedis,
1957 2496 1992 2525 et

277 2546 378 2584 stiva
398 2562 443 2584 ea
464 2557 640 2597 presente
661 2548 822 2586 domino
845 2562 926 2585 meo
948 2547 1150 2585 cardinale
1172 2547 1417 2595 Florentino,
1441 2557 1482 2586 ut
1512 2562 1597 2598 ipse
1619 2548 1805 2586 dominu-s·
1826 2548 1989 2586 Floren-

277 2606 386 2643 tinus
407 2615 611 2645 attestatus
631 2616 687 2645 est
708 2607 959 2657 presentibus
981 2607 1140 2644 domino
1163 2607 1362 2657 quondam
1383 2608 1427 2645 de
1456 2607 1632 2654 Ursinis,
1655 2607 1815 2645 domino
1842 2621 1923 2645 meo
1946 2607 1990 2645 de

276 2665 407 2712 Luna,
433 2675 468 2703 et
493 2681 551 2703 me
578 2667 620 2703 in
645 2676 770 2704 castro
797 2666 935 2704 Sancti
964 2666 1165 2703 Johannis
1191 2666 1377 2716 predicto,
1402 2666 1443 2704 id
1469 2674 1545 2714 est,
1573 2666 1714 2705 Sancti
1741 2666 1912 2704 Joannis
1939 2666 1988 2704 sle

389 2821 454 2853 Ms.
483 2822 566 2861 cite,
593 2821 655 2854 fol.
683 2823 727 2855 53
753 2827 795 2854 1¹⁰.

388 2874 453 2907 ΜΞ.
478 2875 561 2913 cite,
585 2875 647 2908 fol.
671 2876 742 2908 186
764 2880 814 2908 v0.

387 2927 705 2967 Blicmetzricdcr,
736 2928 979 2961 litter-ariscloe
1005 2929 1183 2969 Polemik,
1214 2941 1248 2972 p.
1278 2930 1335 2962 56.

388 2980 426 3013 Β.
456 2981 512 3019 N„
539 2993 605 3013 ms.
631 2981 728 3014 latin
752 2981 881 3021 11745,
908 2982 970 3015 sol.
997 2982 1040 3015 97
1066 2987 1116 3015 νῦ

388 3033 453 3066 ΜΞ
481 3008 564 3073 cite
592 3034 654 3067 fol.
682 3035 726 3067 98
752 3039 794 3067 r.⁰

390 3086 702 3126 Blicmetzricdcr,
729 3100 786 3130 op.
815 3089 885 3127 cit„
914 3099 948 3131 p.
976 3089 1033 3122 75.

324 2820 355 3116 9³9¹?5‘0507
