<?xml version="1.0" encoding="UTF-8"?>
<!DOCTYPE html PUBLIC "-//W3C//DTD XHTML 1.0 Transitional//EN"
    "http://www.w3.org/TR/xhtml1/DTD/xhtml1-transitional.dtd">
<html xmlns="http://www.w3.org/1999/xhtml" xml:lang="en" lang="en">
 <head>
  <title>
</title>
<meta http-equiv="Content-Type" content="text/html;charset=utf-8" />
  <meta name='ocr-system' content='tesseract 3.04.00' />
  <meta name='ocr-capabilities' content='ocr_page ocr_carea ocr_par ocr_line ocrx_word'/>
</head>
<body>
  <div class='ocr_page' id='page_1' title='image "./vitaepaparumaven02balu_0545.png"; bbox 0 0 2083 3458; ppageno 0'>
   <div class='ocr_carea' id='block_1_1' title="bbox 125 283 1806 339">
    <p class='ocr_par' dir='ltr' id='par_1_1' title="bbox 125 283 1806 339">
     <span class='ocr_line' id='line_1_1' title="bbox 125 283 1806 339; baseline 0 -15"><span class='ocrx_word' id='word_1_1' title='bbox 125 283 276 339; x_wconf 85' lang='grc'><strong>[1018]</strong></span> <span class='ocrx_word' id='word_1_2' title='bbox 639 298 854 324; x_wconf 78' lang='lat' dir='ltr'><strong>PAPARUM</strong></span> <span class='ocrx_word' id='word_1_3' title='bbox 890 298 1274 324; x_wconf 73' lang='lat' dir='ltr'><strong>AVENIONENfflUM</strong></span> <span class='ocrx_word' id='word_1_4' title='bbox 1724 284 1806 324; x_wconf 79' lang='lat'>535</span> 
     </span>
    </p>
   </div>
   <div class='ocr_carea' id='block_1_2' title="bbox 113 377 1830 3200">
    <p class='ocr_par' dir='ltr' id='par_1_2' title="bbox 113 377 1813 1255">
     <span class='ocr_line' id='line_1_2' title="bbox 116 377 1807 431; baseline -0.001 -12"><span class='ocrx_word' id='word_1_5' title='bbox 116 382 258 421; x_wconf 86' lang='lat' dir='ltr'>Petrus</span> <span class='ocrx_word' id='word_1_6' title='bbox 276 390 416 420; x_wconf 86' lang='lat' dir='ltr'>autem</span> <span class='ocrx_word' id='word_1_7' title='bbox 433 390 523 419; x_wconf 88' lang='lat' dir='ltr'>tum</span> <span class='ocrx_word' id='word_1_8' title='bbox 540 377 798 431; x_wconf 79' lang='lat' dir='ltr'>praepositus</span> <span class='ocrx_word' id='word_1_9' title='bbox 820 382 1020 420; x_wconf 76' lang='lat' dir='ltr'>Ecclesiae</span> <span class='ocrx_word' id='word_1_10' title='bbox 1040 382 1341 429; x_wconf 75' lang='lat' dir='ltr'>Nemausensis,</span> <span class='ocrx_word' id='word_1_11' title='bbox 1361 390 1406 419; x_wconf 87' lang='lat' dir='ltr'>ut</span> <span class='ocrx_word' id='word_1_12' title='bbox 1423 383 1571 429; x_wconf 64' lang='lat' dir='ltr'>legitur</span> <span class='ocrx_word' id='word_1_13' title='bbox 1586 383 1627 419; x_wconf 90' lang='lat' dir='ltr'>in</span> <span class='ocrx_word' id='word_1_14' title='bbox 1646 382 1807 430; x_wconf 78' lang='lat' dir='ltr'>Regesto</span> 
     </span>
     <span class='ocr_line' id='line_1_3' title="bbox 115 439 1806 490; baseline -0.001 -11"><span class='ocrx_word' id='word_1_15' title='bbox 115 441 271 479; x_wconf 79' lang='lat' dir='ltr'>Urbani</span> <span class='ocrx_word' id='word_1_16' title='bbox 323 441 470 490; x_wconf 76' lang='lat' dir='ltr'>quinti,</span> <span class='ocrx_word' id='word_1_17' title='bbox 514 441 716 478; x_wconf 76' lang='lat' dir='ltr'>Ecclesiae</span> <span class='ocrx_word' id='word_1_18' title='bbox 758 441 1049 478; x_wconf 79' lang='lat' dir='ltr'>Montisalbani</span> <span class='ocrx_word' id='word_1_19' title='bbox 1090 441 1256 478; x_wconf 70' lang='lat' dir='ltr'>vacanti</span> <span class='ocrx_word' id='word_1_20' title='bbox 1297 455 1366 486; x_wconf 80' lang='lat' dir='ltr'>per</span> <span class='ocrx_word' id='word_1_21' title='bbox 1400 441 1559 478; x_wconf 86' lang='lat' dir='ltr'>obitum</span> <span class='ocrx_word' id='word_1_22' title='bbox 1588 439 1806 479; x_wconf 87' lang='lat' dir='ltr'>Bertrandi</span> 
     </span>
     <span class='ocr_line' id='line_1_4' title="bbox 113 499 1806 550; baseline -0.001 -12"><span class='ocrx_word' id='word_1_23' title='bbox 113 501 345 550; x_wconf 76' lang='lat' dir='ltr'>praefectus</span> <span class='ocrx_word' id='word_1_24' title='bbox 378 508 439 538; x_wconf 81' lang='lat' dir='ltr'>est</span> <span class='ocrx_word' id='word_1_25' title='bbox 464 513 572 536; x_wconf 87' lang='lat' dir='ltr'>anno</span> <span class='ocrx_word' id='word_1_26' title='bbox 597 499 892 547; x_wconf 68' lang='lat' dir='ltr'>MCCCLXIX,</span> <span class='ocrx_word' id='word_1_27' title='bbox 918 515 942 536; x_wconf 75' lang='lat' dir='ltr'>v</span> <span class='ocrx_word' id='word_1_28' title='bbox 966 500 1044 538; x_wconf 84' lang='lat' dir='ltr'>kal.</span> <span class='ocrx_word' id='word_1_29' title='bbox 1072 500 1249 537; x_wconf 80' lang='lat' dir='ltr'>octobris</span> <span class='ocrx_word' id='word_1_30' title='bbox 1285 499 1347 549; x_wconf 77' lang='lat'>[27</span> <span class='ocrx_word' id='word_1_31' title='bbox 1372 500 1636 549; x_wconf 61' lang='lat' dir='ltr'>septembre]</span> <span class='ocrx_word' id='word_1_32' title='bbox 1671 500 1806 547; x_wconf 83' lang='lat' dir='ltr'>Quan-</span> 
     </span>
     <span class='ocr_line' id='line_1_5' title="bbox 114 557 1806 608; baseline -0.001 -12"><span class='ocrx_word' id='word_1_33' title='bbox 114 573 239 608; x_wconf 84' lang='lat' dir='ltr'>quam</span> <span class='ocrx_word' id='word_1_34' title='bbox 261 559 381 596; x_wconf 80' lang='lat' dir='ltr'>isthic</span> <span class='ocrx_word' id='word_1_35' title='bbox 405 567 465 596; x_wconf 86' lang='lat' dir='ltr'>est</span> <span class='ocrx_word' id='word_1_36' title='bbox 488 558 625 607; x_wconf 78' lang='lat' dir='ltr'>aliqua</span> <span class='ocrx_word' id='word_1_37' title='bbox 650 557 881 596; x_wconf 84' lang='lat' dir='ltr'>dillicultas.</span> <span class='ocrx_word' id='word_1_38' title='bbox 910 558 1014 595; x_wconf 86' lang='lat' dir='ltr'>Nam</span> <span class='ocrx_word' id='word_1_39' title='bbox 1037 559 1078 595; x_wconf 91' lang='lat' dir='ltr'>in</span> <span class='ocrx_word' id='word_1_40' title='bbox 1102 559 1229 596; x_wconf 77' lang='lat' dir='ltr'>veteri</span> <span class='ocrx_word' id='word_1_41' title='bbox 1253 559 1389 597; x_wconf 88' lang='lat' dir='ltr'>codice</span> <span class='ocrx_word' id='word_1_42' title='bbox 1414 573 1486 597; x_wconf 89' lang='lat' dir='ltr'>ms.</span> <span class='ocrx_word' id='word_1_43' title='bbox 1510 559 1551 597; x_wconf 93' lang='lat' dir='ltr'>in</span> <span class='ocrx_word' id='word_1_44' title='bbox 1575 573 1655 607; x_wconf 71' lang='lat' dir='ltr'>quo</span> <span class='ocrx_word' id='word_1_45' title='bbox 1679 558 1806 596; x_wconf 87' lang='lat' dir='ltr'>conti-</span> 
     </span>
     <span class='ocr_line' id='line_1_6' title="bbox 114 616 1809 666; baseline -0.002 -10"><span class='ocrx_word' id='word_1_46' title='bbox 114 626 264 656; x_wconf 88' lang='lat' dir='ltr'>nentur</span> <span class='ocrx_word' id='word_1_47' title='bbox 284 617 584 666; x_wconf 69' lang='lat' dir='ltr'>Recognitiones·</span> <span class='ocrx_word' id='word_1_48' title='bbox 602 617 810 665; x_wconf 73' lang='lat' dir='ltr'>feudorum</span> <span class='ocrx_word' id='word_1_49' title='bbox 830 617 1027 654; x_wconf 57' lang='lat' dir='ltr'>reverendi</span> <span class='ocrx_word' id='word_1_50' title='bbox 1048 617 1090 653; x_wconf 82' lang='lat' dir='ltr'>in</span> <span class='ocrx_word' id='word_1_51' title='bbox 1111 617 1265 654; x_wconf 59' lang='lat' dir='ltr'>Christo</span> <span class='ocrx_word' id='word_1_52' title='bbox 1286 618 1412 666; x_wconf 79' lang='lat' dir='ltr'>patris</span> <span class='ocrx_word' id='word_1_53' title='bbox 1431 626 1465 655; x_wconf 84' lang='lat' dir='ltr'>et</span> <span class='ocrx_word' id='word_1_54' title='bbox 1484 618 1636 655; x_wconf 72' lang='lat' dir='ltr'>domini</span> <span class='ocrx_word' id='word_1_55' title='bbox 1656 616 1809 654; x_wconf 80' lang='lat' dir='ltr'>domini</span> 
     </span>
     <span class='ocr_line' id='line_1_7' title="bbox 114 675 1808 725; baseline -0.001 -11"><span class='ocrx_word' id='word_1_56' title='bbox 114 677 235 724; x_wconf 78' lang='lat' dir='ltr'>Petri,</span> <span class='ocrx_word' id='word_1_57' title='bbox 259 677 397 714; x_wconf 70' lang='lat' dir='ltr'>divina</span> <span class='ocrx_word' id='word_1_58' title='bbox 418 676 667 713; x_wconf 74' lang='lat' dir='ltr'>miseratione</span> <span class='ocrx_word' id='word_1_59' title='bbox 690 675 985 713; x_wconf 74' lang='lat' dir='ltr'>Montisalbani</span> <span class='ocrx_word' id='word_1_60' title='bbox 1006 676 1195 725; x_wconf 76' lang='lat' dir='ltr'>episcopi.</span> <span class='ocrx_word' id='word_1_61' title='bbox 1219 675 1466 714; x_wconf 80' lang='lat' dir='ltr'>adnotatum</span> <span class='ocrx_word' id='word_1_62' title='bbox 1489 685 1549 714; x_wconf 87' lang='lat' dir='ltr'>est</span> <span class='ocrx_word' id='word_1_63' title='bbox 1571 690 1663 714; x_wconf 85' lang='lat' dir='ltr'>curn</span> <span class='ocrx_word' id='word_1_64' title='bbox 1688 676 1808 714; x_wconf 88' lang='lat' dir='ltr'>fuisse</span> 
     </span>
     <span class='ocr_line' id='line_1_8' title="bbox 115 734 1808 785; baseline -0.002 -11"><span class='ocrx_word' id='word_1_65' title='bbox 115 736 353 785; x_wconf 84' lang='lat' dir='ltr'>episcopum</span> <span class='ocrx_word' id='word_1_66' title='bbox 376 735 670 772; x_wconf 86' lang='lat' dir='ltr'>Montisalbani</span> <span class='ocrx_word' id='word_1_67' title='bbox 692 748 799 771; x_wconf 87' lang='lat' dir='ltr'>anno</span> <span class='ocrx_word' id='word_1_68' title='bbox 823 734 1118 781; x_wconf 72' lang='lat' dir='ltr'>MCCCLXIX,</span> <span class='ocrx_word' id='word_1_69' title='bbox 1143 735 1205 773; x_wconf 85' lang='lat' dir='ltr'>die</span> <span class='ocrx_word' id='word_1_70' title='bbox 1229 749 1284 771; x_wconf 81' lang='lat' dir='ltr'>xv</span> <span class='ocrx_word' id='word_1_71' title='bbox 1308 736 1455 773; x_wconf 77' lang='lat' dir='ltr'>mensis</span> <span class='ocrx_word' id='word_1_72' title='bbox 1479 736 1587 773; x_wconf 84' lang='lat' dir='ltr'>maii.</span> <span class='ocrx_word' id='word_1_73' title='bbox 1614 736 1736 773; x_wconf 78' lang='lat' dir='ltr'>Porro</span> <span class='ocrx_word' id='word_1_74' title='bbox 1760 734 1808 772; x_wconf 87' lang='lat' dir='ltr'>dc</span> 
     </span>
     <span class='ocr_line' id='line_1_9' title="bbox 114 792 1807 843; baseline -0.001 -11"><span class='ocrx_word' id='word_1_75' title='bbox 114 795 194 832; x_wconf 78' lang='lat' dir='ltr'>isto</span> <span class='ocrx_word' id='word_1_76' title='bbox 213 795 333 833; x_wconf 79' lang='lat' dir='ltr'>Petro</span> <span class='ocrx_word' id='word_1_77' title='bbox 351 795 406 832; x_wconf 88' lang='lat' dir='ltr'>sic</span> <span class='ocrx_word' id='word_1_78' title='bbox 423 794 622 843; x_wconf 81' lang='lat' dir='ltr'>scriptum</span> <span class='ocrx_word' id='word_1_79' title='bbox 641 793 724 830; x_wconf 80' lang='lat' dir='ltr'>vidi</span> <span class='ocrx_word' id='word_1_80' title='bbox 741 794 781 830; x_wconf 88' lang='lat' dir='ltr'>in</span> <span class='ocrx_word' id='word_1_81' title='bbox 801 792 1032 841; x_wconf 71' lang='lat' dir='ltr'>Necrologio</span> <span class='ocrx_word' id='word_1_82' title='bbox 1049 794 1249 842; x_wconf 73' lang='lat' dir='ltr'>prioratus</span> <span class='ocrx_word' id='word_1_83' title='bbox 1266 794 1309 830; x_wconf 79' lang='lat' dir='ltr'>de</span> <span class='ocrx_word' id='word_1_84' title='bbox 1329 793 1560 842; x_wconf 73' lang='lat' dir='ltr'>Longcwilla</span> <span class='ocrx_word' id='word_1_85' title='bbox 1577 795 1617 832; x_wconf 89' lang='lat' dir='ltr'>in</span> <span class='ocrx_word' id='word_1_86' title='bbox 1636 794 1807 832; x_wconf 85' lang='lat' dir='ltr'>dioecesi</span> 
     </span>
     <span class='ocr_line' id='line_1_10' title="bbox 119 852 1810 902; baseline -0.001 -12"><span class='ocrx_word' id='word_1_87' title='bbox 119 853 440 902; x_wconf 80' lang='lat' dir='ltr'>Rothomagensi</span> <span class='ocrx_word' id='word_1_88' title='bbox 458 853 509 890; x_wconf 85' lang='lat' dir='ltr'>ad</span> <span class='ocrx_word' id='word_1_89' title='bbox 533 853 640 891; x_wconf 89' lang='lat' dir='ltr'>diem</span> <span class='ocrx_word' id='word_1_90' title='bbox 660 867 714 888; x_wconf 81' lang='lat' dir='ltr'>xv</span> <span class='ocrx_word' id='word_1_91' title='bbox 734 853 811 890; x_wconf 78' lang='lat' dir='ltr'>kal.</span> <span class='ocrx_word' id='word_1_92' title='bbox 830 852 1007 901; x_wconf 86' lang='lat' dir='ltr'>januarii</span> <span class='ocrx_word' id='word_1_93' title='bbox 1028 868 1034 888; x_wconf 92' lang='lat'>:</span> <span class='ocrx_word' id='word_1_94' title='bbox 1054 852 1235 900; x_wconf 78' lang='lat' dir='ltr'>Officium</span> <span class='ocrx_word' id='word_1_95' title='bbox 1254 852 1323 900; x_wconf 80' lang='lat' dir='ltr'>fiat</span> <span class='ocrx_word' id='word_1_96' title='bbox 1340 853 1379 889; x_wconf 81' lang='lat' dir='ltr'>in</span> <span class='ocrx_word' id='word_1_97' title='bbox 1407 853 1547 901; x_wconf 78' lang='lat' dir='ltr'>cappis</span> <span class='ocrx_word' id='word_1_98' title='bbox 1565 868 1634 902; x_wconf 83' lang='lat' dir='ltr'>pro</span> <span class='ocrx_word' id='word_1_99' title='bbox 1651 853 1810 890; x_wconf 79' lang='lat' dir='ltr'>domino</span> 
     </span>
     <span class='ocr_line' id='line_1_11' title="bbox 116 911 1809 960; baseline -0.001 -10"><span class='ocrx_word' id='word_1_100' title='bbox 116 913 230 950; x_wconf 81' lang='lat' dir='ltr'>Petro</span> <span class='ocrx_word' id='word_1_101' title='bbox 247 913 291 950; x_wconf 81' lang='lat' dir='ltr'>(le</span> <span class='ocrx_word' id='word_1_102' title='bbox 308 912 503 959; x_wconf 76' lang='lat' dir='ltr'>Chalesio,</span> <span class='ocrx_word' id='word_1_103' title='bbox 522 912 687 949; x_wconf 79' lang='lat' dir='ltr'>condam</span> <span class='ocrx_word' id='word_1_104' title='bbox 705 911 1001 949; x_wconf 50' lang='lat' dir='ltr'>illontisalbani</span> <span class='ocrx_word' id='word_1_105' title='bbox 1018 912 1213 960; x_wconf 64' lang='lat' dir='ltr'>episcopo9</span> <span class='ocrx_word' id='word_1_106' title='bbox 1232 920 1266 948; x_wconf 80' lang='lat' dir='ltr'>et</span> <span class='ocrx_word' id='word_1_107' title='bbox 1281 926 1351 960; x_wconf 86' lang='lat' dir='ltr'>pro</span> <span class='ocrx_word' id='word_1_108' title='bbox 1378 913 1498 960; x_wconf 73' lang='lat' dir='ltr'>fratre</span> <span class='ocrx_word' id='word_1_109' title='bbox 1517 912 1635 949; x_wconf 81' lang='lat' dir='ltr'>Helia</span> <span class='ocrx_word' id='word_1_110' title='bbox 1655 911 1809 959; x_wconf 81' lang='lat' dir='ltr'>Jacobi,</span> 
     </span>
     <span class='ocr_line' id='line_1_12' title="bbox 117 970 1812 1021; baseline -0.001 -12"><span class='ocrx_word' id='word_1_111' title='bbox 117 972 313 1021; x_wconf 78' lang='lat' dir='ltr'>quondam</span> <span class='ocrx_word' id='word_1_112' title='bbox 334 972 465 1020; x_wconf 77' lang='lat' dir='ltr'>priore</span> <span class='ocrx_word' id='word_1_113' title='bbox 485 971 606 1020; x_wconf 77' lang='lat' dir='ltr'>hujus</span> <span class='ocrx_word' id='word_1_114' title='bbox 626 971 713 1015; x_wconf 67' lang='lat' dir='ltr'>loci,</span> <span class='ocrx_word' id='word_1_115' title='bbox 731 979 865 1019; x_wconf 79' lang='lat' dir='ltr'>nepote</span> <span class='ocrx_word' id='word_1_116' title='bbox 884 970 978 1007; x_wconf 83' lang='lat' dir='ltr'>dicti</span> <span class='ocrx_word' id='word_1_117' title='bbox 1000 970 1153 1007; x_wconf 75' lang='lat' dir='ltr'>domini</span> <span class='ocrx_word' id='word_1_118' title='bbox 1174 970 1351 1019; x_wconf 75' lang='lat' dir='ltr'>episcopi</span> <span class='ocrx_word' id='word_1_119' title='bbox 1369 970 1676 1009; x_wconf 55' lang='lat' dir='ltr'>illontisalbani.</span> <span class='ocrx_word' id='word_1_120' title='bbox 1698 970 1812 1008; x_wconf 80' lang='lat' dir='ltr'>Obiit</span> 
     </span>
     <span class='ocr_line' id='line_1_13' title="bbox 117 1028 1810 1078; baseline -0.001 -10"><span class='ocrx_word' id='word_1_121' title='bbox 117 1038 257 1069; x_wconf 89' lang='lat' dir='ltr'>autem</span> <span class='ocrx_word' id='word_1_122' title='bbox 278 1031 416 1069; x_wconf 88' lang='lat' dir='ltr'>Helias</span> <span class='ocrx_word' id='word_1_123' title='bbox 435 1043 543 1067; x_wconf 86' lang='lat' dir='ltr'>anno</span> <span class='ocrx_word' id='word_1_124' title='bbox 562 1029 845 1067; x_wconf 78' lang='lat' dir='ltr'>MCCCXCIII</span> <span class='ocrx_word' id='word_1_125' title='bbox 876 1028 941 1078; x_wconf 69' lang='lat'>[18</span> <span class='ocrx_word' id='word_1_126' title='bbox 960 1028 1198 1078; x_wconf 72' lang='lat' dir='ltr'>decembre]</span> <span class='ocrx_word' id='word_1_127' title='bbox 1218 1037 1263 1066; x_wconf 91' lang='lat' dir='ltr'>ut</span> <span class='ocrx_word' id='word_1_128' title='bbox 1282 1030 1430 1078; x_wconf 76' lang='lat' dir='ltr'>legitur</span> <span class='ocrx_word' id='word_1_129' title='bbox 1448 1030 1487 1067; x_wconf 94' lang='lat' dir='ltr'>in</span> <span class='ocrx_word' id='word_1_130' title='bbox 1506 1030 1649 1068; x_wconf 90' lang='lat' dir='ltr'>eodem</span> <span class='ocrx_word' id='word_1_131' title='bbox 1669 1029 1810 1067; x_wconf 84' lang='lat' dir='ltr'>Necro-</span> 
     </span>
     <span class='ocr_line' id='line_1_14' title="bbox 118 1088 1811 1139; baseline -0.001 -12"><span class='ocrx_word' id='word_1_132' title='bbox 118 1090 239 1139; x_wconf 76' lang='lat' dir='ltr'>logio3</span> <span class='ocrx_word' id='word_1_133' title='bbox 268 1090 310 1127; x_wconf 90' lang='lat' dir='ltr'>in</span> <span class='ocrx_word' id='word_1_134' title='bbox 338 1104 418 1139; x_wconf 88' lang='lat' dir='ltr'>quo</span> <span class='ocrx_word' id='word_1_135' title='bbox 447 1089 696 1127; x_wconf 90' lang='lat' dir='ltr'>adnotatum</span> <span class='ocrx_word' id='word_1_136' title='bbox 725 1096 786 1126; x_wconf 89' lang='lat' dir='ltr'>est</span> <span class='ocrx_word' id='word_1_137' title='bbox 815 1102 907 1126; x_wconf 90' lang='lat' dir='ltr'>cum</span> <span class='ocrx_word' id='word_1_138' title='bbox 935 1088 1158 1137; x_wconf 81' lang='lat' dir='ltr'>praefuisse</span> <span class='ocrx_word' id='word_1_139' title='bbox 1187 1088 1280 1125; x_wconf 91' lang='lat' dir='ltr'>huic</span> <span class='ocrx_word' id='word_1_140' title='bbox 1309 1089 1557 1126; x_wconf 87' lang='lat' dir='ltr'>monasterio</span> <span class='ocrx_word' id='word_1_141' title='bbox 1586 1103 1657 1138; x_wconf 89' lang='lat' dir='ltr'>per</span> <span class='ocrx_word' id='word_1_142' title='bbox 1684 1102 1811 1126; x_wconf 91' lang='lat' dir='ltr'>annos</span> 
     </span>
     <span class='ocr_line' id='line_1_15' title="bbox 119 1147 1813 1198; baseline -0.001 -12"><span class='ocrx_word' id='word_1_143' title='bbox 119 1163 236 1197; x_wconf 79' lang='lat' dir='ltr'>xxv1,</span> <span class='ocrx_word' id='word_1_144' title='bbox 255 1157 296 1187; x_wconf 92' lang='lat' dir='ltr'>et</span> <span class='ocrx_word' id='word_1_145' title='bbox 313 1157 456 1198; x_wconf 88' lang='lat' dir='ltr'>postea</span> <span class='ocrx_word' id='word_1_146' title='bbox 474 1149 632 1186; x_wconf 90' lang='lat' dir='ltr'>factum</span> <span class='ocrx_word' id='word_1_147' title='bbox 651 1148 772 1185; x_wconf 86' lang='lat' dir='ltr'>fuisse</span> <span class='ocrx_word' id='word_1_148' title='bbox 790 1147 987 1186; x_wconf 76' lang='lat' dir='ltr'>abbatem</span> <span class='ocrx_word' id='word_1_149' title='bbox 1006 1147 1270 1185; x_wconf 75' lang='lat' dir='ltr'>Montisolivi.</span> <span class='ocrx_word' id='word_1_150' title='bbox 1293 1147 1364 1185; x_wconf 91' lang='lat' dir='ltr'>His</span> <span class='ocrx_word' id='word_1_151' title='bbox 1382 1147 1440 1184; x_wconf 88' lang='lat' dir='ltr'>ita</span> <span class='ocrx_word' id='word_1_152' title='bbox 1458 1161 1528 1197; x_wconf 90' lang='lat' dir='ltr'>per</span> <span class='ocrx_word' id='word_1_153' title='bbox 1545 1155 1813 1185; x_wconf 79' lang='lat' dir='ltr'>transennam</span> 
     </span>
     <span class='ocr_line' id='line_1_16' title="bbox 119 1206 1231 1255; baseline -0.002 -9"><span class='ocrx_word' id='word_1_154' title='bbox 119 1208 331 1255; x_wconf 83' lang='lat' dir='ltr'>enarratis,</span> <span class='ocrx_word' id='word_1_155' title='bbox 361 1208 574 1246; x_wconf 88' lang='lat' dir='ltr'>redeamus</span> <span class='ocrx_word' id='word_1_156' title='bbox 603 1207 654 1244; x_wconf 89' lang='lat' dir='ltr'>ad</span> <span class='ocrx_word' id='word_1_157' title='bbox 684 1207 912 1244; x_wconf 79' lang='lat' dir='ltr'>Arnaldum</span> <span class='ocrx_word' id='word_1_158' title='bbox 941 1206 1231 1255; x_wconf 80' lang='lat' dir='ltr'>patriarcham.</span> 
     </span>
    </p>

    <p class='ocr_par' dir='ltr' id='par_1_3' title="bbox 120 1265 1822 2250">
     <span class='ocr_line' id='line_1_17' title="bbox 173 1265 1814 1315; baseline -0.001 -11"><span class='ocrx_word' id='word_1_159' title='bbox 173 1268 331 1306; x_wconf 90' lang='lat' dir='ltr'>Primus</span> <span class='ocrx_word' id='word_1_160' title='bbox 367 1266 550 1305; x_wconf 89' lang='lat' dir='ltr'>omnium</span> <span class='ocrx_word' id='word_1_161' title='bbox 586 1266 822 1315; x_wconf 81' lang='lat' dir='ltr'>Onuphrius</span> <span class='ocrx_word' id='word_1_162' title='bbox 859 1265 1082 1302; x_wconf 75' lang='lat' dir='ltr'>Panvinius</span> <span class='ocrx_word' id='word_1_163' title='bbox 1117 1265 1278 1314; x_wconf 86' lang='lat' dir='ltr'>scripsit</span> <span class='ocrx_word' id='word_1_164' title='bbox 1312 1265 1426 1303; x_wconf 89' lang='lat' dir='ltr'>illum</span> <span class='ocrx_word' id='word_1_165' title='bbox 1462 1265 1583 1303; x_wconf 86' lang='lat' dir='ltr'>fuisse</span> <span class='ocrx_word' id='word_1_166' title='bbox 1618 1273 1814 1303; x_wconf 81' lang='lat' dir='ltr'>vocatum</span> 
     </span>
     <span class='ocr_line' id='line_1_18' title="bbox 120 1324 1815 1374; baseline -0.001 -11"><span class='ocrx_word' id='word_1_167' title='bbox 120 1326 348 1365; x_wconf 88' lang='lat' dir='ltr'>Arnaldum</span> <span class='ocrx_word' id='word_1_168' title='bbox 368 1326 565 1364; x_wconf 88' lang='lat' dir='ltr'>Bernardi</span> <span class='ocrx_word' id='word_1_169' title='bbox 588 1325 636 1363; x_wconf 88' lang='lat' dir='ltr'>de</span> <span class='ocrx_word' id='word_1_170' title='bbox 660 1325 948 1374; x_wconf 88' lang='lat' dir='ltr'>Montemajori</span> <span class='ocrx_word' id='word_1_171' title='bbox 971 1332 1011 1362; x_wconf 90' lang='lat' dir='ltr'>et</span> <span class='ocrx_word' id='word_1_172' title='bbox 1033 1324 1386 1373; x_wconf 87' lang='lat' dir='ltr'>archiepiscopum</span> <span class='ocrx_word' id='word_1_173' title='bbox 1408 1324 1679 1361; x_wconf 82' lang='lat' dir='ltr'>Auscitanum</span> <span class='ocrx_word' id='word_1_174' title='bbox 1702 1338 1815 1362; x_wconf 90' lang='lat' dir='ltr'>sanc-</span> 
     </span>
     <span class='ocr_line' id='line_1_19' title="bbox 121 1383 1814 1435; baseline -0.001 -13"><span class='ocrx_word' id='word_1_175' title='bbox 121 1393 270 1435; x_wconf 89' lang='lat' dir='ltr'>taeque</span> <span class='ocrx_word' id='word_1_176' title='bbox 309 1385 520 1423; x_wconf 86' lang='lat' dir='ltr'>Romanae</span> <span class='ocrx_word' id='word_1_177' title='bbox 560 1385 763 1422; x_wconf 85' lang='lat' dir='ltr'>Ecclesiae</span> <span class='ocrx_word' id='word_1_178' title='bbox 801 1383 1070 1422; x_wconf 86' lang='lat' dir='ltr'>camerarium</span> <span class='ocrx_word' id='word_1_179' title='bbox 1099 1383 1235 1421; x_wconf 81' lang='lat' dir='ltr'>fuisse.</span> <span class='ocrx_word' id='word_1_180' title='bbox 1274 1383 1639 1432; x_wconf 83' lang='lat' dir='ltr'>Archiepiscopum</span> <span class='ocrx_word' id='word_1_181' title='bbox 1675 1383 1814 1421; x_wconf 75' lang='lat' dir='ltr'>Ausci-</span> 
     </span>
     <span class='ocr_line' id='line_1_20' title="bbox 121 1441 1815 1491; baseline -0.001 -9"><span class='ocrx_word' id='word_1_182' title='bbox 121 1453 269 1483; x_wconf 89' lang='lat' dir='ltr'>tanum</span> <span class='ocrx_word' id='word_1_183' title='bbox 282 1459 363 1482; x_wconf 91' lang='lat' dir='ltr'>non</span> <span class='ocrx_word' id='word_1_184' title='bbox 377 1444 499 1482; x_wconf 88' lang='lat' dir='ltr'>fuisse</span> <span class='ocrx_word' id='word_1_185' title='bbox 512 1452 620 1482; x_wconf 87' lang='lat' dir='ltr'>recte</span> <span class='ocrx_word' id='word_1_186' title='bbox 635 1441 797 1481; x_wconf 83' lang='lat' dir='ltr'>monuit</span> <span class='ocrx_word' id='word_1_187' title='bbox 812 1443 1025 1489; x_wconf 80' lang='lat' dir='ltr'>Oldoinus,</span> <span class='ocrx_word' id='word_1_188' title='bbox 1040 1456 1132 1481; x_wconf 89' lang='lat' dir='ltr'>cum</span> <span class='ocrx_word' id='word_1_189' title='bbox 1145 1456 1189 1480; x_wconf 89' lang='lat' dir='ltr'>ea</span> <span class='ocrx_word' id='word_1_190' title='bbox 1206 1450 1455 1491; x_wconf 81' lang='lat' dir='ltr'>tempestate</span> <span class='ocrx_word' id='word_1_191' title='bbox 1470 1442 1573 1479; x_wconf 87' lang='lat' dir='ltr'>hanc</span> <span class='ocrx_word' id='word_1_192' title='bbox 1593 1442 1815 1480; x_wconf 73' lang='lat' dir='ltr'>Ecclesiam</span> 
     </span>
     <span class='ocr_line' id='line_1_21' title="bbox 120 1501 1816 1552; baseline -0.002 -11"><span class='ocrx_word' id='word_1_193' title='bbox 120 1504 271 1541; x_wconf 89' lang='lat' dir='ltr'>rexisse</span> <span class='ocrx_word' id='word_1_194' title='bbox 303 1504 531 1552; x_wconf 85' lang='lat' dir='ltr'>reperiatur</span> <span class='ocrx_word' id='word_1_195' title='bbox 563 1502 767 1540; x_wconf 75' lang='lat' dir='ltr'>Arnaldus</span> <span class='ocrx_word' id='word_1_196' title='bbox 803 1502 975 1549; x_wconf 80' lang='lat' dir='ltr'>Alberti⁷</span> <span class='ocrx_word' id='word_1_197' title='bbox 1007 1502 1116 1539; x_wconf 87' lang='lat' dir='ltr'>idem</span> <span class='ocrx_word' id='word_1_198' title='bbox 1150 1501 1187 1539; x_wconf 85' lang='lat' dir='ltr'>S.</span> <span class='ocrx_word' id='word_1_199' title='bbox 1226 1501 1272 1539; x_wconf 82' lang='lat' dir='ltr'>R.</span> <span class='ocrx_word' id='word_1_200' title='bbox 1310 1501 1352 1539; x_wconf 87' lang='lat' dir='ltr'>E.</span> <span class='ocrx_word' id='word_1_201' title='bbox 1389 1501 1648 1539; x_wconf 87' lang='lat' dir='ltr'>camerarius.</span> <span class='ocrx_word' id='word_1_202' title='bbox 1684 1501 1816 1548; x_wconf 84' lang='lat' dir='ltr'>Quare</span> 
     </span>
     <span class='ocr_line' id='line_1_22' title="bbox 123 1559 1816 1611; baseline -0.003 -10"><span class='ocrx_word' id='word_1_203' title='bbox 123 1562 370 1602; x_wconf 72' lang='lat' dir='ltr'>emendandi</span> <span class='ocrx_word' id='word_1_204' title='bbox 394 1570 490 1599; x_wconf 89' lang='lat' dir='ltr'>sunt</span> <span class='ocrx_word' id='word_1_205' title='bbox 505 1562 574 1611; x_wconf 85' lang='lat' dir='ltr'>qui</span> <span class='ocrx_word' id='word_1_206' title='bbox 589 1562 694 1600; x_wconf 92' lang='lat' dir='ltr'>hanc</span> <span class='ocrx_word' id='word_1_207' title='bbox 710 1561 956 1611; x_wconf 77' lang='lat' dir='ltr'>dignitatem</span> <span class='ocrx_word' id='word_1_208' title='bbox 971 1560 1160 1598; x_wconf 86' lang='lat' dir='ltr'>tribuunt</span> <span class='ocrx_word' id='word_1_209' title='bbox 1178 1560 1358 1598; x_wconf 80' lang='lat' dir='ltr'>Arnaldo</span> <span class='ocrx_word' id='word_1_210' title='bbox 1368 1559 1627 1609; x_wconf 88' lang='lat' dir='ltr'>patriarchae</span> <span class='ocrx_word' id='word_1_211' title='bbox 1642 1560 1816 1598; x_wconf 80' lang='lat' dir='ltr'>Alexan-</span> 
     </span>
     <span class='ocr_line' id='line_1_23' title="bbox 124 1619 1817 1670; baseline -0.002 -11"><span class='ocrx_word' id='word_1_212' title='bbox 124 1622 252 1660; x_wconf 88' lang='lat' dir='ltr'>drino.</span> <span class='ocrx_word' id='word_1_213' title='bbox 272 1621 529 1660; x_wconf 70' lang='lat' dir='ltr'>Vocabulum</span> <span class='ocrx_word' id='word_1_214' title='bbox 545 1636 665 1670; x_wconf 90' lang='lat' dir='ltr'>porro</span> <span class='ocrx_word' id='word_1_215' title='bbox 683 1621 730 1658; x_wconf 88' lang='lat' dir='ltr'>de</span> <span class='ocrx_word' id='word_1_216' title='bbox 749 1620 1037 1669; x_wconf 76' lang='lat' dir='ltr'>Montemajori</span> <span class='ocrx_word' id='word_1_217' title='bbox 1054 1620 1110 1657; x_wconf 88' lang='lat' dir='ltr'>illi</span> <span class='ocrx_word' id='word_1_218' title='bbox 1126 1619 1332 1657; x_wconf 87' lang='lat' dir='ltr'>tributum</span> <span class='ocrx_word' id='word_1_219' title='bbox 1348 1627 1410 1657; x_wconf 89' lang='lat' dir='ltr'>est</span> <span class='ocrx_word' id='word_1_220' title='bbox 1425 1633 1496 1668; x_wconf 87' lang='lat' dir='ltr'>per</span> <span class='ocrx_word' id='word_1_221' title='bbox 1512 1633 1687 1657; x_wconf 88' lang='lat' dir='ltr'>errorem</span> <span class='ocrx_word' id='word_1_222' title='bbox 1703 1619 1754 1656; x_wconf 86' lang='lat' dir='ltr'>ab</span> <span class='ocrx_word' id='word_1_223' title='bbox 1770 1619 1817 1657; x_wconf 92' lang='lat' dir='ltr'>iis</span> 
     </span>
     <span class='ocr_line' id='line_1_24' title="bbox 124 1678 1818 1730; baseline -0.002 -12"><span class='ocrx_word' id='word_1_224' title='bbox 124 1681 193 1730; x_wconf 88' lang='lat' dir='ltr'>qui</span> <span class='ocrx_word' id='word_1_225' title='bbox 225 1689 428 1718; x_wconf 86' lang='lat' dir='ltr'>noverant</span> <span class='ocrx_word' id='word_1_226' title='bbox 459 1680 655 1718; x_wconf 85' lang='lat' dir='ltr'>abbatem</span> <span class='ocrx_word' id='word_1_227' title='bbox 689 1679 1010 1728; x_wconf 82' lang='lat' dir='ltr'>Montismajoris</span> <span class='ocrx_word' id='word_1_228' title='bbox 1044 1679 1166 1717; x_wconf 88' lang='lat' dir='ltr'>fuisse</span> <span class='ocrx_word' id='word_1_229' title='bbox 1200 1679 1356 1716; x_wconf 86' lang='lat' dir='ltr'>factum</span> <span class='ocrx_word' id='word_1_230' title='bbox 1390 1678 1638 1716; x_wconf 87' lang='lat' dir='ltr'>cardinalem</span> <span class='ocrx_word' id='word_1_231' title='bbox 1670 1678 1710 1715; x_wconf 90' lang='lat' dir='ltr'>in</span> <span class='ocrx_word' id='word_1_232' title='bbox 1742 1678 1818 1715; x_wconf 89' lang='lat' dir='ltr'>hac</span> 
     </span>
     <span class='ocr_line' id='line_1_25' title="bbox 122 1737 1819 1790; baseline -0.002 -13"><span class='ocrx_word' id='word_1_233' title='bbox 122 1740 211 1790; x_wconf 88' lang='lat' dir='ltr'>ipsa</span> <span class='ocrx_word' id='word_1_234' title='bbox 244 1747 567 1790; x_wconf 87' lang='lat' dir='ltr'>purpuratorum</span> <span class='ocrx_word' id='word_1_235' title='bbox 600 1739 871 1788; x_wconf 85' lang='lat' dir='ltr'>promotione.</span> <span class='ocrx_word' id='word_1_236' title='bbox 910 1739 1060 1776; x_wconf 85' lang='lat' dir='ltr'>Errant</span> <span class='ocrx_word' id='word_1_237' title='bbox 1093 1745 1233 1776; x_wconf 86' lang='lat' dir='ltr'>autem</span> <span class='ocrx_word' id='word_1_238' title='bbox 1267 1737 1531 1775; x_wconf 88' lang='lat' dir='ltr'>vehementer</span> <span class='ocrx_word' id='word_1_239' title='bbox 1565 1737 1633 1786; x_wconf 89' lang='lat' dir='ltr'>qui</span> <span class='ocrx_word' id='word_1_240' title='bbox 1667 1744 1819 1786; x_wconf 84' lang='lat' dir='ltr'>putant</span> 
     </span>
     <span class='ocr_line' id='line_1_26' title="bbox 122 1796 1818 1845; baseline -0.002 -9"><span class='ocrx_word' id='word_1_241' title='bbox 122 1799 238 1836; x_wconf 86' lang='lat' dir='ltr'>illum</span> <span class='ocrx_word' id='word_1_242' title='bbox 264 1799 497 1837; x_wconf 87' lang='lat' dir='ltr'>interfuisse</span> <span class='ocrx_word' id='word_1_243' title='bbox 526 1798 679 1836; x_wconf 88' lang='lat' dir='ltr'>solenni</span> <span class='ocrx_word' id='word_1_244' title='bbox 709 1798 957 1836; x_wconf 89' lang='lat' dir='ltr'>Graecorum</span> <span class='ocrx_word' id='word_1_245' title='bbox 985 1797 1215 1835; x_wconf 87' lang='lat' dir='ltr'>schismatis</span> <span class='ocrx_word' id='word_1_246' title='bbox 1245 1797 1463 1845; x_wconf 88' lang='lat' dir='ltr'>ejurationi</span> <span class='ocrx_word' id='word_1_247' title='bbox 1491 1797 1532 1834; x_wconf 91' lang='lat' dir='ltr'>in</span> <span class='ocrx_word' id='word_1_248' title='bbox 1560 1796 1657 1833; x_wconf 88' lang='lat' dir='ltr'>urbe</span> <span class='ocrx_word' id='word_1_249' title='bbox 1688 1796 1818 1834; x_wconf 78' lang='lat' dir='ltr'>Roma</span> 
     </span>
     <span class='ocr_line' id='line_1_27' title="bbox 125 1855 1819 1907; baseline -0.002 -11"><span class='ocrx_word' id='word_1_250' title='bbox 125 1858 259 1896; x_wconf 88' lang='lat' dir='ltr'>factae</span> <span class='ocrx_word' id='word_1_251' title='bbox 297 1872 319 1895; x_wconf 89' lang='lat' dir='ltr'>a</span> <span class='ocrx_word' id='word_1_252' title='bbox 358 1858 518 1895; x_wconf 83' lang='lat' dir='ltr'>Joanne</span> <span class='ocrx_word' id='word_1_253' title='bbox 545 1857 788 1907; x_wconf 81' lang='lat' dir='ltr'>Palaeologo</span> <span class='ocrx_word' id='word_1_254' title='bbox 826 1857 1087 1906; x_wconf 81' lang='lat' dir='ltr'>imperatore,</span> <span class='ocrx_word' id='word_1_255' title='bbox 1116 1869 1208 1894; x_wconf 89' lang='lat' dir='ltr'>cum</span> <span class='ocrx_word' id='word_1_256' title='bbox 1245 1856 1323 1893; x_wconf 87' lang='lat' dir='ltr'>ista</span> <span class='ocrx_word' id='word_1_257' title='bbox 1352 1855 1617 1904; x_wconf 80' lang='lat' dir='ltr'>intelligenda</span> <span class='ocrx_word' id='word_1_258' title='bbox 1656 1869 1819 1904; x_wconf 85' lang='lat' dir='ltr'>quoque</span> 
     </span>
     <span class='ocr_line' id='line_1_28' title="bbox 125 1914 1819 1964; baseline -0.002 -9"><span class='ocrx_word' id='word_1_259' title='bbox 125 1917 207 1955; x_wconf 90' lang='lat' dir='ltr'>sint</span> <span class='ocrx_word' id='word_1_260' title='bbox 228 1917 276 1955; x_wconf 90' lang='lat' dir='ltr'>de</span> <span class='ocrx_word' id='word_1_261' title='bbox 298 1917 441 1955; x_wconf 87' lang='lat' dir='ltr'>codem</span> <span class='ocrx_word' id='word_1_262' title='bbox 462 1917 644 1954; x_wconf 85' lang='lat' dir='ltr'>Arnaldo</span> <span class='ocrx_word' id='word_1_263' title='bbox 666 1916 837 1955; x_wconf 81' lang='lat' dir='ltr'>Alberti.</span> <span class='ocrx_word' id='word_1_264' title='bbox 866 1916 1013 1954; x_wconf 87' lang='lat' dir='ltr'>Itidem</span> <span class='ocrx_word' id='word_1_265' title='bbox 1036 1916 1185 1953; x_wconf 89' lang='lat' dir='ltr'>falsum</span> <span class='ocrx_word' id='word_1_266' title='bbox 1207 1922 1268 1953; x_wconf 84' lang='lat' dir='ltr'>est</span> <span class='ocrx_word' id='word_1_267' title='bbox 1289 1915 1398 1964; x_wconf 87' lang='lat' dir='ltr'>quod</span> <span class='ocrx_word' id='word_1_268' title='bbox 1420 1914 1537 1951; x_wconf 89' lang='lat' dir='ltr'>aiunt</span> <span class='ocrx_word' id='word_1_269' title='bbox 1559 1928 1651 1952; x_wconf 89' lang='lat' dir='ltr'>eum</span> <span class='ocrx_word' id='word_1_270' title='bbox 1674 1914 1819 1952; x_wconf 90' lang='lat' dir='ltr'>obiisse</span> 
     </span>
     <span class='ocr_line' id='line_1_29' title="bbox 126 1973 1818 2025; baseline -0.002 -11"><span class='ocrx_word' id='word_1_271' title='bbox 126 1976 299 2014; x_wconf 79' lang='lat' dir='ltr'>Viterbii</span> <span class='ocrx_word' id='word_1_272' title='bbox 335 1990 384 2014; x_wconf 83' lang='lat' dir='ltr'>ex</span> <span class='ocrx_word' id='word_1_273' title='bbox 418 1983 532 2025; x_wconf 89' lang='lat' dir='ltr'>peste</span> <span class='ocrx_word' id='word_1_274' title='bbox 568 1989 676 2013; x_wconf 86' lang='lat' dir='ltr'>anno</span> <span class='ocrx_word' id='word_1_275' title='bbox 713 1975 1009 2021; x_wconf 83' lang='lat' dir='ltr'>MCCCLXIX,</span> <span class='ocrx_word' id='word_1_276' title='bbox 1047 1982 1087 2013; x_wconf 87' lang='lat' dir='ltr'>et</span> <span class='ocrx_word' id='word_1_277' title='bbox 1122 1975 1327 2024; x_wconf 88' lang='lat' dir='ltr'>sepultum</span> <span class='ocrx_word' id='word_1_278' title='bbox 1366 1973 1475 2023; x_wconf 86' lang='lat' dir='ltr'>apud</span> <span class='ocrx_word' id='word_1_279' title='bbox 1515 1973 1818 2011; x_wconf 78' lang='lat' dir='ltr'>FranciscanOS.</span> 
     </span>
     <span class='ocr_line' id='line_1_30' title="bbox 130 2031 1820 2084; baseline -0.002 -11"><span class='ocrx_word' id='word_1_280' title='bbox 130 2035 245 2073; x_wconf 89' lang='lat' dir='ltr'>Istud</span> <span class='ocrx_word' id='word_1_281' title='bbox 293 2035 401 2073; x_wconf 90' lang='lat' dir='ltr'>enim</span> <span class='ocrx_word' id='word_1_282' title='bbox 445 2035 626 2084; x_wconf 88' lang='lat' dir='ltr'>pertinet</span> <span class='ocrx_word' id='word_1_283' title='bbox 670 2035 720 2072; x_wconf 88' lang='lat' dir='ltr'>ad</span> <span class='ocrx_word' id='word_1_284' title='bbox 770 2035 939 2073; x_wconf 85' lang='lat' dir='ltr'>Petrum</span> <span class='ocrx_word' id='word_1_285' title='bbox 993 2034 1041 2072; x_wconf 92' lang='lat' dir='ltr'>de</span> <span class='ocrx_word' id='word_1_286' title='bbox 1084 2034 1292 2080; x_wconf 85' lang='lat' dir='ltr'>Banhaco,</span> <span class='ocrx_word' id='word_1_287' title='bbox 1337 2033 1535 2071; x_wconf 88' lang='lat' dir='ltr'>abbatem</span> <span class='ocrx_word' id='word_1_288' title='bbox 1582 2031 1820 2070; x_wconf 85' lang='lat' dir='ltr'>Montisma-</span> 
     </span>
     <span class='ocr_line' id='line_1_31' title="bbox 124 2091 1820 2144; baseline -0.002 -12"><span class='ocrx_word' id='word_1_289' title='bbox 124 2095 237 2144; x_wconf 83' lang='lat' dir='ltr'>joris,</span> <span class='ocrx_word' id='word_1_290' title='bbox 270 2108 392 2144; x_wconf 89' lang='lat' dir='ltr'>quem</span> <span class='ocrx_word' id='word_1_291' title='bbox 414 2102 504 2132; x_wconf 91' lang='lat' dir='ltr'>tum</span> <span class='ocrx_word' id='word_1_292' title='bbox 525 2094 606 2131; x_wconf 91' lang='lat' dir='ltr'>illic</span> <span class='ocrx_word' id='word_1_293' title='bbox 629 2093 775 2132; x_wconf 87' lang='lat' dir='ltr'>obiisse</span> <span class='ocrx_word' id='word_1_294' title='bbox 798 2102 962 2131; x_wconf 86' lang='lat' dir='ltr'>constat</span> <span class='ocrx_word' id='word_1_295' title='bbox 995 2102 1035 2131; x_wconf 86' lang='lat' dir='ltr'>et</span> <span class='ocrx_word' id='word_1_296' title='bbox 1068 2101 1280 2131; x_wconf 89' lang='lat' dir='ltr'>mortuum</span> <span class='ocrx_word' id='word_1_297' title='bbox 1313 2092 1547 2141; x_wconf 90' lang='lat' dir='ltr'>depositum</span> <span class='ocrx_word' id='word_1_298' title='bbox 1580 2092 1620 2129; x_wconf 91' lang='lat' dir='ltr'>in</span> <span class='ocrx_word' id='word_1_299' title='bbox 1654 2091 1820 2129; x_wconf 89' lang='lat' dir='ltr'>ecclesia</span> 
     </span>
     <span class='ocr_line' id='line_1_32' title="bbox 127 2150 1822 2202; baseline -0.003 -10"><span class='ocrx_word' id='word_1_300' title='bbox 127 2154 303 2192; x_wconf 85' lang='lat' dir='ltr'>fratrum</span> <span class='ocrx_word' id='word_1_301' title='bbox 338 2153 556 2200; x_wconf 84' lang='lat' dir='ltr'>Minorum‚</span> <span class='ocrx_word' id='word_1_302' title='bbox 595 2153 722 2191; x_wconf 91' lang='lat' dir='ltr'>donec</span> <span class='ocrx_word' id='word_1_303' title='bbox 759 2153 986 2191; x_wconf 87' lang='lat' dir='ltr'>deferretur</span> <span class='ocrx_word' id='word_1_304' title='bbox 1021 2152 1130 2202; x_wconf 89' lang='lat' dir='ltr'>apud</span> <span class='ocrx_word' id='word_1_305' title='bbox 1185 2152 1508 2189; x_wconf 76' lang='lat' dir='ltr'>Mortuummare</span> <span class='ocrx_word' id='word_1_306' title='bbox 1550 2151 1590 2187; x_wconf 88' lang='lat' dir='ltr'>in</span> <span class='ocrx_word' id='word_1_307' title='bbox 1636 2150 1822 2187; x_wconf 80' lang='lat' dir='ltr'>Lemovi-</span> 
     </span>
     <span class='ocr_line' id='line_1_33' title="bbox 128 2212 253 2250; baseline 0 0"><span class='ocrx_word' id='word_1_308' title='bbox 128 2212 253 2250; x_wconf 89' lang='lat' dir='ltr'>cibus.</span> 
     </span>
    </p>

    <p class='ocr_par' dir='ltr' id='par_1_4' title="bbox 129 2268 1830 3144">
     <span class='ocr_line' id='line_1_34' title="bbox 182 2268 1822 2320; baseline -0.002 -12"><span class='ocrx_word' id='word_1_309' title='bbox 182 2272 224 2310; x_wconf 90' lang='lat' dir='ltr'>P.</span> <span class='ocrx_word' id='word_1_310' title='bbox 256 2270 344 2318; x_wconf 81' lang='grc'>368,</span> <span class='ocrx_word' id='word_1_311' title='bbox 373 2271 440 2320; x_wconf 78' lang='lat' dir='ltr'>lig.</span> <span class='ocrx_word' id='word_1_312' title='bbox 472 2270 533 2308; x_wconf 82' lang='lat'>25.</span> <span class='ocrx_word' id='word_1_313' title='bbox 567 2271 803 2308; x_wconf 64' lang='lat' dir='ltr'>anppcm</span> <span class='ocrx_word' id='word_1_314' title='bbox 835 2271 1097 2310; x_wconf 72' lang='lat' dir='ltr'>CAssAssOLE.</span> <span class='ocrx_word' id='word_1_315' title='bbox 1128 2270 1229 2307; x_wconf 92' lang='lat' dir='ltr'>Cum</span> <span class='ocrx_word' id='word_1_316' title='bbox 1259 2277 1419 2306; x_wconf 87' lang='lat' dir='ltr'>constet</span> <span class='ocrx_word' id='word_1_317' title='bbox 1438 2269 1544 2306; x_wconf 88' lang='lat' dir='ltr'>hunc</span> <span class='ocrx_word' id='word_1_318' title='bbox 1575 2268 1822 2305; x_wconf 89' lang='lat' dir='ltr'>cardinalem</span> 
     </span>
     <span class='ocr_line' id='line_1_35' title="bbox 130 2327 1822 2377; baseline -0.003 -9"><span class='ocrx_word' id='word_1_319' title='bbox 130 2338 266 2369; x_wconf 82' lang='lat' dir='ltr'>ortum</span> <span class='ocrx_word' id='word_1_320' title='bbox 289 2344 373 2368; x_wconf 83' lang='lat' dir='ltr'>esse.</span> <span class='ocrx_word' id='word_1_321' title='bbox 397 2345 416 2368; x_wconf 90' lang='lat' dir='ltr'>e</span> <span class='ocrx_word' id='word_1_322' title='bbox 439 2330 657 2368; x_wconf 89' lang='lat' dir='ltr'>nobilitate</span> <span class='ocrx_word' id='word_1_323' title='bbox 681 2329 991 2377; x_wconf 86' lang='lat' dir='ltr'>Cabellionensi‚</span> <span class='ocrx_word' id='word_1_324' title='bbox 1016 2329 1150 2367; x_wconf 85' lang='lat' dir='ltr'>nescio</span> <span class='ocrx_word' id='word_1_325' title='bbox 1174 2328 1281 2366; x_wconf 88' lang='lat' dir='ltr'>unde</span> <span class='ocrx_word' id='word_1_326' title='bbox 1306 2328 1473 2377; x_wconf 79' lang='lat' dir='ltr'>quidam</span> <span class='ocrx_word' id='word_1_327' title='bbox 1497 2335 1676 2365; x_wconf 88' lang='lat' dir='ltr'>recentes</span> <span class='ocrx_word' id='word_1_328' title='bbox 1701 2327 1822 2376; x_wconf 88' lang='lat' dir='ltr'>scrip-</span> 
     </span>
     <span class='ocr_line' id='line_1_36' title="bbox 129 2385 1821 2439; baseline -0.003 -12"><span class='ocrx_word' id='word_1_329' title='bbox 129 2398 236 2427; x_wconf 89' lang='lat' dir='ltr'>tores</span> <span class='ocrx_word' id='word_1_330' title='bbox 265 2388 497 2438; x_wconf 81' lang='lat' dir='ltr'>acceperint</span> <span class='ocrx_word' id='word_1_331' title='bbox 525 2389 641 2427; x_wconf 88' lang='lat' dir='ltr'>illum</span> <span class='ocrx_word' id='word_1_332' title='bbox 669 2389 800 2439; x_wconf 89' lang='lat' dir='ltr'>primo</span> <span class='ocrx_word' id='word_1_333' title='bbox 839 2389 946 2427; x_wconf 88' lang='lat' dir='ltr'>inter</span> <span class='ocrx_word' id='word_1_334' title='bbox 969 2403 1114 2438; x_wconf 90' lang='lat' dir='ltr'>pueros</span> <span class='ocrx_word' id='word_1_335' title='bbox 1140 2388 1249 2426; x_wconf 89' lang='lat' dir='ltr'>chori</span> <span class='ocrx_word' id='word_1_336' title='bbox 1276 2387 1478 2424; x_wconf 89' lang='lat' dir='ltr'>Ecclesiae</span> <span class='ocrx_word' id='word_1_337' title='bbox 1507 2385 1821 2423; x_wconf 81' lang='lat' dir='ltr'>Cabellionensis</span> 
     </span>
     <span class='ocr_line' id='line_1_37' title="bbox 129 2444 1824 2497; baseline -0.004 -10"><span class='ocrx_word' id='word_1_338' title='bbox 129 2449 304 2496; x_wconf 83' lang='lat' dir='ltr'>stetisse,</span> <span class='ocrx_word' id='word_1_339' title='bbox 327 2447 473 2486; x_wconf 88' lang='lat' dir='ltr'>deinde</span> <span class='ocrx_word' id='word_1_340' title='bbox 496 2462 593 2486; x_wconf 81' lang='lat' dir='ltr'>vero</span> <span class='ocrx_word' id='word_1_341' title='bbox 618 2448 875 2495; x_wconf 77' lang='lat' dir='ltr'>canonicum,</span> <span class='ocrx_word' id='word_1_342' title='bbox 900 2455 940 2485; x_wconf 90' lang='lat' dir='ltr'>et</span> <span class='ocrx_word' id='word_1_343' title='bbox 964 2456 1106 2497; x_wconf 87' lang='lat' dir='ltr'>postea</span> <span class='ocrx_word' id='word_1_344' title='bbox 1130 2446 1465 2485; x_wconf 87' lang='lat' dir='ltr'>archidiaconum</span> <span class='ocrx_word' id='word_1_345' title='bbox 1488 2453 1528 2482; x_wconf 89' lang='lat' dir='ltr'>et</span> <span class='ocrx_word' id='word_1_346' title='bbox 1544 2444 1824 2494; x_wconf 90' lang='lat' dir='ltr'>praepositum</span> 
     </span>
     <span class='ocr_line' id='line_1_38' title="bbox 130 2503 1825 2557; baseline -0.003 -11"><span class='ocrx_word' id='word_1_347' title='bbox 130 2507 315 2557; x_wconf 87' lang='lat' dir='ltr'>ejusdem</span> <span class='ocrx_word' id='word_1_348' title='bbox 338 2506 540 2545; x_wconf 88' lang='lat' dir='ltr'>Ecclesiae</span> <span class='ocrx_word' id='word_1_349' title='bbox 561 2507 748 2546; x_wconf 75' lang='lat' dir='ltr'>evasisse.</span> <span class='ocrx_word' id='word_1_350' title='bbox 773 2507 861 2556; x_wconf 90' lang='lat' dir='ltr'>Ipse</span> <span class='ocrx_word' id='word_1_351' title='bbox 876 2507 918 2544; x_wconf 91' lang='lat' dir='ltr'>in</span> <span class='ocrx_word' id='word_1_352' title='bbox 933 2506 1208 2544; x_wconf 88' lang='lat' dir='ltr'>instrumento</span> <span class='ocrx_word' id='word_1_353' title='bbox 1226 2505 1498 2542; x_wconf 89' lang='lat' dir='ltr'>donationum</span> <span class='ocrx_word' id='word_1_354' title='bbox 1514 2503 1607 2541; x_wconf 90' lang='lat' dir='ltr'>huic</span> <span class='ocrx_word' id='word_1_355' title='bbox 1623 2503 1825 2541; x_wconf 83' lang='lat' dir='ltr'>Ecclesiae</span> 
     </span>
     <span class='ocr_line' id='line_1_39' title="bbox 131 2562 1825 2614; baseline -0.004 -10"><span class='ocrx_word' id='word_1_356' title='bbox 131 2567 337 2604; x_wconf 87' lang='lat' dir='ltr'>factarum</span> <span class='ocrx_word' id='word_1_357' title='bbox 364 2573 544 2603; x_wconf 87' lang='lat' dir='ltr'>testatur</span> <span class='ocrx_word' id='word_1_358' title='bbox 573 2581 613 2603; x_wconf 87' lang='lat' dir='ltr'>se</span> <span class='ocrx_word' id='word_1_359' title='bbox 645 2566 766 2604; x_wconf 90' lang='lat' dir='ltr'>fuisse</span> <span class='ocrx_word' id='word_1_360' title='bbox 798 2565 1062 2614; x_wconf 76' lang='lat' dir='ltr'>originarium</span> <span class='ocrx_word' id='word_1_361' title='bbox 1093 2564 1273 2603; x_wconf 79' lang='lat' dir='ltr'>civitatis</span> <span class='ocrx_word' id='word_1_362' title='bbox 1305 2562 1605 2609; x_wconf 80' lang='lat' dir='ltr'>Cavallicensis,</span> <span class='ocrx_word' id='word_1_363' title='bbox 1635 2570 1825 2599; x_wconf 87' lang='lat' dir='ltr'>renatum</span> 
     </span>
     <span class='ocr_line' id='line_1_40' title="bbox 132 2621 1826 2674; baseline -0.004 -11"><span class='ocrx_word' id='word_1_364' title='bbox 132 2626 244 2663; x_wconf 90' lang='lat' dir='ltr'>fonte</span> <span class='ocrx_word' id='word_1_365' title='bbox 267 2624 530 2674; x_wconf 84' lang='lat' dir='ltr'>baptismatis</span> <span class='ocrx_word' id='word_1_366' title='bbox 552 2624 593 2661; x_wconf 91' lang='lat' dir='ltr'>in</span> <span class='ocrx_word' id='word_1_367' title='bbox 616 2625 759 2663; x_wconf 86' lang='lat' dir='ltr'>eadem</span> <span class='ocrx_word' id='word_1_368' title='bbox 782 2625 962 2671; x_wconf 83' lang='lat' dir='ltr'>ecclesia,</span> <span class='ocrx_word' id='word_1_369' title='bbox 986 2632 1026 2661; x_wconf 86' lang='lat' dir='ltr'>et</span> <span class='ocrx_word' id='word_1_370' title='bbox 1047 2624 1173 2662; x_wconf 89' lang='lat' dir='ltr'>literis</span> <span class='ocrx_word' id='word_1_371' title='bbox 1197 2622 1336 2671; x_wconf 86' lang='lat' dir='ltr'>primis</span> <span class='ocrx_word' id='word_1_372' title='bbox 1360 2621 1567 2658; x_wconf 88' lang='lat' dir='ltr'>imbutum</span> <span class='ocrx_word' id='word_1_373' title='bbox 1589 2621 1630 2657; x_wconf 92' lang='lat' dir='ltr'>in</span> <span class='ocrx_word' id='word_1_374' title='bbox 1653 2634 1697 2658; x_wconf 89' lang='lat' dir='ltr'>ea</span> <span class='ocrx_word' id='word_1_375' title='bbox 1720 2621 1826 2658; x_wconf 91' lang='lat' dir='ltr'>inter</span> 
     </span>
     <span class='ocr_line' id='line_1_41' title="bbox 131 2680 1830 2733; baseline -0.004 -12"><span class='ocrx_word' id='word_1_376' title='bbox 131 2685 230 2723; x_wconf 84' lang='lat' dir='ltr'>alios</span> <span class='ocrx_word' id='word_1_377' title='bbox 261 2683 501 2733; x_wconf 89' lang='lat' dir='ltr'>praecipuos</span> <span class='ocrx_word' id='word_1_378' title='bbox 534 2683 697 2721; x_wconf 87' lang='lat' dir='ltr'>clericos</span> <span class='ocrx_word' id='word_1_379' title='bbox 729 2684 810 2721; x_wconf 88' lang='lat' dir='ltr'>suis</span> <span class='ocrx_word' id='word_1_380' title='bbox 840 2683 981 2733; x_wconf 88' lang='lat' dir='ltr'>primis</span> <span class='ocrx_word' id='word_1_381' title='bbox 1013 2682 1267 2732; x_wconf 88' lang='lat' dir='ltr'>temporibus</span> <span class='ocrx_word' id='word_1_382' title='bbox 1299 2680 1422 2718; x_wconf 87' lang='lat' dir='ltr'>fuisse</span> <span class='ocrx_word' id='word_1_383' title='bbox 1453 2687 1755 2725; x_wconf 79' lang='lat' dir='ltr'>conversatum,</span> <span class='ocrx_word' id='word_1_384' title='bbox 1788 2686 1830 2716; x_wconf 88' lang='lat' dir='ltr'>et</span> 
     </span>
     <span class='ocr_line' id='line_1_42' title="bbox 133 2737 1827 2789; baseline -0.004 -7"><span class='ocrx_word' id='word_1_385' title='bbox 133 2745 299 2782; x_wconf 90' lang='lat' dir='ltr'>demum</span> <span class='ocrx_word' id='word_1_386' title='bbox 331 2742 372 2779; x_wconf 94' lang='lat' dir='ltr'>in</span> <span class='ocrx_word' id='word_1_387' title='bbox 405 2742 696 2789; x_wconf 87' lang='lat' dir='ltr'>adolescentia,</span> <span class='ocrx_word' id='word_1_388' title='bbox 731 2743 830 2782; x_wconf 84' lang='lat' dir='ltr'>dum</span> <span class='ocrx_word' id='word_1_389' title='bbox 863 2750 1030 2780; x_wconf 87' lang='lat' dir='ltr'>vacaret</span> <span class='ocrx_word' id='word_1_390' title='bbox 1063 2741 1209 2779; x_wconf 87' lang='lat' dir='ltr'>studiis</span> <span class='ocrx_word' id='word_1_391' title='bbox 1244 2739 1445 2785; x_wconf 88' lang='lat' dir='ltr'>civilibus,</span> <span class='ocrx_word' id='word_1_392' title='bbox 1480 2739 1673 2777; x_wconf 79' lang='lat' dir='ltr'>effectum</span> <span class='ocrx_word' id='word_1_393' title='bbox 1707 2737 1827 2775; x_wconf 80' lang='lat' dir='ltr'>fuisse</span> 
     </span>
     <span class='ocr_line' id='line_1_43' title="bbox 132 2796 1827 2852; baseline -0.005 -11"><span class='ocrx_word' id='word_1_394' title='bbox 132 2804 175 2841; x_wconf 88' lang='lat' dir='ltr'>in</span> <span class='ocrx_word' id='word_1_395' title='bbox 201 2803 288 2852; x_wconf 88' lang='lat' dir='ltr'>ipsa</span> <span class='ocrx_word' id='word_1_396' title='bbox 315 2801 541 2839; x_wconf 87' lang='lat' dir='ltr'>cathedrali</span> <span class='ocrx_word' id='word_1_397' title='bbox 566 2801 733 2840; x_wconf 89' lang='lat' dir='ltr'>ecclesia</span> <span class='ocrx_word' id='word_1_398' title='bbox 769 2801 1012 2840; x_wconf 87' lang='lat' dir='ltr'>canonicum</span> <span class='ocrx_word' id='word_1_399' title='bbox 1037 2799 1380 2850; x_wconf 83' lang='lat' dir='ltr'>praebendatum,</span> <span class='ocrx_word' id='word_1_400' title='bbox 1407 2797 1552 2836; x_wconf 89' lang='lat' dir='ltr'>deinde</span> <span class='ocrx_word' id='word_1_401' title='bbox 1578 2796 1827 2835; x_wconf 88' lang='lat' dir='ltr'>archidiaco-</span> 
     </span>
     <span class='ocr_line' id='line_1_44' title="bbox 133 2855 1830 2910; baseline -0.005 -10"><span class='ocrx_word' id='word_1_402' title='bbox 133 2876 246 2908; x_wconf 88' lang='lat' dir='ltr'>num,</span> <span class='ocrx_word' id='word_1_403' title='bbox 277 2860 503 2899; x_wconf 86' lang='lat' dir='ltr'>successive</span> <span class='ocrx_word' id='word_1_404' title='bbox 532 2861 827 2910; x_wconf 75' lang='lat' dir='ltr'>praepositmn,</span> <span class='ocrx_word' id='word_1_405' title='bbox 860 2869 900 2898; x_wconf 88' lang='lat' dir='ltr'>et</span> <span class='ocrx_word' id='word_1_406' title='bbox 929 2867 1137 2910; x_wconf 86' lang='lat' dir='ltr'>postremo</span> <span class='ocrx_word' id='word_1_407' title='bbox 1167 2859 1416 2908; x_wconf 89' lang='lat' dir='ltr'>episcopum.</span> <span class='ocrx_word' id='word_1_408' title='bbox 1450 2857 1525 2895; x_wconf 87' lang='lat' dir='ltr'>Sed</span> <span class='ocrx_word' id='word_1_409' title='bbox 1557 2856 1625 2905; x_wconf 88' lang='lat' dir='ltr'>qui</span> <span class='ocrx_word' id='word_1_410' title='bbox 1661 2855 1760 2893; x_wconf 83' lang='lat' dir='ltr'>dicit</span> <span class='ocrx_word' id='word_1_411' title='bbox 1789 2869 1830 2893; x_wconf 89' lang='lat' dir='ltr'>se</span> 
     </span>
     <span class='ocr_line' id='line_1_45' title="bbox 135 2914 1828 2971; baseline -0.005 -11"><span class='ocrx_word' id='word_1_412' title='bbox 135 2934 306 2971; x_wconf 90' lang='lat' dir='ltr'>puerum</span> <span class='ocrx_word' id='word_1_413' title='bbox 335 2920 458 2957; x_wconf 88' lang='lat' dir='ltr'>fuisse</span> <span class='ocrx_word' id='word_1_414' title='bbox 487 2928 777 2958; x_wconf 87' lang='lat' dir='ltr'>conversatum</span> <span class='ocrx_word' id='word_1_415' title='bbox 816 2920 923 2957; x_wconf 87' lang='lat' dir='ltr'>inter</span> <span class='ocrx_word' id='word_1_416' title='bbox 950 2919 1189 2968; x_wconf 88' lang='lat' dir='ltr'>praecipuos</span> <span class='ocrx_word' id='word_1_417' title='bbox 1219 2917 1382 2955; x_wconf 86' lang='lat' dir='ltr'>clericos</span> <span class='ocrx_word' id='word_1_418' title='bbox 1405 2915 1587 2964; x_wconf 87' lang='lat' dir='ltr'>ejusdem</span> <span class='ocrx_word' id='word_1_419' title='bbox 1612 2914 1828 2961; x_wconf 86' lang='lat' dir='ltr'>Ecclesiae,</span> 
     </span>
     <span class='ocr_line' id='line_1_46' title="bbox 134 2972 1829 3025; baseline -0.006 -6"><span class='ocrx_word' id='word_1_420' title='bbox 134 2995 215 3019; x_wconf 92' lang='lat' dir='ltr'>non</span> <span class='ocrx_word' id='word_1_421' title='bbox 248 2979 347 3017; x_wconf 90' lang='lat' dir='ltr'>dicit</span> <span class='ocrx_word' id='word_1_422' title='bbox 377 2993 418 3016; x_wconf 90' lang='lat' dir='ltr'>se</span> <span class='ocrx_word' id='word_1_423' title='bbox 449 2979 571 3016; x_wconf 87' lang='lat' dir='ltr'>fuisse</span> <span class='ocrx_word' id='word_1_424' title='bbox 603 2979 838 3025; x_wconf 84' lang='lat' dir='ltr'>choristam‚</span> <span class='ocrx_word' id='word_1_425' title='bbox 869 2979 910 3016; x_wconf 85' lang='lat' dir='ltr'>id</span> <span class='ocrx_word' id='word_1_426' title='bbox 942 2985 1016 3023; x_wconf 89' lang='lat' dir='ltr'>est,</span> <span class='ocrx_word' id='word_1_427' title='bbox 1049 2992 1098 3014; x_wconf 80' lang='lat' dir='ltr'>ex</span> <span class='ocrx_word' id='word_1_428' title='bbox 1129 2990 1269 3014; x_wconf 90' lang='lat' dir='ltr'>eorum</span> <span class='ocrx_word' id='word_1_429' title='bbox 1299 2987 1518 3024; x_wconf 89' lang='lat' dir='ltr'>puerorum</span> <span class='ocrx_word' id='word_1_430' title='bbox 1549 2988 1718 3013; x_wconf 90' lang='lat' dir='ltr'>numero</span> <span class='ocrx_word' id='word_1_431' title='bbox 1761 2972 1829 3021; x_wconf 90' lang='lat' dir='ltr'>qui</span> 
     </span>
     <span class='ocr_line' id='line_1_47' title="bbox 136 3032 1827 3084; baseline -0.006 -6"><span class='ocrx_word' id='word_1_432' title='bbox 136 3039 320 3079; x_wconf 87' lang='lat' dir='ltr'>mercede</span> <span class='ocrx_word' id='word_1_433' title='bbox 340 3037 532 3075; x_wconf 87' lang='lat' dir='ltr'>conducti</span> <span class='ocrx_word' id='word_1_434' title='bbox 552 3045 706 3082; x_wconf 78' lang='lat' dir='ltr'>canunt</span> <span class='ocrx_word' id='word_1_435' title='bbox 725 3038 766 3075; x_wconf 90' lang='lat' dir='ltr'>in</span> <span class='ocrx_word' id='word_1_436' title='bbox 786 3038 907 3075; x_wconf 90' lang='lat' dir='ltr'>choro</span> <span class='ocrx_word' id='word_1_437' title='bbox 927 3036 1001 3073; x_wconf 90' lang='lat' dir='ltr'>sub</span> <span class='ocrx_word' id='word_1_438' title='bbox 1022 3036 1229 3084; x_wconf 75' lang='lat' dir='ltr'>magistro.</span> <span class='ocrx_word' id='word_1_439' title='bbox 1252 3034 1464 3083; x_wconf 87' lang='lat' dir='ltr'>Philippus</span> <span class='ocrx_word' id='word_1_440' title='bbox 1484 3047 1603 3082; x_wconf 92' lang='lat' dir='ltr'>porro</span> <span class='ocrx_word' id='word_1_441' title='bbox 1623 3032 1702 3070; x_wconf 85' lang='lat' dir='ltr'>fuit</span> <span class='ocrx_word' id='word_1_442' title='bbox 1724 3032 1827 3068; x_wconf 82' lang='lat' dir='ltr'>filius</span> 
     </span>
     <span class='ocr_line' id='line_1_48' title="bbox 141 3094 1118 3144; baseline -0.005 -8"><span class='ocrx_word' id='word_1_443' title='bbox 141 3097 297 3136; x_wconf 87' lang='lat' dir='ltr'>Isnardi</span> <span class='ocrx_word' id='word_1_444' title='bbox 319 3096 472 3142; x_wconf 88' lang='lat' dir='ltr'>militis,</span> <span class='ocrx_word' id='word_1_445' title='bbox 493 3103 540 3133; x_wconf 87' lang='lat' dir='ltr'>ut</span> <span class='ocrx_word' id='word_1_446' title='bbox 559 3096 708 3144; x_wconf 82' lang='lat' dir='ltr'>legitur</span> <span class='ocrx_word' id='word_1_447' title='bbox 726 3096 767 3133; x_wconf 92' lang='lat' dir='ltr'>in</span> <span class='ocrx_word' id='word_1_448' title='bbox 788 3096 873 3144; x_wconf 88' lang='lat' dir='ltr'>ejus</span> <span class='ocrx_word' id='word_1_449' title='bbox 895 3094 1118 3144; x_wconf 85' lang='lat' dir='ltr'>epitaphio.</span> 
     </span>
    </p>

    <p class='ocr_par' dir='ltr' id='par_1_5' title="bbox 191 3150 1829 3200">
     <span class='ocr_line' id='line_1_49' title="bbox 191 3150 1829 3200; baseline -0.005 -6"><span class='ocrx_word' id='word_1_450' title='bbox 191 3158 309 3194; x_wconf 90' lang='lat' dir='ltr'>Anno</span> <span class='ocrx_word' id='word_1_451' title='bbox 338 3154 667 3193; x_wconf 87' lang='lat' dir='ltr'>MCCCXXXIV</span> <span class='ocrx_word' id='word_1_452' title='bbox 694 3168 844 3200; x_wconf 70' lang='lat' dir='ltr'>mense,</span> <span class='ocrx_word' id='word_1_453' title='bbox 873 3162 918 3191; x_wconf 89' lang='lat' dir='ltr'>ut</span> <span class='ocrx_word' id='word_1_454' title='bbox 946 3153 1122 3199; x_wconf 84' lang='lat' dir='ltr'>videtur,</span> <span class='ocrx_word' id='word_1_455' title='bbox 1151 3159 1343 3200; x_wconf 80' lang='lat' dir='ltr'>augusto,</span> <span class='ocrx_word' id='word_1_456' title='bbox 1370 3152 1549 3188; x_wconf 87' lang='lat' dir='ltr'>Joannes</span> <span class='ocrx_word' id='word_1_457' title='bbox 1581 3150 1708 3187; x_wconf 80' lang='lat' dir='ltr'>XXII</span> <span class='ocrx_word' id='word_1_458' title='bbox 1736 3162 1829 3187; x_wconf 87' lang='lat' dir='ltr'>eum</span> 
     </span>
    </p>
   </div>
  </div>
 </body>
</html>
