<?xml version="1.0" encoding="UTF-8"?>
<!DOCTYPE html PUBLIC "-//W3C//DTD XHTML 1.0 Transitional//EN"
    "http://www.w3.org/TR/xhtml1/DTD/xhtml1-transitional.dtd">
<html xmlns="http://www.w3.org/1999/xhtml" xml:lang="en" lang="en">
 <head>
  <title>
</title>
<meta http-equiv="Content-Type" content="text/html;charset=utf-8" />
  <meta name='ocr-system' content='tesseract 3.04.00' />
  <meta name='ocr-capabilities' content='ocr_page ocr_carea ocr_par ocr_line ocrx_word'/>
</head>
<body>
  <div class='ocr_page' id='page_1' title='image "./vitaepaparumaven02balu_0508.png"; bbox 0 0 2083 3458; ppageno 0'>
   <div class='ocr_carea' id='block_1_1' title="bbox 271 229 1980 287">
    <p class='ocr_par' dir='ltr' id='par_1_1' title="bbox 271 229 1980 287">
     <span class='ocr_line' id='line_1_1' title="bbox 271 229 1980 287; baseline 0 -17"><span class='ocrx_word' id='word_1_1' title='bbox 271 229 353 270; x_wconf 85' lang='grc'>498</span> <span class='ocrx_word' id='word_1_2' title='bbox 920 244 1071 271; x_wconf 81' lang='lat' dir='ltr'>NOTAE</span> <span class='ocrx_word' id='word_1_3' title='bbox 1105 246 1165 270; x_wconf 86' lang='lat' dir='ltr'>AD</span> <span class='ocrx_word' id='word_1_4' title='bbox 1199 246 1328 271; x_wconf 79' lang='lat' dir='ltr'>VITAS</span> <span class='ocrx_word' id='word_1_5' title='bbox 1848 230 1980 287; x_wconf 84' lang='lat'>[981]</span> 
     </span>
    </p>
   </div>
   <div class='ocr_carea' id='block_1_2' title="bbox 246 328 1993 2637">
    <p class='ocr_par' dir='ltr' id='par_1_2' title="bbox 246 328 1984 1033">
     <span class='ocr_line' id='line_1_2' title="bbox 270 328 1975 379; baseline 0.002 -15"><span class='ocrx_word' id='word_1_6' title='bbox 270 328 387 365; x_wconf 89' lang='lat' dir='ltr'>tium.</span> <span class='ocrx_word' id='word_1_7' title='bbox 420 328 618 377; x_wconf 77' lang='lat' dir='ltr'>Tempore</span> <span class='ocrx_word' id='word_1_8' title='bbox 652 328 880 367; x_wconf 80' lang='lat' dir='ltr'>Innocentii</span> <span class='ocrx_word' id='word_1_9' title='bbox 910 328 1142 378; x_wconf 78' lang='lat' dir='ltr'>Stephanus</span> <span class='ocrx_word' id='word_1_10' title='bbox 1173 328 1501 379; x_wconf 76' lang='lat' dir='ltr'>archiepiscopus</span> <span class='ocrx_word' id='word_1_11' title='bbox 1531 329 1756 367; x_wconf 90' lang='lat' dir='ltr'>Tolosanus</span> <span class='ocrx_word' id='word_1_12' title='bbox 1785 337 1825 368; x_wconf 89' lang='lat' dir='ltr'>et</span> <span class='ocrx_word' id='word_1_13' title='bbox 1856 329 1975 379; x_wconf 72' lang='lat' dir='ltr'>Regi-</span> 
     </span>
     <span class='ocr_line' id='line_1_3' title="bbox 271 387 1976 439; baseline 0.002 -16"><span class='ocrx_word' id='word_1_14' title='bbox 271 387 415 424; x_wconf 89' lang='lat' dir='ltr'>naldus</span> <span class='ocrx_word' id='word_1_15' title='bbox 440 388 572 436; x_wconf 91' lang='lat' dir='ltr'>primo</span> <span class='ocrx_word' id='word_1_16' title='bbox 598 387 851 435; x_wconf 77' lang='lat' dir='ltr'>palentinus,</span> <span class='ocrx_word' id='word_1_17' title='bbox 878 387 971 425; x_wconf 90' lang='lat' dir='ltr'>dein</span> <span class='ocrx_word' id='word_1_18' title='bbox 997 388 1287 426; x_wconf 83' lang='lat' dir='ltr'>Ulixbonensis</span> <span class='ocrx_word' id='word_1_19' title='bbox 1310 388 1538 438; x_wconf 81' lang='lat' dir='ltr'>episcopus,</span> <span class='ocrx_word' id='word_1_20' title='bbox 1557 397 1674 427; x_wconf 87' lang='lat' dir='ltr'>erant</span> <span class='ocrx_word' id='word_1_21' title='bbox 1692 389 1834 427; x_wconf 86' lang='lat' dir='ltr'>vicarii</span> <span class='ocrx_word' id='word_1_22' title='bbox 1858 403 1976 439; x_wconf 85' lang='lat' dir='ltr'>gene-</span> 
     </span>
     <span class='ocr_line' id='line_1_4' title="bbox 270 446 1982 497; baseline 0.002 -14"><span class='ocrx_word' id='word_1_23' title='bbox 270 447 372 484; x_wconf 85' lang='lat' dir='ltr'>rales</span> <span class='ocrx_word' id='word_1_24' title='bbox 392 446 652 496; x_wconf 79' lang='lat' dir='ltr'>episcopatus</span> <span class='ocrx_word' id='word_1_25' title='bbox 672 446 983 494; x_wconf 63' lang='lat' dir='ltr'>Avenionensis7</span> <span class='ocrx_word' id='word_1_26' title='bbox 1004 461 1126 496; x_wconf 85' lang='lat' dir='ltr'>quem</span> <span class='ocrx_word' id='word_1_27' title='bbox 1142 447 1253 485; x_wconf 90' lang='lat' dir='ltr'>idem</span> <span class='ocrx_word' id='word_1_28' title='bbox 1269 461 1378 497; x_wconf 90' lang='lat' dir='ltr'>papa</span> <span class='ocrx_word' id='word_1_29' title='bbox 1396 448 1447 485; x_wconf 90' lang='lat' dir='ltr'>ad</span> <span class='ocrx_word' id='word_1_30' title='bbox 1464 461 1635 485; x_wconf 88' lang='lat' dir='ltr'>manum</span> <span class='ocrx_word' id='word_1_31' title='bbox 1655 462 1773 486; x_wconf 89' lang='lat' dir='ltr'>suam</span> <span class='ocrx_word' id='word_1_32' title='bbox 1790 447 1982 495; x_wconf 61' lang='lat' dir='ltr'>tenebat,</span> 
     </span>
     <span class='ocr_line' id='line_1_5' title="bbox 270 506 1983 557; baseline 0.001 -15"><span class='ocrx_word' id='word_1_33' title='bbox 270 514 315 543; x_wconf 83' lang='lat' dir='ltr'>ut</span> <span class='ocrx_word' id='word_1_34' title='bbox 337 506 486 555; x_wconf 82' lang='lat' dir='ltr'>legitur</span> <span class='ocrx_word' id='word_1_35' title='bbox 507 506 547 543; x_wconf 89' lang='lat' dir='ltr'>in</span> <span class='ocrx_word' id='word_1_36' title='bbox 571 506 733 555; x_wconf 76' lang='lat' dir='ltr'>Regesto</span> <span class='ocrx_word' id='word_1_37' title='bbox 755 506 852 543; x_wconf 92' lang='lat' dir='ltr'>anni</span> <span class='ocrx_word' id='word_1_38' title='bbox 875 507 981 544; x_wconf 79' lang='lat' dir='ltr'>sexti</span> <span class='ocrx_word' id='word_1_39' title='bbox 999 506 1025 545; x_wconf 74' lang='lat'>1.</span> <span class='ocrx_word' id='word_1_40' title='bbox 1055 506 1201 556; x_wconf 82' lang='lat' dir='ltr'>Itaque</span> <span class='ocrx_word' id='word_1_41' title='bbox 1225 506 1417 544; x_wconf 84' lang='lat' dir='ltr'>Urbanus</span> <span class='ocrx_word' id='word_1_42' title='bbox 1441 506 1475 544; x_wconf 91' lang='lat' dir='ltr'>V</span> <span class='ocrx_word' id='word_1_43' title='bbox 1498 507 1736 557; x_wconf 87' lang='lat' dir='ltr'>episcopum</span> <span class='ocrx_word' id='word_1_44' title='bbox 1764 507 1983 557; x_wconf 72' lang='lat' dir='ltr'>proprium.</span> 
     </span>
     <span class='ocr_line' id='line_1_6' title="bbox 272 565 1978 616; baseline 0.001 -14"><span class='ocrx_word' id='word_1_45' title='bbox 272 565 384 602; x_wconf 90' lang='lat' dir='ltr'>dedit</span> <span class='ocrx_word' id='word_1_46' title='bbox 399 565 601 604; x_wconf 80' lang='lat' dir='ltr'>Ecclesiae</span> <span class='ocrx_word' id='word_1_47' title='bbox 628 565 918 604; x_wconf 82' lang='lat' dir='ltr'>Avenionensi.</span> <span class='ocrx_word' id='word_1_48' title='bbox 952 566 986 603; x_wconf 89' lang='lat' dir='ltr'>Is</span> <span class='ocrx_word' id='word_1_49' title='bbox 1012 574 1154 604; x_wconf 86' lang='lat' dir='ltr'>tamen</span> <span class='ocrx_word' id='word_1_50' title='bbox 1185 574 1330 615; x_wconf 89' lang='lat' dir='ltr'>postea</span> <span class='ocrx_word' id='word_1_51' title='bbox 1362 566 1448 616; x_wconf 86' lang='lat' dir='ltr'>ejus</span> <span class='ocrx_word' id='word_1_52' title='bbox 1483 566 1888 605; x_wconf 77' lang='lat' dir='ltr'>administrationem</span> <span class='ocrx_word' id='word_1_53' title='bbox 1923 566 1978 604; x_wconf 89' lang='lat' dir='ltr'>ad</span> 
     </span>
     <span class='ocr_line' id='line_1_7' title="bbox 269 624 1978 675; baseline 0 -13"><span class='ocrx_word' id='word_1_54' title='bbox 269 638 308 662; x_wconf 89' lang='lat' dir='ltr'>se</span> <span class='ocrx_word' id='word_1_55' title='bbox 342 624 554 663; x_wconf 61' lang='lat' dir='ltr'>revocavit</span> <span class='ocrx_word' id='word_1_56' title='bbox 586 633 681 674; x_wconf 90' lang='lat' dir='ltr'>post</span> <span class='ocrx_word' id='word_1_57' title='bbox 714 625 965 663; x_wconf 85' lang='lat' dir='ltr'>translatum</span> <span class='ocrx_word' id='word_1_58' title='bbox 999 625 1216 675; x_wconf 83' lang='lat' dir='ltr'>Anglicum</span> <span class='ocrx_word' id='word_1_59' title='bbox 1258 625 1310 663; x_wconf 90' lang='lat' dir='ltr'>ad</span> <span class='ocrx_word' id='word_1_60' title='bbox 1347 625 1571 664; x_wconf 81' lang='lat' dir='ltr'>Ecclesiam</span> <span class='ocrx_word' id='word_1_61' title='bbox 1604 626 1894 673; x_wconf 84' lang='lat' dir='ltr'>Albanensem,</span> <span class='ocrx_word' id='word_1_62' title='bbox 1928 633 1978 662; x_wconf 84' lang='lat' dir='ltr'>ut</span> 
     </span>
     <span class='ocr_line' id='line_1_8' title="bbox 267 682 1978 734; baseline 0 -13"><span class='ocrx_word' id='word_1_63' title='bbox 267 692 385 733; x_wconf 88' lang='lat' dir='ltr'>patet</span> <span class='ocrx_word' id='word_1_64' title='bbox 409 699 458 722; x_wconf 79' lang='lat' dir='ltr'>ex</span> <span class='ocrx_word' id='word_1_65' title='bbox 480 684 590 722; x_wconf 87' lang='lat' dir='ltr'>bulla</span> <span class='ocrx_word' id='word_1_66' title='bbox 615 684 700 734; x_wconf 87' lang='lat' dir='ltr'>ejus</span> <span class='ocrx_word' id='word_1_67' title='bbox 725 684 835 723; x_wconf 88' lang='lat' dir='ltr'>edita</span> <span class='ocrx_word' id='word_1_68' title='bbox 859 698 882 722; x_wconf 90' lang='lat' dir='ltr'>a</span> <span class='ocrx_word' id='word_1_69' title='bbox 906 684 1095 733; x_wconf 82' lang='lat' dir='ltr'>GarieHo,</span> <span class='ocrx_word' id='word_1_70' title='bbox 1119 698 1204 734; x_wconf 91' lang='lat' dir='ltr'>par.</span> <span class='ocrx_word' id='word_1_71' title='bbox 1232 682 1285 734; x_wconf 82' lang='lat' dir='ltr'>II,</span> <span class='ocrx_word' id='word_1_72' title='bbox 1318 699 1356 734; x_wconf 90' lang='lat' dir='ltr'>p.</span> <span class='ocrx_word' id='word_1_73' title='bbox 1382 684 1445 733; x_wconf 84' lang='grc'>90,</span> <span class='ocrx_word' id='word_1_74' title='bbox 1468 685 1673 723; x_wconf 74' lang='lat' dir='ltr'>Historiae</span> <span class='ocrx_word' id='word_1_75' title='bbox 1701 685 1978 734; x_wconf 78' lang='lat' dir='ltr'>episcoporum</span> 
     </span>
     <span class='ocr_line' id='line_1_9' title="bbox 270 743 1984 794; baseline 0.001 -14"><span class='ocrx_word' id='word_1_76' title='bbox 270 743 635 792; x_wconf 56' lang='lat' dir='ltr'>illagalwensium,</span> <span class='ocrx_word' id='word_1_77' title='bbox 655 752 695 782; x_wconf 91' lang='lat' dir='ltr'>et</span> <span class='ocrx_word' id='word_1_78' title='bbox 712 744 913 781; x_wconf 65' lang='lat' dir='ltr'>vicarium</span> <span class='ocrx_word' id='word_1_79' title='bbox 931 758 1051 781; x_wconf 91' lang='lat' dir='ltr'>suum</span> <span class='ocrx_word' id='word_1_80' title='bbox 1073 746 1303 794; x_wconf 80' lang='lat' dir='ltr'>generalem</span> <span class='ocrx_word' id='word_1_81' title='bbox 1323 744 1507 783; x_wconf 79' lang='lat' dir='ltr'>instituit</span> <span class='ocrx_word' id='word_1_82' title='bbox 1538 758 1646 783; x_wconf 88' lang='lat' dir='ltr'>anno</span> <span class='ocrx_word' id='word_1_83' title='bbox 1665 743 1942 782; x_wconf 87' lang='lat' dir='ltr'>MCCCLXVI</span> <span class='ocrx_word' id='word_1_84' title='bbox 1963 743 1984 766; x_wconf 64' lang='lat'>2</span> 
     </span>
     <span class='ocr_line' id='line_1_10' title="bbox 270 803 1974 854; baseline 0.002 -15"><span class='ocrx_word' id='word_1_85' title='bbox 270 803 498 840; x_wconf 78' lang='lat' dir='ltr'>Arnalduni</span> <span class='ocrx_word' id='word_1_86' title='bbox 516 803 675 841; x_wconf 85' lang='lat' dir='ltr'>Alberti</span> <span class='ocrx_word' id='word_1_87' title='bbox 692 803 1047 853; x_wconf 85' lang='lat' dir='ltr'>arehiepiscopum</span> <span class='ocrx_word' id='word_1_88' title='bbox 1064 804 1352 851; x_wconf 80' lang='lat' dir='ltr'>Auscitanum,</span> <span class='ocrx_word' id='word_1_89' title='bbox 1370 812 1417 841; x_wconf 92' lang='lat' dir='ltr'>ut</span> <span class='ocrx_word' id='word_1_90' title='bbox 1434 818 1556 854; x_wconf 90' lang='lat' dir='ltr'>supra</span> <span class='ocrx_word' id='word_1_91' title='bbox 1573 818 1611 854; x_wconf 90' lang='lat' dir='ltr'>p.</span> <span class='ocrx_word' id='word_1_92' title='bbox 1631 803 1706 841; x_wconf 89' lang='grc'>922</span> <span class='ocrx_word' id='word_1_93' title='bbox 1725 804 1883 842; x_wconf 90' lang='lat' dir='ltr'>dictum</span> <span class='ocrx_word' id='word_1_94' title='bbox 1900 811 1974 842; x_wconf 83' lang='lat' dir='ltr'>est.</span> 
     </span>
     <span class='ocr_line' id='line_1_11' title="bbox 271 862 1979 913; baseline 0.001 -15"><span class='ocrx_word' id='word_1_95' title='bbox 271 863 390 899; x_wconf 86' lang='lat' dir='ltr'>Anno</span> <span class='ocrx_word' id='word_1_96' title='bbox 414 877 510 900; x_wconf 67' lang='lat' dir='ltr'>vero</span> <span class='ocrx_word' id='word_1_97' title='bbox 536 862 838 901; x_wconf 81' lang='lat' dir='ltr'>MCCCLXVII</span> <span class='ocrx_word' id='word_1_98' title='bbox 863 863 1064 902; x_wconf 70' lang='lat' dir='ltr'>vicarium</span> <span class='ocrx_word' id='word_1_99' title='bbox 1089 865 1319 913; x_wconf 82' lang='lat' dir='ltr'>generalem</span> <span class='ocrx_word' id='word_1_100' title='bbox 1351 863 1392 900; x_wconf 90' lang='lat' dir='ltr'>in</span> <span class='ocrx_word' id='word_1_101' title='bbox 1417 863 1561 902; x_wconf 90' lang='lat' dir='ltr'>eodem</span> <span class='ocrx_word' id='word_1_102' title='bbox 1585 863 1826 913; x_wconf 85' lang='lat' dir='ltr'>episcopatu</span> <span class='ocrx_word' id='word_1_103' title='bbox 1860 863 1979 900; x_wconf 83' lang='lat' dir='ltr'>insti—</span> 
     </span>
     <span class='ocr_line' id='line_1_12' title="bbox 246 915 1982 972; baseline 0.001 -14"><span class='ocrx_word' id='word_1_104' title='bbox 246 915 350 959; x_wconf 78' lang='lat' dir='ltr'>tuit</span> <span class='ocrx_word' id='word_1_105' title='bbox 386 922 626 972; x_wconf 84' lang='lat' dir='ltr'>Philippum</span> <span class='ocrx_word' id='word_1_106' title='bbox 661 921 959 960; x_wconf 82' lang='lat' dir='ltr'>Cabassolam3</span> <span class='ocrx_word' id='word_1_107' title='bbox 992 923 1274 972; x_wconf 85' lang='lat' dir='ltr'>patriarcham</span> <span class='ocrx_word' id='word_1_108' title='bbox 1311 923 1750 972; x_wconf 76' lang='lat' dir='ltr'>Hierosolymitanum,</span> <span class='ocrx_word' id='word_1_109' title='bbox 1781 922 1843 960; x_wconf 87' lang='lat' dir='ltr'>uti</span> <span class='ocrx_word' id='word_1_110' title='bbox 1871 922 1982 960; x_wconf 44' lang='lat' dir='ltr'>dicem</span> 
     </span>
     <span class='ocr_line' id='line_1_13' title="bbox 271 981 1315 1033; baseline 0.003 -15"><span class='ocrx_word' id='word_1_111' title='bbox 271 995 359 1019; x_wconf 91' lang='lat' dir='ltr'>mus</span> <span class='ocrx_word' id='word_1_112' title='bbox 385 981 492 1019; x_wconf 85' lang='lat' dir='ltr'>infra</span> <span class='ocrx_word' id='word_1_113' title='bbox 520 996 648 1031; x_wconf 85' lang='lat' dir='ltr'>quum</span> <span class='ocrx_word' id='word_1_114' title='bbox 673 996 840 1032; x_wconf 78' lang='lat' dir='ltr'>agemus</span> <span class='ocrx_word' id='word_1_115' title='bbox 868 982 916 1020; x_wconf 86' lang='lat' dir='ltr'>de</span> <span class='ocrx_word' id='word_1_116' title='bbox 942 983 1086 1021; x_wconf 92' lang='lat' dir='ltr'>eodem</span> <span class='ocrx_word' id='word_1_117' title='bbox 1112 983 1315 1033; x_wconf 76' lang='lat' dir='ltr'>Philippo.</span> 
     </span>
    </p>

    <p class='ocr_par' dir='ltr' id='par_1_3' title="bbox 267 1041 1982 1438">
     <span class='ocr_line' id='line_1_14' title="bbox 324 1041 1982 1092; baseline 0 -14"><span class='ocrx_word' id='word_1_118' title='bbox 324 1041 365 1080; x_wconf 89' lang='lat' dir='ltr'>P.</span> <span class='ocrx_word' id='word_1_119' title='bbox 401 1041 491 1089; x_wconf 78' lang='grc'>351,</span> <span class='ocrx_word' id='word_1_120' title='bbox 524 1043 590 1092; x_wconf 90' lang='lat' dir='ltr'>lig.</span> <span class='ocrx_word' id='word_1_121' title='bbox 626 1041 687 1081; x_wconf 84' lang='lat'>22.</span> <span class='ocrx_word' id='word_1_122' title='bbox 724 1042 921 1079; x_wconf 58' lang='lat' dir='ltr'>Pmomsm</span> <span class='ocrx_word' id='word_1_123' title='bbox 958 1042 1171 1081; x_wconf 84' lang='lat' dir='ltr'>DIENSEM.</span> <span class='ocrx_word' id='word_1_124' title='bbox 1207 1042 1374 1081; x_wconf 84' lang='lat' dir='ltr'>Veteres</span> <span class='ocrx_word' id='word_1_125' title='bbox 1405 1042 1498 1080; x_wconf 89' lang='lat' dir='ltr'>libri</span> <span class='ocrx_word' id='word_1_126' title='bbox 1530 1042 1686 1080; x_wconf 91' lang='lat' dir='ltr'>habent</span> <span class='ocrx_word' id='word_1_127' title='bbox 1715 1042 1982 1090; x_wconf 78' lang='lat' dir='ltr'>Dignensem,</span> 
     </span>
     <span class='ocr_line' id='line_1_15' title="bbox 271 1101 1981 1151; baseline 0 -13"><span class='ocrx_word' id='word_1_128' title='bbox 271 1115 396 1151; x_wconf 84' lang='lat' dir='ltr'>quam</span> <span class='ocrx_word' id='word_1_129' title='bbox 423 1102 642 1140; x_wconf 85' lang='lat' dir='ltr'>lectionem</span> <span class='ocrx_word' id='word_1_130' title='bbox 670 1110 829 1140; x_wconf 89' lang='lat' dir='ltr'>certum</span> <span class='ocrx_word' id='word_1_131' title='bbox 857 1110 918 1140; x_wconf 89' lang='lat' dir='ltr'>est</span> <span class='ocrx_word' id='word_1_132' title='bbox 946 1116 1030 1140; x_wconf 90' lang='lat' dir='ltr'>esse</span> <span class='ocrx_word' id='word_1_133' title='bbox 1057 1102 1332 1140; x_wconf 84' lang='lat' dir='ltr'>falsissimam.</span> <span class='ocrx_word' id='word_1_134' title='bbox 1366 1101 1512 1151; x_wconf 89' lang='lat' dir='ltr'>Itaque</span> <span class='ocrx_word' id='word_1_135' title='bbox 1539 1116 1611 1139; x_wconf 87' lang='lat' dir='ltr'>nos</span> <span class='ocrx_word' id='word_1_136' title='bbox 1649 1101 1981 1148; x_wconf 51' lang='lat' dir='ltr'>emendavimusl.</span> 
     </span>
     <span class='ocr_line' id='line_1_16' title="bbox 267 1160 1978 1211; baseline -0.001 -13"><span class='ocrx_word' id='word_1_137' title='bbox 267 1161 329 1198; x_wconf 90' lang='lat' dir='ltr'>usi</span> <span class='ocrx_word' id='word_1_138' title='bbox 350 1161 391 1198; x_wconf 89' lang='lat' dir='ltr'>in</span> <span class='ocrx_word' id='word_1_139' title='bbox 409 1161 550 1211; x_wconf 86' lang='lat' dir='ltr'>primis</span> <span class='ocrx_word' id='word_1_140' title='bbox 572 1162 825 1199; x_wconf 80' lang='lat' dir='ltr'>auctoritate</span> <span class='ocrx_word' id='word_1_141' title='bbox 846 1161 1090 1200; x_wconf 76' lang='lat' dir='ltr'>testamenti</span> <span class='ocrx_word' id='word_1_142' title='bbox 1111 1162 1297 1211; x_wconf 85' lang='lat' dir='ltr'>ejusdem</span> <span class='ocrx_word' id='word_1_143' title='bbox 1313 1161 1473 1211; x_wconf 89' lang='lat' dir='ltr'>Anglici</span> <span class='ocrx_word' id='word_1_144' title='bbox 1489 1160 1517 1209; x_wconf 78' lang='lat'>4,</span> <span class='ocrx_word' id='word_1_145' title='bbox 1532 1161 1573 1198; x_wconf 91' lang='lat' dir='ltr'>in</span> <span class='ocrx_word' id='word_1_146' title='bbox 1590 1175 1670 1211; x_wconf 89' lang='lat' dir='ltr'>quo</span> <span class='ocrx_word' id='word_1_147' title='bbox 1692 1161 1723 1199; x_wconf 87' lang='lat' dir='ltr'>is</span> <span class='ocrx_word' id='word_1_148' title='bbox 1744 1161 1855 1210; x_wconf 86' lang='lat' dir='ltr'>legat</span> <span class='ocrx_word' id='word_1_149' title='bbox 1869 1160 1978 1210; x_wconf 89' lang='lat' dir='ltr'>prio—</span> 
     </span>
     <span class='ocr_line' id='line_1_17' title="bbox 269 1219 1981 1270; baseline -0.001 -12"><span class='ocrx_word' id='word_1_150' title='bbox 269 1221 377 1259; x_wconf 88' lang='lat' dir='ltr'>ratui</span> <span class='ocrx_word' id='word_1_151' title='bbox 398 1220 537 1259; x_wconf 87' lang='lat' dir='ltr'>Sancti</span> <span class='ocrx_word' id='word_1_152' title='bbox 559 1221 674 1259; x_wconf 80' lang='lat' dir='ltr'>Petri</span> <span class='ocrx_word' id='word_1_153' title='bbox 692 1221 866 1269; x_wconf 79' lang='lat' dir='ltr'>Diensis,</span> <span class='ocrx_word' id='word_1_154' title='bbox 889 1221 1040 1258; x_wconf 86' lang='lat' dir='ltr'>ordinis</span> <span class='ocrx_word' id='word_1_155' title='bbox 1061 1221 1193 1259; x_wconf 86' lang='lat' dir='ltr'>sancti</span> <span class='ocrx_word' id='word_1_156' title='bbox 1212 1220 1447 1270; x_wconf 77' lang='lat' dir='ltr'>Augustini,</span> <span class='ocrx_word' id='word_1_157' title='bbox 1469 1221 1779 1270; x_wconf 80' lang='lat' dir='ltr'>quinquagenta</span> <span class='ocrx_word' id='word_1_158' title='bbox 1801 1219 1981 1258; x_wconf 76' lang='lat' dir='ltr'>florenos</span> 
     </span>
     <span class='ocr_line' id='line_1_18' title="bbox 268 1279 1981 1330; baseline 0 -14"><span class='ocrx_word' id='word_1_159' title='bbox 268 1280 319 1317; x_wconf 87' lang='lat' dir='ltr'>ad</span> <span class='ocrx_word' id='word_1_160' title='bbox 343 1280 576 1319; x_wconf 86' lang='lat' dir='ltr'>faciendam</span> <span class='ocrx_word' id='word_1_161' title='bbox 598 1294 724 1318; x_wconf 89' lang='lat' dir='ltr'>unam</span> <span class='ocrx_word' id='word_1_162' title='bbox 747 1294 995 1330; x_wconf 87' lang='lat' dir='ltr'>campanam</span> <span class='ocrx_word' id='word_1_163' title='bbox 1015 1280 1055 1318; x_wconf 90' lang='lat' dir='ltr'>in</span> <span class='ocrx_word' id='word_1_164' title='bbox 1080 1280 1191 1318; x_wconf 85' lang='lat' dir='ltr'>dicto</span> <span class='ocrx_word' id='word_1_165' title='bbox 1213 1281 1412 1330; x_wconf 88' lang='lat' dir='ltr'>prioratu.</span> <span class='ocrx_word' id='word_1_166' title='bbox 1438 1280 1643 1318; x_wconf 86' lang='lat' dir='ltr'>Ecclesiae</span> <span class='ocrx_word' id='word_1_167' title='bbox 1667 1280 1703 1318; x_wconf 85' lang='lat' dir='ltr'>S.</span> <span class='ocrx_word' id='word_1_168' title='bbox 1729 1279 1839 1318; x_wconf 87' lang='lat' dir='ltr'>Petri</span> <span class='ocrx_word' id='word_1_169' title='bbox 1861 1293 1981 1318; x_wconf 82' lang='lat' dir='ltr'>secus</span> 
     </span>
     <span class='ocr_line' id='line_1_19' title="bbox 271 1337 1982 1387; baseline 0 -12"><span class='ocrx_word' id='word_1_170' title='bbox 271 1339 391 1376; x_wconf 88' lang='lat' dir='ltr'>Diam</span> <span class='ocrx_word' id='word_1_171' title='bbox 417 1341 573 1378; x_wconf 87' lang='lat' dir='ltr'>mentio</span> <span class='ocrx_word' id='word_1_172' title='bbox 600 1340 778 1378; x_wconf 88' lang='lat' dir='ltr'>habetur</span> <span class='ocrx_word' id='word_1_173' title='bbox 802 1340 844 1377; x_wconf 92' lang='lat' dir='ltr'>in</span> <span class='ocrx_word' id='word_1_174' title='bbox 870 1340 981 1378; x_wconf 90' lang='lat' dir='ltr'>bulla</span> <span class='ocrx_word' id='word_1_175' title='bbox 1010 1340 1168 1378; x_wconf 87' lang='lat' dir='ltr'>Urbani</span> <span class='ocrx_word' id='word_1_176' title='bbox 1198 1340 1237 1377; x_wconf 93' lang='lat' dir='ltr'>II</span> <span class='ocrx_word' id='word_1_177' title='bbox 1264 1340 1316 1377; x_wconf 93' lang='lat' dir='ltr'>ad</span> <span class='ocrx_word' id='word_1_178' title='bbox 1342 1339 1808 1387; x_wconf 76' lang='lat' dir='ltr'>Arbericum‚abbatem</span> <span class='ocrx_word' id='word_1_179' title='bbox 1836 1337 1982 1376; x_wconf 79' lang='lat' dir='ltr'>Sancti.</span> 
     </span>
     <span class='ocr_line' id='line_1_20' title="bbox 269 1398 1024 1438; baseline 0.004 -3"><span class='ocrx_word' id='word_1_180' title='bbox 269 1398 365 1436; x_wconf 85' lang='lat' dir='ltr'>Rufi</span> <span class='ocrx_word' id='word_1_181' title='bbox 395 1409 511 1438; x_wconf 73' lang='lat' dir='ltr'>extra</span> <span class='ocrx_word' id='word_1_182' title='bbox 539 1414 676 1438; x_wconf 91' lang='lat' dir='ltr'>muros</span> <span class='ocrx_word' id='word_1_183' title='bbox 705 1400 1024 1438; x_wconf 85' lang='lat' dir='ltr'>Avenionenses.</span> 
     </span>
    </p>

    <p class='ocr_par' dir='ltr' id='par_1_4' title="bbox 322 1458 1759 1509">
     <span class='ocr_line' id='line_1_21' title="bbox 322 1458 1759 1509; baseline 0.001 -13"><span class='ocrx_word' id='word_1_184' title='bbox 322 1459 364 1498; x_wconf 90' lang='lat' dir='ltr'>P.</span> <span class='ocrx_word' id='word_1_185' title='bbox 387 1459 477 1508; x_wconf 87' lang='grc'>351,</span> <span class='ocrx_word' id='word_1_186' title='bbox 497 1460 563 1509; x_wconf 90' lang='lat' dir='ltr'>lig.</span> <span class='ocrx_word' id='word_1_187' title='bbox 586 1459 647 1498; x_wconf 86' lang='lat'>31.</span> <span class='ocrx_word' id='word_1_188' title='bbox 672 1459 847 1498; x_wconf 80' lang='lat' dir='ltr'>FURNIS.</span> <span class='ocrx_word' id='word_1_189' title='bbox 871 1459 968 1497; x_wconf 89' lang='lat' dir='ltr'>Voir</span> <span class='ocrx_word' id='word_1_190' title='bbox 987 1459 1403 1497; x_wconf 76' lang='lat' dir='ltr'>Albanes-Chevalier</span> <span class='ocrx_word' id='word_1_191' title='bbox 1424 1460 1483 1508; x_wconf 77' lang='lat' dir='ltr'>(ut</span> <span class='ocrx_word' id='word_1_192' title='bbox 1500 1473 1546 1507; x_wconf 78' lang='grc'>3.,</span> <span class='ocrx_word' id='word_1_193' title='bbox 1566 1473 1605 1498; x_wconf 89' lang='lat' dir='ltr'>n.</span> <span class='ocrx_word' id='word_1_194' title='bbox 1628 1458 1759 1508; x_wconf 84' lang='grc'>1346).</span> 
     </span>
    </p>

    <p class='ocr_par' dir='ltr' id='par_1_5' title="bbox 322 1517 1877 1569">
     <span class='ocr_line' id='line_1_22' title="bbox 322 1517 1877 1569; baseline 0.001 -14"><span class='ocrx_word' id='word_1_195' title='bbox 322 1519 364 1558; x_wconf 87' lang='grc' dir='ltr'>Ρ.</span> <span class='ocrx_word' id='word_1_196' title='bbox 389 1518 479 1567; x_wconf 88' lang='grc'>352,</span> <span class='ocrx_word' id='word_1_197' title='bbox 502 1520 568 1569; x_wconf 88' lang='lat' dir='ltr'>lig.</span> <span class='ocrx_word' id='word_1_198' title='bbox 593 1519 627 1558; x_wconf 82' lang='lat'>2.</span> <span class='ocrx_word' id='word_1_199' title='bbox 657 1520 703 1556; x_wconf 83' lang='lat' dir='ltr'>IN</span> <span class='ocrx_word' id='word_1_200' title='bbox 727 1519 1156 1557; x_wconf 81' lang='lat' dir='ltr'>MONTEPESSULANO.</span> <span class='ocrx_word' id='word_1_201' title='bbox 1179 1518 1281 1557; x_wconf 87' lang='lat' dir='ltr'>Vide</span> <span class='ocrx_word' id='word_1_202' title='bbox 1305 1518 1542 1566; x_wconf 73' lang='lat' dir='ltr'>Gariellum,</span> <span class='ocrx_word' id='word_1_203' title='bbox 1562 1532 1649 1568; x_wconf 90' lang='lat' dir='ltr'>par.</span> <span class='ocrx_word' id='word_1_204' title='bbox 1678 1518 1731 1566; x_wconf 83' lang='grc' dir='ltr'>ΙΙ,</span> <span class='ocrx_word' id='word_1_205' title='bbox 1754 1533 1791 1568; x_wconf 91' lang='lat' dir='ltr'>p.</span> <span class='ocrx_word' id='word_1_206' title='bbox 1815 1517 1877 1557; x_wconf 82' lang='grc'>80.</span> 
     </span>
    </p>

    <p class='ocr_par' dir='ltr' id='par_1_6' title="bbox 265 1577 1993 2044">
     <span class='ocr_line' id='line_1_23' title="bbox 320 1577 1980 1628; baseline -0.001 -12"><span class='ocrx_word' id='word_1_207' title='bbox 320 1579 362 1618; x_wconf 91' lang='lat' dir='ltr'>P.</span> <span class='ocrx_word' id='word_1_208' title='bbox 396 1578 485 1627; x_wconf 85' lang='grc'>352,</span> <span class='ocrx_word' id='word_1_209' title='bbox 516 1579 582 1628; x_wconf 89' lang='lat' dir='ltr'>lig.</span> <span class='ocrx_word' id='word_1_210' title='bbox 618 1578 677 1617; x_wconf 92' lang='lat'>11.</span> <span class='ocrx_word' id='word_1_211' title='bbox 711 1579 951 1617; x_wconf 78' lang='lat' dir='ltr'>GASTONEM</span> <span class='ocrx_word' id='word_1_212' title='bbox 985 1592 1176 1616; x_wconf 82' lang='lat' dir='ltr'>c0M1TEM</span> <span class='ocrx_word' id='word_1_213' title='bbox 1209 1578 1318 1615; x_wconf 75' lang='lat' dir='ltr'>an1</span> <span class='ocrx_word' id='word_1_214' title='bbox 1350 1585 1623 1628; x_wconf 86' lang='lat' dir='ltr'>cognomento</span> <span class='ocrx_word' id='word_1_215' title='bbox 1654 1577 1879 1616; x_wconf 90' lang='lat' dir='ltr'>Phoebum.</span> <span class='ocrx_word' id='word_1_216' title='bbox 1915 1577 1980 1615; x_wconf 81' lang='lat' dir='ltr'>De</span> 
     </span>
     <span class='ocr_line' id='line_1_24' title="bbox 267 1635 1993 1687; baseline -0.002 -12"><span class='ocrx_word' id='word_1_217' title='bbox 267 1639 343 1677; x_wconf 87' lang='lat' dir='ltr'>hoc</span> <span class='ocrx_word' id='word_1_218' title='bbox 372 1639 479 1677; x_wconf 89' lang='lat' dir='ltr'>bello</span> <span class='ocrx_word' id='word_1_219' title='bbox 509 1639 565 1676; x_wconf 86' lang='lat' dir='ltr'>sic</span> <span class='ocrx_word' id='word_1_220' title='bbox 593 1638 735 1676; x_wconf 87' lang='lat' dir='ltr'>scribit</span> <span class='ocrx_word' id='word_1_221' title='bbox 764 1638 1005 1687; x_wconf 75' lang='lat' dir='ltr'>Aymerieus</span> <span class='ocrx_word' id='word_1_222' title='bbox 1035 1638 1164 1675; x_wconf 87' lang='lat' dir='ltr'>abbas</span> <span class='ocrx_word' id='word_1_223' title='bbox 1194 1637 1506 1686; x_wconf 76' lang='lat' dir='ltr'>Moyssiacensis</span> <span class='ocrx_word' id='word_1_224' title='bbox 1535 1637 1577 1674; x_wconf 92' lang='lat' dir='ltr'>in</span> <span class='ocrx_word' id='word_1_225' title='bbox 1605 1651 1678 1675; x_wconf 91' lang='lat' dir='ltr'>suo</span> <span class='ocrx_word' id='word_1_226' title='bbox 1708 1636 1902 1674; x_wconf 75' lang='lat' dir='ltr'>Chronico</span> <span class='ocrx_word' id='word_1_227' title='bbox 1920 1635 1935 1658; x_wconf 83' lang='lat'>5</span> <span class='ocrx_word' id='word_1_228' title='bbox 1966 1652 1993 1679; x_wconf 15' lang='lat'>:7</span> 
     </span>
     <span class='ocr_line' id='line_1_25' title="bbox 267 1695 1979 1747; baseline -0.002 -12"><span class='ocrx_word' id='word_1_229' title='bbox 267 1698 345 1747; x_wconf 78' lang='lat' dir='ltr'>Qui</span> <span class='ocrx_word' id='word_1_230' title='bbox 372 1698 528 1747; x_wconf 77' lang='lat' dir='ltr'>quidem</span> <span class='ocrx_word' id='word_1_231' title='bbox 553 1712 677 1735; x_wconf 79' lang='lat' dir='ltr'>comes</span> <span class='ocrx_word' id='word_1_232' title='bbox 703 1697 843 1735; x_wconf 75' lang='lat' dir='ltr'>habuit</span> <span class='ocrx_word' id='word_1_233' title='bbox 871 1697 1012 1734; x_wconf 75' lang='lat' dir='ltr'>bellum</span> <span class='ocrx_word' id='word_1_234' title='bbox 1038 1705 1207 1746; x_wconf 80' lang='lat' dir='ltr'>tempore</span> <span class='ocrx_word' id='word_1_235' title='bbox 1232 1697 1336 1746; x_wconf 77' lang='lat' dir='ltr'>regis</span> <span class='ocrx_word' id='word_1_236' title='bbox 1362 1696 1506 1734; x_wconf 74' lang='lat' dir='ltr'>Karolz&#39;</span> <span class='ocrx_word' id='word_1_237' title='bbox 1530 1696 1659 1745; x_wconf 73' lang='lat' dir='ltr'>patris</span> <span class='ocrx_word' id='word_1_238' title='bbox 1683 1696 1805 1745; x_wconf 77' lang='lat' dir='ltr'>hujus</span> <span class='ocrx_word' id='word_1_239' title='bbox 1830 1695 1979 1733; x_wconf 77' lang='lat' dir='ltr'>Karoli</span> 
     </span>
     <span class='ocr_line' id='line_1_26' title="bbox 266 1755 1982 1806; baseline -0.002 -11"><span class='ocrx_word' id='word_1_240' title='bbox 266 1772 354 1795; x_wconf 76' lang='lat' dir='ltr'>cum</span> <span class='ocrx_word' id='word_1_241' title='bbox 380 1757 563 1794; x_wconf 77' lang='lat' dir='ltr'>Johanne</span> <span class='ocrx_word' id='word_1_242' title='bbox 585 1757 722 1795; x_wconf 81' lang='lat' dir='ltr'>comite</span> <span class='ocrx_word' id='word_1_243' title='bbox 743 1757 996 1804; x_wconf 75' lang='lat' dir='ltr'>Armaniaci,</span> <span class='ocrx_word' id='word_1_244' title='bbox 1020 1765 1054 1794; x_wconf 81' lang='lat' dir='ltr'>et</span> <span class='ocrx_word' id='word_1_245' title='bbox 1076 1757 1211 1806; x_wconf 75' lang='lat' dir='ltr'>ipsum</span> <span class='ocrx_word' id='word_1_246' title='bbox 1233 1756 1335 1805; x_wconf 79' lang='lat' dir='ltr'>cepit</span> <span class='ocrx_word' id='word_1_247' title='bbox 1356 1770 1444 1793; x_wconf 77' lang='lat' dir='ltr'>cum</span> <span class='ocrx_word' id='word_1_248' title='bbox 1465 1756 1552 1793; x_wconf 75' lang='lat' dir='ltr'>suis</span> <span class='ocrx_word' id='word_1_249' title='bbox 1574 1755 1831 1804; x_wconf 71' lang='lat' dir='ltr'>confederatis</span> <span class='ocrx_word' id='word_1_250' title='bbox 1852 1770 1982 1805; x_wconf 80' lang='lat' dir='ltr'>prope·</span> 
     </span>
     <span class='ocr_line' id='line_1_27' title="bbox 265 1813 1976 1863; baseline 0 -10"><span class='ocrx_word' id='word_1_251' title='bbox 265 1817 502 1854; x_wconf 72' lang='lat' dir='ltr'>Lazmacum</span> <span class='ocrx_word' id='word_1_252' title='bbox 538 1817 703 1854; x_wconf 78' lang='lat' dir='ltr'>diocesis</span> <span class='ocrx_word' id='word_1_253' title='bbox 743 1816 973 1855; x_wconf 74' lang='lat' dir='ltr'>Tholosane.</span> <span class='ocrx_word' id='word_1_254' title='bbox 1014 1816 1115 1854; x_wconf 86' lang='lat' dir='ltr'>Vide</span> <span class='ocrx_word' id='word_1_255' title='bbox 1152 1815 1370 1863; x_wconf 79' lang='lat' dir='ltr'>Catellum,</span> <span class='ocrx_word' id='word_1_256' title='bbox 1406 1815 1475 1854; x_wconf 87' lang='lat' dir='ltr'>lib.</span> <span class='ocrx_word' id='word_1_257' title='bbox 1518 1815 1573 1852; x_wconf 92' lang='lat' dir='ltr'>IV</span> <span class='ocrx_word' id='word_1_258' title='bbox 1609 1814 1842 1853; x_wconf 79' lang='lat' dir='ltr'>Memoriar.</span> <span class='ocrx_word' id='word_1_259' title='bbox 1882 1813 1976 1853; x_wconf 66' lang='lat' dir='ltr'>hist.</span> 
     </span>
     <span class='ocr_line' id='line_1_28' title="bbox 268 1873 1980 1926; baseline -0.001 -13"><span class='ocrx_word' id='word_1_260' title='bbox 268 1876 402 1924; x_wconf 57' lang='lat' dir='ltr'>Occit„</span> <span class='ocrx_word' id='word_1_261' title='bbox 431 1891 469 1926; x_wconf 90' lang='lat' dir='ltr'>p.</span> <span class='ocrx_word' id='word_1_262' title='bbox 500 1875 590 1924; x_wconf 78' lang='grc'>693,</span> <span class='ocrx_word' id='word_1_263' title='bbox 619 1885 660 1914; x_wconf 86' lang='lat' dir='ltr'>et</span> <span class='ocrx_word' id='word_1_264' title='bbox 688 1876 950 1913; x_wconf 89' lang='lat' dir='ltr'>Matthaeum</span> <span class='ocrx_word' id='word_1_265' title='bbox 978 1875 1216 1923; x_wconf 58' lang='lat' dir='ltr'>villanum,</span> <span class='ocrx_word' id='word_1_266' title='bbox 1245 1875 1313 1913; x_wconf 87' lang='lat' dir='ltr'>lib.</span> <span class='ocrx_word' id='word_1_267' title='bbox 1348 1874 1526 1924; x_wconf 69' lang='lat' dir='ltr'>IX.cap.</span> <span class='ocrx_word' id='word_1_268' title='bbox 1558 1888 1700 1921; x_wconf 59' lang='lat' dir='ltr'>vam.</span> <span class='ocrx_word' id='word_1_269' title='bbox 1729 1882 1770 1912; x_wconf 87' lang='lat' dir='ltr'>et</span> <span class='ocrx_word' id='word_1_270' title='bbox 1796 1874 1864 1912; x_wconf 88' lang='lat' dir='ltr'>lib.</span> <span class='ocrx_word' id='word_1_271' title='bbox 1897 1873 1980 1921; x_wconf 67' lang='lat' dir='ltr'>XI,</span> 
     </span>
     <span class='ocr_line' id='line_1_29' title="bbox 267 1933 1978 1985; baseline -0.001 -12"><span class='ocrx_word' id='word_1_272' title='bbox 267 1950 354 1985; x_wconf 88' lang='lat' dir='ltr'>cap.</span> <span class='ocrx_word' id='word_1_273' title='bbox 382 1950 518 1972; x_wconf 78' lang='lat' dir='ltr'>xxxvl</span> <span class='ocrx_word' id='word_1_274' title='bbox 553 1935 782 1984; x_wconf 65' lang='lat' dir='ltr'>[Muratori‚</span> <span class='ocrx_word' id='word_1_275' title='bbox 818 1943 847 1973; x_wconf 89' lang='lat' dir='ltr'>t.</span> <span class='ocrx_word' id='word_1_276' title='bbox 875 1949 960 1982; x_wconf 76' lang='lat' dir='ltr'>XIV,</span> <span class='ocrx_word' id='word_1_277' title='bbox 985 1936 1058 1974; x_wconf 84' lang='lat' dir='ltr'>col.</span> <span class='ocrx_word' id='word_1_278' title='bbox 1084 1934 1160 1972; x_wconf 79' lang='grc'>588</span> <span class='ocrx_word' id='word_1_279' title='bbox 1183 1943 1223 1973; x_wconf 88' lang='lat' dir='ltr'>et</span> <span class='ocrx_word' id='word_1_280' title='bbox 1247 1934 1360 1984; x_wconf 65' lang='grc'>7151.</span> <span class='ocrx_word' id='word_1_281' title='bbox 1388 1934 1447 1972; x_wconf 90' lang='lat' dir='ltr'>Dc</span> <span class='ocrx_word' id='word_1_282' title='bbox 1464 1934 1562 1984; x_wconf 48' lang='lat' dir='ltr'>‘ejus</span> <span class='ocrx_word' id='word_1_283' title='bbox 1586 1941 1718 1972; x_wconf 90' lang='lat' dir='ltr'>morte</span> <span class='ocrx_word' id='word_1_284' title='bbox 1741 1933 1978 1971; x_wconf 63' lang='lat' dir='ltr'>videbimus</span> 
     </span>
     <span class='ocr_line' id='line_1_30' title="bbox 267 1993 685 2044; baseline 0.002 -12"><span class='ocrx_word' id='word_1_285' title='bbox 267 1995 373 2032; x_wconf 84' lang='lat' dir='ltr'>infra</span> <span class='ocrx_word' id='word_1_286' title='bbox 405 1993 448 2044; x_wconf 83' lang='lat' dir='ltr'>[t.</span> <span class='ocrx_word' id='word_1_287' title='bbox 477 1993 503 2043; x_wconf 82' lang='lat'>1]</span> <span class='ocrx_word' id='word_1_288' title='bbox 529 2010 567 2044; x_wconf 87' lang='lat' dir='ltr'>p.</span> <span class='ocrx_word' id='word_1_289' title='bbox 598 1994 685 2033; x_wconf 84' lang='grc'>527.</span> 
     </span>
    </p>

    <p class='ocr_par' dir='ltr' id='par_1_7' title="bbox 264 2050 1979 2341">
     <span class='ocr_line' id='line_1_31' title="bbox 320 2050 1979 2103; baseline -0.001 -12"><span class='ocrx_word' id='word_1_290' title='bbox 320 2055 361 2093; x_wconf 90' lang='lat' dir='ltr'>P.</span> <span class='ocrx_word' id='word_1_291' title='bbox 388 2054 477 2101; x_wconf 82' lang='lat'>352,</span> <span class='ocrx_word' id='word_1_292' title='bbox 501 2054 567 2103; x_wconf 88' lang='lat' dir='ltr'>lig.</span> <span class='ocrx_word' id='word_1_293' title='bbox 595 2054 654 2092; x_wconf 86' lang='lat'>13.</span> <span class='ocrx_word' id='word_1_294' title='bbox 682 2054 926 2091; x_wconf 75' lang='lat' dir='ltr'>JOHANNEM</span> <span class='ocrx_word' id='word_1_295' title='bbox 953 2068 1144 2091; x_wconf 80' lang='lat' dir='ltr'><strong>COMITEM</strong></span> <span class='ocrx_word' id='word_1_296' title='bbox 1169 2052 1495 2099; x_wconf 75' lang='lat' dir='ltr'>ARMANJAc1‚de</span> <span class='ocrx_word' id='word_1_297' title='bbox 1519 2066 1600 2102; x_wconf 90' lang='lat' dir='ltr'>quo</span> <span class='ocrx_word' id='word_1_298' title='bbox 1623 2066 1745 2102; x_wconf 86' lang='lat' dir='ltr'>supra</span> <span class='ocrx_word' id='word_1_299' title='bbox 1768 2066 1806 2101; x_wconf 93' lang='lat' dir='ltr'>p.</span> <span class='ocrx_word' id='word_1_300' title='bbox 1833 2050 1909 2089; x_wconf 83' lang='grc'>620</span> <span class='ocrx_word' id='word_1_301' title='bbox 1932 2060 1979 2090; x_wconf 80' lang='lat' dir='ltr'>et.</span> 
     </span>
     <span class='ocr_line' id='line_1_32' title="bbox 268 2112 1974 2161; baseline -0.002 -10"><span class='ocrx_word' id='word_1_302' title='bbox 268 2114 342 2151; x_wconf 78' lang='grc'>945</span> <span class='ocrx_word' id='word_1_303' title='bbox 374 2114 570 2151; x_wconf 85' lang='lat' dir='ltr'>nonnulla</span> <span class='ocrx_word' id='word_1_304' title='bbox 604 2113 714 2151; x_wconf 88' lang='lat' dir='ltr'>dicta</span> <span class='ocrx_word' id='word_1_305' title='bbox 746 2122 855 2151; x_wconf 90' lang='lat' dir='ltr'>sunt.</span> <span class='ocrx_word' id='word_1_306' title='bbox 892 2113 964 2150; x_wconf 89' lang='lat' dir='ltr'>His</span> <span class='ocrx_word' id='word_1_307' title='bbox 996 2127 1104 2150; x_wconf 89' lang='lat' dir='ltr'>nunc</span> <span class='ocrx_word' id='word_1_308' title='bbox 1135 2113 1285 2151; x_wconf 87' lang='lat' dir='ltr'>addere</span> <span class='ocrx_word' id='word_1_309' title='bbox 1315 2112 1445 2159; x_wconf 83' lang='lat' dir='ltr'>lubet,</span> <span class='ocrx_word' id='word_1_310' title='bbox 1478 2127 1524 2150; x_wconf 90' lang='lat' dir='ltr'>eo</span> <span class='ocrx_word' id='word_1_311' title='bbox 1554 2112 1642 2161; x_wconf 82' lang='lat' dir='ltr'>ipso</span> <span class='ocrx_word' id='word_1_312' title='bbox 1673 2119 1858 2161; x_wconf 84' lang='lat' dir='ltr'>tempore</span> <span class='ocrx_word' id='word_1_313' title='bbox 1890 2125 1974 2160; x_wconf 85' lang='lat' dir='ltr'>quo</span> 
     </span>
     <span class='ocr_line' id='line_1_33' title="bbox 265 2170 1978 2222; baseline -0.002 -11"><span class='ocrx_word' id='word_1_314' title='bbox 265 2173 418 2211; x_wconf 85' lang='lat' dir='ltr'>belluni</span> <span class='ocrx_word' id='word_1_315' title='bbox 445 2173 521 2211; x_wconf 91' lang='lat' dir='ltr'>hoc</span> <span class='ocrx_word' id='word_1_316' title='bbox 550 2173 768 2222; x_wconf 81' lang='lat' dir='ltr'>gerebatur</span> <span class='ocrx_word' id='word_1_317' title='bbox 797 2172 1071 2210; x_wconf 83' lang='lat' dir='ltr'>confessorem</span> <span class='ocrx_word' id='word_1_318' title='bbox 1098 2172 1221 2221; x_wconf 86' lang='lat' dir='ltr'>hujus</span> <span class='ocrx_word' id='word_1_319' title='bbox 1242 2172 1402 2209; x_wconf 87' lang='lat' dir='ltr'>comitis</span> <span class='ocrx_word' id='word_1_320' title='bbox 1432 2170 1554 2209; x_wconf 82' lang='lat' dir='ltr'>fuisse</span> <span class='ocrx_word' id='word_1_321' title='bbox 1581 2171 1753 2208; x_wconf 86' lang='lat' dir='ltr'>fratrem</span> <span class='ocrx_word' id='word_1_322' title='bbox 1778 2170 1978 2208; x_wconf 85' lang='lat' dir='ltr'>Sancium</span> 
     </span>
     <span class='ocr_line' id='line_1_34' title="bbox 265 2229 1977 2279; baseline -0.003 -9"><span class='ocrx_word' id='word_1_323' title='bbox 265 2232 313 2270; x_wconf 87' lang='lat' dir='ltr'>de</span> <span class='ocrx_word' id='word_1_324' title='bbox 340 2233 490 2279; x_wconf 78' lang='lat' dir='ltr'>Ficola,</span> <span class='ocrx_word' id='word_1_325' title='bbox 518 2232 668 2270; x_wconf 86' lang='lat' dir='ltr'>ordinis</span> <span class='ocrx_word' id='word_1_326' title='bbox 696 2232 1047 2279; x_wconf 80' lang='lat' dir='ltr'>Praedicatomm,</span> <span class='ocrx_word' id='word_1_327' title='bbox 1075 2232 1295 2269; x_wconf 86' lang='lat' dir='ltr'>oriundum</span> <span class='ocrx_word' id='word_1_328' title='bbox 1321 2231 1369 2269; x_wconf 91' lang='lat' dir='ltr'>de</span> <span class='ocrx_word' id='word_1_329' title='bbox 1396 2230 1629 2268; x_wconf 77' lang='lat' dir='ltr'>Salvaterra</span> <span class='ocrx_word' id='word_1_330' title='bbox 1655 2229 1848 2268; x_wconf 85' lang='lat' dir='ltr'>dioecesis</span> <span class='ocrx_word' id='word_1_331' title='bbox 1874 2229 1977 2266; x_wconf 91' lang='lat' dir='ltr'>Tar-</span> 
     </span>
     <span class='ocr_line' id='line_1_35' title="bbox 264 2289 1875 2341; baseline -0.001 -12"><span class='ocrx_word' id='word_1_332' title='bbox 264 2292 426 2338; x_wconf 76' lang='lat' dir='ltr'>biensis,</span> <span class='ocrx_word' id='word_1_333' title='bbox 446 2300 492 2329; x_wconf 86' lang='lat' dir='ltr'>ut</span> <span class='ocrx_word' id='word_1_334' title='bbox 509 2292 657 2341; x_wconf 88' lang='lat' dir='ltr'>legitur</span> <span class='ocrx_word' id='word_1_335' title='bbox 673 2292 714 2329; x_wconf 88' lang='lat' dir='ltr'>in</span> <span class='ocrx_word' id='word_1_336' title='bbox 738 2291 865 2328; x_wconf 62' lang='lat' dir='ltr'>Veteri</span> <span class='ocrx_word' id='word_1_337' title='bbox 883 2291 1010 2328; x_wconf 76' lang='lat' dir='ltr'>codice</span> <span class='ocrx_word' id='word_1_338' title='bbox 1027 2304 1099 2329; x_wconf 86' lang='lat' dir='ltr'>ms.</span> <span class='ocrx_word' id='word_1_339' title='bbox 1123 2290 1313 2328; x_wconf 83' lang='lat' dir='ltr'>Fratrum</span> <span class='ocrx_word' id='word_1_340' title='bbox 1333 2290 1671 2328; x_wconf 87' lang='lat' dir='ltr'>Praedicatorum</span> <span class='ocrx_word' id='word_1_341' title='bbox 1693 2289 1875 2327; x_wconf 89' lang='lat' dir='ltr'>Tolosae.</span> 
     </span>
    </p>

    <p class='ocr_par' dir='ltr' id='par_1_8' title="bbox 264 2341 1977 2459">
     <span class='ocr_line' id='line_1_36' title="bbox 320 2341 1977 2400; baseline -0.002 -12"><span class='ocrx_word' id='word_1_342' title='bbox 320 2351 361 2390; x_wconf 83' lang='lat' dir='ltr'>P.</span> <span class='ocrx_word' id='word_1_343' title='bbox 385 2350 476 2398; x_wconf 89' lang='grc'>352,</span> <span class='ocrx_word' id='word_1_344' title='bbox 497 2352 564 2400; x_wconf 88' lang='lat' dir='ltr'>lig.</span> <span class='ocrx_word' id='word_1_345' title='bbox 590 2351 649 2389; x_wconf 82' lang='grc'>14.</span> <span class='ocrx_word' id='word_1_346' title='bbox 688 2351 966 2388; x_wconf 73' lang='lat' dir='ltr'>INTEREMPU.</span> <span class='ocrx_word' id='word_1_347' title='bbox 991 2350 1088 2387; x_wconf 90' lang='lat' dir='ltr'>Voir</span> <span class='ocrx_word' id='word_1_348' title='bbox 1110 2350 1161 2388; x_wconf 88' lang='lat' dir='ltr'>M.</span> <span class='ocrx_word' id='word_1_349' title='bbox 1188 2350 1294 2387; x_wconf 83' lang='lat' dir='ltr'>Prou</span> <span class='ocrx_word' id='word_1_350' title='bbox 1319 2341 1474 2399; x_wconf 68' lang='grc' dir='ltr'>(Εῑαάε,</span> <span class='ocrx_word' id='word_1_351' title='bbox 1497 2364 1535 2399; x_wconf 91' lang='lat' dir='ltr'>p.</span> <span class='ocrx_word' id='word_1_352' title='bbox 1562 2348 1696 2397; x_wconf 78' lang='lat'>15-17)</span> <span class='ocrx_word' id='word_1_353' title='bbox 1720 2356 1760 2386; x_wconf 91' lang='lat' dir='ltr'>et</span> <span class='ocrx_word' id='word_1_354' title='bbox 1792 2347 1977 2385; x_wconf 66' lang='lat' dir='ltr'>Grandes</span> 
     </span>
     <span class='ocr_line' id='line_1_37' title="bbox 264 2408 1417 2459; baseline 0 -12"><span class='ocrx_word' id='word_1_355' title='bbox 264 2410 495 2459; x_wconf 75' lang='lat' dir='ltr'>chroniques</span> <span class='ocrx_word' id='word_1_356' title='bbox 516 2411 560 2447; x_wconf 73' lang='lat' dir='ltr'>cle</span> <span class='ocrx_word' id='word_1_357' title='bbox 582 2410 735 2447; x_wconf 79' lang='lat' dir='ltr'>France</span> <span class='ocrx_word' id='word_1_358' title='bbox 759 2410 835 2459; x_wconf 75' lang='lat' dir='ltr'>(ed.</span> <span class='ocrx_word' id='word_1_359' title='bbox 863 2410 1124 2457; x_wconf 74' lang='lat' dir='ltr'>Delachenal,</span> <span class='ocrx_word' id='word_1_360' title='bbox 1148 2417 1177 2448; x_wconf 88' lang='lat' dir='ltr'>t.</span> <span class='ocrx_word' id='word_1_361' title='bbox 1200 2424 1226 2456; x_wconf 85' lang='lat'>1,</span> <span class='ocrx_word' id='word_1_362' title='bbox 1249 2424 1286 2459; x_wconf 93' lang='lat' dir='ltr'>p.</span> <span class='ocrx_word' id='word_1_363' title='bbox 1311 2408 1417 2450; x_wconf 73' lang='lat'>333).</span> 
     </span>
    </p>

    <p class='ocr_par' dir='ltr' id='par_1_9' title="bbox 261 2465 1975 2637">
     <span class='ocr_line' id='line_1_38' title="bbox 317 2465 1975 2519; baseline -0.002 -13"><span class='ocrx_word' id='word_1_364' title='bbox 317 2470 358 2508; x_wconf 90' lang='lat' dir='ltr'>P.</span> <span class='ocrx_word' id='word_1_365' title='bbox 382 2469 470 2517; x_wconf 87' lang='grc'>352,</span> <span class='ocrx_word' id='word_1_366' title='bbox 491 2470 556 2519; x_wconf 88' lang='lat' dir='ltr'>lig.</span> <span class='ocrx_word' id='word_1_367' title='bbox 582 2469 640 2507; x_wconf 82' lang='grc'>16.</span> <span class='ocrx_word' id='word_1_368' title='bbox 665 2470 898 2506; x_wconf 83' lang='lat' dir='ltr'>JOHANNES</span> <span class='ocrx_word' id='word_1_369' title='bbox 921 2483 1007 2506; x_wconf 85' lang='lat' dir='ltr'>REX</span> <span class='ocrx_word' id='word_1_370' title='bbox 1029 2469 1316 2506; x_wconf 82' lang='lat' dir='ltr'>FRANCORUM.</span> <span class='ocrx_word' id='word_1_371' title='bbox 1341 2467 1606 2514; x_wconf 77' lang='lat' dir='ltr'>Froissartus‚</span> <span class='ocrx_word' id='word_1_372' title='bbox 1636 2475 1665 2506; x_wconf 90' lang='lat' dir='ltr'>t.</span> <span class='ocrx_word' id='word_1_373' title='bbox 1689 2481 1742 2512; x_wconf 80' lang='lat' dir='ltr'>vl,</span> <span class='ocrx_word' id='word_1_374' title='bbox 1763 2481 1801 2516; x_wconf 92' lang='lat' dir='ltr'>p.</span> <span class='ocrx_word' id='word_1_375' title='bbox 1826 2465 1887 2513; x_wconf 87' lang='lat'>79,</span> <span class='ocrx_word' id='word_1_376' title='bbox 1909 2465 1975 2503; x_wconf 77' lang='lat' dir='ltr'>ait</span> 
     </span>
     <span class='ocr_line' id='line_1_39' title="bbox 261 2525 1968 2576; baseline -0.002 -10"><span class='ocrx_word' id='word_1_377' title='bbox 261 2529 377 2567; x_wconf 90' lang='lat' dir='ltr'>illum</span> <span class='ocrx_word' id='word_1_378' title='bbox 406 2529 570 2567; x_wconf 74' lang='lat' dir='ltr'>Lutetia</span> <span class='ocrx_word' id='word_1_379' title='bbox 599 2529 816 2567; x_wconf 76' lang='lat' dir='ltr'>excessisse</span> <span class='ocrx_word' id='word_1_380' title='bbox 843 2542 951 2566; x_wconf 86' lang='lat' dir='ltr'>anno</span> <span class='ocrx_word' id='word_1_381' title='bbox 980 2527 1242 2565; x_wconf 80' lang='lat' dir='ltr'>MCCCLXII</span> <span class='ocrx_word' id='word_1_382' title='bbox 1271 2535 1446 2565; x_wconf 84' lang='lat' dir='ltr'>exeunte</span> <span class='ocrx_word' id='word_1_383' title='bbox 1471 2527 1588 2576; x_wconf 86' lang='lat' dir='ltr'>junio</span> <span class='ocrx_word' id='word_1_384' title='bbox 1607 2525 1634 2574; x_wconf 74' lang='lat'>⁶,</span> <span class='ocrx_word' id='word_1_385' title='bbox 1665 2534 1706 2564; x_wconf 90' lang='lat' dir='ltr'>et</span> <span class='ocrx_word' id='word_1_386' title='bbox 1733 2539 1827 2564; x_wconf 89' lang='lat' dir='ltr'>cum</span> <span class='ocrx_word' id='word_1_387' title='bbox 1852 2525 1968 2563; x_wconf 78' lang='lat' dir='ltr'>varia</span> 
     </span>
     <span class='ocr_line' id='line_1_40' title="bbox 262 2584 1973 2637; baseline -0.002 -13"><span class='ocrx_word' id='word_1_388' title='bbox 262 2587 524 2637; x_wconf 81' lang='lat' dir='ltr'>Burgundiae</span> <span class='ocrx_word' id='word_1_389' title='bbox 547 2588 633 2626; x_wconf 88' lang='lat' dir='ltr'>loca</span> <span class='ocrx_word' id='word_1_390' title='bbox 656 2596 926 2637; x_wconf 80' lang='lat' dir='ltr'>peragrasset,</span> <span class='ocrx_word' id='word_1_391' title='bbox 950 2587 1121 2624; x_wconf 76' lang='lat' dir='ltr'>tandem</span> <span class='ocrx_word' id='word_1_392' title='bbox 1142 2587 1193 2624; x_wconf 85' lang='lat' dir='ltr'>ad</span> <span class='ocrx_word' id='word_1_393' title='bbox 1217 2586 1523 2624; x_wconf 82' lang='lat' dir='ltr'>Villamnovam</span> <span class='ocrx_word' id='word_1_394' title='bbox 1545 2594 1687 2624; x_wconf 83' lang='lat' dir='ltr'>contra</span> <span class='ocrx_word' id='word_1_395' title='bbox 1710 2584 1973 2622; x_wconf 86' lang='lat' dir='ltr'>Avenionem</span> 
     </span>
    </p>
   </div>
   <div class='ocr_carea' id='block_1_3' title="bbox 264 2751 1973 3168">
    <p class='ocr_par' dir='ltr' id='par_1_10' title="bbox 264 2751 1973 2851">
     <span class='ocr_line' id='line_1_41' title="bbox 311 2751 1973 2796; baseline 0 -10"><span class='ocrx_word' id='word_1_396' title='bbox 311 2755 326 2786; x_wconf 85' lang='lat'>1</span> <span class='ocrx_word' id='word_1_397' title='bbox 358 2754 447 2787; x_wconf 84' lang='lat' dir='ltr'>Voir</span> <span class='ocrx_word' id='word_1_398' title='bbox 475 2754 572 2787; x_wconf 90' lang='lat' dir='ltr'>aussi</span> <span class='ocrx_word' id='word_1_399' title='bbox 600 2753 978 2787; x_wconf 80' lang='lat' dir='ltr'>Albanes-Chevalier</span> <span class='ocrx_word' id='word_1_400' title='bbox 1010 2753 1149 2796; x_wconf 70' lang='lat' dir='ltr'>(Gallia</span> <span class='ocrx_word' id='word_1_401' title='bbox 1181 2753 1382 2786; x_wconf 73' lang='lat' dir='ltr'>christiana</span> <span class='ocrx_word' id='word_1_402' title='bbox 1409 2753 1619 2792; x_wconf 69' lang='lat' dir='ltr'>novissima,</span> <span class='ocrx_word' id='word_1_403' title='bbox 1650 2758 1675 2785; x_wconf 91' lang='lat' dir='ltr'>t.</span> <span class='ocrx_word' id='word_1_404' title='bbox 1706 2763 1768 2791; x_wconf 85' lang='lat' dir='ltr'>vn,</span> <span class='ocrx_word' id='word_1_405' title='bbox 1797 2762 1831 2784; x_wconf 89' lang='lat' dir='ltr'>n.</span> <span class='ocrx_word' id='word_1_406' title='bbox 1862 2751 1973 2790; x_wconf 81' lang='lat'>1315,</span> 
     </span>
     <span class='ocr_line' id='line_1_42' title="bbox 264 2808 553 2851; baseline 0.003 -12"><span class='ocrx_word' id='word_1_407' title='bbox 264 2808 354 2840; x_wconf 76' lang='grc'>1327</span> <span class='ocrx_word' id='word_1_408' title='bbox 375 2808 553 2851; x_wconf 73' lang='lat' dir='ltr'>et1329).</span> 
     </span>
    </p>

    <p class='ocr_par' dir='ltr' id='par_1_11' title="bbox 313 2860 1202 2903">
     <span class='ocr_line' id='line_1_43' title="bbox 313 2860 1202 2903; baseline 0 -11"><span class='ocrx_word' id='word_1_409' title='bbox 313 2862 342 2892; x_wconf 74' lang='lat'>2.</span> <span class='ocrx_word' id='word_1_410' title='bbox 371 2860 419 2892; x_wconf 63' lang='lat' dir='ltr'>Le</span> <span class='ocrx_word' id='word_1_411' title='bbox 447 2862 489 2894; x_wconf 78' lang='lat'>18</span> <span class='ocrx_word' id='word_1_412' title='bbox 515 2861 727 2903; x_wconf 81' lang='lat' dir='ltr'>septembre</span> <span class='ocrx_word' id='word_1_413' title='bbox 755 2861 847 2893; x_wconf 84' lang='grc'>1366</span> <span class='ocrx_word' id='word_1_414' title='bbox 877 2860 928 2902; x_wconf 75' lang='lat' dir='ltr'>(ut</span> <span class='ocrx_word' id='word_1_415' title='bbox 950 2871 991 2899; x_wconf 71' lang='lat' dir='ltr'>s..</span> <span class='ocrx_word' id='word_1_416' title='bbox 1019 2871 1053 2893; x_wconf 92' lang='lat' dir='ltr'>n.</span> <span class='ocrx_word' id='word_1_417' title='bbox 1082 2860 1202 2903; x_wconf 81' lang='lat'>1440).</span> 
     </span>
    </p>

    <p class='ocr_par' dir='ltr' id='par_1_12' title="bbox 311 2911 1657 2955">
     <span class='ocr_line' id='line_1_44' title="bbox 311 2911 1657 2955; baseline -0.001 -9"><span class='ocrx_word' id='word_1_418' title='bbox 311 2915 341 2946; x_wconf 75' lang='lat'>3.</span> <span class='ocrx_word' id='word_1_419' title='bbox 374 2916 429 2945; x_wconf 65' lang='lat' dir='ltr'>(ln</span> <span class='ocrx_word' id='word_1_420' title='bbox 453 2914 482 2946; x_wconf 86' lang='lat' dir='ltr'>le</span> <span class='ocrx_word' id='word_1_421' title='bbox 507 2920 639 2946; x_wconf 80' lang='lat' dir='ltr'>trouve</span> <span class='ocrx_word' id='word_1_422' title='bbox 662 2925 752 2946; x_wconf 82' lang='lat' dir='ltr'>avec</span> <span class='ocrx_word' id='word_1_423' title='bbox 774 2925 813 2946; x_wconf 86' lang='lat' dir='ltr'>ce</span> <span class='ocrx_word' id='word_1_424' title='bbox 835 2913 922 2946; x_wconf 86' lang='lat' dir='ltr'>titre</span> <span class='ocrx_word' id='word_1_425' title='bbox 946 2914 1008 2946; x_wconf 80' lang='lat' dir='ltr'>des</span> <span class='ocrx_word' id='word_1_426' title='bbox 1030 2913 1062 2945; x_wconf 86' lang='lat' dir='ltr'>le</span> <span class='ocrx_word' id='word_1_427' title='bbox 1084 2914 1104 2946; x_wconf 90' lang='lat'>5</span> <span class='ocrx_word' id='word_1_428' title='bbox 1127 2912 1201 2945; x_wconf 84' lang='lat' dir='ltr'>mai</span> <span class='ocrx_word' id='word_1_429' title='bbox 1224 2913 1315 2945; x_wconf 77' lang='lat'>1367</span> <span class='ocrx_word' id='word_1_430' title='bbox 1343 2913 1393 2955; x_wconf 75' lang='grc' dir='ltr'>(ιιι</span> <span class='ocrx_word' id='word_1_431' title='bbox 1413 2924 1454 2951; x_wconf 64' lang='lat' dir='ltr'>s„</span> <span class='ocrx_word' id='word_1_432' title='bbox 1478 2924 1512 2945; x_wconf 92' lang='lat' dir='ltr'>n.</span> <span class='ocrx_word' id='word_1_433' title='bbox 1537 2911 1657 2955; x_wconf 78' lang='lat'>1452).</span> 
     </span>
    </p>

    <p class='ocr_par' dir='ltr' id='par_1_13' title="bbox 311 2962 1973 3009">
     <span class='ocr_line' id='line_1_45' title="bbox 311 2962 1973 3009; baseline -0.001 -12"><span class='ocrx_word' id='word_1_434' title='bbox 311 2967 341 2998; x_wconf 76' lang='lat' dir='ltr'>si.</span> <span class='ocrx_word' id='word_1_435' title='bbox 374 2967 520 3005; x_wconf 74' lang='lat' dir='ltr'>Baluze,</span> <span class='ocrx_word' id='word_1_436' title='bbox 544 2974 567 2999; x_wconf 82' lang='grc' dir='ltr'>ί.</span> <span class='ocrx_word' id='word_1_437' title='bbox 588 2979 637 3006; x_wconf 79' lang='lat' dir='ltr'>lv,</span> <span class='ocrx_word' id='word_1_438' title='bbox 658 2979 692 3009; x_wconf 92' lang='lat' dir='ltr'>p.</span> <span class='ocrx_word' id='word_1_439' title='bbox 714 2967 800 3006; x_wconf 76' lang='lat'>340;</span> <span class='ocrx_word' id='word_1_440' title='bbox 823 2966 903 2999; x_wconf 86' lang='lat' dir='ltr'>voir</span> <span class='ocrx_word' id='word_1_441' title='bbox 921 2966 1019 2999; x_wconf 88' lang='lat' dir='ltr'>aussi</span> <span class='ocrx_word' id='word_1_442' title='bbox 1038 2965 1418 2999; x_wconf 80' lang='lat' dir='ltr'>Albanes-Chcvalier</span> <span class='ocrx_word' id='word_1_443' title='bbox 1441 2967 1509 3009; x_wconf 80' lang='lat' dir='ltr'>(op.</span> <span class='ocrx_word' id='word_1_444' title='bbox 1530 2966 1600 3004; x_wconf 56' lang='lat' dir='ltr'>cil„</span> <span class='ocrx_word' id='word_1_445' title='bbox 1621 2976 1656 2998; x_wconf 92' lang='lat' dir='ltr'>n.</span> <span class='ocrx_word' id='word_1_446' title='bbox 1678 2964 1766 2997; x_wconf 89' lang='grc'>1331</span> <span class='ocrx_word' id='word_1_447' title='bbox 1790 2970 1827 2996; x_wconf 86' lang='lat' dir='ltr'>et</span> <span class='ocrx_word' id='word_1_448' title='bbox 1845 2962 1973 3005; x_wconf 83' lang='lat'>1332)-</span> 
     </span>
    </p>

    <p class='ocr_par' dir='ltr' id='par_1_14' title="bbox 312 3019 1152 3058">
     <span class='ocr_line' id='line_1_46' title="bbox 312 3019 1152 3058; baseline 0.001 -7"><span class='ocrx_word' id='word_1_449' title='bbox 312 3020 341 3051; x_wconf 83' lang='grc'>5.</span> <span class='ocrx_word' id='word_1_450' title='bbox 373 3020 410 3052; x_wconf 66' lang='grc'>15.</span> <span class='ocrx_word' id='word_1_451' title='bbox 444 3020 498 3057; x_wconf 69' lang='lat' dir='ltr'>N..</span> <span class='ocrx_word' id='word_1_452' title='bbox 528 3032 593 3052; x_wconf 84' lang='lat' dir='ltr'>ms.</span> <span class='ocrx_word' id='word_1_453' title='bbox 623 3020 717 3052; x_wconf 75' lang='lat' dir='ltr'>latin</span> <span class='ocrx_word' id='word_1_454' title='bbox 744 3019 886 3058; x_wconf 75' lang='grc' dir='ltr'>4991Α,</span> <span class='ocrx_word' id='word_1_455' title='bbox 914 3020 976 3053; x_wconf 83' lang='lat' dir='ltr'>fol.</span> <span class='ocrx_word' id='word_1_456' title='bbox 1006 3020 1073 3052; x_wconf 74' lang='lat'>‘147</span> <span class='ocrx_word' id='word_1_457' title='bbox 1102 3023 1152 3052; x_wconf 69' lang='grc' dir='ltr'>νο.</span> 
     </span>
    </p>

    <p class='ocr_par' dir='ltr' id='par_1_15' title="bbox 265 3064 1973 3168">
     <span class='ocr_line' id='line_1_47' title="bbox 312 3064 1973 3115; baseline -0.002 -11"><span class='ocrx_word' id='word_1_458' title='bbox 312 3073 341 3104; x_wconf 75' lang='grc'>6.</span> <span class='ocrx_word' id='word_1_459' title='bbox 373 3072 421 3104; x_wconf 80' lang='lat' dir='ltr'>Le</span> <span class='ocrx_word' id='word_1_460' title='bbox 442 3073 494 3105; x_wconf 87' lang='lat' dir='ltr'>roi</span> <span class='ocrx_word' id='word_1_461' title='bbox 514 3073 632 3115; x_wconf 77' lang='lat' dir='ltr'>partit</span> <span class='ocrx_word' id='word_1_462' title='bbox 653 3073 694 3105; x_wconf 89' lang='lat' dir='ltr'>de</span> <span class='ocrx_word' id='word_1_463' title='bbox 717 3073 818 3106; x_wconf 86' lang='lat' dir='ltr'>Paris</span> <span class='ocrx_word' id='word_1_464' title='bbox 840 3083 921 3105; x_wconf 81' lang='lat' dir='ltr'>vers</span> <span class='ocrx_word' id='word_1_465' title='bbox 941 3073 972 3105; x_wconf 92' lang='lat' dir='ltr'>le</span> <span class='ocrx_word' id='word_1_466' title='bbox 994 3073 1037 3105; x_wconf 79' lang='lat'>29</span> <span class='ocrx_word' id='word_1_467' title='bbox 1057 3073 1148 3105; x_wconf 70' lang='lat' dir='ltr'>aosit</span> <span class='ocrx_word' id='word_1_468' title='bbox 1168 3072 1260 3105; x_wconf 86' lang='lat'>1362</span> <span class='ocrx_word' id='word_1_469' title='bbox 1280 3071 1402 3114; x_wconf 80' lang='lat' dir='ltr'>(Pron,</span> <span class='ocrx_word' id='word_1_470' title='bbox 1419 3064 1547 3110; x_wconf 75' lang='lat' dir='ltr'>Etude,</span> <span class='ocrx_word' id='word_1_471' title='bbox 1569 3082 1603 3114; x_wconf 91' lang='lat' dir='ltr'>p.</span> <span class='ocrx_word' id='word_1_472' title='bbox 1626 3071 1656 3110; x_wconf 85' lang='lat'>2,</span> <span class='ocrx_word' id='word_1_473' title='bbox 1675 3075 1712 3102; x_wconf 87' lang='lat' dir='ltr'>et</span> <span class='ocrx_word' id='word_1_474' title='bbox 1730 3068 1973 3108; x_wconf 81' lang='lat' dir='ltr'>Delachenal,</span> 
     </span>
     <span class='ocr_line' id='line_1_48' title="bbox 265 3124 993 3168; baseline 0.004 -13"><span class='ocrx_word' id='word_1_475' title='bbox 265 3124 424 3156; x_wconf 70' lang='lat' dir='ltr'>Histoire</span> <span class='ocrx_word' id='word_1_476' title='bbox 443 3126 483 3157; x_wconf 82' lang='lat' dir='ltr'>de</span> <span class='ocrx_word' id='word_1_477' title='bbox 503 3125 650 3158; x_wconf 70' lang='lat' dir='ltr'>Chat-les</span> <span class='ocrx_word' id='word_1_478' title='bbox 672 3125 713 3165; x_wconf 86' lang='lat' dir='ltr'>V,</span> <span class='ocrx_word' id='word_1_479' title='bbox 738 3133 761 3158; x_wconf 81' lang='lat' dir='ltr'>t.</span> <span class='ocrx_word' id='word_1_480' title='bbox 782 3137 818 3164; x_wconf 68' lang='lat'>11,</span> <span class='ocrx_word' id='word_1_481' title='bbox 841 3137 874 3168; x_wconf 93' lang='lat' dir='ltr'>p.</span> <span class='ocrx_word' id='word_1_482' title='bbox 896 3126 993 3168; x_wconf 89' lang='lat'>313).</span> 
     </span>
    </p>
   </div>
  </div>
 </body>
</html>
