2083 3458
259 213 341 255 634
908 229 1059 254 NOTAE
1093 229 1154 254 AD
1188 229 1316 254 VITAs
1810 215 1963 270 [1111]

256 312 453 359 tholomeo,
508 312 572 350 cui
624 312 890 362 subjungitur
933 312 1163 363 responsiva
1187 312 1201 335 1
1244 313 1297 351 ad
1337 313 1575 363 premissam
1616 314 1825 365 epistolam
1866 313 1972 364 facta

256 387 326 422 per
354 372 523 410 Petrum
554 371 764 412 Flandrini
792 372 1041 411 cardinalem
1071 372 1211 411 Sancti
1241 372 1468 412 Eustachii.

309 430 469 481 Scripta
496 431 583 481 ejus
611 439 832 470 moverunt
858 431 980 470 bilem
1010 432 1168 470 Urbani
1194 431 1390 471 adversus
1417 447 1525 472 eum.
1557 433 1703 484 Itaque
1728 433 1815 484 ipse
1841 433 1971 472 nomi-

256 490 388 528 natim
412 491 794 530 excommunicatus
819 499 860 530 et
883 491 1261 530 anathematizatus
1287 500 1349 530 est
1366 491 1381 515 2
1404 492 1456 530 ab
1490 493 1658 531 Urbano
1682 501 1723 531 et
1759 492 1970 543 depositus

257 563 279 587 a
311 550 582 589 cardinalatu,
616 550 767 605 Neque,
788 551 921 589 solum
951 552 1047 598 hoc;
1078 551 1148 590 sed
1177 551 1221 589 in
1249 551 1426 589 formula
1456 552 1685 603 sponsionis
1718 552 1813 591 fidei
1843 566 1969 602 quam

258 609 390 648 eidem
422 609 591 648 Urbano
622 609 831 649 debebant
862 611 958 649 novi
989 611 1169 662 episcopi
1200 619 1242 650 et
1271 611 1443 650 abbates
1475 612 1527 649 ab
1558 627 1605 651 eo
1634 611 1831 659 instituti,
1862 612 1970 650 inter

259 677 393 707 cetera
412 669 704 708 continebatur
720 670 780 708 ita
799 670 816 693 3
835 686 842 709 :
866 670 964 709 Item
989 670 1155 709 Roberto
1182 670 1277 708 olim
1298 670 1456 709 basilice
1474 671 1570 710 XII
1585 672 1853 722 apostolorum
1870 672 1970 710 dicto

265 727 510 767 Gebennensi
539 743 644 768 nunc
670 729 875 780 antipape,
904 730 971 781 qui
997 745 1037 768 se
1064 730 1300 769 Clementem
1325 731 1539 781 septimum
1565 731 1758 779 nominat,
1790 730 1970 769 Johanni

257 788 352 826 olim
377 788 483 826 tituli
511 789 648 827 Sancti
675 789 861 827 Marcelli
888 790 988 828 dicto
1016 790 1296 838 Ambianensi,
1323 799 1358 828 et
1388 790 1552 829 Geraldo
1579 791 1673 829 olim
1699 790 1805 829 tituli
1832 790 1969 829 Sancti

256 847 468 886 Clementis
484 848 583 886 dicto
599 849 650 886 M
651 848 776 899 ajoris
792 849 1021 888 monasterii
1035 850 1276 900 presbiteri-5²,
1293 858 1327 888 et
1340 850 1456 888 Petro
1471 850 1565 889 olim
1579 851 1685 889 tituli
1702 850 1743 890 S.
1759 850 1969 888 Eustachii

256 907 420 945 diacono
442 908 538 946 dicte
558 909 730 946 Ecclesie
750 909 1038 957 cardinalibus,
1059 909 1296 960 perditionis
1318 909 1429 959 filiis,
1449 910 1554 960 justo
1571 910 1648 948 Dei
1667 910 1819 960 judicio
1839 917 1969 948 aucto-

257 967 369 1005 ritate
390 968 606 1017 apostolica
627 969 938 1019 condempnatiS,
961 977 1043 1017 etc„
1067 969 1258 1020 quamdiu
1279 977 1386 1007 extra
1408 970 1579 1019 gratiam
1599 978 1633 1008 et
1654 969 1970 1008 communionem

256 1025 370 1064 Sedis
391 1027 561 1077 predicte
583 1029 884 1078 permanebunt,
910 1043 988 1066 non
1011 1029 1111 1068 dabo
1135 1028 1270 1079 quovis
1294 1030 1406 1067 modo
1427 1044 1497 1080 per
1520 1044 1578 1068 me
1601 1030 1658 1068 vel
1680 1029 1808 1067 alium
1830 1028 1970 1067 directe

255 1087 311 1124 vel
340 1086 537 1135 indirecte,
566 1087 724 1137 publice
752 1089 809 1126 vel
834 1089 989 1136 occulte,
1019 1088 1233 1137 auxilium,
1262 1089 1487 1137 consilium,
1517 1090 1575 1127 vel
1598 1089 1784 1139 savorem,
1813 1088 1881 1126 sed
1906 1102 1970 1126 eos

254 1146 471 1184 secundum
499 1161 613 1197 posse
643 1162 785 1196 meum,
816 1148 934 1186 donec
963 1157 1247 1197 convertantur,
1277 1148 1393 1198 juxta
1420 1163 1646 1199 processum
1673 1156 1791 1199 prout
1816 1147 1970 1198 justum

253 1205 375 1254 fuerit
407 1220 630 1257 persequar.

308 1264 428 1303 Anno
470 1266 797 1305 MCCCLXXXI
837 1267 1006 1306 ineunte
1047 1268 1263 1306 cardinalis
1307 1268 1446 1307 Sancti
1488 1267 1702 1306 Eustachii
1741 1266 1887 1306 incidit
1925 1266 1969 1304 in

256 1337 422 1374 gravem
449 1333 490 1363 et
510 1326 715 1365 exitialem
739 1327 943 1366 morbum.
967 1328 1068 1366 Cum
1089 1342 1186 1366 vero
1207 1328 1557 1366 animadverteret
1577 1327 1653 1366 sibi
1675 1326 1969 1365 discedendum

255 1398 339 1422 esse
370 1399 419 1423 ex
453 1385 529 1423 hac
559 1386 660 1434 vita,
691 1387 844 1425 viatico
875 1401 915 1425 se
944 1387 1145 1426 instruere
1176 1387 1358 1426 decrevit
1387 1396 1428 1426 et
1458 1387 1561 1426 sacri
1591 1387 1769 1438 corporis
1802 1385 1969 1424 Domini

253 1444 383 1481 nostri
412 1445 699 1485 communione
725 1446 876 1496 juvari.
908 1447 1016 1484 Data
1042 1447 1184 1497 itaque
1213 1447 1292 1485 fuit
1319 1447 1354 1486 ei
1379 1447 1616 1491 'communio
1646 1460 1668 1484 a
1700 1447 1826 1484 fratre
1856 1445 1965 1495 Ray-

252 1503 408 1541 mundo
444 1504 492 1542 de
527 1505 656 1553 Bona,
693 1506 884 1557 episcopo
920 1506 1175 1554 Vasionensi,
1212 1507 1276 1546 die
1313 1522 1399 1545 xvn
1435 1506 1620 1556 ejusdem
1655 1506 1818 1545 mensis.
1861 1505 1966 1544 Tum

251 1576 348 1600 vero
370 1563 450 1611 ille,
475 1572 571 1602 ante
596 1578 721 1614 quam
746 1566 1077 1605 communionem
1102 1566 1318 1616 acciperet,
1343 1580 1480 1605 coram
1504 1566 1593 1617 ipso
1618 1580 1785 1616 corpore
1810 1564 1966 1604 domini

251 1622 381 1660 nostri
412 1623 510 1661 Jesu
541 1624 690 1663 Christi
719 1625 882 1675 publice
913 1625 1019 1663 dixit
1048 1640 1088 1663 se
1119 1626 1280 1664 credere
1309 1626 1477 1664 indubie
1508 1640 1554 1664 ac
1586 1625 1759 1664 firmiter
1788 1638 1967 1665 asserere

252 1681 504 1722 Clementem
542 1683 622 1721 VII
660 1684 783 1722 fuisse
821 1685 1014 1723 canonice
1052 1685 1241 1733 electum,
1279 1694 1504 1737 receptum,
1541 1685 1883 1732 inthronizatum,
1926 1693 1968 1724 et

252 1739 389 1780 debite
416 1751 673 1791 coronatum,
700 1744 974 1794 eumdemque
1000 1759 1085 1783 esse
1111 1759 1255 1783 verum
1279 1759 1434 1797 papam
1459 1753 1501 1783 et
1529 1745 1764 1783 Romanum
1791 1744 1965 1783 Pontifi-

252 1813 352 1838 cem.
386 1801 517 1839 Extat
548 1802 596 1841 de
627 1803 688 1841 his
719 1803 928 1853 publicum
960 1804 1285 1843 instrumentum
1316 1819 1362 1843 ea
1394 1805 1457 1843 die
1489 1804 1722 1843 confectum
1753 1804 1797 1842 in
1827 1804 1965 1843 codice

254 1859 487 1899 Harlaeano
506 1869 546 1900 et
563 1862 605 1899 in
624 1862 761 1901 codice
779 1862 858 1901 814
874 1863 1149 1902 bibliothecae
1169 1864 1427 1903 Colbertinae
1442 1863 1470 1902 4.
1502 1864 1555 1902 Et
1581 1864 1624 1902 in
1642 1863 1779 1902 codice
1798 1863 1964 1913 quidem

254 1918 487 1958 Harlaeano
507 1921 633 1960 habet
653 1922 758 1960 hanc
786 1922 1094 1973 inscriptionem
1118 1939 1124 1961 :
1157 1923 1343 1975 Sequitur
1371 1924 1678 1962 instrumentum
1705 1922 1965 1972 confessionis

253 1978 404 2016 domini
435 1981 653 2019 cardinalis
685 1981 822 2020 Sancti
853 1982 1061 2021 Eustachii
1093 1997 1182 2021 cum
1210 1983 1327 2033 signo
1357 1992 1392 2021 et
1424 1983 1715 2033 subscriptione
1746 1982 1892 2020 notarii
1932 1990 1966 2021 et

253 2038 623 2079 undecim’testium.
651 2041 696 2078 In
719 2041 953 2080 Colbertino
974 2057 1072 2081 vero
1093 2051 1267 2081 vocatur
1288 2057 1432 2081 verum
1452 2050 1751 2081 testamentum
1778 2041 1963 2092 ejusdem

251 2097 482 2146 cardinalis,
503 2108 549 2137 ut
568 2100 661 2138 hinc
681 2101 887 2151 colligeret
915 2102 1043 2140 lector
1061 2102 1172 2140 aliud
1192 2103 1243 2140 ab
1261 2102 1494 2141 Urbanistis
1512 2101 1762 2141 circumferri
1780 2101 1962 2149 solitum,
1980 2148 1985 2155 .

251 2157 360 2206 quod
383 2167 470 2196 erat
492 2159 700 2198 falsatum.
726 2160 844 2199 Unde
866 2161 908 2198 in
928 2161 1052 2199 titulo
1072 2162 1190 2200 istius
1214 2162 1351 2200 falsati
1372 2163 1431 2200 ita
1452 2162 1650 2212 scriptum
1674 2169 1737 2200 est
1755 2161 1798 2199 in
1819 2160 1962 2199 eodem

249 2216 386 2255 codice
405 2217 419 2239 5
450 2234 457 2256 :
499 2218 684 2269 Sequitur
721 2228 827 2257 tenor
853 2220 991 2270 falsati
1020 2221 1238 2260 testamenti
1268 2221 1361 2260 dicti
1390 2221 1543 2259 domini
1574 2221 1710 2259 Sancti
1739 2219 1962 2268 Eustachii,

249 2288 366 2324 quam
389 2277 604 2325 falsitatem
628 2280 823 2318 commisit
848 2280 1027 2318 notarius
1060 2295 1130 2332 per
1153 2281 1287 2332 plures
1319 2296 1447 2319 annos
1480 2288 1568 2331 post
1602 2288 1761 2318 mortem
1795 2279 1961 2330 predicti

249 2334 414 2383 domini,
442 2345 475 2374 et
510 2346 717 2388 postquam
742 2340 795 2377 ad
820 2339 1139 2378 Bar-tholomeum
1175 2340 1277 2379 idem
1304 2340 1482 2378 notarius
1508 2354 1548 2378 se
1581 2338 1817 2378 transduxit.
1848 2339 1962 2377 Obiit

249 2402 389 2435 autem
409 2396 611 2435 Avenioni
631 2398 693 2436 die
713 2413 817 2437 xxm
834 2398 1014 2449 januarii
1043 2399 1185 2450 [1381]
1205 2400 1441 2450 ibidemque
1459 2401 1643 2451 sepultus
1663 2407 1738 2446 est,
1757 2398 1819 2436 uti
1837 2399 1961 2448 vulgo

249 2454 451 2494 scribitur.
485 2456 577 2494 Non
604 2457 812 2496 indicatur
839 2466 982 2498 tamen
1008 2459 1121 2497 locus
1149 2459 1220 2497 ubi
1247 2459 1406 2510 positus
1436 2467 1508 2499 est.

302 2513 487 2553 Fratrem
517 2516 664 2554 habuit
693 2518 857 2556 nomine
888 2518 1105 2566 Joannem‚
1137 2533 1258 2568 quem
1287 2519 1329 2556 in
1353 2519 1480 2557 initiis
1502 2518 1773 2569 pontificatus
1802 2516 1960 2555 Urbani

297 2634 327 2666 1.
359 2634 425 2668 Ms.
460 2636 542 2675 cite,
576 2636 638 2670 fol.
673 2638 741 2671 246
774 2639 902 2671 v0-249
934 2644 977 2671 ΓΟ.

297 2687 326 2720 2.
363 2688 553 2731 Raynaldi
583 2690 761 2733 (Annales
787 2692 1019 2725 ecclesiastici
1045 2693 1093 2725 ad
1117 2704 1259 2725 annum
1285 2693 1390 2732 1378,
1424 2693 1440 2736 ἓ
1467 2694 1570 2735 106);
1600 2694 1680 2727 voir
1706 2695 1806 2728 aussi
1832 2694 1959 2728 Valois

250 2740 317 2783 (op.
343 2742 413 2781 cit,
439 2748 463 2775 t.
488 2755 510 2782 1,
536 2755 569 2786 p.
595 2744 681 2783 1593
707 2750 732 2777 t.
755 2757 792 2783 11,
818 2756 851 2788 p.
877 2745 949 2788 48).
974 2764 1022 2768 —
1043 2745 1093 2778 Le
1117 2746 1161 2778 P..
1180 2745 1485 2779 Bliemetzrieder
1510 2746 1716 2790 (Raimund
1733 2751 1805 2781 *von
1826 2748 1960 2792 Capua

247 2795 322 2826 und
347 2794 520 2829 Caterina
545 2808 613 2829 von
638 2797 752 2830 Siena
775 2810 821 2830 zu
844 2798 993 2844 Beginn
1018 2799 1078 2832 des
1103 2810 1250 2842 grossen
1274 2799 1613 2833 abdndlandischen
1639 2800 1834 2842 Schismas‚
1864 2802 1958 2834 dans

247 2846 490 2881 Historisches
513 2849 713 2890 Jahrbuch,
740 2857 765 2884 t.
792 2863 878 2884 xxx
906 2851 1040 2895 (1909),
1067 2864 1101 2895 p.
1129 2852 1299 2896 265-273)
1328 2864 1348 2885 a
1372 2853 1500 2896 publie
1524 2853 1560 2886 la
1583 2855 1739 2897 reponse
1765 2855 1808 2888 de
1835 2855 1956 2888 Pierre

247 2898 426 2932 Flandrin
448 2913 522 2934 aux
544 2902 751 2937 invectives
774 2905 960 2948 proferees
983 2916 1051 2949 par
1074 2905 1265 2939 Raimond
1287 2906 1330 2939 de
1354 2905 1503 2949 Capoue
1526 2914 1654 2940 contre
1676 2907 1727 2941 les
1751 2908 1958 2941 cardinaux

246 2954 557 2988 anti-urbanistes
600 2956 793 2999 (automne
833 2958 953 3002 1378)

291 3007 322 3038 3Δ
346 3006 392 3038 M.
409 3007 526 3051 Tangl
546 3008 627 3051 (Die
641 3010 871 3053 piipstlichen
886 3011 1043 3045 Kanzlez'
1058 3011 1295 3055 Ordnungen,
1313 3012 1538 3053 Innsbruck‚
1555 3014 1661 3053 1894,
1679 3026 1713 3057 p.
1731 3015 1775 3048 35
1795 3020 1833 3047 et
1852 3014 1925 3058 52).

295 3059 325 3091 lo.
357 3060 504 3100 Baliizc,
539 3068 564 3094 t.
596 3074 646 3102 1v‚
680 3075 714 3106 p.
749 3064 828 3097 257.

297 3112 326 3143 5.
364 3112 408 3144 Ut
433 3125 473 3152 3.,
502 3126 534 3156 p.
564 3116 642 3149 260.
