2083 3458
259 225 342 266 494
908 244 1060 270 NOTAE
1094 244 1155 269 AD
1189 243 1317 289 YITAs
1838 224 1963 281 [977]

260 327 438 364 tenuium
477 328 517 364 in
555 342 596 364 eo
634 328 830 377 integrum
865 329 1087 378 absumpsi.
1121 328 1253 366 Natus
1293 337 1354 367 est
1389 328 1610 367 petrarcha
1648 341 1712 366 an.
1752 325 1965 373 MCCCIV,

263 399 334 422 xm
361 386 436 424 kal.
466 388 631 436 augusti
668 387 732 437 [20
755 388 928 438 juillet]
958 389 1021 425 Ex
1047 402 1127 438 quo
1154 388 1419 438 consequitur
1444 401 1537 426 eum
1562 382 1669 424 anno
1699 385 1965 424 MCCCXVII
1996 382 1999 384 ’

260 458 566 494 supergressum
600 446 723 485 fuisse
759 447 1051 485 duodecimum
1085 461 1241 486 annum
1275 447 1424 486 aetatis
1459 461 1567 485 suae.
1596 445 1749 483 Mansit
1782 445 1862 483 illic
1895 459 1967 494 per

259 505 589 553 quadriennium,
609 514 656 543 ut
672 507 758 556 ipse
777 507 835 544 ait
852 507 894 544 in
911 507 1014 545 libro
1029 507 1089 544 De
1107 508 1187 545 vita
1204 521 1289 546 sua.
1314 507 1441 553 Idem,
1459 506 1527 546 lib.
1552 506 1620 553 IV,
1638 506 1726 543 Rer.
1748 518 1966 542 memoran-

260 563 357 611 [lar.7
385 579 471 614 cap,
500 566 573 603 ult.
602 573 642 603 et
666 566 734 604 lib.
764 566 842 603 XV
867 566 955 606 Rer.
983 567 1113 615 senil„
1140 567 1258 617 epist.
1285 581 1311 615 Ι,
1337 567 1511 616 ingenue
1537 566 1694 603 fatetur
1718 578 1758 603 se
1782 564 1964 601 invitum

258 623 476 661 admotum
502 638 523 661 a
550 625 792 674 parentibus
820 626 872 664 ad
899 626 1086 664 studium
1110 627 1211 676 juris
1239 626 1382 673 civilis,
1410 626 1471 663 sui
1496 626 1597 675 juris
1625 624 1836 671 effectum,
1862 623 1964 661 illud

257 682 470 721 abdicasse
488 692 528 721 et
545 684 596 721 ad
614 684 734 722 solita
752 685 890 723 studia
907 700 1120 724 remeasse.
1141 686 1220 724 Cur
1237 694 1378 724 autem
1394 685 1452 723 ita
1470 685 1612 723 fecerit
1626 683 1832 722 rationem
1849 682 1964 721 dedit

258 741 298 779 in
318 742 420 780 libro
438 742 497 779 De
517 743 596 781 vita
615 758 700 783 sua.
726 744 777 782 In
796 745 1164 795 Montepessulan0‚
1181 754 1228 783 ut
1248 745 1307 782 ait
1323 744 1502 783 Jacobus
1521 744 1733 794 Philippus
1750 742 1966 781 Thomasi-

259 815 348 849 nus,
370 802 526 840 audivit.
548 803 746 841 Joannem
766 804 970 842 Andr-eam
991 813 1025 843 et
1045 805 1196 843 Cinum
1217 804 1498 853 Sigisbuldum
1519 803 1806 841 Pistoriensem
1825 802 1962 852 juris-.

257 862 513 909 prudentiam
534 862 591 899 ibi
612 863 770 911 publice
789 864 1026 914 profitentes.

315 921 518 959 Levoldus
538 936 560 959 a
583 922 763 961 Northof
780 924 821 961 in
842 924 1053 962 Chronicis
1072 925 1258 962 comitum
1278 925 1322 961 de
1341 924 1492 961 llffarlsa
1510 924 1568 961 ita
1594 922 1737 961 scribit
1758 921 1811 971 [p.
1834 921 1934 971 204]
1959 936 1966 959 ε

259 980 380 1017 Anno
405 982 573 1019 Domini
601 982 793 1020 MCCCL
821 992 895 1021 tres
923 984 1119 1021 domicelli
1147 984 1191 1021 de
1219 983 1369 1021 Marl‘ca
1395 983 1536 1032 fratres
1564 982 1718 1020 comitis
1746 982 1790 1018 de
1817 981 1968 1018 Marka

259 1040 500 1089 Engelberti‚
533 1042 709 1080 videlicet
735 1043 920 1093 Adolsus,
955 1042 1219 1081 Theodoricus
1243 1052 1277 1081 et
1298 1043 1550 1080 Everliardus
1580 1042 1623 1078 in
1651 1041 1714 1079 die
1741 1049 1967 1078 sanctorum

260 1100 395 1137 Marci
416 1110 450 1138 et
471 1101 731 1140 Marcelliani
752 1103 804 1140 ad
825 1117 883 1140 me
905 1112 1092 1141 venerunt
1112 1103 1317 1150 Leodium,
1341 1111 1375 1140 et
1396 1116 1545 1139 mecum
1567 1109 1799 1138 manserunt
1820 1100 1966 1138 ibidem

258 1160 377 1197 donec
413 1161 521 1210 ipsos
556 1162 608 1199 ad
641 1162 796 1199 curiam
830 1163 1055 1200 Romanam
1090 1171 1123 1200 et
1154 1163 1206 1200 ad
1231 1162 1675 1211 Montempessulanum
1703 1161 1755 1198 ad
1787 1160 1966 1198 studium

257 1221 468 1268 procuravi
504 1222 731 1260 transmitti.
773 1222 832 1261 De
869 1222 1122 1261 Theodorico
1159 1230 1340 1260 testatur
1377 1221 1591 1259 Erdwinus
1624 1220 1887 1257 Erdmannus
1924 1219 1966 1257 in

258 1278 453 1317 Chronico
486 1281 763 1331 episcoporum
796 1281 1181 1331 Osnaburgensium,
1205 1297 1243 1331 p.
1270 1281 1358 1330 230,
1382 1282 1498 1320 illum
1520 1281 1561 1318 in
1585 1280 1722 1318 studio
1746 1278 1965 1317 universali

259 1338 622 1389 Montispessulani
659 1341 786 1380 literis
827 1341 1042 1392 diligenter
1079 1342 1330 1380 instructum
1369 1341 1504 1381 fuisse.

314 1399 372 1437 De
399 1400 645 1449 Berengario
675 1401 732 1439 dev
753 1401 978 1449 Landorra,
1008 1402 1101 1440 vide
1131 1416 1235 1451 quae
1265 1401 1375 1439 dicta
1404 1409 1501 1439 sunt
1529 1414 1666 1450 supra,
1696 1414 1733 1450 p.
1765 1399 1852 1438 694.

314 1460 433 1497 Anno
458 1459 723 1502 MCCCLXII
742 1460 976 1499 Bernardus
999 1461 1213 1511 episcopus
1238 1460 1487 1499 Brixiensis1
1508 1459 1704 1497 fundavit
1727 1458 1839 1509 apud
1853 1458 1966 1496 Mon-

260 1520 614 1569 tempessulanum
639 1520 855 1570 collegium
868 1520 1008 1559 decem
1029 1521 1369 1559 scholasticorum
1390 1533 1620 1570 pauperum
1643 1518 1903 1557 studentium
1922 1518 1964 1555 in

257 1578 348 1628 jure
372 1579 481 1617 civili
514 1588 554 1617 et
587 1580 1045 1626 canonico;,Gar1'e]l.in
1060 1580 1168 1618 Serie
1190 1580 1422 1629 praesulum
1435 1579 1758 1629 Magalon.‚par.
1781 1578 1885 1628 ILp.
1901 1576 1962 1616 65.

314 1638 496 1688 Gregorii
530 1638 591 1676 XI
624 1640 875 1689 pontificatu
911 1640 1054 1678 Petrus
1090 1640 1138 1678 de
1173 1640 1288 1677 Luna
1332 1640 1482 1689 (dictus
1528 1646 1675 1689 postea
1718 1637 1968 1676 Benedictus

260 1713 369 1749 papa
405 1698 530 1747 XIII)
564 1698 629 1748 jus
665 1699 910 1737 canonicum
944 1699 1105 1749 publice
1140 1699 1317 1737 docebat
1349 1699 1390 1737 in
1425 1698 1639 1749 gymnasio
1674 1697 1968 1747 Montispessu-

259 1759 357 1806 lani,
384 1758 455 1796 uhi
481 1773 521 1796 se
549 1772 642 1797 eum
668 1759 873 1808 legentem
898 1759 939 1796 in
964 1759 1054 1808 jure
1081 1759 1278 1797 canonico
1306 1759 1456 1797 vidisse
1483 1766 1664 1797 testatur
1690 1756 1967 1795 Theodericus

260 1833 285 1856 a
310 1818 442 1866 Niem‚
466 1818 535 1857 lib.
566 1819 604 1855 II
639 1818 820 1868 [p.179]
842 1818 902 1856 De
923 1819 1145 1866 schismate,
1170 1833 1258 1868 cap.
1285 1832 1438 1865 XXXIII,
1462 1833 1508 1856 eo
1531 1826 1717 1867 tempore
1741 1830 1822 1866 quo
1856 1815 1967 1854 idem

259 1878 478 1928 Gregorius
512 1878 628 1916 illum
662 1878 759 1915 fecit
793 1878 1056 1917 cardinalem.
1094 1878 1156 1915 Ad
1191 1879 1291 1916 haec
1324 1886 1513 1927 tempora
1544 1885 1584 1915 et
1618 1877 1669 1914 ad
1711 1875 1967 1914 academiam

260 1938 624 1987 Montispessulani
653 1938 900 1987 respiciebat
916 1938 983 1977 ille
1001 1938 1102 1988 juris
1125 1929 1343 1988 professor,
1359 1938 1428 1987 qui
1449 1944 1634 1975 tractatu
1663 1935 1829 1986 speciali
1856 1934 1967 1973 edito

262 1999 458 2036 adversus
481 2012 546 2035 eos
571 1997 640 2047 qui
659 1997 933 2036 Benedictum
955 1997 1291 2036 condemnabant
1314 1997 1364 2034 ob
1385 1998 1619 2035 recusatam
1634 1995 1746 2032 viam
1762 1993 1968 2041 cessionis,

263 2066 500 2096 ostensurus
534 2058 651 2094 illum
684 2071 766 2094 non
800 2072 885 2095 esse
918 2065 1137 2107 propterea
1171 2056 1439 2104 haereticum,
1474 2064 1520 2093 ut
1553 2055 1610 2093 illi
1645 2047 1968 2100 contendebant,

263 2118 322 2155 ait
344 2133 351 2154 :
373 2117 424 2154 Et
442 2117 572 2166 primo
593 2131 672 2153 non
692 2116 844 2153 videtur
863 2116 1077 2154 verisimile
1092 2131 1159 2154 nec
1178 2116 1486 2166 presumendum
1506 2115 1607 2165 quod
1625 2114 1736 2151 homo
1751 2129 1775 2151 a
1793 2112 1970 2163 pueritia

265 2178 308 2214 in
329 2176 472 2214 scholis
495 2176 682 2223 nutritus,
707 2176 774 2226 qui
797 2176 1034 2213 decretorum
1057 2177 1184 2213 doctor
1205 2176 1304 2213 satis
1327 2176 1441 2223 longo
1464 2183 1633 2224 tempore
1655 2173 1747 2222 legit
1768 2171 1970 2210 ordinarie

265 2234 308 2273 in
334 2236 464 2273 studio
492 2236 666 2284 generali
692 2244 726 2273 et
749 2236 914 2284 famoso,
946 2235 1014 2272 ubi
1041 2236 1213 2284 legendo,
1243 2235 1498 2284 disputando,
1527 2242 1561 2271 et
1585 2233 1704 2271 etiam
1728 2231 1969 2281 predicando

264 2296 397 2345 plures
424 2303 534 2333 actus
560 2294 810 2332 scholasticos
838 2295 1020 2342 exerc-uit,
1049 2304 1082 2332 et
1110 2295 1200 2332 inde
1227 2302 1458 2343 assumptus
1485 2294 1536 2331 ad
1562 2291 1854 2330 cardinalatum
1881 2298 1970 2327 ante

263 2356 410 2393 scisma
441 2369 511 2404 per
543 2354 750 2391 dominum
788 2354 1021 2403 Gregorium
1052 2354 1123 2391 XI
1153 2368 1242 2391 cum
1276 2354 1362 2403 ipso
1395 2361 1429 2390 et
1458 2366 1676 2390 successore
1707 2349 1970 2388 suo‘domino

266 2415 461 2452 Clemente
493 2413 579 2450 VII
606 2414 648 2451 in
674 2414 833 2462 magnis
858 2422 892 2451 et
912 2414 1051 2451 arduis
1074 2414 1304 2461 tractandis,
1325 2422 1359 2450 et
1377 2420 1465 2462 post
1484 2412 1553 2449 lzoc
1569 2411 1800 2460 pestiferum
1824 2409 1970 2446 scisma

265 2474 308 2511 in
335 2474 601 2523 legationibus
628 2482 662 2511 et
687 2473 853 2511 diversis
879 2473 1110 2521 regionibus
1136 2487 1266 2510 coram
1293 2472 1465 2521 regibus,
1494 2470 1669 2521 prelatis,
1699 2468 1969 2518 magnatibus,

262 2542 297 2571 et
320 2534 415 2570 aliis
440 2533 538 2570 viris
564 2533 606 2569 in
631 2533 740 2570 omni
764 2532 949 2581 facultate
974 2532 1113 2581 peritis
1138 2532 1381 2581 conferendo,
1407 2530 1674 2580 proponendo,
1703 2528 1969 2577 informando,

264 2593 483 2641 allegando,
516 2592 769 2641 predicando,
802 2600 835 2629 et
864 2592 1082 2641 frequenter
1112 2606 1200 2628 cum
1231 2590 1470 2628 adversariis
1501 2598 1534 2626 et
1564 2588 1800 2626 scismaticis
1831 2587 1969 2636 dispu-

264 2653 394 2699 tando,
418 2652 460 2688 in
480 2660 560 2689 tam
580 2651 746 2689 diversis
767 2651 934 2699 negotiis
954 2659 987 2687 et
1008 2651 1184 2688 materiis
1204 2659 1257 2687 est
1276 2650 1478 2699 probatus,
1501 2649 1544 2686 de
1565 2662 1637 2698 quo
1659 2662 1726 2684 nec
1751 2645 1970 2684 adversarii

262 2724 331 2748 seu
356 2711 476 2748 emuli
504 2711 547 2747 in
572 2725 811 2760 quocumque
835 2718 940 2747 statu
964 2710 1159 2759 suspicati
1184 2717 1277 2746 sunt
1300 2709 1470 2745 sensisse
1495 2707 1650 2757 aliquid
1680 2714 1813 2743 contra
1839 2705 1968 2754 fidem,

265 2771 375 2807 modo
391 2778 621 2819 'assumptus
639 2770 681 2807 in
696 2783 847 2819 papam
861 2769 914 2806 sit
927 2769 1084 2818 effectus
1100 2769 1300 2806 hereticus.
1320 2768 1538 2805 Tractatus
1561 2767 1625 2804 ille
1642 2773 1759 2804 extat
1776 2765 1818 2802 in
1834 2764 1972 2802 codice

263 2828 341 2866 817
390 2830 661 2867 bibliothecae
711 2828 969 2867 Colbertinae
988 2827 1014 2867 2.

318 2980 345 3010 1.
372 2979 536 3010 sscrnard
560 2978 714 3021 Trigard
737 2978 852 3010 fonda
876 2977 939 3009 dix
962 2977 1083 3020 places
1107 2988 1154 3009 au
1178 2976 1312 3019 college
1338 2976 1380 3008 de
1406 2975 1565 3008 Pozenas
1595 2986 1663 3017 par
1693 2984 1744 3006 un
1767 2978 1972 3006 testament

267 3032 315 3063 ‹lu
336 3032 379 3062 111
401 3042 497 3063 mars
520 3032 610 3064 1358
635 3031 694 3073 (Μ.
719 3031 907 3070 Fournier,
930 3030 1076 3069 Statuts,
1098 3036 1124 3063 t.
1144 3042 1180 3069 11,
1203 3041 1236 3061 ῃ.
1260 3028 1350 3072 985).
1373 3029 1452 3061 Une
1474 3028 1570 3061 bulle
1592 3028 1639 3060 du
1662 3027 1702 3059 11
1726 3026 1860 3059 fevrier
1878 3025 1970 3059 1367

264 3084 444 3116 confirma
474 3096 512 3115 sa
542 3084 739 3116 fondation
770 3084 821 3125 (ut
846 3095 886 3123 s.‚
916 3095 950 3116 n.
981 3084 1100 3121 1003).

316 3138 345 3169 2.
377 3138 415 3169 ss.
450 3137 505 3175 N„
536 3148 601 3169 ms.
632 3137 726 3170 latin
754 3136 858 3176 1478,
889 3136 950 3169 sol.
982 3137 1025 3169 59
1053 3141 1096 3169 r0.
