2083 3458
105 247 258 302 [1381]
625 266 841 292 PAPARUM
876 268 1260 294 AVENloNENsmM
1707 253 1789 294 893

91 345 344 384 Clementem
359 346 421 384 uti
437 362 580 385 verum
595 348 848 397 pontificem.
867 350 1019 399 Impius
1033 365 1125 400 ergo
1140 351 1217 389 fuit
1230 352 1375 390 beatus
1394 353 1537 390 Petrus
1551 352 1599 390 de
1615 353 1785 390 Luxem·

91 403 234 455 burgo
257 405 405 456 impius
429 414 595 445 sanctus
620 407 858 446 Χίηοθηῒίυε
885 409 1104 457 Ferrarius,
1128 410 1243 461 impii
1265 411 1409 449 Petrus
1434 411 1648 449 cardinalis
1670 413 1787 449 Pam-

90 463 323 529 pilonensis,
343 464 534 515 Anglicus
553 466 809 514 Albanensis,
826 475 867 505 et
884 468 1017 517 plures
1036 441 1104 506 alii
1129 469 1266 519 magni
1292 470 1516 508 cardinales
1534 479 1575 509 et
1592 470 1784 521 episcopi,

90 523 161 572 qui
194 497 431 562 U1·⁶banum
438 532 480 562 et
510 539 784 564 successorem
815 526 901 575 ejus
934 527 1188 576 abjecerunt,
1200 503 1440 567 z:Clementis
1472 537 1513 567 et
1544 529 1784 568 successoris

89 582 176 632 ejus
203 591 340 633 partes
368 583 586 622 foverunt?
616 585 679 621 An
706 594 842 634 putas,
874 586 1102 634 Ravnalde,
1129 587 1187 625 ita
1216 587 1425 626 dementes
1453 602 1500 626 ac
1527 603 1622 627 suae
1650 589 1784 627 famae

88 655 267 692 suaeque
288 642 448 680 animae
470 642 691 681 incuriosos
716 644 837 682 fuisse
858 653 923 682 tot
944 645 1160 696 principes,
1183 655 1410 697 magnates,
1428 647 1653 697 episcopos,
1676 648 1783 686 viros

85 701 230 739 doctos
251 710 298 740 ut
319 716 442 751 quem
462 702 612 740 scirent
634 717 713 740 non
735 718 818 741 esse
852 719 995 742 verum
1026 705 1281 755 pontificem,
1303 721 1395 744 eum
1429 715 1569 744 tamen
1591 707 1783 754 colerent,

86 759 128 798 in
143 760 230 810 ejus
248 760 481 799 obedientia
499 763 779 800 morerentur?
798 763 903 801 Fieri
918 772 1055 813 potest
1072 773 1119 802 ut
1135 780 1239 803 unus
1257 766 1393 813 homo,
1421 765 1549 804 veluti
1566 766 1782 805 cardinalis

87 819 227 858 Sancti
256 819 379 868 Petri,
409 835 528 859 coeca
559 821 747 871 opinione
776 830 896 872 putet
925 837 965 860 se
995 823 1203 861 meliorem
1231 833 1392 874 partem
1431 824 1580 863 fovere.
1612 826 1666 863 At
1698 825 1783 863 fieri

86 879 198 917 nullo
213 879 336 917 modo
352 887 490 929 potest
506 888 553 918 ut
569 894 717 929 magna
741 895 834 931 pars
854 881 975 928 orbis,
992 896 1119 932 eaque
1138 883 1238 921 citra
1265 884 1586 922 controversiam
1609 884 1780 932 doctior,

84 952 176 976 eam
199 947 362 989 partem
387 939 687 990 complectatur
710 948 751 977 et
776 940 817 977 in
842 955 887 978 ea
914 941 1089 979 fovenda
1116 957 1186 992 per
1211 943 1390 980 multum
1426 943 1517 981 aevi
1540 952 1782 993 permaneat

81 1011 210 1047 quam
238 1006 406 1048 putaret
435 1013 519 1036 esse
549 998 745 1048 pejorem.
780 1000 981 1049 Equidem
1012 1015 1083 1038 nos
1114 1001 1563 1052 existimamusplures
1594 1002 1635 1040 in
1664 1011 1780 1052 parte

86 1056 242 1094 Urbani
267 1057 389 1095 fuisse
415 1057 484 1107 qui
508 1072 601 1096 eum
626 1073 675 1096 ex
699 1058 837 1097 animo
862 1059 1073 1097 crederent
1097 1075 1181 1098 esse
1207 1060 1282 1098 rite
1308 1075 1353 1099 ac
1378 1061 1558 1111 legitime
1583 1062 1778 1101 electum:

80 1115 194 1165 quod
209 1116 335 1154 etiam
351 1116 538 1167 profecto
553 1117 601 1155 de
619 1117 679 1155 his
699 1132 860 1167 quoque
878 1118 1076 1157 sentimus
1096 1119 1165 1169 qui
1183 1120 1382 1158 Clementi
1398 1121 1614 1171 parebant.
1635 1121 1779 1160 Obser-

82 1183 229 1213 vatum
252 1175 293 1213 id
316 1175 475 1226 pridem
499 1176 551 1214 ab
575 1185 742 1214 auctore
767 1176 963 1227 epistolae
990 1177 1029 1215 in
1054 1192 1176 1216 causa
1202 1179 1318 1217 istius
1344 1179 1576 1218 schismatis
1602 1179 1778 1230 scriptae

78 1234 133 1272 ad
166 1235 369 1273 Jodocum
401 1235 679 1273 marchionem
710 1236 1132 1286 Brandeburgensem,
1166 1252 1291 1287 quam
1322 1238 1544 1288 reperimus
1577 1238 1618 1277 in
1650 1239 1779 1277 veteri

78 1293 217 1332 codice
244 1308 318 1333 ms.
346 1294 586 1333 Carthusiae
616 1295 780 1344 majoris
798 1295 810 1317 ¹
840 1312 847 1333 :
878 1295 959 1333 Nec
985 1297 1138 1334 credam
1165 1297 1341 1346 insuper,
1361 1297 1509 1347 inquit,
1533 1306 1583 1335 tot
1608 1299 1777 1348 pruden-

77 1352 253 1391 tissimos
276 1353 379 1390 viros
402 1354 561 1404 proprie
583 1355 727 1392 salictis
752 1355 994 1392 immemores
1019 1355 1062 1393 in
1086 1356 1410 1406 dampnationem
1433 1357 1664 1395 animarum
1685 1372 1776 1395 sua-

79 1426 168 1450 rum
188 1421 324 1462 sponte
347 1427 469 1460 ruere,
487 1421 611 1463 totque
628 1414 884 1464 principibus
901 1423 1014 1464 atque
1029 1415 1192 1464 populis
1209 1415 1264 1452 eis
1284 1416 1528 1453 credentibus
1547 1425 1627 1454 tam
1646 1417 1777 1465 gravis

76 1471 220 1509 erroris
246 1472 451 1510 materiam
473 1473 663 1511 exhibere.
695 1473 799 1511 Item
826 1473 1057 1512 Ludovicus
1085 1474 1169 1511 dux
1196 1475 1501 1524 Andegavensis
1527 1476 1775 1525 respondens

80 1530 310 1569 oratoribus
324 1546 466 1581 regum
481 1532 679 1570 Castellae
694 1541 735 1570 et
752 1533 985 1582 Hungariae
1002 1533 1132 1571 missis
1148 1533 1188 1570 in
1204 1534 1377 1572 Galliam
1394 1543 1440 1572 ut
1454 1534 1535 1584 regi
1553 1534 1704 1572 Karolo
1719 1535 1775 1573 VI

75 1590 299 1628 suaderent
334 1590 607 1629 defectionem
655 1606 677 1628 a
715 1592 921 1630 Clemente
969 1601 1010 1629 et
1060 1592 1291 1642 perfugium
1327 1593 1378 1630 ad
1418 1594 1645 1640 Urbanum,
1683 1609 1775 1632 cum

74 1648 248 1688 dixisset
284 1649 526 1688 electionem
563 1650 781 1689 Clementis
821 1651 1028 1689 communi
1067 1666 1265 1690 consensu
1302 1653 1581 1702 praelatorum
1621 1653 1773 1691 Galliae

75 1708 199 1747 fuisse
216 1709 506 1759 approbatam,
524 1710 587 1748 uti
604 1710 758 1748 factam
777 1724 798 1747 a
827 1710 1117 1758 cardinalibus,
1145 1711 1292 1760 quibus
1319 1712 1586 1750 incumbebat
1604 1711 1773 1751 viridico

75 1767 313 1806 testimonio
349 1769 497 1807 Christi
530 1769 730 1807 vicarium
763 1770 880 1819 longe
915 1770 1078 1819 lateque
1112 1785 1183 1820 per
1225 1771 1364 1808 orbem
1398 1771 1621 1820 publicare,
1656 1771 1773 1809 addit

72 1827 186 1877 apud
205 1836 416 1866 auctorem
435 1827 655 1878 antiquum
683 1829 793 1866 Vitae
812 1829 996 1878 ejusdem
1015 1829 1158 1867 Karoli
1177 1829 1192 1851 2
1214 1830 1286 1867 :Et
1303 1845 1392 1867 cam
1414 1838 1540 1867 tantos
1556 1844 1623 1879 per
1642 1838 1773 1868 notam

72 1885 354 1937 cujuscumque
383 1887 578 1925 mendacii
606 1902 674 1925 sue
701 1888 843 1925 salutis
873 1888 1115 1926 immemores
1143 1889 1303 1926 existere
1330 1889 1381 1926 sit
1408 1889 1639 1935 absurdum,
1670 1889 1772 1939 ipsis

70 1945 218 1995 absque
239 1946 469 1984 hesitatione
490 1946 626 1996 aliqua
648 1947 889 1985 afferemus.
918 1947 1102 1997 Idipsum
1126 1947 1362 1985 observavit
1385 1947 1511 1985 etiam
1534 1948 1698 1986 Carolus
1723 1949 1770 1986 dc

76 2005 133 2043 Ur
145 2004 360 2043 cardinalis
375 2005 570 2044 diaconus
587 2006 727 2044 Sancti
741 2006 901 2055 Georgii
916 2006 956 2043 in
969 2015 1155 2044 tractatu
1170 2006 1306 2044 edito3
1329 2007 1524 2045 adversus
1546 2007 1770 2045 cardinales

70 2063 232 2102 concilii
256 2063 407 2112 Pisani,
430 2064 472 2102 in
497 2079 577 2114 quo
601 2064 659 2102 ait
684 2065 1008 2115 quamplurimos
1034 2074 1074 2103 et
1099 2066 1283 2104 valentes
1309 2066 1431 2112 viros,
1456 2080 1627 2115 magnae
1652 2081 1769 2116 repu-

71 2117 241 2161 tationis
266 2131 306 2161 et
332 2123 533 2174 opinionis
558 2124 600 2162 in
623 2124 724 2171 vita,
751 2124 945 2171 moribus,
971 2133 1012 2163 et
1035 2124 1206 2163 scientia
1231 2125 1471 2174 allegavisse
1497 2140 1569 2175 pro
1594 2133 1769 2174 utraque

70 2190 188 2232 parte
213 2182 338 2220 verbo
362 2190 404 2220 et
428 2183 589 2233 scriptis
615 2191 655 2221 et
681 2183 862 2221 diversos
881 2192 1086 2222 tractatus
1113 2183 1300 2223 edidisse.
1328 2199 1421 2221 cum
1446 2198 1594 2233 magna
1621 2184 1768 2222 delibe-

70 2241 230 2279 ratione
255 2249 296 2279 et
321 2241 459 2279 studio
484 2251 525 2280 et
551 2242 856 2293 perseverantia
882 2257 1010 2292 usque
1036 2242 1078 2280 in
1107 2243 1242 2281 finem.
1273 2243 1353 2280 Nos
1381 2242 1588 2281 neminem
1611 2243 1768 2292 judica-

71 2314 174 2339 mus.
204 2300 297 2338 Non
322 2315 461 2339 sumus
489 2301 547 2339 ita
573 2300 692 2339 stulti
718 2310 765 2339 ut
791 2301 1114 2341 controversiam
1140 2301 1322 2350 judicare
1351 2301 1523 2340 velimus
1552 2315 1678 2351 quam
1703 2310 1768 2339 tot

13 2398 15 2401 ,
68 2359 240 2398 concilia
270 2358 523 2409 reliquerunt
553 2359 772 2407 intactam,
805 2374 930 2410 quam
960 2375 1008 2398 ne
1039 2360 1116 2410 ipsi
1147 2360 1312 2410 quidem
1347 2360 1522 2398 Romani
1551 2360 1766 2411 pontifices

70 2418 141 2468 qui
165 2433 205 2457 se
234 2418 390 2457 Urbani
415 2433 664 2458 successores
691 2419 899 2457 vocabant
923 2419 1106 2468 judicare
1132 2420 1365 2458 voluerunt.
1392 2420 1560 2458 Summa
1587 2419 1766 2457 stultitia

70 2492 178 2516 nunc
201 2485 433 2516 censeretur
455 2493 539 2516 esse
563 2478 675 2528 apud
699 2492 785 2524 nos,
810 2477 842 2516 si
866 2478 952 2516 illos
978 2486 1213 2516 notaremus
1238 2478 1464 2528 impietatis
1490 2478 1560 2528 qui
1584 2478 1625 2516 in
1648 2486 1765 2528 parte

68 2545 187 2575 erant
207 2536 323 2574 nobis
345 2536 531 2575 adversa.
555 2537 660 2575 Tum
681 2537 848 2586 quidem
868 2552 907 2575 se
930 2537 1145 2586 pontifices
1170 2537 1322 2574 mutuis
1345 2537 1488 2575 edictis
1511 2537 1765 2584 lacerabant,

68 2595 393 2645 proscribebant,
420 2604 461 2633 et
487 2595 557 2645 qui
582 2610 724 2634 eorum
750 2603 885 2645 partes
913 2595 1126 2643 fovebant,
1153 2595 1409 2634 adversarios
1436 2610 1529 2634 suos
1557 2596 1766 2634 vocabant

69 2654 275 2693 ministros
298 2653 451 2692 diaboli
471 2662 512 2692 et
532 2654 777 2692 antichristi.
802 2655 878 2692 Sed
909 2654 949 2692 id
983 2654 1302 2693 condonandum
1324 2663 1384 2692 est
1406 2655 1545 2692 studio
1566 2654 1762 2705 partium.

67 2713 253 2751 Cessavit
274 2713 433 2762 jamdiu
456 2713 523 2750 illa
548 2713 757 2751 contentio
781 2713 1026 2760 animorum,
1047 2713 1244 2752 Odoricus
1272 2713 1511 2762 Raynaldus
1535 2713 1764 2752 exstinctus

68 2755 149 2819 'est3
176 2771 448 2810 contumeliae
473 2771 556 2810 sine
581 2772 735 2821 judicio
761 2771 949 2822 deinceps
976 2786 1058 2809 non
1084 2780 1216 2810 erunt.

122 2831 341 2869 Veniamus
368 2845 476 2869 nunc
501 2830 553 2868 ad
579 2831 752 2868 alteram
777 2838 937 2880 partem
964 2839 1127 2879 satyrae
1159 2830 1376 2880 Raynaldi.
1406 2830 1474 2868 Ait
1499 2845 1593 2880 ergo
1621 2830 1763 2869 Marti-

67 2904 167 2928 num
183 2889 421 2940 episcopum
439 2888 795 2939 pampilonensem
812 2889 933 2927 fuisse
952 2897 1163 2927 auctorem
1180 2889 1294 2939 impii
1312 2889 1416 2928 illius
1434 2889 1570 2937 edicti,
1589 2903 1763 2939 eumque

118 3026 148 3058 1.
174 3024 440 3068 Bibliotheque
464 3024 508 3056 de
533 3016 731 3063 Grenoble,
757 3035 824 3056 ms.
851 3023 931 3062 988,
957 3024 1019 3057 fol.
1047 3024 1114 3057 233
1139 3029 1184 3057 r⁰.

119 3079 149 3111 2.
178 3077 386 3121 Bellaguet‚
416 3083 443 3111 t.
471 3089 495 3117 1,
524 3088 560 3120 p.
590 3077 646 3110 80.

115 3133 148 3165 3.
173 3131 213 3165 Β,
241 3130 299 3171 Ν.,
324 3142 392 3164 ms.
417 3129 514 3163 latin
536 3129 640 3169 1450,
666 3129 728 3162 fol.
754 3130 799 3162 49
823 3130 920 3162 r0-55
944 3134 989 3162 r0.
