2083 3458
115 216 266 270 [1389]
634 232 851 257 PAPARUM
886 232 1269 257 AVENIONENSIUM
1716 218 1795 259 901

101 313 228 364 Atqui
252 315 327 352 hoc
350 313 499 352 falsum
522 322 596 352 est.
622 315 794 352 Constat
817 314 925 352 enim
948 329 998 353 ex
1020 314 1066 353 iis
1091 329 1194 365 quae
1218 329 1339 365 supra
1364 314 1473 353 dicta
1502 324 1598 353 sunt
1630 330 1668 366 p.
1695 315 1794 354 1292

101 373 207 411 hanc
222 372 471 411 sententiam
487 387 569 411 non
584 372 704 411 fuisse
720 374 849 411 latam
863 373 1197 424 praecipitanter,
1213 374 1283 412 sed
1298 382 1415 424 parte
1437 382 1611 424 utraque
1635 375 1792 422 audita,

102 440 142 469 et
166 440 330 470 servato
353 431 602 481 judiciorum
627 432 780 480 ordine,
806 441 846 470 et
870 447 920 470 eX
943 432 990 471 iis
1016 447 1119 483 quae
1138 447 1177 483 p.
1205 433 1306 470 1274
1331 433 1548 471 observata
1573 442 1670 471 sunt
1693 433 1792 472 satis

103 491 287 540 colligere
310 490 406 529 licet
430 490 530 528 nihil
552 491 594 529 in
617 492 693 530 hac
717 505 838 530 causa
863 491 1020 530 dedisse
1054 492 1162 530 hunc
1197 506 1332 541 regem
1358 493 1561 530 Joannem
1585 492 1791 531 amicitiae

102 549 487 600 conjunctionisque
512 549 803 588 necessitudini
822 564 903 600 qua
920 550 1086 600 junctus
1110 559 1198 589 erat
1222 565 1315 589 cum
1337 550 1488 589 Karolo
1507 566 1597 601 rege
1618 552 1790 590 Franco·

99 623 202 647 rum.
232 608 416 659 Denique
439 608 472 647 si
495 623 639 647 verum
662 617 723 647 est
747 609 855 647 hunc
878 624 1014 659 regem
1038 609 1179 647 divino
1201 609 1354 659 judicio
1380 610 1664 648 miserabiliter
1687 610 1789 647 inte-

99 667 224 714 riisse,
254 667 317 706 cui
343 667 498 717 judicio
525 667 743 714 adscribes,
774 668 958 716 Odorice,
987 669 1206 718 pessimam
1234 677 1410 707 mortem
1441 669 1581 707 Karoli
1612 668 1790 716 Duracii,

100 726 170 777 qui
193 727 348 765 violato
371 727 459 776 jure
484 727 681 777 gentium,
705 726 868 765 violatis
893 735 1064 765 naturae
1096 727 1266 777 legibus,
1299 727 1513 766 immemor
1536 742 1790 766 summorum

100 785 395 824 beneficiorum
411 800 433 823 a
453 787 614 823 Joanna
631 786 768 835 regina
788 786 944 824 Siciliae
962 795 1239 836 acceptorum,
1258 801 1348 825 eam
1366 787 1413 825 de
1432 786 1532 825 solio
1549 786 1790 825 deturbavit

98 853 140 883 et
162 844 440 883 crudelissima
464 853 595 883 morte
618 845 817 895 peremit?
845 845 951 883 Nam
973 845 1004 883 is
1030 845 1107 883 fuit
1137 860 1297 896 semper
1328 845 1514 884 inimicus
1548 860 1680 896 papae
1705 845 1788 883 Cle-

99 904 262 951 mentis,
288 904 484 942 adversus
511 918 633 953 quem
658 904 880 954 conjuratis
907 904 1051 942 animis
1078 905 1208 942 multa
1232 904 1296 943 ille
1322 913 1362 943 et
1390 905 1579 943 Urbanus
1604 912 1788 954 egerunt.

100 962 189 1002 Scio
217 963 463 1001 Gobelinum
490 963 725 1010 Personam,
753 963 868 1013 cujus
895 971 943 1001 tu
968 963 1253 1001 testimonium
1289 964 1481 1011 advocas,
1509 963 1789 1002 calamitatem

102 1022 242 1060 Karoli
278 1021 441 1060 Duracii
472 1021 677 1072 imputare
709 1022 966 1060 contumeliis
1011 1022 1157 1072 quibus
1192 1023 1406 1061 Urbanum
1445 1031 1684 1073 prosecutus
1728 1030 1789 1060 est

97 1089 241 1132 postea
262 1095 388 1131 quam
406 1081 458 1119 ab
478 1096 524 1119 eo
544 1081 623 1118 fuit
643 1081 898 1119 dissociatus.
921 1081 1072 1119 Verum
1092 1090 1235 1120 auctor
1261 1082 1372 1119 Vitae
1392 1081 1616 1129 Clementis,
1636 1097 1675 1131 p.
1698 1081 1789 1128 494,

97 1148 139 1179 et
160 1149 325 1179 sanctus
350 1140 596 1187 Antoninus,
619 1154 705 1190 par.
733 1140 809 1187 III,
831 1140 897 1178 tit.
922 1155 1025 1187 xxn,
1048 1155 1136 1190 cap.
1167 1155 1207 1187 11,
1237 1141 1252 1189 ἓ
1276 1140 1338 1187 15,
1368 1141 1473 1179 hanc
1496 1140 1680 1178 divinam
1700 1140 1788 1177 vin-

98 1199 253 1238 dictam
279 1199 313 1237 ei
338 1199 497 1237 illatam
522 1199 707 1237 scribunt
733 1199 783 1237 ob
809 1199 1026 1237 saevitiam
1052 1208 1092 1237 et
1119 1199 1405 1238 crudelitatem
1431 1200 1483 1237 ab
1508 1214 1554 1238 eo
1579 1199 1788 1237 adhibitas

96 1258 138 1297 in
164 1259 371 1296 Joannam
396 1258 578 1307 reginam
604 1258 774 1305 Siciliae,
801 1273 822 1295 a
849 1273 928 1308 qua
955 1267 1141 1296 materno
1166 1259 1303 1297 studio
1327 1259 1525 1297 educatus
1550 1266 1787 1308 provectus·

98 1332 176 1368 que
198 1318 346 1365 fuerat,
369 1317 431 1355 uti
452 1326 500 1354 tu
520 1317 604 1367 ipse
625 1317 906 1367 interpretaris
925 1318 1193 1356 Antoninum.
1216 1318 1299 1367 Ego
1316 1332 1411 1356 vero
1428 1332 1509 1355 non
1525 1317 1670 1356 dubito
1689 1317 1788 1367 quin

97 1376 225 1427 aliqui
248 1376 310 1414 tui
335 1376 498 1423 similes,
523 1376 593 1414 sed
616 1384 759 1414 tamen
782 1376 823 1414 in
848 1376 1007 1414 diversa
1031 1385 1149 1426 parte
1174 1385 1346 1423 stantes,
1372 1384 1546 1415 mortem
1570 1376 1657 1425 ejus
1683 1375 1787 1414 cala-

98 1436 407 1474 mitosissimam
426 1435 725 1485 imputaverint
751 1444 962 1485 praeterea
989 1435 1128 1485 iniquo
1154 1435 1306 1485 judicio
1324 1436 1425 1485 ejus,
1445 1435 1514 1485 qui
1537 1436 1788 1474 Clementem

97 1510 241 1534 verum
265 1509 418 1546 papam
445 1494 667 1533 deseruerit
692 1503 739 1532 ut
765 1494 799 1533 ei
824 1495 1065 1533 adhaereret
1091 1509 1213 1544 quem
1238 1494 1314 1544 ipsi
1339 1495 1547 1545 putabant
1572 1509 1656 1532 esse
1682 1492 1787 1531 anti-

97 1569 263 1605 papam.
294 1555 424 1592 Immo
449 1553 491 1591 in
514 1555 591 1592 hoc
614 1554 703 1592 loco
727 1554 888 1603 requiro
916 1554 1039 1591 fidem
1062 1561 1192 1592 tuam.
1222 1554 1326 1591 Nam
1352 1568 1445 1592 cum
1468 1553 1634 1591 referres
1662 1553 1787 1591 verba

97 1613 229 1653 sancti
256 1613 454 1651 Antonini
479 1612 692 1651 scribentis
718 1613 833 1650 illum
859 1613 1033 1651 caruisse
1055 1612 1328 1651 ecclesiastica
1353 1613 1577 1663 sepultura,
1603 1626 1648 1650 ea
1673 1620 1787 1649 trun-

98 1673 214 1720 casti,
232 1681 279 1710 ut
296 1672 529 1711 ostenderes
548 1671 647 1710 illud
663 1680 894 1710 extremum
909 1672 1183 1710 infortunium
1197 1671 1231 1710 ei
1246 1671 1427 1710 evenisse
1441 1671 1535 1721 quia
1551 1678 1787 1721 persecutus

98 1732 232 1771 fuerat
254 1732 482 1770 Urbanum.
506 1732 559 1769 Et
578 1739 720 1769 tamen
741 1731 943 1769 Antonius
964 1731 1125 1769 disertis
1142 1730 1275 1769 verbis
1295 1730 1424 1768 tradit
1444 1730 1558 1767 illum
1577 1730 1786 1780 sepultura

97 1791 370 1830 ecclesiastica
404 1790 579 1829 caruisse
609 1790 721 1840 justo
756 1790 828 1828 Dei
858 1789 1026 1839 judicio,
1059 1790 1154 1840 quia
1186 1789 1612 1839 matrenipropriam,
1640 1788 1679 1826 id
1711 1796 1787 1835 est,

99 1851 305 1889 Joannam
326 1849 404 1899 (uti
421 1858 468 1887 tu
487 1849 571 1900 ipse
591 1849 769 1899 explicas
788 1864 896 1887 anno
918 1849 1031 1896 1386,
1057 1849 1073 1897 ξ
1095 1849 1130 1898 1)
1151 1848 1314 1887 interire
1335 1849 1485 1886 fecerat
1504 1856 1544 1886 et
1566 1847 1788 1886 Ecclesiam

95 1918 332 1960 persecutus
369 1909 515 1947 fuerat.
553 1909 631 1947 Sed
666 1909 764 1946 haec
799 1908 1005 1946 sufficiant
1039 1909 1087 1946 de
1123 1917 1253 1946 morte
1292 1907 1445 1945 Karoli.
1483 1906 1656 1945 Mortem
1692 1920 1786 1943 vero

98 1968 302 2007 Francisci
331 1967 546 2018 Pregnani,
576 1967 735 2017 nepotis
768 1967 923 2005 Urbani
952 1967 1022 2014 VI,
1053 1967 1116 2004 cui
1143 1966 1296 2016 judicio
1316 1966 1496 2004 tribues?
1528 1965 1651 2003 Periit
1680 1964 1787 2002 enim

95 2027 159 2066 ille
191 2027 412 2065 miserrime
443 2040 535 2065 cum
563 2035 654 2064 tota
686 2026 839 2064 familia
870 2040 956 2073 sua,
986 2034 1033 2063 ut
1062 2026 1130 2064 lib.
1167 2026 1292 2073 II,De
1319 2025 1537 2071 schismate,
1561 2039 1647 2074 cap.
1681 2037 1785 2060 XXXI

100 2087 154 2138 [p.
177 2086 285 2136 17S],
304 2095 483 2124 testatur
502 2085 772 2124 Theodericus
792 2099 814 2123 a
833 2085 963 2133 Niem,
984 2085 1052 2134 qui
1070 2085 1187 2122 addit
1205 2085 1246 2122 in
1264 2099 1310 2122 eo
1340 2084 1500 2122 finitam
1522 2099 1605 2121 esse
1625 2096 1787 2120 omnem

94 2146 382 2197 posteritatem
410 2144 579 2191 Urbani,
607 2145 776 2182 marinis
802 2144 988 2194 fluctibus
1013 2144 1147 2181 divino
1170 2143 1321 2192 judicio
1347 2143 1559 2180 vindictam
1584 2149 1784 2190 repetente.

97 2206 245 2243 Annon
277 2203 493 2242 verisimile
525 2203 690 2241 videtur
720 2218 786 2241 eos
820 2202 889 2252 qui
920 2211 1056 2252 partes
1089 2202 1307 2241 Clementis
1339 2201 1617 2251 sequebantur
1648 2199 1785 2238 existi—

96 2278 227 2302 masse
260 2263 349 2302 ideo
381 2277 472 2301 eam
505 2271 667 2312 gentem
699 2261 885 2300 funditus
917 2261 1116 2299 interiisse
1149 2261 1367 2299 manifesto
1403 2260 1475 2298 Dei
1505 2258 1671 2309 judicio,
1689 2258 1784 2308 quia

98 2324 288 2361 Urbanus
323 2322 461 2371 inique
495 2330 537 2359 et
570 2329 713 2359 contra
747 2321 904 2370 regulas
937 2319 1231 2359 ecclesiasticas
1266 2319 1473 2357 invaserat
1506 2319 1547 2356 in
1577 2331 1784 2356 summum

95 2382 459 2433 pontificatum,et
478 2380 733 2431 iniquissimo
756 2379 847 2417 odio
867 2387 1103 2429 persecutus
1124 2386 1213 2416 erat
1232 2379 1484 2416 Clementem
1497 2385 1538 2415 et
1560 2376 1783 2415 Ecclesiam

100 2441 197 2479 Dei?
229 2441 307 2479 Sed
335 2440 507 2478 tandem
536 2439 615 2477 ista
645 2439 840 2485 sinamus,
872 2452 975 2487 quae
1005 2452 1051 2476 ea
1081 2446 1248 2475 tantum
1277 2444 1413 2475 mente
1445 2436 1705 2474 disseruimus
1735 2442 1783 2472 ut

97 2500 402 2538 ostenderemus
443 2512 523 2548 quo
561 2512 601 2536 se
640 2497 848 2535 interdum
887 2496 1111 2535 demittant
1149 2495 1309 2545 ingenia
1348 2496 1541 2533 humana.
1585 2494 1637 2532 Hi
1675 2493 1782 2532 enim

94 2567 266 2598 eventus
310 2572 440 2607 neque
482 2558 634 2594 bonam
677 2570 807 2605 neque
837 2556 987 2593 malam
1022 2569 1188 2594 causam
1214 2554 1383 2593 faciunt.
1428 2554 1601 2591 Multam
1642 2561 1783 2590 tamen

95 2617 389 2656 auctoritatem
410 2616 566 2654 habent
587 2615 698 2665 apud
720 2614 941 2653 imbecillas
965 2621 1134 2652 mentes.
1158 2613 1387 2651 Imbecillus
1410 2612 1518 2650 enim
1539 2611 1713 2658 animus,
1736 2618 1783 2648 ut

96 2677 233 2715 Cicero
252 2676 323 2723 ait,
346 2675 461 2713 facile
481 2674 765 2724 superstitiosa
785 2673 863 2711 ista
884 2673 1075 2722 concipit.

150 2736 193 2774 P.
217 2735 305 2782 507,
327 2734 393 2783 lig.
418 2734 478 2772 16.
503 2734 782 2771 GUILLELMUS
805 2747 859 2769 DE
883 2732 1108 2770 VERGEYO.
1134 2731 1282 2769 Factus
1306 2738 1367 2768 est
1397 2729 1613 2768 cardinalis
1635 2729 1780 2766 absens

96 2809 204 2832 anno
222 2793 471 2839 MCCCXCI,
488 2792 550 2830 die
568 2806 653 2829 xvn
670 2791 820 2842 aprilis.
839 2792 985 2828 Postea
1002 2789 1175 2828 intravit
1191 2789 1345 2827 curiam
1361 2802 1468 2826 anno
1486 2787 1783 2835 MCCCXCIII,

95 2853 158 2891 die
183 2852 339 2891 decima
362 2851 512 2901 aprilis.
539 2852 592 2888 Et
614 2859 705 2888 tum
727 2849 873 2888 habuit
895 2849 1065 2886 titulum
1088 2848 1261 2886 Sanctae
1283 2846 1491 2886 Caeciliae.

148 2912 267 2949 Anno
294 2910 567 2949 MCCCXCIV
592 2908 780 2947 interfuit
805 2907 993 2946 electioni
1017 2906 1229 2945 Benedicti
1257 2905 1377 2944 XIII.

150 2971 268 3008 Anno
291 2969 541 3008 MCCCXCV
563 2982 698 3006 mense
719 2967 834 3017 junio
856 2966 1025 3005 accessit
1047 2965 1157 3016 apud
1180 2965 1483 3002 Villamnovam
1505 2978 1598 3002 cum
1618 2963 1781 3012 reliquis

94 3029 388 3075 cardinalibu53
415 3027 552 3077 ibique
579 3026 621 3064 in
646 3026 814 3064 aedibus
842 3025 954 3064 ducis
980 3023 1242 3062 Bituricensis
1271 3022 1516 3072 congregati,
1537 3021 1670 3071 rogati
1696 3036 1783 3060 sen-

93 3088 270 3127 tentiam
298 3101 415 3125 suam
441 3100 626 3137 promere
654 3085 758 3124 circa
786 3084 897 3122 viam
925 3082 1113 3122 cessionis
1143 3096 1267 3132 quam
1294 3096 1365 3120 rex
1394 3080 1585 3119 Franciae
1613 3080 1783 3130 ejusque
