2083 3458
281 235 362 277 288
933 246 1086 272 NOTAE
1121 246 1181 271 AD
1215 245 1344 271 VITAs
1867 229 1993 285 [782]

279 333 542 384 reprehendit
562 332 827 371 Sebastianus
850 329 1090 378 Fantonius,
1111 327 1180 369 lib.
1206 329 1260 377 ΙΙ,
1282 343 1357 379 cap
1390 343 1447 377 111,
1474 328 1491 378 ἓ
1511 329 1559 367 41
1591 328 1645 380 [p.
1669 328 1766 380 195]
1789 329 1994 368 Historiae

279 392 582 430 ,luertionensis

333 451 484 489 Joanni
508 450 636 488 XXII
659 449 854 488 defuncto
876 447 1098 486 solenniter
1117 449 1387 498 parentatum
1408 462 1493 486 esse
1513 447 1555 485 in
1577 447 1804 486 cathedrali
1825 447 1993 487 ecclesia

280 510 496 548 Parisiensi
529 509 685 560 reperio
719 508 761 546 in
794 506 1075 546 transactione
1108 506 1212 544 inita
1247 520 1355 544 anno
1390 506 1711 556 MCCCXXXV,
1748 507 1812 546 die
1847 506 1993 557 quinta

278 568 525 617 novembris,
560 568 668 606 inter
701 567 966 606 Guillelmum
1001 566 1240 616 episcopum
1274 566 1545 605 parisiensem
1579 574 1621 605 et
1651 566 1839 605 eamdem
1869 566 1991 605 eccle-

278 628 391 666 siam.
419 628 525 665 Nam
548 641 689 666 earum
711 625 1195 677 precipueexequiarum
1219 625 1430 664 occasione
1454 633 1544 664 orta
1567 633 1656 664 erat
1677 625 1785 664 inter
1808 640 1874 664 eos
1898 639 1992 664 con-

277 686 490 734 troversia,
520 695 568 724 ut
602 693 812 724 testantur
847 698 988 723 eorum
1022 685 1166 723 literae
1202 684 1251 723 de
1288 684 1581 735 compromisso
1615 685 1658 722 in
1693 685 1870 724 arbitros
1897 700 1905 723 :
1941 685 1993 723 Et

276 746 478 795 potissime
499 745 649 783 ratione
670 744 909 782 torchiarum
929 752 963 781 et
983 758 1179 781 cereorum
1198 758 1243 781 ac
1263 758 1491 794 pannorum
1511 744 1790 782 deauratorum
1809 758 1878 782 seu
1897 743 1992 782 seri-

277 820 408 842 corum
433 805 500 854 qui
523 804 685 854 fuerunt
708 802 829 854 positi
853 818 979 854 supra
1001 803 1187 852 feretrum
1205 803 1257 841 ad
1281 802 1426 841 dictam
1449 811 1622 841 nostram
1646 803 1848 841 ecclesiam
1873 802 1991 841 Pari-

275 864 444 901 siensem
465 864 508 901 in
527 863 699 901 servitiis
717 861 972 913 exequiarum
988 862 1118 912 felicis
1133 862 1414 900 recordationis
1433 862 1679 900 sanctissimi
1696 862 1825 913 patris
1840 862 1992 900 domini

278 923 477 960 „Iohannis
497 937 600 973 pape
620 922 772 970 XXII,
795 937 839 959 ac
864 922 957 959 bone
979 921 1161 959 memorie
1182 921 1335 959 domini
1363 921 1565 960 Guillelmi
1586 922 1631 960 de
1657 922 1804 960 Sancta
1825 922 1991 970 Maura,

274 982 367 1019 olim
387 982 569 1019 canonici
588 981 837 1019 Parisiensis
855 996 901 1019 ac
919 981 955 1018 F
957 981 1091 1019 rancie
1110 981 1351 1030 cancellarii,
1372 981 1655 1019 celebratarum
1674 981 1718 1019 in
1737 981 1841 1019 dicta
1860 989 1992 1019 nostra

273 1040 444 1079 ecclesia.
467 1041 595 1091 Super
623 1055 703 1091 qua
724 1040 1004 1079 controversia
1023 1040 1079 1083 sic
1097 1048 1337 1079 statuerunt
1364 1040 1508 1079 arbitri
1529 1056 1536 1078 :
1560 1040 1658 1079 Item
1681 1041 1810 1091 quoad
1833 1054 1992 1091 pannos

274 1101 479 1138 ‹lcauratos
500 1108 534 1138 et
554 1099 696 1138 sericos
718 1099 785 1150 qui
805 1099 969 1149 fuerunt
990 1100 1034 1138 in
1054 1099 1159 1138 dicta
1179 1099 1340 1138 ecclesia
1357 1099 1584 1138 Parisiensi
1607 1100 1651 1138 in
1667 1099 1843 1150 exequiis
1862 1099 1992 1150 felicis

274 1159 552 1197 recordationis
579 1159 732 1197 domini
761 1158 962 1197 Johannis
987 1173 1091 1210 pape
1116 1159 1268 1208 XXII,
1291 1167 1325 1198 et
1357 1158 1560 1197 Guillelmi
1586 1160 1630 1197 de
1657 1159 1804 1198 Sancta
1823 1159 1990 1207 Maura,

274 1219 470 1268 quondam
494 1219 531 1256 F
532 1218 665 1256 rancie
690 1218 931 1267 cancellarii,
957 1219 1192 1257 ordinamus
1215 1226 1250 1256 et
1272 1219 1583 1269 pronuntiamus
1609 1219 1710 1269 quod
1733 1218 1992 1257 restituantur

271 1277 419 1327 fabrice
447 1278 544 1316 dicte
571 1278 737 1317 ecclesie.
768 1278 901 1316 Extat
928 1292 974 1317 ea
1001 1278 1229 1317 transactio
1248 1278 1262 1300 1
1288 1278 1331 1317 in
1357 1278 1488 1316 veteri
1515 1279 1678 1328 Regesto
1707 1277 1864 1317 archivi
1891 1277 1992 1328 regii

274 1336 525 1385 Parisiensis,
553 1337 595 1375 in
623 1337 772 1388 Magno
801 1336 1055 1376 Chartulario
1084 1338 1289 1376 Ecclesiae
1318 1337 1460 1387 Paris,
1488 1337 1558 1377 lib.
1591 1337 1687 1386 XX,
1714 1352 1801 1388 cap.
1834 1351 1988 1376 CCXLIX

276 1404 316 1435 et
332 1395 374 1434 in
392 1396 530 1434 Primo
549 1396 802 1435 Chartulario
821 1396 998 1448 episcopi
1016 1397 1165 1444 Paris.,
1185 1397 1254 1436 fol.
1274 1397 1338 1437 39.

324 1456 367 1494 Ρ.
389 1455 475 1505 168,
494 1455 560 1506 lig.
581 1455 641 1495 13,
663 1455 742 1493 Dm
761 1470 862 1495 XVII.
882 1456 934 1495 Ce
951 1456 1017 1494 fut
1032 1457 1068 1496 16
1085 1456 1147 1496 20.
1197 1449 1200 1457 ³

325 1515 367 1553 P.
392 1515 479 1563 174,
500 1515 566 1565 lig.
590 1515 651 1554 23.
671 1515 1027 1561 SUBSEQUENTES.
1046 1516 1120 1554 Les
1141 1516 1271 1555 bulles
1293 1515 1478 1555 &dictant
1496 1516 1536 1554 la
1555 1516 1668 1555 levee
1690 1516 1812 1555 d’une
1833 1515 1989 1554 decime

275 1575 491 1612 sexennale
522 1582 691 1625 portent
723 1574 762 1613 la
802 1575 898 1614 date
938 1575 993 1613 du
1031 1575 1081 1614 26
1120 1575 1257 1626 juillet
1298 1574 1400 1614 1333
1443 1575 1505 1625 (A,
1551 1576 1705 1626 Fayen,
1752 1575 1898 1614 Lettres
1943 1575 1988 1613 de

274 1633 377 1671 Jean
401 1633 553 1682 XXII,
580 1642 609 1672 t.
637 1649 679 1682 11,
706 1648 745 1673 n.
774 1634 1020 1683 3441-34463
1048 1635 1244 1673 Archives
1273 1634 1527 1683 Nationales,
1558 1635 1585 1673 J
1609 1634 1699 1683 454,
1726 1649 1765 1674 n.
1794 1633 1835 1672 21
1861 1636 1884 1673 ὲ
1911 1633 1986 1682 2133

271 1692 324 1730 H.
349 1692 409 1740 L.,
434 1700 463 1731 t.
491 1708 641 1742 XXXIV,
665 1708 705 1744 p.
731 1693 935 1744 505-508).

322 1751 365 1790 P.
396 1752 483 1800 174,
510 1752 576 1802 lig.
606 1751 667 1791 23.
697 1753 869 1791 PETRUS
908 1767 1272 1792 ARCHIEPISCOPUS
1301 1754 1686 1793 ROTHOMAGENsis.
1719 1753 1755 1792 Is
1788 1767 1835 1792 ea
1871 1766 1984 1792 occa·

268 1810 379 1849 sione
404 1826 634 1850 sermonem
649 1812 663 1834 2
682 1812 831 1851 habuit
852 1827 990 1851 coram
1010 1827 1120 1864 papa
1142 1814 1316 1862 Joanne,
1341 1812 1384 1851 in
1404 1827 1485 1864 quo
1506 1812 1614 1852 inter
1637 1813 1718 1852 alia
1744 1813 1800 1852 sic
1821 1814 1984 1851 locutus

268 1878 328 1908 est
346 1886 352 1908 :
369 1870 505 1918 Modo,
521 1872 640 1909 Pater
660 1871 925 1921 sanctissime,
950 1873 1225 1911 devotissimus
1249 1872 1360 1923 filius
1383 1881 1502 1911 vester
1532 1887 1598 1911 rex
1619 1870 1656 1910 F
1657 1872 1791 1910 rancie
1817 1873 1884 1923 qui
1915 1886 1986 1910 nos

266 1929 488 1967 sanctitatis
511 1938 629 1968 vestre
650 1945 779 1969 servos
801 1932 853 1969 ad
873 1932 990 1982 pedes
1012 1932 1187 1982 ejusdem
1209 1931 1432 1970 sanctitatis
1453 1947 1547 1970 suos
1570 1931 1738 1971 nuncios
1760 1931 1984 1978 destinavit,

269 1987 426 2038 Spiritu
458 1989 600 2027 Sancto
634 1989 862 2040 instigatus,
895 1991 940 2029 de
971 1991 1107 2029 divino
1137 1991 1292 2030 auxilio
1318 1991 1505 2042 confisus,
1536 1992 1581 2030 de
1607 1999 1728 2030 vestro
1752 1999 1787 2029 et
1812 1990 1985 2029 Ecclesie

267 2048 444 2096 consilio,
469 2048 680 2098 adjutoriO,
705 2058 739 2088 et
760 2050 983 2100 patrocinio
1007 2065 1087 2089 non
1110 2051 1270 2099 dubius,
1296 2050 1495 2089 devotione
1518 2059 1657 2100 motus,
1683 2058 1808 2088 vestra
1829 2049 1985 2088 salubri

266 2106 528 2145 exhortatione
563 2109 804 2157 admonitus,
841 2110 1081 2160 prelatorum
1115 2118 1149 2148 et
1186 2110 1379 2148 baronum
1411 2125 1576 2149 suorum
1609 2119 1644 2148 et
1676 2110 1795 2148 etiam
1829 2108 1984 2147 domini
2032 2138 2036 2143 .

266 2166 486 2214 patriarche
515 2167 708 2205 instantia
734 2177 953 2219 opportune
978 2177 1013 2208 et
1039 2169 1263 2220 importune
1288 2170 1485 2219 pulsatus,
1513 2178 1548 2208 et
1572 2169 1691 2208 etiam
1717 2176 1799 2207 voto
1825 2176 1860 2207 et
1884 2167 1982 2206 obli-

267 2225 421 2272 gatione
455 2234 489 2263 et
523 2227 649 2264 crucis
684 2228 956 2278 assumptione
990 2228 1187 2278 astrictus,
1223 2229 1544 2279 predecessorum⁴
1571 2242 1735 2267 suorum
1770 2227 1981 2266 inherendo

266 2284 455 2333 vestigiis,
479 2285 581 2323 sicut
602 2286 705 2324 alias
726 2287 929 2326 sanctitati
952 2296 1070 2326 vestre
1091 2288 1265 2339 scripsit,
1289 2302 1390 2338 opus
1413 2289 1572 2337 grande,
1596 2302 1697 2339 opus
1721 2286 1979 2335 meritorium,

266 2355 364 2391 opus
387 2344 494 2381 walde
516 2344 748 2394 virtuosum,
770 2360 871 2396 opus
891 2347 1000 2385 omni
1021 2348 1137 2385 laude
1157 2347 1377 2397 assumpsit
1397 2347 1696 2398 dignissimum,
1720 2347 1775 2384 ire
1794 2359 1979 2397 persona-

266 2401 351 2438 liter
379 2403 421 2439 in
451 2403 699 2442 Jherusalem
725 2413 759 2443 et
785 2414 927 2444 terram
953 2415 1131 2444 sanctam
1158 2406 1308 2444 Christi
1334 2407 1534 2456 sanguine
1560 2414 1823 2445 consecratam
1848 2405 1979 2455 sepul-

266 2460 473 2511 chrumque
513 2463 757 2502 dominicum
796 2465 840 2502 de
881 2465 1099 2516 impiorum
1137 2474 1171 2504 et
1213 2465 1529 2515 blasphemorum
1569 2465 1756 2504 manibus
1796 2464 1973 2502 liberare.

267 2519 504 2558 patriarcha
534 2536 656 2572 supra
684 2532 937 2563 memoratus
967 2533 1055 2563 erat
1084 2525 1230 2563 Petrus
1260 2524 1309 2563 de
1338 2525 1493 2564 Palude
1520 2525 1757 2576 patriarcha
1788 2523 1977 2562 Hieroso—

265 2578 502 2625 lymitanus.
530 2575 844 2621 Subdit,auoem
869 2584 1013 2622 Petrus
1042 2584 1205 2634 Rogerii
1231 2599 1239 2622 ε
1265 2583 1389 2621 Modo
1414 2585 1521 2623 istud
1544 2584 1744 2634 negotium
1765 2582 1857 2633 fecit
1878 2581 1976 2632 faci-

266 2636 350 2673 liter
383 2652 580 2677 assumere
619 2641 825 2680 dominum
866 2657 993 2692 regem
1028 2642 1207 2694 Spiritus
1241 2641 1377 2681 Sancti
1422 2658 1565 2694 urgens
1600 2642 1832 2681 stimulatiO.
1868 2640 1975 2679 Nota

266 2696 432 2735 modum.
456 2697 488 2735 C
493 2713 558 2736 um
577 2699 683 2737 enim
703 2701 954 2750 quadamdie
974 2702 1124 2741 veneris
1144 2702 1328 2740 dominus
1350 2714 1416 2741 rex
1433 2703 1603 2754 prelatos
1621 2710 1655 2740 et
1677 2693 1839 2740 barones
1857 2699 1976 2738 Pari-

263 2754 347 2790 sius
374 2764 407 2793 et
433 2756 535 2794 alias
560 2772 631 2807 pro
658 2759 796 2797 arduis
823 2761 934 2809 regni
959 2761 1025 2799 sui
1053 2761 1222 2810 negotiis
1251 2773 1356 2800 como
1377 2771 1510 2812 casset,
1538 2761 1724 2800 dominus
1749 2758 1979 2812 patriarcha

269 2812 650 2864 [herosolymitanus
683 2818 813 2868 affuit,
847 2827 881 2857 et
913 2834 1040 2870 regem
1072 2821 1214 2860 obnixe
1247 2822 1422 2869 roogavit
1465 2830 1507 2860 ut
1538 2828 1722 2859 coramtot
1754 2818 1975 2858 ualentibus

320 2955 343 2986 1.
374 2955 407 2988 J.
427 2956 551 2997 Viard,
567 2958 787 2993 Documents
801 2962 986 3005 parisiens
1002 2963 1051 2997 du
1065 2965 1171 3007 regne
1186 2965 1227 2998 de
1241 2964 1418 3009 Philippe
1436 2965 1493 2998 VI
1508 2965 1549 2998 de
1566 2964 1703 3004 ValoiS,
1731 2963 1847 3004 Paris,
1864 2963 1971 3005 1899,
1995 2980 1998 2986 ·

269 3013 290 3037 1.
318 3019 338 3038 1.
367 3020 408 3050 ps
429 3009 494 3042 297
521 3016 558 3042 ct
583 3012 663 3046 301.
688 3031 737 3037 —
760 3013 830 3047 Sur
852 3015 884 3048 le
920 3015 1114 3057 differend,
1141 3017 1223 3051 voir
1248 3017 1422 3061 Furge0t‚
1448 3017 1555 3051 Actes
1587 3017 1637 3051 du
1659 3016 1868 3061 parlement,
1893 3022 1921 3050 t.
1945 3028 1969 3057 1,

269 3071 298 3091 ιι,
330 3060 429 3099 1003,
454 3062 558 3102 1004,
583 3065 688 3105 1058,
712 3066 817 3100 1062.

314 3116 342 3143 ’.’.
366 3113 478 3153 Puris,
501 3115 761 3161 Bibliothcque
781 3119 1155 3164 Saintc-Gencvieve‚
1174 3135 1240 3157 ms.
1259 3123 1340 3163 240,
1359 3123 1382 3157 f.
1403 3124 1471 3157 298
1489 3128 1539 3158 v⁰.
