2083 3458
281 190 363 232 476
929 204 1081 230 NOTAE
1116 204 1176 229 AD
1211 203 1339 229 VITAs
1449 205 1458 217 ⁸
1861 185 1987 242 [960]
2021 171 2025 174 .

282 292 434 338 martii,
457 307 550 330 cum
573 301 678 331 esset
700 293 740 330 in
764 291 990 330 minoribus
1014 288 1224 328 ordinibus
1248 289 1501 327 constitutus
1521 288 1547 328 ¹.
1574 289 1651 328 Sed
1672 303 1889 339 nunquam
1910 289 1990 327 fuit

283 360 556 393 consecratus,
587 352 641 389 Et
668 366 765 390 mox
792 352 854 390 die
883 365 969 388 xvn
997 348 1241 399 septembris
1270 357 1431 386 creatus
1459 357 1521 387 est
1547 349 1743 387 diaconus
1771 348 1989 387 cardinalis

285 410 396 448 tituli
426 410 600 449 Sanctae
629 412 780 450 Mariae
807 412 848 449 in
876 409 1043 459 Aquiro.
1074 409 1206 459 Vulgo
1234 407 1368 446 dictus
1397 408 1614 447 cardinalis
1642 408 1987 447 Carcassonensis.

339 470 385 508 Ei
408 471 449 508 in
474 471 669 509 cathedra
695 468 1008 509 Carcassonensi
1032 468 1286 507 substitutus
1311 476 1373 506 est
1397 468 1577 507 Joannes
1602 468 1816 518 episcopus
1842 467 1990 506 Dertu-

284 530 409 567 sensis
435 544 542 567 anno
570 531 783 569 millesimo
810 528 1044 575 CCCLXH,
1069 542 1112 565 1v
1136 528 1227 566 idus
1264 527 1561 578 [10]januarii.
1591 528 1654 565 Ex
1679 542 1760 578 quo
1786 527 1903 565 facile
1929 534 1991 565 est

287 589 470 639 colligere
504 590 708 628 Joannem
739 590 848 627 hunc
880 587 1167 627 collocandum
1199 602 1283 626 esse
1314 597 1409 638 post
1441 587 1700 638 Stephanum
1729 587 1771 625 in
1803 586 1992 635 Catalogo

284 648 557 698 episcoporum
585 648 978 695 Carcassonensiam,
1006 662 1088 685 non
1115 662 1212 686 vero
1229 656 1322 697 post
1345 647 1596 686 Gaffredum.
1620 648 1721 686 Vide
1749 647 1875 684 Notas
1900 659 1992 683 nos·

287 715 370 745 tras
392 709 444 746 ad
467 708 650 747 Concilia
677 708 831 746 Galliae
852 707 1144 755 Narbonensis,
1166 723 1204 758 p.
1228 707 1290 747 59.

339 767 457 806 Anno
480 768 781 816 MCCCLXJII,
805 781 934 818 quum
955 767 1147 805 Urbanus
1171 767 1205 805 V
1225 767 1466 817 procederet
1486 767 1682 806 adversus
1703 766 1991 805 Bernabonem

265 820 647 876 'Mediolanenserm
680 828 914 878 Stephanus
947 827 983 867 S.
1017 826 1170 866 Mariae
1199 828 1240 865 in
1271 827 1427 876 Aquiro
1458 835 1498 866 et
1530 828 1650 877 Hugo
1690 826 1728 866 S.
1761 825 1914 864 Mariae
1950 824 1993 862 in
2036 865 2040 866 ⁷

285 887 446 935 porticu
484 888 644 925 diaconi
693 888 919 926 cardinales
958 887 1009 925 ad
1037 887 1142 925 fores
1169 887 1316 937 palatii
1342 887 1687 937 apostolici-missi
1717 894 1815 924 sunt
1844 899 1866 922 a
1893 898 1993 935 pon-

286 945 496 996 tifice,qui
531 947 819 986 Bernabonem
855 955 904 984 ut
940 961 980 985 se
1013 947 1250 996 apostolicis
1280 946 1481 985 subselliis
1522 947 1685 986 sisteret
1716 945 1993 996 appellarent3

288 1004 409 1044 Odor.
436 1006 656 1055 Raynald,
678 1021 743 1046 an.
768 1006 883 1052 1363,
911 1006 928 1055 ἕ
949 1006 983 1045 2.

340 1064 458 1103 Anno
489 1066 790 1105 MCCCLXVII
820 1075 984 1105 secutus
1014 1068 1075 1105 est
1119 1066 1335 1104 Urbanum
1365 1066 1398 1103 V
1428 1075 1596 1105 euntem
1631 1067 1674 1104 in
1706 1065 1884 1112 Italiam,
1922 1062 1994 1100 ubi

287 1125 417 1162 multa
448 1140 615 1175 passum
654 1140 747 1165 eum
779 1141 864 1166 esse
896 1126 937 1163 in
975 1126 1160 1163 tumultu
1201 1125 1450 1164 Viterbiensi
1485 1134 1666 1164 testatur
1709 1125 1911 1163 Garoscus
1948 1122 1997 1160 de

290 1182 493 1222 Ulmoisca
519 1186 649 1224 veteri
669 1186 694 1225 2.
1480 1223 1482 1227 ,

341 1243 460 1281 Anno
478 1245 818 1294 MCCCLXVIII,
835 1245 899 1283 die
916 1260 1007 1283 xxn
1022 1245 1283 1296 septembris,
1299 1245 1434 1283 factus
1452 1253 1513 1284 est
1528 1260 1579 1283 ex
1594 1245 1767 1283 diacono
1783 1243 2000 1294 presbyter

291 1303 528 1351 cardinalis;
551 1306 694 1343 Prima
715 1306 796 1343 vita
822 1305 979 1344 Urbani
1005 1305 1051 1353 V,
1074 1321 1112 1356 p.
1137 1304 1226 1344 369.
1253 1305 1378 1343 Dedit
1399 1314 1540 1343 autem
1558 1305 1616 1343 illi
1637 1305 1808 1352 titulum
1830 1303 1868 1342 S.
1893 1302 1997 1339 Lau-

291 1363 412 1400 rentii
436 1363 475 1401 in
503 1365 657 1404 Lucina
683 1374 905 1404 vacantem
928 1380 1001 1416 per
1025 1365 1187 1403 obitum
1213 1365 1419 1403 Guillelmi
1442 1365 1660 1415 Bragosae.

344 1421 637 1463 ObiitViterbii
648 1440 713 1470 an.
729 1425 1099 1471 MCCCLXIX‚die
1112 1439 1221 1462 xxlx
1233 1425 1492 1474 septembris,
1506 1426 1691 1475 sepultus
1704 1424 1745 1462 in
1758 1420 2000 1462 cathedrali.

345 1482 386 1521 P.
413 1482 502 1532 327,
526 1485 592 1534 lig.
619 1484 680 1525 25,
707 1485 993 1523 GUILLERMUS
1015 1485 1219 1522 BRAGOSE
1238 1493 1350 1522 ortus
1368 1500 1387 1523 e
1411 1485 1585 1523 dioecesi
1609 1483 1859 1530 Mimatensi,
1877 1489 1925 1519 ut
1944 1479 2003 1518 ait

290 1542 355 1580 hic
383 1551 539 1583 auctor.
571 1545 723 1583 Contra
752 1545 990 1584 Matthaeus
1020 1544 1234 1592 Villanius,
1263 1544 1332 1583 lib.
1374 1544 1425 1592 X,
1463 1558 1551 1594 cap.
1592 1558 1707 1592 LXXI,
1746 1556 1838 1582 eum
1866 1540 2002 1592 patria

294 1602 629 1642 Lemovicensem
659 1605 783 1643 fuisse
813 1606 957 1644 scribit
989 1621 996 1642 :
1028 1604 1183 1642 Messer
1218 1603 1440 1653 Gaglielmo
1470 1619 1541 1642 sno
1571 1602 1836 1653 referendario
1867 1615 1933 1639 era
1962 1597 2003 1637 di

291 1662 457 1702 Limosi.
479 1664 574 1701 Fuit
589 1665 721 1714 primo
740 1665 884 1703 doctor
900 1673 941 1704 et
956 1664 1161 1715 professor
1175 1664 1276 1714 juris
1295 1664 1481 1702 canonici
1496 1664 1537 1702 in
1554 1663 1766 1702 academia
1783 1662 2001 1706 Tolosana‚

294 1731 353 1770 ut,
373 1730 402 1761 t.
422 1736 448 1770 1,
466 1738 505 1773 p,
526 1723 617 1771 351,
635 1725 797 1774 legitur.
816 1725 880 1762 Ita
893 1725 1020 1764 etiam
1037 1724 1079 1761 in
1097 1724 1301 1775 excerptis
1321 1724 1484 1774 eprimo
1505 1724 1666 1772 Regesto
1683 1722 1866 1760 ludorum
1881 1720 2001 1770 flora-

296 1782 396 1819 liam
425 1782 536 1820 urbis
563 1784 796 1831 Tolosanae,
814 1799 944 1835 nuper
971 1784 1091 1823 editis
1118 1784 1227 1821 inter
1249 1783 1511 1821 Probationes
1554 1780 1768 1820 annalium
1817 1779 2002 1831 ejusdem

296 1842 465 1892 urbis,p.
491 1842 552 1890 79,
576 1843 627 1881 ad
650 1858 806 1882 annum
828 1843 1040 1882 MCCCLV
1066 1859 1073 1881 :

613 1921 686 1973 Sos
720 1922 881 1959 assaber
916 1911 1071 1959 mossen
1111 1920 1295 1959 Guilhem
1330 1921 1524 1970 Bragoza.

612 1981 677 2018 En
715 1982 899 2019 decretals
936 1981 1126 2019 vertadier
1162 1980 1416 2030 yslzemplari.

350 2063 503 2102 Eodem
532 2078 640 2104 anno
668 2065 880 2103 MCCCLV
904 2065 1061 2115 reperio
1087 2078 1181 2103 eum
1208 2064 1331 2103 fuisse
1357 2065 1559 2113 vicarium
1584 2065 1626 2102 in
1652 2062 1935 2115 spiritualibus
1962 2069 2003 2099 et

295 2124 592 2172 temporalibus
625 2125 825 2175 Stephani
855 2124 1151 2174 archiepiscopi
1181 2123 1373 2162 Tolosani
1403 2125 1514 2174 apud
1546 2125 1839 2174 Waddingum‚
1870 2130 1900 2161 t.
1918 2135 2002 2166 v111,

293 2181 338 2218 in
366 2182 528 2231 Regesto
555 2185 776 2234 pontificio,
804 2199 842 2235 p.
872 2184 962 2231 460,
991 2183 1081 2231 464,
1110 2184 1180 2221 ubi
1209 2192 1383 2221 vocatur
1410 2184 1554 2222 doctor
1582 2185 1852 2224 decretorum.
1884 2179 2002 2229 Quod

298 2241 423 2279 etiam
445 2243 546 2281 dicit
568 2259 706 2283 versus
729 2245 901 2282 omissus
923 2244 975 2281 ab
997 2244 1152 2283 editore
1174 2258 1193 2281 e
1214 2243 1396 2292 Registro
1416 2238 1837 2294 ladoram'sloraliam,
1858 2241 1900 2278 in
1922 2253 2002 2289 quo

297 2310 390 2350 post
413 2304 640 2343 secundum
663 2319 829 2343 versum
850 2304 973 2342 isthic
997 2303 1155 2342 editum
1178 2297 1328 2353 legitur
1349 2319 1367 2340 e
1394 2304 1554 2351 general
1587 2304 1631 2341 de
1664 2303 1833 2340 Tholosa
1864 2297 2000 2338 vicari.

352 2361 427 2399 Per
446 2377 511 2400 eas
533 2372 802 2415 tempestates
825 2364 995 2413 quidam
1013 2363 1223 2412 religiosus
1245 2362 1396 2400 ordinis
1418 2363 1623 2401 Minorum
1638 2363 1800 2413 publice
1819 2362 1860 2399 in
1880 2359 2002 2398 eccle-

303 2421 359 2458 sia
392 2422 509 2466 dixit,
534 2424 575 2461 in
601 2438 786 2463 sermone
817 2423 869 2461 ad
899 2422 1299 2474 populum‚beatam
1332 2422 1503 2460 Mariam
1534 2423 1657 2462 fuisse
1689 2429 1932 2471 conceptam
1961 2417 2003 2455 in

300 2489 469 2529 peccato
493 2483 692 2533 originali,
714 2492 755 2522 et
775 2498 872 2521 mox
893 2484 1119 2532 castigatus
1141 2490 1214 2521 est.
1241 2482 1343 2520 Rem
1364 2482 1422 2520 ita
1444 2484 1626 2522 evenisse
1647 2490 1788 2520 narrat
1809 2478 2002 2529 Aegidius

300 2539 525 2580 Bellamera
547 2544 587 2580 in
608 2558 694 2593 cap.
718 2543 977 2593 Conquestas,
995 2543 1054 2580 De
1072 2541 1199 2591 feriiS,
1221 2541 1291 2579 ubi
1310 2543 1369 2580 ita
1390 2542 1532 2581 scribit
1552 2558 1601 2581 ex
1620 2542 1818 2580 relatione
1837 2535 2003 2577 Martini

304 2600 351 2637 dc
373 2601 493 2639 Salva
517 2618 523 2638 :
542 2602 653 2641 Dicit
671 2603 789 2641 etiam
807 2618 847 2640 se
866 2602 1068 2640 audivisse
1087 2616 1111 2639 a
1130 2601 1289 2648 domino
1314 2602 1509 2639 Vabrensi
1529 2602 1630 2652 qaod
1648 2616 1737 2639 cam
1762 2614 1867 2637 unas
1885 2597 2005 2647 frater

303 2659 442 2696 Minor
473 2661 513 2697 in
544 2662 736 2711 theologia
766 2663 953 2712 magister
984 2662 1120 2699 Tolose
1151 2660 1193 2697 in
1222 2661 1333 2699 domo
1357 2662 1527 2711 fratrum
1556 2662 1768 2699 lllinorarn
1796 2673 1867 2709 pro
1895 2662 2004 2707 parte

304 2719 379 2757 ista*
397 2721 553 2768 publice
571 2723 820 2771 predicasset,
840 2731 874 2760 et
889 2722 991 2771 facto
1008 2734 1183 2759 sermone
1202 2721 1244 2758 in
1263 2722 1429 2770 quodam
1442 2722 1560 2759 altari
1579 2722 1681 2760 beate
1693 2720 1829 2758 Maria
1848 2716 2005 2762 indicta
2062 2732 2064 2736 ³

304 2781 463 2818 ecclesia
479 2782 695 2830 celebraret,
713 2791 747 2820 et
764 2782 867 2820 beate
883 2782 1018 2819 Marie
1039 2781 1255 2829 imaginem
1271 2790 1362 2819 tanc
1378 2781 1505 2818 videre
1531 2796 1609 2819 non
1623 2789 1765 2831 posset,
1782 2784 2006 2827 rogaretque

304 2840 427 2876 Deam
457 2842 557 2889 quod
583 2842 775 2880 indicaret
798 2842 877 2879 szbz‘
904 2856 1066 2879 causam
1091 2841 1226 2889 liujus,
1253 2841 1400 2878 dictam
1424 2841 1504 2889 fait
1527 2855 1652 2890 Sapra
1677 2856 1700 2879 a
1725 2838 1894 2890 quadam
1921 2846 2006 2873 voce

306 2904 469 2948 desuper
488 2902 588 2949 qaod
609 2902 691 2938 ideo
709 2910 792 2939 erat
809 2902 903 2951 qaia
921 2901 1190 2950 predicaverat
1207 2914 1278 2949 pro
1296 2909 1406 2949 parte
1425 2900 1612 2950 predicta,
1633 2908 1749 2951 prout
1768 2899 1869 2936 idem,
1886 2896 2006 2945 frater

358 3041 382 3072 1.
417 3040 559 3080 Haluze,
591 3049 613 3074 t.
642 3054 691 3081 IV,
722 3054 754 3086 p.
786 3044 865 3078 1200

357 3096 384 3124 2.
420 3094 561 3133 mulum,
593 3102 616 3127 t.
646 3108 694 3134 lv,
726 3109 758 3139 p.
789 3097 957 3130 132-133.
