2083 3458
47 209 175 264 [690]
579 224 796 249 PAPARUM
832 224 1216 251 AVENIONENSIUM
1661 211 1740 252 181

42 308 164 347 tionis
187 316 227 346 et
249 321 388 345 earum
411 321 536 357 opum
558 307 679 345 fuisse
702 316 747 344 ut
770 322 851 345 non
872 308 1101 358 indigerent
1123 309 1300 347 externis
1322 309 1482 347 auxiliis
1506 311 1557 348 ad
1579 325 1740 361 promo-

43 368 175 406 venda
206 366 340 404 studia
377 366 447 403 filii
476 365 550 403 sui.
587 366 754 403 Interim
784 367 876 405 hinc
907 367 1032 405 etiam
1063 367 1254 405 discimus
1285 382 1377 405 eum
1407 369 1447 406 in
1477 370 1570 407 aula
1601 384 1741 419 regum

44 426 199 465 Siciliae
220 425 340 463 fuisse
362 425 431 462 diu
451 432 546 462 ante
567 439 691 473 quam
714 426 856 463 Petrus
877 426 925 463 de
948 426 1137 463 Ferrariis
1158 426 1199 463 in
1219 440 1264 464 ea
1285 435 1406 465 notus
1427 436 1543 466 esset.
1567 429 1743 466 Sanctus

43 485 195 535 quippe
230 483 460 521 Ludovicus
495 491 616 520 natus
651 492 712 521 est
745 498 852 521 anno
887 485 1187 532 MCCLXXIV,
1222 485 1405 535 adeoque
1441 486 1619 525 Joannes
1653 488 1739 537 ejus

44 551 284 594 praeceptor
310 557 393 580 esse
421 542 558 592 potuit
585 556 692 579 anno
721 543 1003 590 MCCLXXX,
1031 552 1104 581 aut
1131 543 1301 582 circiter.
1332 545 1499 582 Petrum
1525 554 1665 584 autem
1693 547 1744 583 de

46 602 236 640 Ferrariis
279 615 360 638 non
402 601 623 651 reperimus
667 609 811 638 notum
854 602 975 639 fuisse
1017 602 1058 639 in
1100 602 1208 652 regia
1252 603 1407 641 Siciliae
1450 612 1545 642 ante
1587 619 1741 642 annum

46 660 292 699 MCCXCIX
314 660 341 707 1,
371 674 451 709 quo
479 667 662 709 tempore
692 660 870 698 Joannes
900 669 987 698 erat
1014 661 1225 711 episcopus
1257 662 1555 711 Forojuliensis,
1585 663 1745 712 aliquot

45 720 236 758 nimirum
266 719 381 756 annis
412 727 507 756 ante
533 732 657 767 quam
690 719 832 756 Petrus
868 720 1059 757 evaderet
1092 720 1418 770 archiepiscopus
1450 722 1695 760 Arelatensis
1715 722 1741 760 2.

45 779 160 817 Vana
186 792 278 828 ergo
304 777 454 816 censeri
480 777 629 815 debent
657 791 760 826 quae
785 792 807 815 a
834 778 1007 816 Villanio
1031 779 1262 816 referuntur
1288 779 1335 817 de
1360 779 1486 817 initiis
1511 781 1742 818 studiorum

45 838 131 887 ejus
157 846 197 875 et
221 837 269 875 de
293 836 538 875 liberalitate
558 836 665 874 Petri
690 850 781 885 erga
800 851 904 874 eum.
932 837 1033 874 Illud
1051 846 1257 887 postremo
1281 838 1530 886 addendum,
1556 848 1744 878 constare

45 912 95 935 ex
119 896 290 946 publicis
316 895 591 933 monumentis
616 895 730 932 illum
756 896 942 944 gnaviter
975 896 1131 934 dedisse
1157 910 1322 946 operam
1347 898 1492 935 studiis
1516 898 1740 936 literarum.

48 956 105 994 De
134 970 174 993 se
200 955 285 1005 ipse
313 962 492 992 testatur
527 969 567 992 se
595 954 799 991 studuisse
835 954 1092 1003 singulariter
1125 963 1348 993 sanctorum
1380 957 1608 1005 originalia.
1639 958 1744 995 Sunt

44 1014 151 1052 enim
171 1014 259 1064 ipsa
280 1013 365 1063 ejus
388 1013 512 1051 verba
532 1013 660 1051 relata
681 1013 732 1050 ab
754 1013 937 1051 Ockamo
956 1013 997 1050 in
1018 1014 1194 1051 secundo
1217 1020 1401 1052 tractatu
1417 1015 1476 1052 De
1495 1016 1746 1064 dogmatibus

45 1073 228 1123 ejusdem
255 1072 437 1118 Joannis,
463 1086 550 1121 cap.
566 1086 624 1119 lx,
650 1087 688 1121 p.
710 1072 782 1108 752
811 1072 939 1109 :Licet
963 1087 1044 1120 nos,
1069 1081 1274 1122 postquam
1286 1073 1440 1121 suimus
1465 1074 1508 1111 in
1532 1074 1603 1112 isto
1626 1083 1742 1120 statu,

43 1132 270 1170 studuimus
287 1131 543 1180 singulariter
558 1139 779 1168 sanctorum
798 1131 1013 1179 originalia
1032 1139 1065 1168 et
1082 1132 1369 1181 acceptavimus
1387 1133 1630 1182 quaestiones
1649 1148 1746 1183 quas

43 1191 198 1240 faciunt
224 1190 267 1228 in
293 1191 368 1228 ista
394 1190 570 1237 materia,
597 1198 631 1226 et
654 1190 870 1239 frequenter
897 1190 939 1227 in
963 1190 1209 1227 sermonibus
1234 1191 1400 1239 fecimus
1427 1192 1659 1230 mentionem
1671 1206 1685 1239 ,·
1711 1201 1747 1230 et

45 1250 214 1287 mamime
237 1249 329 1287 utile
348 1249 438 1298 suit,
462 1249 556 1298 quia
576 1248 649 1286 alii
671 1249 727 1285 wel
748 1263 826 1285 non
847 1249 988 1286 liabent
1008 1249 1237 1297 originalia,
1260 1251 1316 1286 wel
1337 1264 1415 1287 non
1436 1259 1575 1288 curant
1593 1252 1746 1288 studere

47 1309 89 1347 in
114 1309 182 1346 eis.
212 1308 314 1346 Sunt
338 1308 444 1345 enim
471 1308 581 1344 lioclie
606 1308 800 1344 studentes
826 1316 859 1345 et
884 1308 957 1345 alii
983 1308 1175 1357 applicati
1202 1308 1438 1357 quibusdam
1462 1310 1684 1359 scripturis,
1711 1318 1747 1347 et

47 1368 136 1405 illas
151 1367 292 1405 liabent
306 1381 376 1417 pro
390 1367 604 1415 evangeliis
619 1374 652 1403 el
666 1367 855 1416 epistolis,
871 1367 1094 1416 etamplius
1108 1381 1252 1416 parum
1268 1376 1468 1416 quaerunt.
1487 1368 1537 1405 Et
1552 1369 1635 1405 ideo
1651 1368 1743 1418 quia

49 1427 123 1464 ista
144 1426 370 1464 studuimus
393 1426 436 1463 in
457 1425 736 1474 originalibus,
761 1426 834 1463 ista
857 1426 1149 1475 proposuimus,
1175 1426 1249 1463 ista
1272 1426 1565 1475 inquisivimus.

103 1486 144 1524 P.
169 1485 255 1532 117,
277 1485 343 1535 lig.
375 1485 410 1523 4.
443 1485 673 1522 LL’GDUNO.
706 1484 817 1522 Nous
849 1484 1069 1534 possedons
1091 1498 1168 1522 une
1199 1485 1317 1522 lettre
1348 1485 1465 1523 datee
1496 1486 1543 1523 de
1575 1486 1690 1535 Lyon
1710 1486 1746 1523 le

50 1544 97 1582 18
124 1544 353 1594 septembre
383 1543 484 1582 1316
512 1544 682 1592 (Mollat‚
712 1558 749 1581 n.
781 1543 910 1591 1064).
942 1543 1006 1580 Du
1033 1543 1082 1580 20
1108 1558 1159 1581 au
1188 1543 1237 1581 30
1264 1544 1492 1593 septembre
1521 1545 1588 1582 des
1617 1545 1746 1582 bulles

48 1604 309 1641 nombreuses
338 1603 476 1641 furent
503 1602 715 1652 expediees
735 1603 783 1640 de
812 1602 1527 1650 Chateauneuf-Calcernier(Mollat.
1557 1618 1595 1642 n.
1627 1603 1745 1641 1065-

51 1662 179 1710 1284).
202 1663 254 1700 Le
275 1662 329 1700 1er
346 1662 510 1700 octobre
530 1675 582 1699 on
599 1676 649 1699 en
666 1670 811 1699 trouve
830 1661 968 1699 datees
988 1663 1008 1698 a
1027 1661 1063 1698 la
1083 1661 1156 1698 fois
1177 1661 1223 1698 de
1243 1669 1349 1699 cette
1368 1662 1528 1700 localite
1547 1670 1587 1700 et
1605 1662 1746 1699 d’Avi-

48 1736 157 1771 gnon
179 1721 349 1770 (Mollat,
373 1735 410 1760 n.
436 1720 689 1768 1285-1287).
714 1721 766 1758 Le
783 1721 945 1757 volume
967 1734 1037 1756 xm
1056 1720 1123 1757 des
1143 1720 1332 1757 Introitus
1352 1729 1385 1757 et
1403 1721 1558 1768 Eoeitus,
1575 1722 1600 1758 f.
1621 1721 1669 1758 55
1688 1726 1746 1767 r0,

49 1780 232 1818 contient
258 1788 363 1818 cette
391 1779 573 1817 mention
602 1795 609 1816 :
634 1779 832 1816 Dominus
861 1779 1102 1816 Johannes...
1131 1778 1192 1816 die
1216 1779 1387 1816 secunda
1412 1780 1558 1817 mensis
1583 1779 1748 1818 octobris

48 1839 220 1888 ejusdem
237 1839 336 1876 anni
365 1838 504 1889 [1316]
526 1839 686 1876 intravit
703 1838 954 1876 Avi'nionem.

104 1899 145 1936 P.
195 1898 281 1945 117,
330 1898 395 1947 lig.
444 1898 504 1936 10.
561 1898 841 1935 BERNARDUM
891 1911 944 1933 DE
1003 1897 1423 1941 MONTEPESSULANQ
1477 1905 1748 1946 cognomento

52 1957 249 1995 Delitiosi.
291 1957 499 1995 Habemus
536 1971 632 2006 prae
670 1956 858 1994 manibus
896 1956 1074 1993 codicem
1110 1955 1151 1992 in
1188 1969 1268 2004 quo
1305 1956 1568 1993 continentur
1604 1956 1747 1993 bulla³

50 2016 342 2053 commissionis
362 2015 532 2054 Joannis
553 2015 694 2062 XXII,
714 2029 794 2064 qua
813 2029 956 2052 causae
974 2015 1060 2063 ejus
1079 2013 1303 2061 cognitores
1323 2028 1406 2052 esse
1424 2014 1603 2052 decernit
1622 2015 1744 2052 ,Ioan—

50 2089 143 2113 nem
173 2075 523 2125 archiepiscopum
554 2075 815 2120 Tolosanum,
849 2074 1050 2111 „Iacobum
1090 2072 1325 2123 episcopum
1356 2073 1685 2123 Appamiemem,
1705 2081 1746 2111 et

52 2134 332 2171 Raimundum
352 2133 588 2184 episcopum
611 2133 748 2171 Sancti
781 2132 938 2183 Papuli,
960 2141 1049 2169 tum
1073 2132 1252 2181 capitula
1273 2132 1582 2169 accusationum
1602 2132 1744 2170 adver-

50 2207 116 2230 sus
138 2207 230 2231 eum
251 2192 567 2243 propositarum,
588 2192 927 2242 interrogationes
948 2199 989 2229 et
1008 2190 1288 2240 responsiones
1309 2190 1409 2239 ejus,
1432 2191 1541 2228 dicta
1562 2191 1744 2238 testium,

51 2252 254 2290 sententia
282 2251 468 2301 judicum
498 2252 791 2301 delegatorum,
822 2259 863 2289 et
893 2259 1025 2288 cetera
1055 2249 1269 2299 ejusmodi.
1302 2249 1467 2287 Praeter
1496 2263 1541 2287 ea
1572 2264 1667 2288 vero
1698 2249 1747 2287 de

51 2310 198 2360 quibus
226 2318 443 2348 accusatur
470 2310 511 2348 in
538 2311 615 2348 hac
648 2310 740 2348 Vita
768 2309 937 2347 Joannis
969 2309 1096 2346 XXII
1126 2315 1288 2346 constat
1324 2307 1359 2346 ei
1387 2308 1596 2357 objectum
1624 2307 1747 2346 fuisse

51 2370 160 2418 quod
184 2369 348 2419 magieis
372 2369 528 2407 artibus
552 2377 809 2419 procurasset
832 2376 1006 2406 mortem
1028 2366 1239 2405 Benedicti
1263 2366 1337 2405 XI.

106 2429 148 2466 P.
189 2428 275 2475 117,
312 2428 376 2478 lig.
417 2428 476 2466 12.
516 2428 636 2466 Duos
676 2441 954 2467 CARDINALES.
996 2427 1041 2464 In
1077 2425 1300 2476 processu4
1334 2425 1517 2474 ejusdem
1549 2424 1746 2463 Bernardi

101 2607 132 2638 1.
165 2605 194 2638 Il
216 2605 309 2638 etait
333 2605 639 2639 vice-chancelier
660 2605 691 2637 Ic
707 2605 726 2638 7
750 2604 953 2637 novembre
977 2603 1069 2635 1295
1096 2600 1252 2644 (Minicri
1277 2599 1391 2639 Ricci,
1416 2600 1552 2642 Saggio
1575 2600 1612 2633 di
1633 2600 1752 2632 codice

53 2658 294 2702 diplomatico,
324 2659 574 2702 supplement,
605 2670 639 2702 p.
670 2658 766 2700 100),
796 2656 921 2690 tandis
950 2668 1021 2699 que
1049 2655 1211 2698 Jacques
1242 2653 1365 2686 Dueze
1394 2649 1608 2696 n'appa'rait
1636 2653 1749 2696 qu’en

53 2712 204 2744 octobre
243 2712 335 2745 1297
375 2723 519 2745 comme
558 2711 750 2744 conseiller
786 2710 891 2753 royal
933 2706 1332 2752 (Albanes-Chevalier‚
1379 2705 1499 2739 Gallia
1537 2705 1750 2739 Christiana

53 2765 262 2804 novissima,
284 2771 309 2798 t.
330 2776 392 2804 vn,
412 2777 447 2798 n.
468 2766 548 2803 806,
569 2765 665 2807 807).

103 2818 133 2850 2.
164 2818 299 2850 Baluze
325 2824 490 2851 commet
514 2829 645 2850 encore
671 2829 742 2849 une
765 2815 939 2859 meprise:
965 2814 1084 2847 Pierre
1112 2813 1155 2845 de
1184 2812 1362 2845 Ferrieres
1380 2811 1510 2844 devint
1535 2812 1676 2854 eveque
1704 2811 1749 2844 de

54 2870 235 2903 Lectoure
253 2871 284 2903 le
304 2871 346 2904 23
365 2871 560 2904 decembre
578 2870 671 2903 1299
693 2869 858 2912 (Digard.
879 2880 912 2901 n.
933 2867 1054 2909 3289),
1075 2865 1198 2898 tandis
1216 2877 1287 2908 que
1305 2865 1468 2908 Jacques
1489 2864 1609 2896 Duese
1628 2875 1672 2896 ne
1690 2864 1749 2896 fut

54 2925 112 2959 elu
136 2924 276 2967 eveque
301 2924 344 2956 de
370 2923 499 2967 Frejus
523 2935 594 2967 que
618 2924 650 2955 lc
674 2923 693 2955 4
710 2922 844 2955 sevrier
859 2922 952 2954 1300
979 2917 1378 2963 (Albaues-Chevalier,
1394 2929 1452 2961 op.
1468 2918 1539 2956 cit„
1557 2923 1583 2950 t.
1606 2929 1618 2949 1
1646 2916 1749 2960 (Ais)

56 2979 312 3016 Instrumenta,
334 2977 401 3010 col.
425 2977 504 3016 225,
526 2988 561 3009 n.
584 2976 710 3018 xxm).

106 3030 138 3062 3.
168 3029 316 3069 Baluze,
341 3035 367 3062 t.
390 3041 440 3068 111,
465 3041 500 3073 p.
526 3029 693 3063 279-298.

103 3082 135 3114 4.
164 3082 268 3121 B.N.‚
297 3094 363 3115 ms.
390 3082 484 3115 latin
510 3082 615 3122 4270,
643 3081 705 3115 fol.
733 3080 801 3113 129
828 3083 878 3113 νο.
