2083 3458
249 221 330 262 644
897 232 1047 257 NOTAE
1083 232 1143 256 AD
1178 232 1305 257 VITAs
1798 219 1950 274 [1122]

250 318 454 356 veteribus
478 316 597 365 hujus
620 315 710 353 aevi
731 315 1009 353 monumentis
1033 314 1248 364 colligitur,
1270 314 1380 353 fuere
1397 315 1584 353 Pictones
1605 316 1647 354 in
1668 316 1811 355 eadem
1828 316 1949 366 Aqui-

248 378 373 415 tania.
406 377 536 414 Istum
562 375 684 413 fuisse
711 375 912 412 decanum
940 374 1143 412 Ecclesiae
1164 374 1432 412 Pictaviensis
1459 375 1587 425 reperi
1608 375 1650 412 in
1679 376 1815 414 codice
1850 375 1951 426 epis-

249 437 426 475 tolarum
460 449 562 485 quae
597 434 648 471 ab
687 434 926 472 Innocentio
960 434 1017 471 Vl
1051 434 1226 483 scriptae
1261 442 1357 471 sunt
1390 448 1498 471 anno
1531 443 1648 472 sexto
1681 435 1950 485 pontificatus

247 496 385 546 ipsius.
414 495 562 532 Factus
586 502 727 532 autem
750 502 811 531 est
835 493 1047 543 episcopus
1073 493 1314 531 Sarlatensis
1340 493 1443 531 circa
1467 508 1622 533 annum
1640 493 1654 516 1
1678 494 1951 541 MCCCLXX,
2016 511 2022 517 ·

248 564 295 593 ut
317 556 466 593 docent
489 554 681 603 vulgatae
705 553 871 590 tabulae
895 553 1179 602 episcoporum
1204 552 1511 591 Sarlatensium.
1537 554 1664 591 Paulo
1687 562 1781 604 post
1805 554 1952 603 Grego-

249 615 328 653 rius
356 614 417 651 XI
442 628 535 652 eum
558 613 670 650 misit
693 613 735 650 in
759 613 1005 650 Vasconiam
1024 620 1071 649 ut
1090 612 1348 650 concordiam
1373 621 1586 651 revocaret
1603 613 1710 651 inter
1728 613 1952 651 Gastonem

249 674 441 712 comitem
464 673 691 711 Fuxensem
714 680 755 710 et
777 673 981 710 ,Ioannem
1002 671 1376 719 Armeniacensem,
1398 679 1445 709 ut
1475 672 1623 710 docent
1652 673 1837 721 ejusdem
1858 672 1953 710 Gre-

250 734 347 783 gorii
371 733 567 783 epistolae
592 732 644 769 ad
668 732 858 770 eumdem
883 732 1105 769 Gastonem
1132 739 1173 768 et
1205 731 1257 768 ad
1282 731 1518 781 Vignerium
1550 732 1787 782 episcopum
1813 732 1953 770 Lecto-

247 807 404 831 rensem
426 792 613 842 scriptae.
639 791 793 835 Deinde
815 791 960 829 missus
982 791 1033 828 ab
1055 790 1199 828 eodem
1219 791 1411 840 Gregorio
1431 791 1473 828 in
1494 791 1669 829 Siciliam
1699 805 1807 829 anno
1827 791 1953 829 mille-

248 853 349 890 simo
371 851 632 890 CCCLXXII
653 865 796 901 pacem
819 850 1001 889 firmavit
1020 850 1127 888 inter
1149 850 1355 889 Joannam
1374 850 1554 900 reginam
1579 851 1735 889 Siciliae
1756 859 1797 889 et
1819 851 1953 889 Fride-

247 912 374 950 ricum
406 911 636 949 Trinacriae
667 924 814 960 regem.
847 910 948 948 Vide
978 909 1214 957 Baronium,
1246 923 1312 948 an.
1346 909 1465 956 1096;
1495 910 1709 957 Bzovium,
1740 924 1805 948 an.
1839 910 1952 957 1372,

254 972 270 1020 ἓ
293 971 359 1018 18;
381 980 422 1009 et
444 971 667 1009 Odoricum
688 970 966 1019 Raynaldum,
989 983 1054 1008 an.
1079 969 1192 1016 1372,
1221 969 1237 1017 ἓ
1258 969 1326 1015 25,
1350 969 1463 1016 1374,
1492 970 1508 1018 ξ
1530 969 1596 1016 19;
1621 970 1734 1017 1375,
1763 970 1779 1018 ξ
1802 969 1862 1017 19,
1884 970 1954 1007 ubi

248 1031 561 1069 commendatur
580 1030 627 1068 de
646 1030 816 1068 scientia
835 1037 876 1067 et
893 1029 1038 1071 innata,
1060 1029 1292 1079 prudentia.
1323 1029 1498 1068 Romam
1524 1029 1668 1067 deinde
1696 1044 1735 1067 se
1764 1029 1952 1077 contulit,

246 1090 317 1128 ubi
335 1104 428 1129 eum
446 1090 567 1128 fuisse
585 1089 740 1139 reperio
758 1104 804 1127 eo
822 1097 1006 1139 tempore
1025 1103 1105 1138 quo
1123 1096 1217 1138 post
1236 1088 1416 1137 Gregorii
1434 1097 1609 1126 mortem
1627 1097 1834 1128 commota
1852 1096 1913 1127 est
1930 1102 1952 1126 a

249 1150 445 1189 Romanis
470 1149 709 1199 gravissima
731 1157 957 1198 tempestas
981 1148 1176 1186 adversus
1203 1148 1426 1187 Ecclesiam
1452 1148 1538 1186 Dei.
1564 1148 1664 1187 Orta
1687 1156 1828 1186 autem
1850 1156 1952 1186 tem-

246 1218 421 1260 pestate,
443 1210 621 1247 Joannes
641 1208 805 1246 secessit
824 1208 866 1245 in
884 1216 1065 1246 castrum
1085 1207 1224 1245 Sancti
1244 1207 1400 1257 Angeli,
1420 1207 1489 1245 ubi
1509 1222 1600 1246 eum
1621 1208 1743 1246 fuisse
1763 1208 1826 1246 die
1845 1221 1953 1245 nona

247 1269 384 1319 aprilis
412 1277 531 1319 patet
559 1283 608 1306 ex
638 1268 813 1306 Odorico
844 1267 1075 1316 Raynaldo,
1100 1281 1164 1304 an.
1191 1267 1304 1314 1378,
1335 1266 1351 1315 ξ
1385 1266 1446 1305 90.
1477 1268 1623 1305 Postea
1653 1267 1860 1317 profectus
1892 1275 1954 1305 est

248 1328 492 1379 Anagniam,
512 1342 593 1377 quo
610 1342 650 1365 se
669 1328 930 1365 contulerant
947 1327 1186 1373 cardinales,
1205 1326 1266 1364 uti
1285 1326 1461 1364 diximus
1479 1340 1601 1376 supra
1620 1341 1657 1376 p.
1679 1326 1791 1365 1007.
1814 1326 1953 1364 Falsus

248 1396 309 1426 est
330 1396 472 1426 autem
494 1388 759 1425 vehementer
782 1386 1041 1437 Spondanus,
1065 1400 1130 1423 an.
1154 1385 1267 1433 1372,
1297 1386 1314 1434 ἓ
1337 1386 1373 1433 6,
1391 1386 1569 1424 scribens
1586 1387 1694 1424 hunc
1716 1386 1954 1436 episcopum

250 1447 525 1486 Sarlatensem
560 1447 681 1485 fuisse
718 1446 1048 1484 Franciscanum.

303 1507 346 1545 P.
370 1506 458 1553 421,
480 1507 547 1556 lig.
571 1505 632 1544 32.
658 1506 991 1544 CIRCUMVICINIS.
1017 1505 1112 1542 Voir
1134 1504 1310 1542 Histoire
1332 1505 1376 1542 de
1397 1505 1645 1554 Languedoc,
1668 1513 1697 1543 t.
1720 1519 1778 1552 IX,
1801 1519 1840 1555 p.
1863 1504 1951 1542 841.

304 1567 346 1605 Ρ.
381 1566 469 1613 422,
502 1566 569 1615 lig.
605 1565 665 1604 13.
703 1566 798 1603 REX
833 1565 1096 1602 MAJORICAR.
1132 1564 1233 1602 Vide
1269 1564 1543 1603 Froissartum
1587 1564 1631 1614 [t.
1668 1579 1750 1611 vm,
1784 1579 1822 1614 p.
1858 1563 1952 1614 27];

250 1625 542 1675 Waddingum,
575 1638 640 1663 an.
676 1625 788 1672 1375,
828 1625 845 1673 ἓ
879 1624 928 1662 40
973 1624 1017 1674 [t.
1053 1639 1134 1671 vm,
1167 1639 1205 1673 p.
1239 1623 1339 1673 325]
1373 1632 1413 1661 et
1446 1623 1728 1674 Spondanum,
1752 1638 1817 1661 an.
1840 1623 1953 1671 1374,

305 1745 347 1783 Ρ.
375 1744 464 1791 422,
490 1744 555 1794 lig.
583 1744 644 1782 21.
674 1744 885 1781 ΟἹΤΟΝΕΜ
913 1758 967 1780 DE
1002 1743 1255 1780 BRUNsvicn
1290 1756 1411 1792 quem
1438 1742 1652 1792 Gregorius
1681 1742 1742 1779 XI
1776 1742 1954 1781 scribens

252 1804 304 1841 ad
338 1804 574 1854 Philippum
606 1804 897 1853 imperatorem
931 1803 1007 1840 CP.
1042 1802 1101 1840 ait
1133 1802 1268 1839 virum
1302 1802 1423 1839 fuisse
1450 1803 1629 1841 multum
1661 1802 1881 1852 providum
1915 1810 1955 1839 et

250 1863 516 1912 magnificum
541 1872 581 1901 et
606 1864 705 1900 alias
732 1863 962 1900 virtuosum
988 1862 1098 1899 fama
1124 1861 1269 1899 celebri
1288 1870 1541 1911 reputatum.
1564 1862 1694 1899 Extat
1713 1875 1759 1899 ea
1782 1861 1954 1911 epistola

250 1922 360 1973 apud
380 1922 672 1972 Waddinguni,
694 1936 759 1960 an.
783 1922 896 1969 1372,
924 1922 940 1970 ἓ
961 1921 1022 1969 26,
1044 1930 1085 1959 et
1104 1921 1215 1971 apud
1233 1921 1454 1960 Odoricum
1471 1921 1748 1970 Raynaldum,
1766 1920 1854 1959 eod.
1872 1934 1952 1967 an.,

256 1982 273 2030 ἓ
298 1982 359 2020 30.
389 1982 588 2020 Eumdem
616 1981 887 2019 Theodericus
914 1995 935 2018 a
963 1981 1094 2027 Niem,
1120 1980 1188 2018 lib.
1218 1980 1233 2017 I
1267 1980 1320 2030 [p.
1347 1980 1434 2030 18],
1456 1981 1515 2017 De
1538 1980 1757 2028 schismate,
1784 1972 1872 2030 cap.
1900 1994 1952 2027 VJ,

251 2050 374 2079 vocat
398 2050 558 2091 patrem
583 2042 815 2091 principum
840 2049 880 2079 et
915 2054 1100 2078 normam
1136 2040 1350 2087 nobilium,
1386 2053 1472 2090 cap.
1509 2054 1577 2077 v111
1622 2039 1675 2090 [p.
1711 2039 1784 2089 21]
1819 2039 1953 2077 virum

250 2109 388 2139 totum
414 2101 675 2148 catholicum,
702 2115 789 2150 cap.
817 2115 921 2137 xxlv
957 2100 1009 2149 [p.
1036 2099 1109 2149 46]
1136 2099 1500 2150 prudentissimum
1527 2113 1573 2137 ac
1598 2107 1811 2138 strenuum
1836 2098 1953 2136 nimis

250 2160 292 2197 in
319 2160 437 2199 factis
465 2174 685 2208 armorum,
714 2174 736 2197 a
764 2159 939 2210 pueritia
966 2159 1008 2196 in
1034 2159 1185 2196 talibus
1214 2159 1455 2205 enutritum,
1484 2167 1524 2196 et
1552 2172 1639 2208 cap.
1666 2173 1748 2195 va
1774 2157 1830 2208 [p.
1861 2157 1952 2207 115]

250 2219 365 2271 pium
391 2228 431 2258 et
456 2228 720 2259 mansuetum
746 2234 818 2257 nec
844 2218 1050 2257 vindictae
1078 2218 1285 2268 cupidum.

304 2279 423 2317 Anno
448 2279 746 2317 MCCCLXXV
771 2278 955 2317 extincto
981 2278 1137 2315 Jacobo
1162 2292 1251 2327 rege
1278 2277 1566 2326 Majoricarum
1591 2277 1739 2316 marito
1772 2277 1956 2314 Joannae

252 2339 411 2388 reginae
433 2339 742 2389 Neapolitanae,
761 2338 850 2388 ipsa
869 2337 1068 2387 cogitavit
1086 2337 1134 2375 de
1154 2337 1308 2387 nuptiis
1328 2351 1420 2374 cum
1438 2337 1517 2373 isto
1537 2336 1703 2383 Ottone,
1722 2344 1763 2374 et
1789 2336 1955 2374 demum

252 2412 388 2436 mense
413 2398 634 2448 septembri
653 2397 667 2420 2
690 2397 1001 2436 matrimonium
1024 2397 1131 2434 inter
1154 2411 1220 2434 eos
1246 2403 1506 2434 contractum
1529 2403 1604 2442 est,
1629 2403 1675 2433 ut
1700 2395 1819 2433 docet
1840 2395 1955 2433 Sum-

253 2458 447 2505 montius,
474 2472 519 2495 ea
545 2466 686 2496 tamen
711 2457 874 2506 adjecta
900 2455 1134 2494 conditione
1160 2463 1207 2493 ut
1231 2455 1315 2505 ipse
1342 2455 1511 2492 titulum
1536 2455 1638 2504 regis
1665 2469 1747 2492 non
1771 2454 1954 2500 haberet,

254 2531 334 2566 quo
364 2517 523 2567 integra
555 2532 644 2567 spes
677 2515 920 2554 succedendi
950 2516 993 2552 in
1023 2529 1146 2564 regno
1178 2515 1475 2564 relinqueretur
1509 2514 1660 2552 Karolo
1695 2514 1884 2560 Duraeio,
1917 2521 1958 2551 et

302 2636 334 2669 1.
365 2635 413 2667 Le
436 2636 454 2668 2
476 2636 627 2669 octobre
651 2634 797 2678 (EubeL
819 2634 1050 2673 Hierarchia,
1073 2639 1099 2666 t.
1120 2645 1144 2673 1,
1166 2645 1200 2676 p.
1223 2633 1320 2676 436).
1342 2633 1439 2665 Jean
1460 2633 1503 2665 de
1521 2632 1718 2666 Reveillon
1736 2631 1872 2665 n'etait
1891 2643 1956 2675 pas

256 2688 440 2728 Poitevin‚
460 2689 552 2722 mais
567 2688 763 2732 originaire
782 2689 832 2720 du
850 2687 997 2730 Quercy
1014 2686 1069 2730 (E.
1088 2686 1194 2725 Albe,
1217 2686 1362 2719 Azctour
1378 2687 1418 2719 de
1434 2686 1533 2719 Jean
1548 2686 1686 2725 XXII,
1713 2691 1739 2719 t.
1761 2697 1798 2725 11,
1818 2697 1852 2729 p.
1873 2686 1957 2717 224-

257 2742 351 2785 225).

305 2795 335 2828 2.
363 2795 411 2827 Lc
436 2796 599 2838 mariage
624 2795 683 2827 fut
707 2795 900 2828 contracte
924 2805 992 2837 par
1014 2804 1219 2837 procureur
1241 2804 1286 2825 en
1309 2793 1497 2836 Avignon,
1521 2792 1553 2825 le
1578 2793 1622 2826 28
1647 2792 1842 2825 decembre
1867 2792 1959 2824 1375

261 2848 320 2889 (H.
343 2848 385 2881 V.
408 2848 732 2888 Sauc1·land‚DrezT
756 2848 958 2881 Urlfflnden
976 2858 1040 2879 zur
1065 2846 1269 2879 Geschichte
1288 2847 1348 2879 der
1366 2846 1522 2879 Helrath
1542 2847 1600 2879 des
1619 2846 1780 2887 Herzogs
1799 2844 1877 2877 Otto
1892 2856 1960 2877 von

256 2901 540 2944 Braunschweig
560 2903 634 2934 und
651 2902 710 2934 cler
725 2901 894 2943 Konigin
910 2900 1087 2933 ιΙοΙιαηηα
1101 2900 1122 2932 Ι
1133 2911 1201 2932 von
1217 2899 1369 2943 Neapel,
1390 2900 1482 2932 dans
1495 2899 1645 2942 Quellen
1663 2899 1738 2931 und
1754 2898 1959 2930 Forschun-

259 2965 324 2995 gen
341 2966 408 2986 aus
428 2955 678 2987 italienischen
694 2954 887 2994 Arclziven,
916 2959 942 2986 t.
972 2965 1036 2985 vm
1058 2952 1192 2996 (1905),
1221 2964 1255 2996 p.
1286 2952 1472 2996 206-216).
1492 2952 1563 2985 Sur
1581 2952 1685 2991 Otto,
1710 2951 1790 2984 voir
1815 2951 1958 2984 Romis-

257 3007 316 3038 elie
338 3007 616 3050 Qum-talschris!
642 3009 680 3051 (t.
706 3019 816 3040 xxvn
842 3006 976 3050 (1913),
1001 3018 1035 3049 p.
1060 3006 1231 3049 146-152)
1258 3012 1295 3038 et
1320 3005 1365 3039 K.
1393 3005 1438 3038 H.
1463 3005 1618 3038 Schi'ifer
1639 3004 1825 3047 (Deittsclze
1844 3004 1959 3037 Ritter

260 3060 334 3091 und
354 3061 589 3093 Edellmecme
613 3062 649 3093 in
677 3061 809 3094 Italien
831 3060 1000 3093 Wdhrend
1030 3060 1088 3092 des
1115 3059 1160 3091 14
1182 3059 1461 3099 Jalzrhunderts,
1488 3058 1715 3097 Paderborn,
1741 3057 1844 3097 1909,
1870 3062 1895 3090 t.
1918 3069 1955 3096 11,

259 3124 291 3154 p.
314 3114 496 3152 203-204).
