2083 3458
279 154 332 194 50
467 156 471 160 '
929 160 1081 187 NOTAE
1116 160 1176 184 AD
1211 158 1339 183 VITAs
1705 128 1709 131 l
1866 139 1989 196 [586]

281 254 414 299 (πάθη,
436 265 523 301 cap.
547 264 679 287 xxvm
712 248 774 299 [P.
796 247 856 294 L.,
878 254 907 284 t.
933 258 1137 291 CLXXXIX,
1160 242 1233 281 col.
1256 241 1371 292 903].
1394 241 1466 279 Est
1487 241 1530 279 in
1548 241 1790 292 Hispanicis
1809 240 1990 294 partibus

283 311 413 350 nobile
436 319 470 348 et
492 310 691 359 famosum
715 306 928 353 castellum,
954 304 1055 354 quod
1077 311 1110 340 et
1132 310 1291 352 propter
1314 315 1533 350 congruum
1555 300 1677 339 situm
1699 309 1733 339 et
1754 299 1992 353 fertilitatem

283 370 551 422 adjacentium
574 377 764 407 terrarum
777 374 810 403 et
825 363 1119 403 multitudinem
1137 360 1451 399 inhabitantium
1468 361 1700 408 incolarum,
1719 357 1864 411 quibus¹¹
1875 359 1991 398 rebus

283 430 466 481 proxima
497 424 653 466 castella
685 433 883 475 exuperat,
918 432 959 461 ut
986 422 1161 469 aestimo,
1186 435 1266 458 non
1299 420 1514 470 incongrue
1547 420 1667 458 Stella
1698 428 1864 458 vocatur,
1887 419 1992 457 Eam

282 488 559 529 Bernardinus
579 485 805 531 Gomesius,
822 484 892 522 lib.
914 482 1004 529 XV,
1024 482 1073 519 de
1091 480 1213 530 gestis
1233 479 1379 518 Jacobi
1400 480 1430 528 Ι,
1447 479 1551 530 regis
1569 480 1842 530 Arragonum,
1869 486 1993 517 vocat

286 549 414 588 nobile
432 548 636 585 Navarrae
654 545 861 596 oppidum.
880 542 983 580 Vide
996 541 1225 579 Arnaldum
1239 540 1512 578 Oihenartum
1529 539 1573 578 in
1585 539 1741 578 Notitia
1762 537 1994 585 Vaseoniae,

284 624 323 660 p.
349 608 396 646 79
418 615 458 646 et
480 621 538 657 sq.
566 606 612 643 In
641 605 752 642 bulla
771 604 784 626 1
805 600 1019 641 Benedicti
1042 600 1127 638 XII
1150 600 1199 638 de
1230 598 1523 638 reformatione
1546 598 1699 637 ordinis
1721 597 1994 638 Cisterciensis

284 669 343 706 ita
354 667 503 717 legitur
520 682 526 704 :
543 665 729 704 Studium
741 671 871 701 autem
882 661 984 712 quod
995 660 1148 707 Stellae,
1163 659 1491 709 Pampilonensis
1509 658 1687 706 diocesis,
1700 657 1782 708 fore
1798 657 1997 696 consuevit

288 728 331 766 in
362 725 649 765 Salmanticam
682 721 958 771 transferimus
989 727 1147 770 propter
1177 718 1514 769 propinquitatem
1544 718 1670 756 studii
1704 717 1994 756 Tolosanensis.

287 788 439 825 Verum
450 784 714 828 ‚academiam
735 780 1114 826 Salmanticensem,
1145 786 1193 816 ut
1211 778 1288 816 hoc
1310 792 1473 828 quoque
1494 777 1627 816 obiter
1646 777 1845 825 dicamus,
1866 777 1998 815 multo

288 844 562 896 antiquiorem
602 857 685 881 esse
723 840 981 879 contendunt
1021 838 1208 889 Hispani,
1241 846 1289 875 ut
1331 845 1393 876 est
1423 837 1561 876 videre
1601 837 1713 888 apud
1756 836 1998 884 Marianam,

286 906 355 944 lib.
378 904 486 943 XIII
513 903 566 954 [p.
588 901 688 952 617]
707 902 856 940 Rerum
874 898 1049 951 hispan„
1067 912 1154 948 cap.
1172 913 1198 945 1,
1218 905 1259 936 et
1284 897 1394 948 apud
1410 896 1642 935 Alfonsium
1666 896 1852 935 Garsiam
1869 896 2001 934 Mata-

289 978 449 1003 morum
472 963 514 1001 in
532 961 774 1000 Narratione
795 958 1035 1010 apologetica
1057 958 1101 995 de
1122 957 1338 995 academiis
1359 956 1604 1007 Hispaniae,
1626 971 1665 1007 p.
1690 955 1752 995 56.

344 1025 386 1062 P.
402 1024 437 1071 7,
449 1023 515 1073 lig.
530 1021 592 1060 20.
608 1021 882 1059 LUDOVICUM.
900 1013 959 1056 De
972 1018 1058 1068 ejus
1071 1017 1215 1056 itinere
1231 1016 1273 1055 in
1287 1016 1519 1054 Navarram
1531 1015 1694 1067 scripsit
1704 1030 1777 1055 rex
1789 1011 2002 1067 Philippus

290 1084 341 1122 ad
362 1083 613 1121 Clementem
631 1080 666 1117 V
685 1093 838 1131 papam
857 1085 1026 1129 propter
1044 1076 1313 1115 interdictum
1334 1075 1397 1115 cui
1418 1084 1509 1113 tum
1531 1075 1856 1127 pampilonensis
1879 1075 2002 1114 eccle-

290 1143 348 1182 sia
366 1141 608 1192 subjacebat
626 1139 652 1178 ².

343 1203 386 1240 P.
424 1202 459 1249 7,
492 1200 559 1250 lig.
608 1200 670 1238 20.
707 1199 944 1237 GALCHERO
974 1211 1029 1234 DE
1068 1196 1364 1234 CASTELLIONE
1385 1194 1505 1234 istius
1532 1194 1708 1233 nominis
1741 1194 1887 1245 quinto
1918 1192 2003 1233 filio

292 1259 479 1300 Galcheri
499 1260 553 1298 IV
571 1267 612 1297 et
633 1258 828 1297 Isabellae
847 1257 895 1295 de
914 1255 1118 1307 Lisigniis.
1138 1254 1235 1293 Fuit
1252 1254 1385 1306 primo
1405 1254 1735 1293 constabularius
1754 1254 2003 1305 Campaniae

291 1321 395 1359 circa
437 1333 592 1358 annum
635 1316 985 1364 MCCLXXXIV‚
1028 1323 1238 1366 postremo
1283 1313 1613 1353 constabularius
1657 1313 1852 1353 Franciae
1895 1327 2003 1352 anno

292 1380 488 1419 MCCCII.
515 1377 647 1416 DuXit
670 1385 813 1415 autem
829 1376 872 1414 in
887 1374 1202 1414 matrimonium
1220 1374 1436 1412 Isabellam
1461 1374 1708 1413 Drocensem
1732 1374 1836 1412 circa
1848 1387 2004 1412 annum

293 1439 558 1479 MCCLXXV
567 1438 595 1476 I.

347 1500 389 1537 P.
415 1499 449 1546 7,
471 1487 538 1548 lig⁴
570 1497 631 1535 21.
667 1497 830 1535 COMITE
860 1495 1062 1533 BONONIE
1099 1494 1281 1532 Roberto
1303 1493 1398 1541 VII,
1423 1492 1506 1531 filio
1539 1492 1711 1532 Roberti
1731 1493 1803 1541 VI,
1826 1500 1867 1531 et
1889 1492 2004 1531 Eleo-

293 1565 415 1598 norae
446 1558 494 1595 de
521 1556 677 1595 Bassia.
725 1548 732 1555 ι

347 1619 390 1656 Ρ.
412 1618 447 1665 7,
464 1617 531 1667 lig.
551 1616 613 1655 32.
637 1616 685 1653 IN
705 1629 900 1653 OCTOBRI.
923 1614 1088 1652 Falsum
1105 1613 1230 1651 istud.
1252 1613 1397 1651 Petrus
1417 1612 1527 1651 enim
1545 1612 1594 1650 de
1610 1611 1882 1663 Bellapertica
1901 1610 2005 1650 obiit

294 1677 358 1716 die
377 1692 463 1715 Xvn
480 1675 659 1726 januarii
674 1674 825 1727 [1308]‚
845 1682 894 1712 ut
912 1687 1035 1723 supra
1049 1672 1207 1711 dictum
1222 1680 1295 1711 est.
1311 1672 1527 1710 Praeterea
1541 1687 1591 1711 eX
1607 1671 1735 1710 literis
1749 1670 1929 1722 Philippi
1949 1670 2004 1708 IV

293 1737 394 1787 regis
409 1735 602 1775 Franciae
623 1749 696 1785 pro
719 1732 937 1785 capellanis
959 1732 1222 1771 Villaenovae
1243 1732 1389 1770 subtus
1413 1731 1773 1782 Bellamperticam
1792 1731 1836 1770 in
1848 1731 2004 1769 Borbo-

294 1796 404 1835 nesio
431 1794 537 1834 datis
557 1793 762 1833 Meleduni
789 1807 897 1831 anno
917 1792 1197 1840 MCCCXVII,
1218 1805 1355 1830 mense
1383 1791 1545 1838 martio,
1569 1798 1743 1842 apparet
1762 1791 1932 1829 Petrum
1952 1790 2002 1828 de

293 1855 562 1906 Bellapertica
577 1854 814 1905 episcopum
834 1851 1233 1891 Autissiodorensem
1246 1851 1333 1901 jam
1353 1859 1444 1889 tum
1459 1850 1581 1890 fuisse
1599 1858 1823 1890 mortuum.
1843 1851 2003 1888 Extant

294 1915 336 1953 in
355 1915 475 1952 Libro
498 1914 615 1952 rubeo
630 1913 818 1951 Gamerae
832 1920 1102 1962 computorum
1117 1911 1265 1958 Paris„
1283 1910 1349 1949 fol.
1367 1910 1457 1958 385,
1473 1919 1515 1949 et
1534 1910 1577 1949 in
1592 1910 1729 1949 codice
1743 1909 1848 1950 3282
1861 1909 2015 1963 biblio--

296 1975 438 2013 thecae
466 1973 736 2012 Colbertinae.
769 1973 814 2010 In
848 1971 1080 2021 Necrologio
1106 1970 1287 2008 ecclesiae
1313 1970 1462 2018 Paris„
1489 1970 1542 2008 ad
1569 1969 1677 2009 diem
1704 1984 1792 2008 XV11
1812 1968 2007 2008 februarii

295 2034 355 2072 ita
371 2033 519 2083 legitur
537 2049 544 2071 :
564 2032 672 2070 Obiit
688 2032 873 2070 dominus
889 2032 1031 2068 Petrus
1048 2031 1092 2068 cle
1116 2030 1380 2080 Bellapertica
1404 2030 1613 2080 episcopus
1629 2028 2005 2076 Autissiodorensis,

297 2094 446 2132 dudum
469 2093 640 2130 decanus
662 2090 921 2138 Parisiensis,
943 2090 1122 2140 sepultus
1144 2089 1219 2127 sub
1239 2089 1390 2127 bancha
1408 2089 1514 2127 chori
1539 2089 1582 2127 in
1602 2089 1734 2128 dextra
1751 2097 1873 2140 parte.
1893 2088 2008 2127 Juris

297 2152 426 2190 civilis
449 2160 482 2190 et
505 2151 686 2189 canonici
712 2151 902 2200 interpres
925 2150 1108 2188 eximius.
1136 2148 1217 2188 Ubi
1242 2149 1548 2187 observandum
1572 2157 1635 2187 est
1657 2148 1700 2187 in
1722 2147 2008 2199 hujuscemodi

296 2211 409 2250 libris
432 2210 714 2250 ecclesiasticis
737 2224 821 2248 non
843 2224 1002 2260 semper
1022 2208 1334 2259 intelligendam
1357 2223 1441 2246 esse
1466 2208 1574 2247 diem
1594 2208 1729 2259 ipsam
1752 2222 1833 2258 qua
1855 2207 2008 2246 mortui

299 2271 410 2310 fuere
437 2271 466 2308 ii
494 2284 669 2321 quorum
697 2277 848 2308 mortes
876 2268 958 2307 illic
986 2268 1255 2316 adnotantur,
1284 2268 1354 2307 sed
1382 2267 1411 2306 ii
1438 2267 1522 2306 dies
1552 2268 1701 2318 quibus
1729 2266 2008 2306 anniversaria

301 2344 441 2369 eorum
474 2328 670 2368 memoria
705 2328 947 2367 celebratur.
982 2327 1147 2378 Alioqui
1180 2327 1289 2366 enim
1322 2327 1566 2366 mendosum
1599 2335 1705 2366 esset
1735 2327 1779 2366 in
1811 2327 1888 2365 hoc
1919 2327 2008 2365 loco

301 2388 577 2439 necrologium
594 2388 707 2428 istud
726 2387 917 2427 ecclesiae
936 2387 1187 2426 Parisiensis.

354 2449 397 2487 P.
420 2449 455 2496 7,
475 2448 542 2498 lig.
563 2448 626 2487 34.
649 2448 821 2486 Pmnns
843 2461 899 2484 DE
921 2447 1175 2485 Gnssssmus.
1199 2446 1360 2484 Extant
1381 2445 1523 2485 literae
1552 2445 1656 2496 regis
1676 2445 1857 2497 Philippi
1875 2444 2010 2483 Pulcri

302 2522 401 2557 quas
429 2507 592 2558 scripsit
618 2507 671 2545 ad
699 2507 901 2545 decanum
929 2514 970 2544 et
998 2505 1228 2556 capitulum
1251 2505 1454 2544 Ecclesiae
1481 2504 1849 2544 Autissiodorensis
1867 2512 1915 2543 ut
1942 2517 2008 2543 eos

302 2567 536 2605 hortaretur
553 2567 605 2604 ad
623 2566 856 2616 eligendum
872 2566 982 2603 hunc
1000 2565 1170 2604 Petrum
1187 2564 1215 2603 3.
1236 2565 1338 2603 Cum
1354 2579 1452 2603 vero
1468 2564 1501 2603 is
1518 2555 1664 2615 postea
1681 2565 1834 2604 electus
1852 2563 2011 2603 fuisseti

302 2626 409 2663 idem
439 2640 511 2664 rex
540 2625 702 2676 scripsit
732 2625 784 2663 ad
815 2625 1113 2674 Raymundum
1142 2624 1190 2662 de
1221 2624 1342 2672 Goto,
1373 2623 1594 2662 diaconum
1622 2623 1873 2663 cardinalem
1897 2623 2010 2671 titul,

305 2688 477 2723 Sanctae
491 2684 641 2723 Mariae
654 2699 798 2731 novae,
814 2698 932 2722 orans
946 2698 1039 2722 eum
1051 2683 1114 2721 uti
1130 2683 1489 2721 commendatione
1504 2698 1575 2721 sua
1589 2683 1700 2734 apud
1714 2683 1965 2722 Clementem
1976 2682 2011 2720 V

356 2882 389 2915 Ί.
423 2883 679 2927 Cocquchnes,
703 2889 730 2916 t.
754 2895 795 2916 111
819 2888 841 2922 2,
866 2894 901 2926 p.
926 2883 1098 2917 203-213.
1429 2926 1431 2928 Ι

355 2938 386 2969 2.
421 2937 472 2968 La
497 2938 627 2970 favour
648 2937 827 2970 sollicitee
845 2937 1009 2981 (Balum,
1031 2944 1058 2971 t.
1080 2950 1134 2978 111,
1157 2950 1191 2982 p.
1217 2939 1274 2982 67)
1299 2938 1360 2971 fut
1383 2939 1561 2972 accordee
1584 2939 1616 2971 le
1641 2938 1661 2971 9
1684 2939 1776 2971 aofit
1799 2938 1892 2972 1307
1920 2937 2012 2981 (Cle-

307 2995 401 3022 ment
433 2990 472 3027 Γ,
499 3002 532 3023 n.
563 2991 680 3034 1783).
707 2991 756 3023 Le
781 2998 1081 3024 couronnement
1106 2992 1149 3025 de
1174 2992 1287 3025 Louis
1311 2992 1343 3025 le
1370 2992 1493 3024 Hutin
1517 2998 1581 3025 eut
1604 2992 1678 3025 lieu
1700 2992 1733 3025 le
1758 2992 1812 3024 ‘ler
1844 2991 2009 3025 octobre.

354 3042 387 3076 3.
407 3043 555 3077 Baluze.
577 3050 599 3076 t.
617 3056 667 3083 111,
686 3056 720 3087 p.
741 3045 796 3078 67.
