2083 3458
103 242 227 297 [933]
636 259 852 285 PAPARUM
887 259 1271 286 AVENIONENSIUM
1711 242 1794 284 449

91 344 214 381 datur
233 356 363 381 errare
385 343 604 392 Ughellum
622 344 649 390 1,
673 344 760 381 Ital.
782 359 875 392 sac„
896 353 924 383 t.
945 360 985 392 11,
1006 361 1043 395 p.
1067 345 1141 383 739
1160 354 1200 383 et
1226 354 1254 384 t.
1278 360 1334 392 111,
1356 360 1394 396 p.
1419 345 1533 392 1033,
1558 345 1627 382 ubi
1653 344 1796 383 scribit

89 403 206 440 illum
229 402 374 439 obiisse
396 416 504 439 anno
528 402 750 441 MCCCLV.

144 461 202 499 Eo
218 469 401 510 tempore
418 475 498 510 quo
519 457 687 510 regebat
703 460 928 501 Ecclesiam
942 463 1150 501 Clusinam
1165 463 1327 514 scripsit
1344 471 1574 501 tractatum
1585 463 1644 499 De
1658 470 1798 512 quarta

91 520 284 558 canonica
313 519 472 568 piorum
502 520 718 568 legatorum
753 521 884 559 debita
922 522 1118 571 episcopo,
1152 522 1268 571 cujus
1308 523 1542 572 exemplum
1573 536 1613 559 se
1644 521 1795 559 vidisse

92 587 273 617 testatur
305 578 502 616 Oldoinus
546 578 623 627 [Op.
658 579 736 625 cit.,
770 581 843 618 col.
877 580 991 630 533].
1028 581 1226 630 Ejusdem
1258 581 1338 619 duo
1370 590 1513 619 vetera·
1543 580 1795 630 exemplaria

91 652 185 676 mss.
203 646 350 676 extant
374 638 415 674 in
436 637 643 675 codicibus
667 635 742 673 763
762 647 803 675 et
820 636 923 675 2672
940 640 1213 678 bibliothecae
1233 640 1490 678 Colbertinae
1504 637 1532 677 2.
1560 639 1795 677 Secundum

90 696 301 748 exemplar
320 697 522 744 scripturn
541 702 602 732 est
627 703 722 732 ante
744 709 869 744 quam
888 712 906 734 e
930 697 1064 736 Clusio
1086 697 1291 747 migraret.
1313 697 1374 736 Sic
1394 696 1502 735 en'im
1519 696 1601 734 illic
1620 696 1767 745 legitur
1785 711 1792 732 ε

90 755 175 802 Ego
203 752 446 791 Franciscas
466 752 673 804 episcopas
696 753 889 790 Clusinus
911 754 1104 803 indignas
1124 763 1158 792 et
1182 756 1416 793 decretorum
1437 755 1564 792 doctor
1586 754 1793 801 minimas,

69 811 264 864 predicta
300 811 435 848 omnia
469 819 616 862 pacans
647 826 727 848 esse
760 827 848 851 vera
878 814 1047 862 dejure,
1072 813 1217 865 scripsi
1255 821 1288 851 et
1324 828 1369 852 ex
1403 815 1601 852 doctorum
1634 812 1794 864 seriptis

91 870 240 919 collegi,
282 884 329 907 ne
365 869 527 911 cariosi,
563 871 607 909 de
641 870 786 921 quibas
821 872 865 908 in
901 872 1104 923 principio
1142 873 1241 921 dixi,
1277 882 1490 911 asserentes
1521 886 1579 908 me
1614 879 1795 923 quartam

92 929 263 968 indebite
285 937 421 981 petere.
445 929 592 980 injuste
612 929 780 968 lacerent
804 932 956 980 samam
982 945 1125 980 meam,
1151 946 1267 983 qaam
1290 932 1325 968 si
1348 931 1597 980 negligerem,
1624 930 1793 969 crudelis

91 1003 226 1033 essem,
254 997 330 1028 etc.
358 988 542 1029 Primum
565 989 767 1039 scriptum
791 1004 835 1028 ac
864 1006 1054 1030 recusum
1082 1006 1167 1032 esse
1193 1006 1354 1030 necesse
1383 1000 1444 1030 est
1468 999 1564 1041 post
1596 991 1792 1041 adeptam

94 1048 344 1098 dignitatem
365 1048 658 1095 cardinalatus,
687 1064 780 1087 cum
801 1050 842 1086 in
862 1063 910 1087 eo
933 1050 991 1087 ita
1011 1051 1171 1100 legatur
1192 1067 1198 1088 :
1221 1051 1305 1098 Ego
1322 1050 1563 1088 Franciscas
1586 1049 1793 1100 episcopas

92 1106 317 1146 Clasiensis
348 1106 456 1155 olim,
492 1121 598 1144 nanc
633 1115 764 1145 sancte
799 1110 975 1145 Romane
1010 1108 1180 1147 Ecclesie
1215 1108 1432 1147 cardinalis
1470 1108 1721 1157 indigitatas,
1760 1115 1793 1145 et

94 1167 330 1205 decretorum
373 1166 568 1204 doctorum
611 1165 805 1203 minimas
844 1166 1031 1217 predicta,
1070 1177 1145 1208 etc.
1184 1176 1232 1206 ut
1267 1183 1403 1219 supra.
1442 1168 1553 1205 Citat
1585 1168 1660 1206 hoc
1692 1182 1795 1217 opus

93 1225 246 1264 Baldus
273 1226 321 1264 de
357 1225 536 1272 perusio,
567 1227 709 1267 consil.
745 1240 920 1274 cxxx1V‚
952 1226 1011 1265 his
1047 1227 1181 1265 verbis
1212 1244 1219 1265 :
1254 1228 1304 1265 Et
1341 1226 1446 1263 istud
1478 1226 1669 1269 relictum,
1708 1225 1794 1263 licet

93 1284 146 1323 sit
167 1285 317 1335 jactum
342 1297 387 1322 ea:
418 1284 587 1335 quadam
614 1284 826 1333 devotione,
854 1279 1087 1322 nontamen
1112 1286 1238 1324 estad
1260 1285 1350 1337 pias
1379 1299 1532 1323 causas.
1562 1286 1610 1323 Ec
1634 1284 1692 1322 sic
1729 1297 1797 1322 nec

95 1339 246 1381 ratione
271 1356 530 1394 personarum
555 1358 622 1381 nec
642 1345 793 1381 ratione
818 1358 932 1382 cause
962 1344 1172 1396 episcopas
1196 1345 1302 1383 debet
1326 1345 1464 1383 habere
1489 1352 1681 1395 quartam,
1710 1342 1797 1381 lieet

95 1401 314 1441 cardinalis
339 1402 382 1439 de
417 1402 584 1441 Taderto
621 1402 765 1441 dixerit
797 1411 943 1451 contra,
969 1411 1003 1440 et
1034 1404 1146 1442 male.
1178 1404 1288 1445 Citat
1317 1405 1456 1451 etiam,
1480 1404 1550 1442 sed
1579 1419 1629 1442 ex
1650 1403 1796 1441 auditu

94 1470 278 1512 tantum,
295 1462 424 1500 abbas
443 1462 775 1512 panormitanus,
792 1477 879 1513 par.
905 1466 933 1509 I,
951 1464 1092 1503 consil.
1116 1477 1280 1511 xxxvn,
1296 1462 1366 1501 ubi
1386 1463 1570 1513 loquitur
1588 1464 1635 1500 de
1654 1464 1796 1500 eadem

97 1529 258 1572 quarta.
286 1521 336 1558 Et
364 1520 478 1569 idem,
514 1521 664 1571 inquit,
699 1521 843 1559 dicitur
876 1521 1048 1560 tenuisse
1079 1522 1276 1573 quondam
1306 1520 1523 1560 cardinalis
1553 1521 1597 1557 de
1630 1520 1798 1558 Tuderto

98 1579 141 1618 in
161 1580 329 1630 quodam
353 1593 424 1618 sao
449 1587 626 1618 tractata.

150 1639 270 1677 Anno
303 1638 535 1686 MCCCLIL
559 1640 786 1687 Francism,
817 1648 906 1678 tum
934 1640 1124 1692 episcopo
1152 1640 1329 1686 Clusino,
1354 1648 1398 1679 et
1424 1640 1626 1690 philippe,
1657 1640 1796 1678 Ferra-

97 1698 231 1746 riensi,
259 1697 443 1737 Clemens
469 1699 525 1736 VI
546 1699 746 1749 imposuit
767 1714 867 1738 onus
898 1701 1154 1738 revocandae
1177 1699 1419 1739 concordiae
1447 1702 1556 1739 inter
1582 1699 1796 1743 Karolum,

99 1757 342 1808 delphinum
385 1758 669 1807 Viennensem,
718 1766 760 1796 et
802 1758 1044 1806 Amedeum,
1070 1760 1265 1797 comitem
1303 1758 1557 1804 Sabaudiae3
1599 1758 1797 1797 Odoricus

102 1817 355 1868 Raynaldus,
376 1831 484 1855 anno
512 1816 626 1864 1352,
660 1818 675 1865 ξ
700 1818 758 1857 19.

153 1876 291 1914 Fuisse
321 1876 436 1914 illum
466 1876 664 1925 majorem
694 1878 1059 1927 paenitentiarium
1077 1877 1092 1899 3
1124 1877 1327 1916 Ecclesiae
1361 1878 1571 1915 Romanae
1601 1884 1719 1926 patet
1748 1889 1798 1913 ex

101 1943 212 1973 tomo
245 1950 283 1973 v1
317 1935 528 1984 Spicilegii
562 1936 820 1983 Dacheriani,
852 1951 890 1986 p.
924 1936 1013 1984 494,
1046 1945 1086 1975 et
1122 1951 1172 1975 ex
1204 1937 1363 1975 Joanne
1396 1936 1617 1982 Aventino,
1650 1950 1687 1985 p.
1723 1934 1797 1971 796

95 1994 240 2044 prioris
272 1994 475 2034 editionis.

152 2053 270 2092 Anno
299 2054 538 2092 MCCCLIX
565 2056 775 2105 delegatus
803 2056 855 2094 ab
888 2056 1126 2095 Innocentio
1155 2056 1211 2093 VI
1239 2055 1336 2094 tulit
1363 2070 1499 2094 mense
1528 2054 1685 2092 octobri
1712 2067 1796 2091 sen-

97 2113 275 2151 tentiam
310 2128 384 2164 pro
422 2114 672 2165 archiepisco
713 2115 875 2165 Rigensi
915 2115 1111 2154 adversus
1150 2115 1425 2153 Theutonicos
1463 2114 1609 2152 beatae
1648 2112 1799 2150 Mariae

100 2172 263 2220 milites,
282 2173 351 2222 qui
369 2173 476 2210 bona
494 2175 690 2212 nonnulla
708 2174 814 2212 illius
830 2175 1033 2213 Ecclesiae
1055 2182 1379 2225 occupaverant3
1398 2174 1538 2219 Bzov.,
1555 2186 1662 2209 anno
1684 2171 1796 2218 1359,

153 2290 272 2329 Anno
308 2291 537 2339 MCCCLX,
574 2307 666 2330 cum
702 2293 846 2331 Petrus
882 2293 1211 2343 archiepiscopus
1242 2292 1482 2330 Viennensis
1512 2290 1639 2340 gradu
1660 2297 1796 2326 motus

100 2350 245 2388 fuisset
267 2351 319 2388 ab
343 2350 486 2389 eodem
512 2351 765 2400 Innocentio,
787 2352 991 2390 Ecclesiae
1021 2352 1260 2390 Viennensis
1282 2349 1587 2393 administratio
1612 2348 1709 2385 data
1736 2355 1797 2385 est.

100 2409 152 2446 ad
170 2409 476 2460 beneplacitum
490 2411 739 2460 apostolicae
758 2411 870 2449 Sedis
891 2411 1106 2449 Francisco
1123 2411 1234 2448 tituli
1256 2409 1395 2448 Sancti
1415 2408 1540 2447 Marci
1556 2407 1796 2458 presbytero

101 2468 317 2515 cardinali3
333 2470 473 2516 Bzov.‚
490 2484 555 2508 an.
575 2469 688 2517 1360,
713 2470 779 2518 ἓ3.
800 2470 961 2517 Postea,
979 2484 1070 2508 cum
1087 2470 1164 2507 iste
1179 2469 1386 2507 extinctus
1404 2475 1523 2514 esset,
1540 2480 1585 2505 ea
1602 2465 1795 2503 adminis-

102 2528 226 2565 tratio
249 2528 404 2566 tradita
428 2536 488 2566 est
514 2528 722 2567 Ludovico
747 2529 795 2566 de
819 2529 965 2566 Villars
989 2529 1179 2579 episcopo
1203 2526 1485 2566 Valentinensi
1508 2534 1550 2564 et
1574 2524 1726 2571 Diensi‚
1749 2532 1796 2561 ut

41 2610 44 2613 -
100 2595 265 2625 constat
290 2602 340 2626 ex
366 2587 526 2636 Regesto
555 2587 695 2625 Karoli
722 2588 755 2624 V
780 2588 822 2625 in
848 2587 1036 2625 Arclzivio
1061 2587 1169 2636 regio
1197 2586 1425 2624 Parisiensi.

154 2646 341 2684 Fratrem
368 2646 515 2684 habuit
542 2646 749 2684 Andrean]
778 2646 1015 2696 episcopum
1043 2646 1328 2684 Tudertinum.
1360 2645 1448 2692 Quo
1478 2644 1634 2681 factum
1662 2650 1723 2680 est
1750 2649 1797 2679 ut

99 2704 176 2743 iste
193 2719 215 2743 a
233 2705 446 2743 Matthaeo
463 2705 652 2752 Villanio,
669 2705 739 2744 lib.
753 2705 853 2755 VII,
872 2719 960 2755 cap.
980 2719 1092 2751 XLv1‚
1111 2713 1152 2743 et
1166 2704 1236 2742 lib.
1258 2704 1309 2752 X,
1328 2718 1415 2753 cap.
1436 2717 1536 2740 Lxx1
1565 2700 1795 2747 [Muratorn

100 2771 129 2802 t.
154 2778 241 2811 xiv,
262 2765 337 2802 col.
361 2764 436 2802 432
459 2772 499 2802 et
521 2763 621 2814 668]
644 2772 816 2802 vocatus
839 2764 892 2802 sit
912 2778 983 2814 per
1004 2777 1180 2801 errorem
1202 2763 1398 2801 Andreas.

154 2822 196 2861 P.
220 2823 310 2871 318,
332 2823 397 2872 lig.
424 2823 483 2861 17.
508 2823 690 2860 PETRUM
716 2837 770 2859 DE
795 2823 1082 2860 MONTERUCO.
1108 2822 1266 2860 Primus
1290 2821 1473 2858 omnium
1497 2820 1640 2858 Petrus
1663 2818 1795 2855 Frizo-

98 2881 189 2919 nius
215 2890 356 2920 contra
383 2889 570 2919 veterum
595 2889 959 2919 monumentorum
986 2880 1122 2927 fidem,
1148 2888 1195 2917 ut
1218 2888 1327 2918 recte
1353 2878 1590 2917 observavit
1616 2878 1795 2915 ,loannes
1819 2881 1826 2893 ¹

146 3007 178 3040 1.
209 3006 262 3040 La
287 3007 322 3039 2e
345 3006 488 3040 edition
515 3006 553 3048 (t.
577 3018 628 3046 111,
654 3006 721 3039 col.
747 3006 828 3048 149)
856 3011 962 3049 porte
986 3005 1021 3037 la
1044 3005 1168 3038 bonne
1193 3005 1291 3038 date.

149 3060 179 3093 2.
207 3060 247 3093 B.
277 3059 334 3099 N.,
362 3071 428 3092 ms.
455 3059 550 3091 latin
576 3058 684 3098 4569,
712 3058 773 3092 fol.
802 3059 845 3091 17
872 3059 968 3091 r0-2O
995 3063 1035 3090 v⁰
1059 3064 1098 3091 et
1123 3057 1232 3097 4225,
1259 3058 1320 3091 fol.
1349 3058 1417 3090 113
1444 3057 1565 3090 r0-116
1584 3061 1627 3089 r0.

147 3113 179 3146 3.
212 3112 252 3146 E.
275 3112 408 3152 Gffller,
427 3112 498 3145 Die
515 3112 717 3155 papstliche
734 3111 1010 3150 Ρόηίίεητίανίε,
1032 3117 1058 3144 1;.
1078 3109 1118 3150 11,
1140 3123 1173 3154 p.
1196 3111 1258 3150 92;
1280 3117 1305 3143 t.
1325 3109 1366 3150 1²,
1387 3122 1421 3153 p.
1444 3110 1541 3143 8-11.

761 3194 921 3216 BALUZE.
948 3186 995 3216 II.
1023 3202 1071 3207 ——
1096 3185 1137 3216 15
