2083 3458
128 252 272 310 [1194]
647 271 864 296 PAPARUM
899 272 1284 297 AVENIONENSIUM
1743 257 1820 298 713

114 361 146 389 et
170 352 239 390 hoc
262 353 314 390 ad
335 352 664 402 supplicandum,
691 354 926 402 rogandum,
951 368 996 391 ac
1022 353 1254 391 instandum
1279 353 1437 390 nomine
1463 368 1536 403 quo
1560 368 1685 404 supra
1709 355 1820 405 apud

112 412 291 449 eumdem
325 420 517 461 quatenus
553 412 655 449 idem
690 413 876 449 dominus
912 421 1038 450 noster
1073 413 1227 450 curiam
1261 413 1472 462 transferat
1506 413 1674 451 Romam
1708 422 1742 451 et
1777 414 1820 451 in

113 471 239 508 Roma
260 470 443 520 deinceps
464 485 553 508 curn
573 485 644 508 suo
665 471 917 508 dominorum
937 471 1207 509 cardinalium
1227 472 1387 521 collegio
1402 472 1546 521 faceret
1565 472 1817 510 residentiam

113 530 372 580 personalem,
397 531 665 579 pretendentes
689 531 790 580 quod
813 530 987 568 Romani
1011 531 1190 567 volebant
1212 545 1362 580 papam
1388 531 1429 568 in
1454 532 1548 568 urbe
1571 532 1711 569 habere
1734 546 1818 582 pre-

112 597 272 636 sentem,
297 604 519 639 cumrpapa
549 597 645 627 esset
678 604 867 627 romanus
892 589 1079 638 Pontifex
1102 597 1135 626 et
1159 590 1251 626 talis
1286 590 1335 627 ab
1368 590 1555 627 omnibus
1586 591 1820 628 christicolis

112 649 393 699 appellaretur,
411 648 614 695 diceretur,
631 657 665 686 et
693 648 924 698 generaliter
951 649 1169 686 haberetur.
1199 649 1249 686 Et
1275 649 1340 686 lzec
1357 649 1420 686 hie
1446 650 1644 699 deponens
1671 650 1821 699 pluries

111 716 146 746 et
168 723 192 745 a
215 707 402 758 pluribus
425 715 518 745 tunc
540 707 709 754 audivit,
734 722 870 757 eosque
894 707 1006 754 vidit,
1031 716 1064 744 et
1095 708 1139 744 de
1171 707 1251 744 hiis
1276 707 1358 744 illis
1392 708 1532 745 diebus
1556 709 1597 745 in
1622 709 1822 746 Avinione

112 775 194 804 erat
214 767 375 817 publica
400 781 471 804 voa¹
491 774 525 803 et
544 767 668 815 fama.
686 766 888 804 Antedicti
903 775 1035 804 autem
1054 781 1116 803 am
1126 767 1342 804 baatiatores
1362 767 1634 805 Romanorum
1656 769 1700 805 de
1720 769 1822 818 jacto

112 835 315 875 rogarunt,
336 826 634 876 supplicarunt,
655 841 700 863 ac
721 826 935 873 instar-unt,
957 833 990 863 et
1010 826 1167 863 demum
1185 826 1388 875 protestati
1408 834 1501 863 sunt
1519 826 1644 864 eidem
1664 827 1823 864 domino

119 885 304 935 Gregorio
340 893 532 934 quatenus
566 900 655 922 cum
688 899 759 922 suo
794 884 955 934 collegio
998 884 1314 934 proficisceretur
1356 885 1537 931 Romam,
1580 886 1674 923 illuc
1706 900 1819 923 suam

111 945 265 982 curiam
285 945 569 993 transferendO,
591 944 696 981 alias
715 944 987 993 certificabant
1005 944 1183 981 eumdem
1204 944 1362 981 nomine
1383 958 1455 994 quo
1475 959 1599 994 supra.
1620 946 1721 994 quod
1741 945 1822 995 ipsi

111 1003 285 1042 Romani
306 1003 554 1054 providerent
573 1003 653 1040 sibi
675 1004 719 1040 de
739 1019 849 1053 papa
870 1003 937 1053 qui
958 1003 1079 1040 Rome
1101 1017 1250 1040 moram
1271 1003 1453 1053 deinceps
1474 1004 1713 1041 contraheret
1732 1019 1818 1042 cum

110 1063 268 1101 eisdem.
291 1063 342 1100 Et
361 1063 427 1100 hec
447 1071 539 1100 tunc
558 1062 714 1100 audivit
733 1063 861 1100 dictus
881 1063 1079 1112 deponens
1101 1062 1143 1099 in
1164 1062 1378 1109 Avinione,
1399 1071 1433 1099 et
1452 1064 1496 1100 de
1516 1063 1595 1100 hiis
1618 1071 1699 1100 erat
1721 1063 1819 1101 inter

111 1123 280 1160 curiales
308 1122 390 1160 illis
417 1122 556 1159 diebus
583 1122 746 1171 publica
773 1136 845 1159 voa?
870 1130 904 1159 et
936 1122 1059 1170 sama.
1090 1122 1235 1159 Petrus
1276 1121 1477 1171 Rostagni
1517 1121 1705 1160 dominus
1742 1122 1819 1160 loci

111 1182 159 1220 de
182 1182 334 1220 Sancto
356 1181 542 1231 Crispino
564 1180 605 1217 in
626 1181 800 1231 epistola
822 1180 976 1231 scripta
997 1181 1050 1218 ad
1081 1181 1286 1218 Joannem
1316 1195 1451 1229 regem
1481 1181 1680 1219 Castellae
1711 1196 1820 1219 anno

111 1241 429 1287 MCCCLXXX,
467 1240 530 1278 die
568 1240 726 1278 decima
763 1239 1022 1290 septembris,
1057 1239 1269 1277 testatur¹
1309 1240 1418 1289 quod
1456 1254 1549 1277 cum
1593 1240 1677 1290 ipse
1714 1248 1821 1278 esset

114 1300 267 1338 Romae
286 1299 327 1337 in
346 1308 481 1338 castro
502 1299 641 1338 Sancti
661 1299 819 1349 Angeli,
839 1299 954 1348 eujus
975 1299 1227 1348 gubernator
1241 1307 1329 1336 erat
1348 1313 1472 1348 nepos
1490 1299 1675 1348 ejusdem
1694 1299 1817 1346 Peni,

109 1368 317 1397 tractatum
346 1359 426 1408 suit
456 1373 526 1409 per
558 1360 771 1396 nonnullos
803 1359 1017 1405 Romanos,
1050 1358 1169 1395 etiam
1201 1373 1290 1395 cum
1323 1358 1549 1395 inductione
1583 1359 1741 1396 illorum
1777 1360 1820 1396 de

116 1418 251 1456 Ytalia
275 1419 343 1468 qui
367 1418 596 1468 temporalis
620 1418 791 1455 dominii
817 1418 949 1468 ipsius
981 1417 1153 1455 Ecclesie
1184 1417 1479 1454 subversionem
1502 1426 1820 1467 procuraverant,

109 1479 210 1528 quod
236 1478 343 1527 fieret
367 1492 437 1528 per
472 1492 683 1515 romanum
708 1478 904 1527 populum
930 1491 975 1514 esc
1000 1477 1057 1514 eis
1093 1491 1198 1514 unus
1224 1477 1422 1526 antipapa
1460 1476 1645 1525 Gregorio
1671 1477 1820 1515 vivente

108 1545 142 1575 et
160 1537 202 1574 in
219 1537 420 1574 Avinione
437 1537 635 1575 existente.
654 1537 704 1575 Et
722 1537 829 1574 istud
844 1537 939 1574 adeo
956 1536 1144 1586 processit
1162 1535 1204 1573 in
1221 1544 1337 1573 antea
1354 1537 1455 1585 quod
1471 1536 1819 1573 rever-emlissimus

108 1597 294 1634 dominus
315 1605 349 1634 et
369 1605 479 1646 pater
501 1596 687 1634 dominus
709 1596 928 1634 cardinalis
952 1595 1089 1633 Sancti
1112 1595 1234 1642 Petri,
1257 1595 1324 1645 qui
1346 1603 1438 1632 tunc
1460 1595 1610 1643 legatus
1631 1595 1820 1648 existebat

110 1656 153 1693 in
188 1656 304 1703 Urbe,
333 1656 413 1705 fuit
442 1664 596 1693 coactus
625 1655 792 1693 scribere
821 1656 973 1705 prefato
1001 1663 1133 1692 sancte
1164 1654 1346 1692 memorie
1382 1654 1567 1703 Gregorio
1606 1655 1708 1704 quod
1737 1654 1818 1691 nisi

108 1715 182 1753 cito
210 1730 280 1765 per
309 1716 520 1753 adventum
548 1723 801 1761 succurreret,
831 1714 1044 1764 spirituale
1072 1714 1308 1751 scandalum
1336 1713 1508 1751 Ecclesie
1539 1713 1703 1750 indubie
1732 1728 1817 1751 sen-

107 1775 226 1812 tiebat
247 1783 446 1824 paratum.
470 1775 522 1812 Et
541 1788 610 1823 ego
631 1783 665 1812 et
685 1774 758 1811 alii
779 1774 892 1811 multi
914 1774 1118 1811 servitores
1134 1773 1305 1810 Ecclesie
1323 1773 1424 1810 idem
1445 1772 1654 1810 sentientes
1675 1788 1696 1810 a
1720 1781 1818 1810 certo

107 1834 258 1884 prefato
292 1842 424 1871 sancte
461 1833 644 1871 memorie
686 1833 871 1882 Gregorio
908 1832 1207 1870 transmisimus
1251 1833 1479 1881 exponendo
1526 1832 1628 1881 quod
1654 1832 1817 1869 omnino

106 1894 157 1931 ad
197 1893 340 1931 Urbem
369 1893 528 1940 veniret,
557 1893 593 1930 si
623 1893 772 1930 volebat
799 1892 951 1942 prefato
979 1892 1166 1929 scandalo
1196 1891 1360 1928 indubie
1383 1891 1553 1928 obviare.
1579 1891 1659 1928 Hec
1687 1899 1818 1928 autem

106 1961 291 2002 concepta
327 1952 482 1990 malitia
519 1966 598 1989 non
628 1952 762 1998 latuit,
799 1951 988 2001 quoniam
1021 1959 1055 1988 et
1090 1965 1158 2000 per
1191 1965 1326 1988 eorum
1359 1950 1650 1988 ambasiator-es
1679 1950 1816 1987 abbati

106 2011 342 2049 Cassinensi
361 2026 495 2049 eorum
514 2011 665 2049 concivi
683 2011 764 2060 suit
784 2010 1014 2048 intimatum
1031 2010 1067 2047 si
1087 2018 1283 2060 papatum
1303 2009 1346 2046 in
1361 2024 1455 2047 casu
1472 2010 1573 2059 quod
1586 2024 1655 2059 per
1672 2010 1817 2046 clerum

105 2079 139 2108 et
165 2071 361 2121 populum
389 2085 598 2108 romanum
626 2070 706 2108 sibi
735 2071 893 2108 daretur
930 2070 1038 2107 vellet
1073 2077 1284 2119 acceptare.
1316 2069 1394 2118 Qui
1436 2069 1536 2106 ultro
1572 2083 1612 2105 se
1649 2069 1816 2118 offerens

105 2130 306 2180 respondit
330 2144 370 2167 se
395 2130 516 2167 civem
542 2144 752 2167 romanum
777 2143 858 2166 esse
894 2137 928 2167 et
954 2129 1055 2166 illud
1081 2129 1172 2166 velle
1198 2129 1299 2178 quod
1325 2127 1406 2177 ipsi
1437 2128 1586 2165 vellent.
1630 2127 1814 2177 Denique

106 2189 266 2227 Marcus
296 2189 515 2235 Feruandi,
545 2188 764 2227 canonicus
796 2187 1051 2234 palentinus,
1079 2188 1356 2237 interrogatus
1380 2201 1501 2236 super
1528 2186 1702 2224 articulo
1732 2201 1815 2224 xcu

105 2262 221 2287 casus
248 2248 417 2286 secundi
443 2248 562 2286 electi
589 2247 695 2285 dixit
715 2247 730 2270 ²
755 2248 866 2297 quod
893 2247 973 2285 alio
1000 2256 1182 2297 tempore,
1209 2261 1297 2284 cum
1323 2254 1420 2283 esset
1445 2260 1553 2295 papa
1580 2259 1692 2282 verus
1719 2245 1814 2282 Avi-

106 2307 237 2355 nione,
285 2307 504 2357 [Romani]
541 2308 717 2356 jecerunt
751 2307 991 2356 antipapam
1028 2307 1148 2343 Rome
1184 2314 1353 2355 tempore
1392 2304 1593 2342 Jolzannis
1627 2318 1744 2354 pape,
1781 2311 1816 2341 et

105 2367 389 2404 nominabatur
414 2367 618 2404 Jolzannes
641 2367 685 2404 de
707 2366 908 2412 CorberiO,
931 2374 964 2403 et
985 2373 1066 2402 erat
1088 2365 1308 2410 Romanus,
1331 2372 1365 2401 et
1384 2364 1464 2413 suit
1483 2364 1594 2412 sama
1616 2363 1718 2412 quod
1739 2362 1812 2400 isto

104 2425 240 2464 timore
263 2434 476 2463 accesserat
501 2426 595 2463 illuc
618 2440 728 2475 papa
758 2425 984 2474 GregoriuS‚
1008 2433 1042 2462 et
1063 2424 1174 2473 sama
1195 2431 1277 2461 erat
1294 2423 1415 2460 Rome
1435 2423 1536 2471 quod
1552 2422 1675 2459 abbas
1695 2422 1812 2458 NIon-

104 2484 308 2523 tiscassini
342 2484 503 2522 debebat
535 2499 615 2521 esse
648 2484 860 2535 antipapa.
892 2484 1117 2521 Habebant
1144 2482 1336 2522 nimirum
1375 2480 1551 2520 Romani
1577 2480 1813 2529 exemplum

103 2544 205 2582 illud
234 2558 394 2593 semper
423 2543 465 2581 in
494 2552 646 2583 mente.
680 2544 768 2591 Quo
799 2543 958 2582 factum
987 2550 1050 2580 est
1079 2550 1127 2579 ut
1165 2555 1258 2581 cum
1296 2555 1405 2578 anno
1437 2539 1810 2578 MCCCLXXXIII

106 2604 298 2641 Urbanus
327 2603 383 2640 VI
411 2602 640 2652 aufugisset
665 2602 708 2640 in
733 2616 905 2652 regnum
934 2600 1271 2651 Neapolitanum,
1302 2598 1492 2645 Romani,
1521 2597 1591 2648 qui
1617 2613 1656 2635 se
1684 2598 1736 2635 ab
1764 2612 1810 2635 eo

104 2663 265 2701 delusos
289 2661 503 2708 videbant,
527 2660 770 2701 comminati
792 2669 890 2699 sunt
912 2675 952 2698 se
976 2660 1103 2698 alium
1124 2673 1278 2709 papam
1300 2657 1342 2695 in
1363 2658 1452 2695 loeo
1477 2656 1564 2706 ejus
1589 2656 1811 2706 posituros,

104 2721 181 2759 nisi
207 2720 517 2770 quamprimum
545 2721 722 2759 Romam
747 2727 1037 2758 reverteretur.
1065 2718 1285 2755 Audientes
1306 2725 1437 2754 autem
1460 2715 1648 2762 Romani,
1674 2714 1811 2765 inquit

106 2780 437 2829 Walsinghamus
471 2779 516 2829 [t.
538 2794 565 2826 1,
587 2794 627 2829 p.
651 2778 767 2828 106],
789 2793 940 2828 papam
961 2785 1116 2827 repente
1135 2776 1302 2826 fugisse,
1324 2790 1413 2813 cum
1431 2789 1574 2823 magno
1594 2774 1810 2824 supercilio

105 2839 297 2877 miserunt
323 2839 375 2876 ad
401 2852 503 2884 eum,
533 2838 766 2875 mandantes
794 2845 836 2874 ut
863 2844 1087 2882 revertatur,
1116 2834 1297 2884 alioquin
1323 2834 1576 2884 affirmabant
1601 2847 1690 2870 eum
1718 2833 1809 2870 velle

103 2901 292 2948 deponere
315 2905 349 2934 et
372 2911 604 2946 quemquam
619 2897 663 2934 de
679 2895 968 2941 cardinalibus,
994 2894 1060 2944 qui
1086 2894 1129 2931 in
1159 2894 1262 2931 Urbe
1285 2900 1567 2939 remanserant,
1593 2891 1637 2929 in
1659 2906 1809 2942 papam

102 2957 255 3007 eligere.
285 2957 429 3005 Itaque
455 2955 605 2994 mirum
637 2969 720 2992 non
751 2962 813 2993 est
837 2954 924 2992 illos
949 2955 1022 2991 has
1055 2953 1186 2992 minas
1219 2952 1396 3001 jactasse
1429 2951 1808 3010 adversustrego-

154 3085 187 3118 1.
212 3085 279 3118 Ms.
305 3084 391 3124 cite,
416 3084 480 3117 fol.
505 3084 550 3117 64
573 3088 624 3122 νο,
649 3089 687 3116 et
710 3082 834 3126 Gayet
861 3082 1020 3125 (ibidem,
1044 3093 1078 3125 p.
1103 3080 1210 3123 155).7

156 3138 187 3171 2.
211 3138 278 3171 Ms.
302 3137 386 3177 cite,
408 3137 472 3170 fol.
496 3137 562 3170 227
584 3141 627 3169 r0.
