2083 3458
115 248 266 304 [1010]
629 265 845 292 PAPARUM
881 266 1264 292 AVENIONENSIUM
1714 251 1794 293 527

102 346 238 383 omnia
253 345 391 383 audita
408 354 514 391 sunt,
532 354 566 383 et
583 346 625 382 in
642 360 759 395 regno
777 347 946 385 Francie
963 348 1083 384 lucem
1106 347 1301 396 sapientie
1322 362 1389 396 pre
1415 349 1558 396 ceteris,
1587 358 1626 386 ut
1643 349 1793 396 dixisti,

103 404 350 451 here-(litante,
375 413 408 442 et
431 419 453 441 a
478 404 668 453 plurimis
693 420 771 442 non
796 407 904 443 corde
931 406 1181 452 intrinsecus,
1206 406 1273 443 sed
1297 406 1381 455 ficte
1405 416 1439 444 et
1461 408 1586 444 solum
1612 408 1794 455 emerius,

101 463 237 500 timore
254 472 423 512 urgente,
443 464 767 512 quemadmodum
785 473 818 502 et
835 465 1055 502 cardinales
1072 479 1111 501 se
1128 465 1257 513 primo
1275 465 1445 502 tenuisse
1462 467 1611 514 dicunt,
1628 467 1796 504 secundo

102 522 240 559 electus
272 530 420 560 tenetur
450 530 485 559 et
515 522 551 559 ei
583 522 770 561 obeditur.
807 523 888 561 Nec
919 524 1156 572 permissum
1189 532 1243 561 est
1276 524 1332 561 ibi
1363 525 1538 573 publicis
1569 525 1796 574 sapientum

103 580 443 630 disputationibus
476 581 675 629 negotium
707 582 865 630 discuti,
899 582 1084 619 omnibus
1118 583 1160 619 in
1193 583 1400 620 obscurum
1433 585 1588 622 veritate
1619 584 1795 634 effodior,

103 653 189 688 rege
211 649 246 677 et
268 641 434 690 quodam
458 654 640 689 processu
664 641 932 678 cardinalium
956 642 1000 678 de
1025 641 1204 679 nullitate
1233 642 1430 679 electionis
1462 643 1588 692 prime
1620 645 1796 693 amplius

101 712 220 748 super
247 699 318 736 hac
344 714 382 736 re
409 699 613 748 disputare
639 699 877 748 prohibente.

156 758 232 796 Sed
265 759 363 796 haec
397 758 590 796 dicuntur
622 772 643 796 a
677 758 907 807 dialogista‚
942 759 1010 808 qui
1042 773 1115 808 pro
1149 773 1258 797 more
1291 774 1430 798 eorum
1463 761 1530 810 qui
1563 761 1794 800 istiusmodi

103 817 409 855 dissertationes
456 817 641 855 scribunt
687 819 823 855 omnia
870 826 1112 867 argumenta
1159 819 1363 867 conquirit
1409 820 1460 856 ad
1506 820 1794 859 stabiliendam

103 877 337 926 opinionem
369 890 497 915 suam.
534 876 688 914 Nullibi
722 877 830 916 enim
862 877 1009 925 legitur
1041 877 1246 914 sublatam
1281 892 1364 916 esse
1396 878 1630 917 libertatem
1662 880 1701 917 in
1734 879 1794 916 his

102 936 278 974 consiliis
303 936 420 985 regiis
439 935 465 974 1.
498 936 600 973 Illud
626 936 790 974 interim
817 944 980 973 constat
1014 950 1063 974 ex
1097 936 1347 974 confessione
1376 937 1634 983 Urbanistae‚
1661 952 1795 987 regem

99 995 220 1044 juxta
248 995 414 1033 consilia
442 1009 581 1033 eorum
609 995 677 1044 qui
704 995 797 1032 huic
824 996 1045 1033 conventui
1073 995 1299 1033 intererant
1326 996 1550 1035 decrevisse
1577 997 1796 1035 adhaerere

102 1054 312 1094 Clementi.

155 1113 282 1151 Paulo
300 1121 394 1163 post
411 1113 602 1152 habitum
620 1121 872 1151 conventum
891 1113 1180 1161 Vicennarum,
1199 1121 1246 1151 ut
1260 1114 1317 1151 ait
1336 1115 1599 1153 continuator
1618 1116 1794 1153 Gallicus

104 1172 252 1222 Nangii
271 1172 298 1219 2,
336 1172 574 1210 Guillelmus
612 1172 659 1210 de
690 1172 886 1221 Agrifolio
914 1180 954 1210 et
982 1172 1116 1210 Guido
1145 1173 1192 1211 de
1222 1173 1434 1211 Malesicco
1462 1188 1483 1211 a
1512 1188 1601 1222 rege
1630 1174 1795 1223 digressi

101 1239 198 1269 sunt
222 1246 268 1269 eo
293 1231 460 1270 consilio
483 1239 530 1269 ut
553 1232 777 1281 legationes
802 1231 877 1268 sibi
900 1232 1114 1281 impositas
1140 1241 1450 1281 exequerentur.
1480 1234 1532 1270 Et
1557 1234 1794 1271 Guillelmus

103 1291 269 1340 quidem
295 1291 373 1329 iter
399 1291 530 1329 faeere
558 1291 693 1340 eoepit
719 1291 770 1327 ad
797 1290 941 1328 urbem
970 1291 1207 1338 Metensem‚
1237 1291 1370 1329 Guido
1397 1292 1447 1328 ad
1477 1292 1794 1338 Tornacensem3

104 1349 171 1388 ubi
195 1350 263 1388 diu
286 1350 437 1388 frustra
460 1358 734 1399 expectarunt
755 1350 892 1387 literas
916 1364 1055 1399 regum
1080 1350 1361 1388 Romanorum
1383 1359 1423 1389 et
1447 1352 1670 1400 Anglorum
1692 1365 1795 1400 quae

102 1409 199 1458 ipsis
218 1417 471 1459 potestatem
492 1409 673 1447 facerent
706 1409 959 1458 ingrediendi
978 1410 1019 1446 in
1039 1423 1178 1447 eorum
1198 1423 1334 1459 regna.
1359 1410 1600 1460 Radulphns
1622 1410 1669 1448 de
1691 1410 1796 1447 Rivo

103 1469 279 1507 decanus
313 1469 572 1517 Tungrensis,
606 1468 675 1517 qui
708 1468 863 1506 sciebat
896 1468 967 1505 hos
1001 1469 1226 1507 cardinales
1258 1469 1299 1506 in
1330 1468 1515 1518 Belgium
1547 1477 1795 1518 penetrasse,

102 1528 270 1577 putavit
302 1528 390 1566 illos
424 1528 566 1566 missos
600 1542 683 1566 esse
716 1541 738 1565 a
771 1527 979 1565 Clemente
1012 1528 1064 1565 ad
1097 1528 1289 1565 comitem
1325 1528 1551 1566 Flandriae.
1588 1528 1656 1565 Ait
1689 1528 1796 1566 enim

113 1587 166 1636 [p.
200 1586 274 1637 32]
309 1603 315 1625 :
349 1587 583 1624 Cardinales
614 1601 637 1624 a
674 1586 845 1624 Grevilla
874 1595 908 1624 et
938 1587 1205 1624 Pictaviensis
1237 1587 1446 1624 mittuntur
1475 1602 1497 1624 a
1530 1587 1723 1624 Clemente
1755 1587 1798 1624 in

103 1645 339 1684 Flandriam
359 1647 411 1683 ad
429 1646 605 1683 comitem
625 1645 869 1682 Ludovicum
891 1654 932 1683 ut
950 1660 989 1683 se
1009 1646 1141 1684 ceteris
1162 1646 1274 1694 regni
1294 1646 1552 1695 principibus
1572 1646 1795 1694 conformet.

103 1705 180 1743 Sed
198 1713 350 1743 tantum
369 1705 501 1754 abfuit
520 1713 561 1742 ut
578 1704 812 1742 audirentur
832 1713 873 1743 ut
893 1719 939 1742 ne
957 1705 1125 1742 admissi
1146 1706 1301 1754 quidem
1330 1705 1491 1754 fuerint,
1512 1706 1579 1742 sed
1605 1705 1734 1754 rejecti
1754 1720 1798 1742 ac

100 1764 289 1813 facessere
316 1764 433 1813 jussi,
466 1764 547 1801 nisi
575 1763 656 1800 sibi
685 1764 843 1801 vincula
874 1765 1034 1802 mallent
1061 1773 1270 1813 easspectare.
1304 1764 1432 1801 Addit
1463 1764 1647 1813 Meyerus
1677 1772 1797 1801 tanta

101 1823 177 1861 hoc
200 1823 345 1872 agendi
369 1823 491 1862 modo
515 1823 690 1860 Gallicos
715 1823 912 1869 homines,
936 1823 975 1860 id
1000 1831 1074 1870 est,
1099 1823 1323 1861 cardinales
1347 1824 1501 1872 legatos
1525 1823 1799 1861 admiratione

102 1882 356 1932 stupefactos
388 1890 434 1919 ut
465 1890 676 1920 censerent
709 1882 965 1920 Ludovicum
996 1897 1079 1920 esse
1111 1890 1259 1920 natura
1293 1882 1551 1932 Flamingum
1582 1883 1800 1931 virumque

103 1942 355 1979 cervicosum
376 1955 422 1979 ac
445 1941 534 1978 duri
557 1941 715 1990 eapitis.

155 2000 393 2038 Guillelmus
413 2000 537 2049 igitur
556 2000 724 2037 advenit
746 2000 875 2038 Metas
892 1999 908 2022 3
927 2000 989 2038 die
1011 2015 1129 2037 xxvn
1147 2000 1266 2050 junii,
1287 2008 1327 2038 et
1346 2000 1483 2037 triduo
1512 2008 1605 2050 post
1634 2014 1796 2047 congre-

103 2067 197 2108 gata
239 2059 418 2097 Ecclesia
460 2059 645 2106 Metensi,
686 2073 778 2097 cum
818 2060 947 2097 multa
988 2059 1158 2098 dixisset
1198 2067 1244 2096 ut
1284 2060 1520 2097 ostenderet
1559 2059 1801 2097 electionem

103 2119 321 2156 Clementis
346 2119 425 2155 Vll
450 2133 533 2156 esse
555 2118 782 2168 legitimam
805 2132 851 2156 ac
874 2119 1128 2165 canonicam,
1152 2119 1327 2168 pervicit
1349 2127 1396 2156 ut
1419 2127 1459 2156 et
1482 2118 1612 2156 clerici
1636 2126 1676 2156 et
1708 2118 1801 2155 laici

103 2177 189 2227 ejus
223 2185 360 2227 partes
394 2179 753 2226 amplecterentur,
792 2177 1006 2216 Urbanum
1040 2192 1136 2215 vero
1169 2177 1395 2226 rejicerent.
1433 2177 1656 2215 Testantur
1688 2177 1798 2214 istud

103 2237 202 2274 Acta
230 2251 333 2286 quae
361 2237 471 2274 edita
499 2245 595 2274 sunt
623 2236 733 2286 apud
763 2236 1018 2274 Meurissium
1058 2237 1100 2275 in
1126 2237 1308 2274 Historia
1347 2236 1619 2285 episcoporum
1647 2235 1798 2273 [Ἀήθη-

101 2296 221 2342 sium,
252 2310 290 2345 p.
323 2295 410 2334 525.
443 2296 626 2333 Andreas
659 2295 902 2333 Victorellus
932 2296 973 2333 in
1004 2296 1293 2333 Additionibus
1322 2296 1373 2332 ad
1402 2295 1639 2332 Ciaconium
1681 2294 1725 2343 [t.
1757 2308 1801 2341 11,

104 2356 177 2394 col.
209 2354 308 2404 566]
338 2363 519 2393 testatur
548 2355 778 2393 Soaresium
807 2355 957 2392 vidisse
985 2355 1124 2393 literas
1152 2355 1270 2392 istius
1300 2354 1516 2392 cardinalis
1546 2353 1717 2402 scriptas
1747 2353 1797 2389 ad

104 2414 292 2452 eumdem
319 2414 570 2452 Clementem
597 2414 715 2451 datas
743 2413 861 2451 Metis
888 2413 951 2451 die
978 2428 1097 2450 xxvn
1121 2414 1227 2463 julii,
1255 2413 1402 2462 quibus
1429 2426 1520 2450 eum
1547 2411 1799 2450 admonebat

104 2487 144 2511 se
171 2473 400 2511 Catalauno
427 2472 656 2511 discessisse
682 2480 729 2509 ut
758 2473 1046 2511 Ravennatem
1075 2472 1231 2510 Urbani
1258 2472 1315 2508 VI
1342 2473 1523 2521 legatum
1550 2470 1707 2519 magnis
1734 2469 1801 2507 iti—

104 2532 267 2570 neribus
288 2532 416 2570 Metas
436 2540 726 2581 properantem
742 2539 1032 2570 anteverteret.
1053 2532 1141 2579 Quo
1156 2532 1244 2568 loco
1262 2539 1364 2580 puto
1383 2530 1578 2567 mendum
1593 2529 1802 2578 irrepsisse

104 2598 145 2629 et
172 2605 244 2640 pro
270 2590 372 2640 julio
399 2591 679 2640 reponendum
708 2605 792 2629 esse
814 2605 995 2629 mensem
1021 2591 1195 2640 junium.
1222 2589 1372 2626 Mansit
1393 2596 1548 2635 autem,
1574 2588 1729 2637 opinor,
1758 2587 1800 2624 in

154 2757 185 2790 1.
217 2756 260 2790 Ν.
281 2756 406 2790 Valois
438 2754 513 2800 (op.
543 2756 613 2795 cit„
634 2762 662 2789 t.
684 2768 708 2795 1,
728 2767 762 2799 p.
784 2756 864 2797 136)
887 2761 1042 2798 partage
1062 2766 1124 2787 sur
1142 2765 1180 2787 ce
1201 2753 1307 2797 point
1325 2753 1505 2796 l’opinion
1525 2752 1568 2785 de
1587 2752 1735 2785 Baluze.
1755 2770 1804 2774 —

105 2809 175 2842 Sur
204 2810 239 2842 la
269 2809 434 2853 legation
465 2809 509 2842 de
542 2808 751 2842 Guillaume
785 2808 1060 2851 d’Aigreseuille
1091 2819 1137 2839 en
1168 2806 1344 2839 Lori-aine
1375 2812 1413 2838 et
1444 2806 1464 2838 a
1497 2805 1688 2847 Fribourg‚
1722 2805 1805 2837 voir

106 2862 145 2895 L.
170 2862 287 2895 Ehlen
311 2860 407 2904 (Das
427 2862 593 2895 Schisma
612 2862 662 2894 im
682 2862 816 2894 lWetzer
836 2861 1011 2904 Sprengel
1032 2860 1085 2893 bis
1104 2871 1186 2892 zum
1206 2859 1301 2892 Tode
1320 2859 1379 2892 des
1397 2858 1565 2900 Bischofs
1586 2857 1805 2891 Theoderich

104 2915 220 2958 Beyer
248 2926 315 2948 νοη
343 2915 530 2958 Boppard,
561 2914 722 2958 Leipzig,
753 2914 858 2957 1909)
902 2919 940 2946 et
979 2913 1016 2946 P.
1059 2912 1309 2945 Holtermann
1342 2910 1808 2954 (Die-kirchenpolitische

107 2968 272 3010 Stellung
289 2968 349 3000 der
369 2967 472 3000 Stadt
489 2967 939 3010 Freiburg-im-Breisgau
959 2965 1127 2998 wahrend
1144 2966 1203 2998 des
1224 2976 1369 3007 grossen
1386 2964 1581 3003 Schismas,
1605 2963 1808 3006 Fribourg—

106 3021 339 3064 en-Brisgau,
364 3021 469 3060 1925,
495 3032 530 3064 p.
556 3021 677 3060 10-25,
703 3020 800 3063 123).

157 3075 188 3107 2.
223 3073 384 3107 Grandes
406 3073 617 3116 chroniques
640 3073 681 3106 de
703 3073 844 3105 France
869 3072 937 3114 (ed.
966 3071 1203 3109 DelachenaL
1229 3076 1255 3103 t.
1279 3081 1316 3109 11,
1342 3082 1376 3113 p.
1402 3070 1500 3112 362).

155 3128 188 3160 3.
217 3125 307 3159 Voir
322 3125 447 3159 Valois
468 3124 543 3169 (op.
562 3126 633 3165 cit„
651 3131 677 3158 t.
693 3137 717 3164 1,
739 3136 774 3168 p.
794 3125 889 3167 285).
