2083 3458
320 228 402 270 824
970 240 1122 265 NOTAE
1156 239 1217 264 AD
1252 239 1380 264 viTAs
1876 221 2031 277 [1308]

321 335 566 373 conventus,
616 325 858 364 canonizare
896 324 1020 362 vellet
1053 317 1260 374 [.J0urnal‚
1297 339 1336 374 p.
1374 322 1455 372 32].
1494 322 1595 361 Vide
1633 322 1927 370 Waddingum.
1964 316 2030 360 an.

321 387 437 434 1363,
473 387 488 434 ξ
519 386 565 424 17
595 400 655 435 sq.
696 385 743 435 [t.
777 399 859 431 vm,
888 399 928 434 p.
960 382 1065 432 163}

377 447 669 495 Quaecumque
680 459 801 495 porro
811 444 1013 482 hactenus
1027 443 1138 482 dicta
1151 451 1250 481 sunt
1263 443 1311 481 de
1322 443 1442 481 rebus
1458 442 1580 492 gestis
1591 456 1699 480 anno
1711 441 2032 489 MCCCLXXX,

321 518 498 556 quorum
519 519 612 555 pars
636 518 785 553 magna
809 503 889 541 fuit
906 503 1051 542 Petrus
1075 511 1229 551 noster,
1248 517 1295 541 ea
1318 510 1486 553 sumpta
1509 510 1606 540 sunt
1622 516 1673 540 ex
1687 501 1832 539 Diario
1852 500 2032 551 episcopi

321 564 598 604 Carnotensis.

374 629 492 662 Anno
528 623 919 669 MCCCLXXXIH,
955 621 1018 660 die
1053 636 1129 659 xx1
1163 621 1414 669 novembris,
1450 620 1553 659 obiit
1587 621 1767 659 Joannes
1803 620 1851 659 de
1886 620 2030 658 Crosso

319 684 533 735 episcopus
572 681 877 721 Praenestinus.
915 681 1113 731 Sequenti
1150 696 1245 719 vero
1282 695 1419 719 mense
1456 680 1663 719 decembri
1699 680 1883 719 Clemens
1919 693 2028 730 papa

322 744 491 783 fratrem
522 743 608 792 ejus
643 743 812 781 Petrum
844 741 1116 781 camerarium
1147 741 1188 778 in
1221 740 1406 780 ordinem
1438 739 1709 778 cardinalium
1740 739 1896 787 retulit,
1928 739 2029 777 dato

319 803 354 842 ei
378 803 501 841 titulo
526 803 773 840 Sanctorum
800 801 917 839 Nerei
941 809 982 839 et
1006 800 1191 848 Achillei,
1217 815 1337 850 quem
1364 800 1458 838 olim
1483 800 1689 838 habuerat
1711 799 1821 837 idem
1846 799 2027 837 Joannes

320 871 415 901 ante
443 862 728 912 episcopatum
758 860 1086 899 Praenestinum.
1116 860 1249 910 Vulgo
1274 869 1417 898 tamen
1444 859 1660 898 dicebatur
1686 858 1903 898 cardinalis
1932 858 2027 897 Are-

319 922 501 961 latensis.
548 920 736 960 Retinuit
776 929 916 959 autem
960 934 1053 958 cum
1104 920 1365 958 cardinalatu
1417 919 1660 957 cathedram
1711 918 1994 957 Arelatensem
2012 917 2028 941 1

318 990 365 1020 ut
395 981 489 1020 hinc
522 995 684 1031 quoque
718 979 945 1019 necessario
978 979 1184 1029 colligitur
1216 979 1326 1029 quod
1359 978 1422 1017 die
1456 987 1604 1018 octava
1636 977 1845 1028 sequentis
1876 977 2026 1017 mensis

316 1041 436 1091 junii,
468 1040 531 1079 uti
563 1040 764 1091 scriptum
795 1049 857 1078 est
897 1039 938 1077 in
966 1039 1112 1077 Diarz'o
1154 1039 1334 1089 episcopi
1368 1039 1646 1086 Carnotensis,
1680 1037 1832 1076 Mariae
1863 1037 2025 1088 reginae

319 1100 476 1139 Siciliae
501 1109 542 1139 et
568 1100 650 1137 filio
674 1100 761 1149 ejus
788 1099 999 1137 Ludovico
1023 1107 1226 1149 tanquam
1252 1098 1394 1138 comiti
1418 1097 1659 1137 Provinciae
1684 1106 1726 1136 et
1750 1097 2025 1147 Forcalquerii

317 1159 527 1211 praestitit
552 1159 791 1209 homagium
816 1174 889 1209 pro
916 1158 1273 1209 archiepiscopatu
1300 1157 1544 1196 Arelatensi.
1573 1158 1694 1196 Patet
1720 1157 1847 1195 etiam
1872 1171 1922 1195 ex
1947 1156 2026 1195 alio

316 1220 404 1259 loco
433 1220 619 1270 ejusdem
643 1219 796 1266 Diarii,
825 1219 867 1256 in
896 1233 976 1269 quo
1005 1218 1205 1268 scriptum
1234 1226 1295 1256 est
1324 1218 1516 1256 eumdem
1544 1217 1795 1256 cardinalem
1824 1216 1889 1255 die
1917 1231 2025 1254 xx1x

316 1279 524 1329 sequentis
548 1278 698 1317 mensis
722 1278 958 1317 novembris
983 1278 1123 1317 fecisse
1146 1277 1241 1316 huic
1265 1277 1456 1328 episcopo
1480 1285 1735 1328 potestatem
1757 1276 1900 1315 utendi
1925 1290 2025 1326 pon-

316 1338 540 1377 tificalibus
568 1339 608 1376 in
634 1353 706 1377 sua
733 1337 922 1377 dioecesi.
946 1338 1092 1387 ltaque
1116 1337 1315 1387 quamdiu
1332 1337 1396 1375 ille
1422 1337 1463 1374 in
1488 1336 1576 1375 vita
1603 1336 1683 1374 fuit
1704 1335 1918 1387 provisum
1942 1350 2025 1374 non

317 1407 379 1437 est
413 1398 617 1437 Ecclesiae
651 1397 881 1436 Arelatensi
912 1398 960 1436 de
992 1405 1170 1447 pastore.

370 1458 489 1496 Anno
511 1458 870 1504 MCCCLXXXV,
892 1457 955 1495 die
976 1456 1135 1495 veneris
1158 1472 1233 1494 xxi
1255 1456 1410 1506 aprilis,
1430 1455 1508 1493 ivit
1529 1456 1580 1494 ad
1602 1455 1909 1493 Villamnovam
1931 1470 2024 1494 con-

315 1526 379 1555 tra
401 1517 656 1556 Avenionem
676 1517 906 1555 salutatum
924 1516 1096 1554 Mariam
1116 1516 1299 1566 reginam
1321 1515 1494 1563 Siciliae,
1511 1530 1615 1566 quae
1636 1514 1765 1566 pridie
1786 1514 1880 1553 illuc
1900 1515 2022 1554 adve-

316 1585 451 1615 nerat:
481 1592 531 1615 ex
556 1577 700 1614 Diario
728 1577 908 1627 episcopi
937 1577 1199 1615 Carnotensis
1240 1576 1294 1626 [p.
1325 1575 1432 1626 103].

369 1637 487 1674 Anno
513 1636 903 1675 MCCCLXXXVII
928 1636 991 1674 die
1017 1651 1088 1673 xm
1113 1635 1293 1685 augusti,
1319 1649 1411 1673 cum
1435 1634 1656 1673 necessitas
1681 1634 1885 1684 adegisset
1914 1648 2021 1673 eam-

315 1696 409 1735 dem
435 1696 618 1746 reginam
645 1705 792 1736 mutuo
818 1696 968 1733 habere
996 1709 1203 1734 summam
1231 1710 1302 1732 x111
1331 1694 1505 1732 millium
1535 1695 1797 1741 florenorum,
1827 1693 1936 1732 fuere
1972 1709 2023 1733 ex

315 1756 482 1805 collegio
509 1755 780 1794 cardinalium
807 1755 976 1806 quidam
1004 1755 1074 1805 qui
1099 1763 1293 1794 mutuum
1320 1755 1480 1801 darent,
1503 1753 1720 1792 cardinalis
1738 1753 1863 1803 igitur
1886 1754 2022 1792 Arela-

315 1815 440 1853 tensis
475 1815 589 1853 dedit
622 1823 790 1854 centum
824 1815 1012 1853 florenos.
1048 1815 1103 1852 Et
1135 1829 1228 1853 cum
1260 1822 1404 1864 postea
1436 1814 1537 1852 haec
1569 1827 1730 1852 summa
1763 1812 2021 1852 restituenda

314 1883 420 1913 esset
443 1889 580 1913 mense
604 1874 844 1925 septembri,
868 1883 909 1912 et
931 1866 1164 1924 reginaper
1187 1873 1425 1924 episcopum
1451 1874 1746 1912 Carnotensem
1769 1872 1820 1910 ab
1844 1887 1890 1911 eo
1917 1873 2020 1923 peti-

314 1933 410 1972 isset
433 1933 682 1972 solutionem
705 1933 873 1981 differri,
891 1933 1109 1972 cardinalis
1126 1932 1333 1972 consensit
1355 1941 1402 1971 ut
1419 1932 1652 1971 differretur
1666 1947 1795 1983 usque
1811 1933 1863 1970 ad
1882 1933 2019 1972 kalen-

315 1993 385 2031 das
409 1993 664 2035 novembris:
689 2008 739 2031 ex
760 1993 904 2032 eodem
924 1993 1084 2040 Diario,
1106 2008 1147 2043 p.
1171 1992 1247 2031 379
1269 2001 1311 2031 et
1333 1992 1424 2031 415.

368 2054 486 2090 Anno
514 2053 942 2100 MCCCLXXXVIII,
970 2052 1033 2091 die
1060 2067 1179 2090 xxvn
1217 2051 1426 2098 februarii,
1454 2051 1639 2090 condidit
1674 2059 1977 2091 testamentum
1992 2051 2020 2100 2,

312 2111 353 2149 in
377 2127 458 2162 quo
479 2112 602 2162 jussit
625 2127 770 2162 corpus
794 2126 916 2150 suum
938 2111 1099 2162 sepeliri
1120 2112 1241 2162 juxta
1264 2111 1456 2161 reliquias
1480 2111 1698 2149 cardinalis
1717 2111 2020 2151 Lemovicensis

314 2171 451 2210 fratris
477 2171 539 2209 sui
564 2171 605 2209 in
631 2171 798 2210 ecclesia
825 2171 1053 2210 cathedrali
1080 2171 1370 2218 Avenionensi,
1396 2171 1462 2209 vel
1486 2170 1528 2208 in
1554 2170 1722 2220 collegio
1749 2170 1890 2209 Sancti
1916 2170 2020 2210 Mar·

314 2230 436 2269 tialis.
469 2232 617 2269 Postea
648 2245 810 2270 rursum
840 2230 1007 2270 condito
1037 2229 1323 2269 testamento3
1353 2230 1416 2268 die
1447 2245 1503 2267 xv
1545 2229 1781 2269 novembris
1821 2230 2020 2280 praetulit

312 2290 542 2339 collegium,
566 2299 607 2328 et
628 2290 826 2340 postridie
850 2290 966 2328 obiit.
991 2290 1184 2340 Sepultus
1208 2298 1270 2328 est
1292 2304 1385 2340 ergo
1408 2289 1449 2326 in
1473 2289 1640 2339 collegio
1662 2289 1802 2328 Sancti
1820 2289 2028 2343 Martialis.

312 2349 363 2386 ad
388 2350 578 2387 dextram
601 2350 768 2399 majoris
792 2364 900 2397 arae,
923 2349 995 2387 ubi
1018 2350 1287 2388 aedificatum
1308 2358 1370 2387 est
1393 2349 1650 2388 mausoleum
1673 2349 1941 2399 magnificum
1970 2364 2020 2388 ex

312 2422 529 2455 marmore,
556 2409 620 2447 cui
645 2409 963 2459 superimposita
990 2417 1051 2447 est
1077 2422 1307 2447 marmorea
1333 2408 1460 2458 ipsius
1487 2408 1651 2459 effigies.

369 2468 414 2504 In
446 2468 593 2506 ultimo
625 2483 745 2519 porro
777 2477 1046 2516 testamento,
1080 2468 1205 2518 quod,
1237 2468 1301 2506 uti
1334 2467 1526 2515 diximus,
1561 2467 1747 2506 condidit
1779 2467 2017 2516 moriturus,

312 2527 519 2565 confessus
544 2542 584 2565 se
606 2536 743 2566 tenere
768 2542 857 2566 eam
885 2528 1008 2565 fidem
1035 2542 1257 2577 omnesque
1278 2527 1471 2565 articulos
1495 2541 1621 2577 quam
1640 2527 1853 2577 praedicat
1874 2536 2017 2566 sancta

312 2595 443 2624 mater
475 2587 669 2634 Ecclesia,
700 2587 818 2624 addit
849 2603 856 2624 :
888 2588 947 2624 Ac
974 2587 1289 2634 sanctissimum,
1320 2585 1439 2625 etc'.4.

366 2645 503 2683 Fuisse
531 2660 624 2685 eum
650 2646 828 2696 priorem
853 2646 1059 2696 prioratus
1088 2646 1229 2685 Sancti
1256 2645 1427 2684 joannis
1450 2646 1498 2684 de
1522 2646 1663 2683 Castro
1687 2645 1882 2683 Gonterio
1910 2645 2017 2684 dioe-

360 2804 489 2890 ²11&an
520 2812 629 2837 vcrtu
663 2806 775 2839 d'une
799 2808 899 2840 bulle
924 2808 973 2839 du
997 2808 1042 2840 24
1067 2807 1264 2840 decembre
1287 2808 1381 2840 1383
1410 2806 1818 2849 (Albanes-Chevalier,
1851 2818 1908 2851 op.
1941 2807 2014 2847 cit„

312 2867 345 2888 n.
423 2858 440 2888 7
488 2884 495 2890 .

362 2913 390 2941 2.
423 2858 571 2950 Ha)luzc‚
600 2918 625 2944 t.
653 2925 703 2952 1v7
733 2925 765 2955 p.
795 2914 876 2946 318.

361 2966 390 2994 3.
422 2964 529 3002 Jbid.7
556 2976 589 3007 p.
615 2966 696 3004 323,
724 2968 770 2998 ou
794 2967 818 2999 il
842 2967 926 2999 faut
950 2967 1111 3010 corriger
1133 2967 1168 2999 la
1193 2967 1280 2999 date
1305 2967 1355 2999 du
1379 2967 1422 2999 13
1456 2966 1662 2999 novembre
1693 2978 1739 2999 en
1769 2966 1857 3000 celle
1882 2967 1932 2999 du
1955 2966 2013 3000 15.

363 3015 391 3047 9.
411 3016 519 3055 ]Ι)ιῗ[ἰ.,
545 3029 578 3059 p.
603 3019 683 3051 323.
701 3038 748 3041 ᾖ
770 3019 840 3052 Sur
857 3020 979 3053 Picrre
996 3021 1039 3053 de
1056 3020 1156 3059 Cros,
1174 3014 1255 3052 voii·
1268 3019 1653 3052 Albanes-Chevalier
1670 3019 1739 3064 (op.
1756 3020 1827 3059 cit„
1844 3019 1911 3053 col.
1928 3020 2016 3053 710-

311 3067 857 3168 113(‚250leafft-Silnzraistlgqsa
877 3073 1030 3115 fiscalia}
1048 3073 1260 3117 pontificale
1290 3085 1334 3105 en
1352 3072 1495 3106 France
1515 3084 1565 3106 αιι
1580 3072 1690 3106 XIV
1718 3073 1834 3113 siecle,
1857 3084 1893 3117 p.
1914 3071 2013 3116 269),
