<?xml version="1.0" encoding="UTF-8"?>
<!DOCTYPE html PUBLIC "-//W3C//DTD XHTML 1.0 Transitional//EN"
    "http://www.w3.org/TR/xhtml1/DTD/xhtml1-transitional.dtd">
<html xmlns="http://www.w3.org/1999/xhtml" xml:lang="en" lang="en">
 <head>
  <title>
</title>
<meta http-equiv="Content-Type" content="text/html;charset=utf-8" />
  <meta name='ocr-system' content='tesseract 3.04.00' />
  <meta name='ocr-capabilities' content='ocr_page ocr_carea ocr_par ocr_line ocrx_word'/>
</head>
<body>
  <div class='ocr_page' id='page_1' title='image "./vitaepaparumaven02balu_0633.png"; bbox 0 0 2083 3458; ppageno 0'>
   <div class='ocr_carea' id='block_1_1' title="bbox 134 188 1813 244">
    <p class='ocr_par' dir='ltr' id='par_1_1' title="bbox 134 188 1813 244">
     <span class='ocr_line' id='line_1_1' title="bbox 134 188 1813 244; baseline 0.004 -15"><span class='ocrx_word' id='word_1_1' title='bbox 134 188 284 244; x_wconf 82' lang='lat'>[1099]</span> <span class='ocrx_word' id='word_1_2' title='bbox 651 206 866 232; x_wconf 85' lang='lat' dir='ltr'><strong>PAPARUM</strong></span> <span class='ocrx_word' id='word_1_3' title='bbox 902 207 1284 233; x_wconf 77' lang='lat' dir='ltr'><strong>AVENIONENSIUM</strong></span> <span class='ocrx_word' id='word_1_4' title='bbox 1731 195 1813 237; x_wconf 81' lang='grc'><em>623</em></span> 
     </span>
    </p>
   </div>
   <div class='ocr_carea' id='block_1_2' title="bbox 96 288 1815 1343">
    <p class='ocr_par' dir='ltr' id='par_1_2' title="bbox 96 288 1815 1343">
     <span class='ocr_line' id='line_1_2' title="bbox 122 288 1812 344; baseline 0.004 -18"><span class='ocrx_word' id='word_1_5' title='bbox 122 288 215 338; x_wconf 85' lang='lat' dir='ltr'><em>quia</em></span> <span class='ocrx_word' id='word_1_6' title='bbox 237 289 485 339; x_wconf 78' lang='lat' dir='ltr'><em>Raynaldus,</em></span> <span class='ocrx_word' id='word_1_7' title='bbox 510 289 596 337; x_wconf 86' lang='lat' dir='ltr'><em>ejus</em></span> <span class='ocrx_word' id='word_1_8' title='bbox 617 290 750 339; x_wconf 69' lang='lat' dir='ltr'><em>frater,</em></span> <span class='ocrx_word' id='word_1_9' title='bbox 776 291 885 329; x_wconf 91' lang='lat' dir='ltr'><em>misit</em></span> <span class='ocrx_word' id='word_1_10' title='bbox 908 292 1075 330; x_wconf 83' lang='lat' dir='ltr'><em>Romam</em></span> <span class='ocrx_word' id='word_1_11' title='bbox 1097 294 1149 330; x_wconf 87' lang='lat' dir='ltr'><em>ad</em></span> <span class='ocrx_word' id='word_1_12' title='bbox 1171 293 1376 331; x_wconf 84' lang='lat' dir='ltr'><em>dominum</em></span> <span class='ocrx_word' id='word_1_13' title='bbox 1401 302 1576 332; x_wconf 88' lang='lat' dir='ltr'><em>nostrum</em></span> <span class='ocrx_word' id='word_1_14' title='bbox 1599 310 1669 344; x_wconf 86' lang='lat' dir='ltr'><em>pro</em></span> <span class='ocrx_word' id='word_1_15' title='bbox 1692 310 1812 334; x_wconf 86' lang='lat' dir='ltr'><em>came-</em></span> 
     </span>
     <span class='ocr_line' id='line_1_3' title="bbox 121 347 1815 401; baseline 0.005 -17"><span class='ocrx_word' id='word_1_16' title='bbox 121 347 226 386; x_wconf 90' lang='lat' dir='ltr'><em>rario</em></span> <span class='ocrx_word' id='word_1_17' title='bbox 246 362 331 394; x_wconf 88' lang='lat' dir='ltr'><em>suo,</em></span> <span class='ocrx_word' id='word_1_18' title='bbox 356 355 398 386; x_wconf 86' lang='lat' dir='ltr'><em>ut</em></span> <span class='ocrx_word' id='word_1_19' title='bbox 419 348 617 386; x_wconf 76' lang='lat' dir='ltr'><em>interesset</em></span> <span class='ocrx_word' id='word_1_20' title='bbox 637 350 826 400; x_wconf 71' lang='lat' dir='ltr'><em>eoeequiis,</em></span> <span class='ocrx_word' id='word_1_21' title='bbox 848 351 951 388; x_wconf 83' lang='lat' dir='ltr'><em>sicut</em></span> <span class='ocrx_word' id='word_1_22' title='bbox 971 359 1026 388; x_wconf 88' lang='lat' dir='ltr'><em>est</em></span> <span class='ocrx_word' id='word_1_23' title='bbox 1047 352 1091 388; x_wconf 87' lang='lat' dir='ltr'><em>de</em></span> <span class='ocrx_word' id='word_1_24' title='bbox 1114 366 1215 389; x_wconf 88' lang='lat' dir='ltr'><em>more</em></span> <span class='ocrx_word' id='word_1_25' title='bbox 1239 352 1282 389; x_wconf 87' lang='lat' dir='ltr'><em>in</em></span> <span class='ocrx_word' id='word_1_26' title='bbox 1301 352 1438 401; x_wconf 76' lang='lat' dir='ltr'><em>sunere</em></span> <span class='ocrx_word' id='word_1_27' title='bbox 1461 354 1740 392; x_wconf 77' lang='lat' dir='ltr'><em>cardinalium.</em></span> <span class='ocrx_word' id='word_1_28' title='bbox 1766 356 1815 393; x_wconf 78' lang='lat' dir='ltr'><em>Et</em></span> 
     </span>
     <span class='ocr_line' id='line_1_4' title="bbox 122 406 1814 461; baseline 0.005 -17"><span class='ocrx_word' id='word_1_29' title='bbox 122 407 231 445; x_wconf 92' lang='lat' dir='ltr'><em>misit</em></span> <span class='ocrx_word' id='word_1_30' title='bbox 249 406 368 445; x_wconf 89' lang='lat' dir='ltr'><em>etiam</em></span> <span class='ocrx_word' id='word_1_31' title='bbox 387 407 555 444; x_wconf 80' lang='lat' dir='ltr'><em>Romam</em></span> <span class='ocrx_word' id='word_1_32' title='bbox 575 421 646 456; x_wconf 89' lang='lat' dir='ltr'><em>pro</em></span> <span class='ocrx_word' id='word_1_33' title='bbox 666 408 816 457; x_wconf 87' lang='lat' dir='ltr'><em>pannis</em></span> <span class='ocrx_word' id='word_1_34' title='bbox 837 410 881 446; x_wconf 86' lang='lat' dir='ltr'><em>de</em></span> <span class='ocrx_word' id='word_1_35' title='bbox 903 409 1016 458; x_wconf 81' lang='lat' dir='ltr'><em>nigro</em></span> <span class='ocrx_word' id='word_1_36' title='bbox 1036 418 1070 447; x_wconf 82' lang='lat' dir='ltr'><em>et</em></span> <span class='ocrx_word' id='word_1_37' title='bbox 1089 425 1174 447; x_wconf 84' lang='lat' dir='ltr'><em>cera</em></span> <span class='ocrx_word' id='word_1_38' title='bbox 1194 419 1228 448; x_wconf 87' lang='lat' dir='ltr'><em>et</em></span> <span class='ocrx_word' id='word_1_39' title='bbox 1253 411 1347 448; x_wconf 91' lang='lat' dir='ltr'><em>aliis</em></span> <span class='ocrx_word' id='word_1_40' title='bbox 1369 413 1601 450; x_wconf 89' lang='lat' dir='ltr'><em>necessariis</em></span> <span class='ocrx_word' id='word_1_41' title='bbox 1621 414 1673 450; x_wconf 82' lang='lat' dir='ltr'><em>ad</em></span> <span class='ocrx_word' id='word_1_42' title='bbox 1690 414 1814 461; x_wconf 79' lang='lat' dir='ltr'><em>sunus</em></span> 
     </span>
     <span class='ocr_line' id='line_1_5' title="bbox 123 465 1813 520; baseline 0.005 -18"><span class='ocrx_word' id='word_1_43' title='bbox 123 466 223 503; x_wconf 87' lang='lat' dir='ltr'><em>tanti</em></span> <span class='ocrx_word' id='word_1_44' title='bbox 243 465 333 503; x_wconf 69' lang='lat' dir='ltr'><em>viri.</em></span> <span class='ocrx_word' id='word_1_45' title='bbox 356 466 409 503; x_wconf 81' lang='lat' dir='ltr'><em>Et</em></span> <span class='ocrx_word' id='word_1_46' title='bbox 430 465 666 504; x_wconf 74' lang='lat' dir='ltr'><em>invenerunt</em></span> <span class='ocrx_word' id='word_1_47' title='bbox 687 466 767 516; x_wconf 88' lang='lat' dir='ltr'><em>ipsi</em></span> <span class='ocrx_word' id='word_1_48' title='bbox 799 468 938 505; x_wconf 89' lang='lat' dir='ltr'><em>medici</em></span> <span class='ocrx_word' id='word_1_49' title='bbox 960 483 1080 518; x_wconf 81' lang='lat' dir='ltr'><em>prope</em></span> <span class='ocrx_word' id='word_1_50' title='bbox 1100 470 1276 518; x_wconf 79' lang='lat' dir='ltr'><em>splenem</em></span> <span class='ocrx_word' id='word_1_51' title='bbox 1297 478 1331 507; x_wconf 92' lang='lat' dir='ltr'><em>et</em></span> <span class='ocrx_word' id='word_1_52' title='bbox 1353 485 1473 520; x_wconf 85' lang='lat' dir='ltr'><em>prope</em></span> <span class='ocrx_word' id='word_1_53' title='bbox 1493 471 1546 520; x_wconf 72' lang='lat' dir='ltr'><em>fel</em></span> <span class='ocrx_word' id='word_1_54' title='bbox 1574 487 1696 509; x_wconf 90' lang='lat' dir='ltr'><em>unam</em></span> <span class='ocrx_word' id='word_1_55' title='bbox 1717 473 1813 510; x_wconf 74' lang='lat' dir='ltr'><em>vesi·</em></span> 
     </span>
     <span class='ocr_line' id='line_1_6' title="bbox 120 525 1813 581; baseline 0.005 -20"><span class='ocrx_word' id='word_1_56' title='bbox 120 539 206 562; x_wconf 91' lang='lat' dir='ltr'><em>cam</em></span> <span class='ocrx_word' id='word_1_57' title='bbox 229 525 281 562; x_wconf 92' lang='lat' dir='ltr'><em>ad</em></span> <span class='ocrx_word' id='word_1_58' title='bbox 305 526 464 562; x_wconf 89' lang='lat' dir='ltr'><em>modum</em></span> <span class='ocrx_word' id='word_1_59' title='bbox 488 525 602 574; x_wconf 82' lang='lat' dir='ltr'><em>quasi</em></span> <span class='ocrx_word' id='word_1_60' title='bbox 626 525 717 573; x_wconf 78' lang='lat' dir='ltr'><em>selis</em></span> <span class='ocrx_word' id='word_1_61' title='bbox 742 534 860 563; x_wconf 89' lang='lat' dir='ltr'><em>totam</em></span> <span class='ocrx_word' id='word_1_62' title='bbox 884 527 1043 576; x_wconf 80' lang='lat' dir='ltr'><em>plenam</em></span> <span class='ocrx_word' id='word_1_63' title='bbox 1068 528 1190 577; x_wconf 85' lang='lat' dir='ltr'><em>petris</em></span> <span class='ocrx_word' id='word_1_64' title='bbox 1214 529 1355 566; x_wconf 89' lang='lat' dir='ltr'><em>croceis</em></span> <span class='ocrx_word' id='word_1_65' title='bbox 1379 537 1413 566; x_wconf 86' lang='lat' dir='ltr'><em>et</em></span> <span class='ocrx_word' id='word_1_66' title='bbox 1438 531 1626 568; x_wconf 81' lang='lat' dir='ltr'><em>arenosis.</em></span> <span class='ocrx_word' id='word_1_67' title='bbox 1655 532 1705 568; x_wconf 89' lang='lat' dir='ltr'><em>Et</em></span> <span class='ocrx_word' id='word_1_68' title='bbox 1731 532 1813 581; x_wconf 86' lang='lat' dir='ltr'><em>ipse</em></span> 
     </span>
     <span class='ocr_line' id='line_1_7' title="bbox 120 583 1814 639; baseline 0.005 -18"><span class='ocrx_word' id='word_1_69' title='bbox 120 583 337 622; x_wconf 88' lang='lat' dir='ltr'><em>cardinalis</em></span> <span class='ocrx_word' id='word_1_70' title='bbox 353 585 397 621; x_wconf 91' lang='lat' dir='ltr'><em>de</em></span> <span class='ocrx_word' id='word_1_71' title='bbox 418 584 581 621; x_wconf 79' lang='lat' dir='ltr'><em>Ursinis</em></span> <span class='ocrx_word' id='word_1_72' title='bbox 597 592 773 622; x_wconf 89' lang='lat' dir='ltr'><em>mortuus</em></span> <span class='ocrx_word' id='word_1_73' title='bbox 785 585 865 634; x_wconf 77' lang='lat' dir='ltr'><em>suit</em></span> <span class='ocrx_word' id='word_1_74' title='bbox 881 586 923 623; x_wconf 83' lang='lat' dir='ltr'><em>in</em></span> <span class='ocrx_word' id='word_1_75' title='bbox 939 586 1014 635; x_wconf 74' lang='lat' dir='ltr'><em>side</em></span> <span class='ocrx_word' id='word_1_76' title='bbox 1029 587 1181 624; x_wconf 87' lang='lat' dir='ltr'><em>domini</em></span> <span class='ocrx_word' id='word_1_77' title='bbox 1198 588 1334 635; x_wconf 86' lang='lat' dir='ltr'><em>nostri,</em></span> <span class='ocrx_word' id='word_1_78' title='bbox 1349 597 1466 638; x_wconf 86' lang='lat' dir='ltr'><em>prout</em></span> <span class='ocrx_word' id='word_1_79' title='bbox 1482 589 1565 638; x_wconf 89' lang='lat' dir='ltr'><em>ipse</em></span> <span class='ocrx_word' id='word_1_80' title='bbox 1580 590 1814 639; x_wconf 75' lang='lat' dir='ltr'><em>Raynaldus</em></span> 
     </span>
     <span class='ocr_line' id='line_1_8' title="bbox 120 642 1813 698; baseline 0.004 -18"><span class='ocrx_word' id='word_1_81' title='bbox 120 642 221 681; x_wconf 73' lang='lat' dir='ltr'><em>dixit</em></span> <span class='ocrx_word' id='word_1_82' title='bbox 234 650 268 680; x_wconf 86' lang='lat' dir='ltr'><em>et</em></span> <span class='ocrx_word' id='word_1_83' title='bbox 279 643 443 692; x_wconf 83' lang='lat' dir='ltr'><em>scripsit</em></span> <span class='ocrx_word' id='word_1_84' title='bbox 457 643 615 680; x_wconf 87' lang='lat' dir='ltr'><em>domino</em></span> <span class='ocrx_word' id='word_1_85' title='bbox 631 652 760 681; x_wconf 90' lang='lat' dir='ltr'><em>nostro</em></span> <span class='ocrx_word' id='word_1_86' title='bbox 775 645 939 694; x_wconf 89' lang='lat' dir='ltr'><em>propria</em></span> <span class='ocrx_word' id='word_1_87' title='bbox 956 660 1077 683; x_wconf 86' lang='lat' dir='ltr'><em>manu</em></span> <span class='ocrx_word' id='word_1_88' title='bbox 1093 654 1127 682; x_wconf 88' lang='lat' dir='ltr'><em>et</em></span> <span class='ocrx_word' id='word_1_89' title='bbox 1140 654 1257 695; x_wconf 91' lang='lat' dir='ltr'><em>prout</em></span> <span class='ocrx_word' id='word_1_90' title='bbox 1271 647 1372 684; x_wconf 70' lang='lat' dir='ltr'><em>discit</em></span> <span class='ocrx_word' id='word_1_91' title='bbox 1385 648 1594 698; x_wconf 87' lang='lat' dir='ltr'><em>episcopus</em></span> <span class='ocrx_word' id='word_1_92' title='bbox 1609 649 1813 688; x_wconf 71' lang='lat' dir='ltr'><em>Calvensis</em></span> 
     </span>
     <span class='ocr_line' id='line_1_9' title="bbox 119 702 1813 757; baseline 0.005 -18"><span class='ocrx_word' id='word_1_93' title='bbox 119 710 153 739; x_wconf 89' lang='lat' dir='ltr'><em>et</em></span> <span class='ocrx_word' id='word_1_94' title='bbox 170 702 244 740; x_wconf 89' lang='lat' dir='ltr'><em>alii</em></span> <span class='ocrx_word' id='word_1_95' title='bbox 263 702 460 751; x_wconf 90' lang='lat' dir='ltr'><em>capellani</em></span> <span class='ocrx_word' id='word_1_96' title='bbox 479 702 573 739; x_wconf 85' lang='lat' dir='ltr'><em>dicti</em></span> <span class='ocrx_word' id='word_1_97' title='bbox 593 702 825 750; x_wconf 84' lang='lat' dir='ltr'><em>cardinalis,</em></span> <span class='ocrx_word' id='word_1_98' title='bbox 845 704 912 753; x_wconf 89' lang='lat' dir='ltr'><em>qui</em></span> <span class='ocrx_word' id='word_1_99' title='bbox 933 704 1195 754; x_wconf 77' lang='lat' dir='ltr'><em>interfuerunt</em></span> <span class='ocrx_word' id='word_1_100' title='bbox 1214 706 1327 743; x_wconf 85' lang='lat' dir='ltr'><em>morti</em></span> <span class='ocrx_word' id='word_1_101' title='bbox 1346 706 1444 755; x_wconf 78' lang='lat' dir='ltr'><em>ejus.</em></span> <span class='ocrx_word' id='word_1_102' title='bbox 1469 707 1565 744; x_wconf 92' lang='lat' dir='ltr'><em>Item</em></span> <span class='ocrx_word' id='word_1_103' title='bbox 1586 708 1668 757; x_wconf 87' lang='lat' dir='ltr'><em>ipse</em></span> <span class='ocrx_word' id='word_1_104' title='bbox 1687 709 1813 747; x_wconf 84' lang='lat' dir='ltr'><em>cardi-</em></span> 
     </span>
     <span class='ocr_line' id='line_1_10' title="bbox 120 761 1812 816; baseline 0.004 -18"><span class='ocrx_word' id='word_1_105' title='bbox 120 761 226 798; x_wconf 88' lang='lat' dir='ltr'><em>nalis</em></span> <span class='ocrx_word' id='word_1_106' title='bbox 251 761 405 799; x_wconf 83' lang='lat' dir='ltr'><em>dimisit</em></span> <span class='ocrx_word' id='word_1_107' title='bbox 427 761 586 798; x_wconf 88' lang='lat' dir='ltr'><em>domino</em></span> <span class='ocrx_word' id='word_1_108' title='bbox 612 769 741 798; x_wconf 90' lang='lat' dir='ltr'><em>nostro</em></span> <span class='ocrx_word' id='word_1_109' title='bbox 765 763 963 800; x_wconf 85' lang='lat' dir='ltr'><em>annulum</em></span> <span class='ocrx_word' id='word_1_110' title='bbox 987 771 1175 813; x_wconf 77' lang='lat' dir='ltr'><em>tanquam</em></span> <span class='ocrx_word' id='word_1_111' title='bbox 1198 779 1269 801; x_wconf 89' lang='lat' dir='ltr'><em>suo</em></span> <span class='ocrx_word' id='word_1_112' title='bbox 1295 779 1379 802; x_wconf 73' lang='lat' dir='ltr'><em>vero</em></span> <span class='ocrx_word' id='word_1_113' title='bbox 1405 766 1582 803; x_wconf 82' lang='lat' dir='ltr'><em>Romano</em></span> <span class='ocrx_word' id='word_1_114' title='bbox 1607 768 1812 816; x_wconf 80' lang='lat' dir='ltr'><em>Pontifici,</em></span> 
     </span>
     <span class='ocr_line' id='line_1_11' title="bbox 96 821 1810 871; baseline 0.005 -15"><span class='ocrx_word' id='word_1_115' title='bbox 96 828 236 870; x_wconf 34' lang='lat' dir='ltr'><em>&#39;prout</em></span> <span class='ocrx_word' id='word_1_116' title='bbox 262 828 318 857; x_wconf 87' lang='lat' dir='ltr'><em>est</em></span> <span class='ocrx_word' id='word_1_117' title='bbox 345 821 389 857; x_wconf 91' lang='lat' dir='ltr'><em>de</em></span> <span class='ocrx_word' id='word_1_118' title='bbox 419 834 536 866; x_wconf 90' lang='lat' dir='ltr'><em>more,</em></span> <span class='ocrx_word' id='word_1_119' title='bbox 565 828 600 857; x_wconf 89' lang='lat' dir='ltr'><em>et</em></span> <span class='ocrx_word' id='word_1_120' title='bbox 627 821 958 859; x_wconf 67' lang='lat' dir='ltr'><em>recommandavit</em></span> <span class='ocrx_word' id='word_1_121' title='bbox 985 822 1064 859; x_wconf 87' lang='lat' dir='ltr'><em>sibi</em></span> <span class='ocrx_word' id='word_1_122' title='bbox 1093 823 1243 871; x_wconf 74' lang='lat' dir='ltr'><em>samam</em></span> <span class='ocrx_word' id='word_1_123' title='bbox 1271 838 1386 861; x_wconf 84' lang='lat' dir='ltr'><em>suam</em></span> <span class='ocrx_word' id='word_1_124' title='bbox 1415 832 1448 861; x_wconf 83' lang='lat' dir='ltr'><em>et</em></span> <span class='ocrx_word' id='word_1_125' title='bbox 1475 825 1654 863; x_wconf 86' lang='lat' dir='ltr'><em>animam</em></span> <span class='ocrx_word' id='word_1_126' title='bbox 1683 842 1810 865; x_wconf 85' lang='lat' dir='ltr'><em>suam.</em></span> 
     </span>
     <span class='ocr_line' id='line_1_12' title="bbox 120 879 1810 929; baseline 0.005 -14"><span class='ocrx_word' id='word_1_127' title='bbox 120 879 220 917; x_wconf 86' lang='lat' dir='ltr'><em>Vide</em></span> <span class='ocrx_word' id='word_1_128' title='bbox 244 879 465 918; x_wconf 83' lang='lat' dir='ltr'><em>Odoricum</em></span> <span class='ocrx_word' id='word_1_129' title='bbox 490 879 768 928; x_wconf 74' lang='lat' dir='ltr'><em>Raynaldum,</em></span> <span class='ocrx_word' id='word_1_130' title='bbox 791 894 856 917; x_wconf 90' lang='lat' dir='ltr'><em>an.</em></span> <span class='ocrx_word' id='word_1_131' title='bbox 882 880 996 927; x_wconf 79' lang='lat'><em>1379,</em></span> <span class='ocrx_word' id='word_1_132' title='bbox 1025 882 1040 929; x_wconf 66' lang='lat' dir='ltr'><em>S</em></span> <span class='ocrx_word' id='word_1_133' title='bbox 1063 881 1099 928; x_wconf 87' lang='lat'><em>3,</em></span> <span class='ocrx_word' id='word_1_134' title='bbox 1122 882 1192 918; x_wconf 89' lang='lat' dir='ltr'><em>ubi</em></span> <span class='ocrx_word' id='word_1_135' title='bbox 1214 890 1330 920; x_wconf 82' lang='lat' dir='ltr'><em>extat</em></span> <span class='ocrx_word' id='word_1_136' title='bbox 1353 883 1575 921; x_wconf 78' lang='lat' dir='ltr'><em>declaratio</em></span> <span class='ocrx_word' id='word_1_137' title='bbox 1594 885 1810 924; x_wconf 83' lang='lat' dir='ltr'><em>cardinalis</em></span> 
     </span>
     <span class='ocr_line' id='line_1_13' title="bbox 121 937 1811 993; baseline 0.005 -17"><span class='ocrx_word' id='word_1_138' title='bbox 121 937 256 976; x_wconf 84' lang='lat' dir='ltr'><em>Ursini</em></span> <span class='ocrx_word' id='word_1_139' title='bbox 283 938 485 985; x_wconf 87' lang='lat' dir='ltr'><em>morituri,</em></span> <span class='ocrx_word' id='word_1_140' title='bbox 512 953 562 976; x_wconf 86' lang='lat' dir='ltr'><em>ex</em></span> <span class='ocrx_word' id='word_1_141' title='bbox 589 953 668 988; x_wconf 87' lang='lat' dir='ltr'><em>qua</em></span> <span class='ocrx_word' id='word_1_142' title='bbox 694 947 813 988; x_wconf 85' lang='lat' dir='ltr'><em>patet</em></span> <span class='ocrx_word' id='word_1_143' title='bbox 839 939 953 978; x_wconf 88' lang='lat' dir='ltr'><em>illum</em></span> <span class='ocrx_word' id='word_1_144' title='bbox 980 955 1063 977; x_wconf 85' lang='lat' dir='ltr'><em>esse</em></span> <span class='ocrx_word' id='word_1_145' title='bbox 1091 949 1301 980; x_wconf 88' lang='lat' dir='ltr'><em>mortuum</em></span> <span class='ocrx_word' id='word_1_146' title='bbox 1327 942 1642 990; x_wconf 82' lang='lat' dir='ltr'><em>indifferentem,</em></span> <span class='ocrx_word' id='word_1_147' title='bbox 1668 944 1708 981; x_wconf 91' lang='lat' dir='ltr'><em>id</em></span> <span class='ocrx_word' id='word_1_148' title='bbox 1735 953 1811 993; x_wconf 82' lang='lat' dir='ltr'><em>est,</em></span> 
     </span>
     <span class='ocr_line' id='line_1_14' title="bbox 118 997 1810 1053; baseline 0.004 -19"><span class='ocrx_word' id='word_1_149' title='bbox 118 997 221 1034; x_wconf 89' lang='lat' dir='ltr'><em>nulli</em></span> <span class='ocrx_word' id='word_1_150' title='bbox 253 997 362 1047; x_wconf 86' lang='lat' dir='ltr'><em>parti</em></span> <span class='ocrx_word' id='word_1_151' title='bbox 396 997 624 1035; x_wconf 81' lang='lat' dir='ltr'><em>addictum.</em></span> <span class='ocrx_word' id='word_1_152' title='bbox 661 998 779 1045; x_wconf 88' lang='lat' dir='ltr'><em>Quod</em></span> <span class='ocrx_word' id='word_1_153' title='bbox 822 998 1093 1036; x_wconf 82' lang='lat' dir='ltr'><em>confirmatur</em></span> <span class='ocrx_word' id='word_1_154' title='bbox 1126 1014 1175 1037; x_wconf 78' lang='lat' dir='ltr'><em>ex</em></span> <span class='ocrx_word' id='word_1_155' title='bbox 1198 1001 1404 1038; x_wconf 58' lang='lat' dir='ltr'><em>‘relatione</em></span> <span class='ocrx_word' id='word_1_156' title='bbox 1439 1002 1674 1040; x_wconf 85' lang='lat' dir='ltr'><em>Catalonica</em></span> <span class='ocrx_word' id='word_1_157' title='bbox 1707 1018 1810 1053; x_wconf 87' lang='lat' dir='ltr'><em>quae</em></span> 
     </span>
     <span class='ocr_line' id='line_1_15' title="bbox 117 1056 1810 1111; baseline 0.005 -18"><span class='ocrx_word' id='word_1_158' title='bbox 117 1064 235 1103; x_wconf 75' lang='lat' dir='ltr'><em>extat</em></span> <span class='ocrx_word' id='word_1_159' title='bbox 249 1057 290 1094; x_wconf 92' lang='lat' dir='ltr'><em>in</em></span> <span class='ocrx_word' id='word_1_160' title='bbox 305 1056 443 1094; x_wconf 86' lang='lat' dir='ltr'><em>codice</em></span> <span class='ocrx_word' id='word_1_161' title='bbox 458 1056 536 1094; x_wconf 80' lang='grc'><em>812</em></span> <span class='ocrx_word' id='word_1_162' title='bbox 559 1056 831 1094; x_wconf 80' lang='lat' dir='ltr'><em>bibliothecae</em></span> <span class='ocrx_word' id='word_1_163' title='bbox 857 1058 1114 1096; x_wconf 85' lang='lat' dir='ltr'><em>Colbertinae</em></span> <span class='ocrx_word' id='word_1_164' title='bbox 1132 1059 1164 1104; x_wconf 90' lang='grc'><em>1;</em></span> <span class='ocrx_word' id='word_1_165' title='bbox 1181 1058 1220 1095; x_wconf 91' lang='lat' dir='ltr'><em>in</em></span> <span class='ocrx_word' id='word_1_166' title='bbox 1238 1073 1317 1108; x_wconf 87' lang='lat' dir='ltr'><em>qua</em></span> <span class='ocrx_word' id='word_1_167' title='bbox 1334 1059 1389 1098; x_wconf 86' lang='lat' dir='ltr'><em>sic</em></span> <span class='ocrx_word' id='word_1_168' title='bbox 1404 1060 1594 1098; x_wconf 67' lang='lat' dir='ltr'><em>scribitur</em></span> <span class='ocrx_word' id='word_1_169' title='bbox 1609 1062 1660 1098; x_wconf 86' lang='lat' dir='ltr'><em>ad</em></span> <span class='ocrx_word' id='word_1_170' title='bbox 1677 1076 1810 1111; x_wconf 82' lang='lat' dir='ltr'><em>regem</em></span> 
     </span>
     <span class='ocr_line' id='line_1_16' title="bbox 119 1115 1811 1170; baseline 0.004 -18"><span class='ocrx_word' id='word_1_171' title='bbox 119 1116 389 1165; x_wconf 84' lang='lat' dir='ltr'><em>Arragonum,</em></span> <span class='ocrx_word' id='word_1_172' title='bbox 409 1124 456 1153; x_wconf 89' lang='lat' dir='ltr'><em>ut</em></span> <span class='ocrx_word' id='word_1_173' title='bbox 477 1115 620 1165; x_wconf 89' lang='lat' dir='ltr'><em>opinor</em></span> <span class='ocrx_word' id='word_1_174' title='bbox 639 1132 646 1153; x_wconf 75' lang='grc' dir='ltr'>ε</span> <span class='ocrx_word' id='word_1_175' title='bbox 663 1115 713 1153; x_wconf 92' lang='lat' dir='ltr'><em>Et</em></span> <span class='ocrx_word' id='word_1_176' title='bbox 731 1116 947 1154; x_wconf 65' lang='lat' dir='ltr'><em>azimateioe</em></span> <span class='ocrx_word' id='word_1_177' title='bbox 964 1131 1104 1165; x_wconf 81' lang='lat' dir='ltr'><em>segons</em></span> <span class='ocrx_word' id='word_1_178' title='bbox 1123 1117 1180 1154; x_wconf 76' lang='lat' dir='ltr'><em>dit</em></span> <span class='ocrx_word' id='word_1_179' title='bbox 1199 1118 1242 1155; x_wconf 83' lang='lat' dir='ltr'><em>de</em></span> <span class='ocrx_word' id='word_1_180' title='bbox 1263 1133 1317 1155; x_wconf 87' lang='lat' dir='ltr'><em>un</em></span> <span class='ocrx_word' id='word_1_181' title='bbox 1334 1119 1394 1156; x_wconf 90' lang='lat' dir='ltr'><em>sol</em></span> <span class='ocrx_word' id='word_1_182' title='bbox 1411 1120 1607 1157; x_wconf 87' lang='lat' dir='ltr'><em>testimoni</em></span> <span class='ocrx_word' id='word_1_183' title='bbox 1627 1129 1661 1157; x_wconf 87' lang='lat' dir='ltr'><em>et</em></span> <span class='ocrx_word' id='word_1_184' title='bbox 1673 1135 1811 1170; x_wconf 81' lang='lat' dir='ltr'><em>segons</em></span> 
     </span>
     <span class='ocr_line' id='line_1_17' title="bbox 121 1174 1812 1226; baseline 0.004 -14"><span class='ocrx_word' id='word_1_185' title='bbox 121 1189 202 1212; x_wconf 84' lang='lat' dir='ltr'><em>una</em></span> <span class='ocrx_word' id='word_1_186' title='bbox 221 1175 441 1224; x_wconf 89' lang='lat' dir='ltr'><em>escriptura</em></span> <span class='ocrx_word' id='word_1_187' title='bbox 461 1174 629 1224; x_wconf 70' lang='lat' dir='ltr'><em>privada</em></span> <span class='ocrx_word' id='word_1_188' title='bbox 650 1189 720 1224; x_wconf 83' lang='lat' dir='ltr'><em>que</em></span> <span class='ocrx_word' id='word_1_189' title='bbox 740 1175 903 1224; x_wconf 81' lang='lat' dir='ltr'><em>s&#39;allega</em></span> <span class='ocrx_word' id='word_1_190' title='bbox 922 1190 1024 1212; x_wconf 88' lang='lat' dir='ltr'><em>esser</em></span> <span class='ocrx_word' id='word_1_191' title='bbox 1043 1176 1182 1214; x_wconf 84' lang='lat' dir='ltr'><em>escrita</em></span> <span class='ocrx_word' id='word_1_192' title='bbox 1202 1177 1246 1213; x_wconf 84' lang='lat' dir='ltr'><em>de</em></span> <span class='ocrx_word' id='word_1_193' title='bbox 1267 1192 1330 1214; x_wconf 89' lang='lat' dir='ltr'><em>ma</em></span> <span class='ocrx_word' id='word_1_194' title='bbox 1351 1178 1411 1215; x_wconf 88' lang='lat' dir='ltr'><em>del</em></span> <span class='ocrx_word' id='word_1_195' title='bbox 1427 1178 1531 1226; x_wconf 78' lang='lat' dir='ltr'><em>frare</em></span> <span class='ocrx_word' id='word_1_196' title='bbox 1551 1179 1611 1215; x_wconf 85' lang='lat' dir='ltr'><em>del</em></span> <span class='ocrx_word' id='word_1_197' title='bbox 1629 1181 1812 1218; x_wconf 85' lang='lat' dir='ltr'><em>cardenal</em></span> 
     </span>
     <span class='ocr_line' id='line_1_18' title="bbox 120 1233 1812 1285; baseline 0.004 -14"><span class='ocrx_word' id='word_1_198' title='bbox 120 1233 154 1271; x_wconf 91' lang='lat' dir='ltr'><em>d’</em></span> <span class='ocrx_word' id='word_1_199' title='bbox 166 1233 323 1280; x_wconf 88' lang='lat' dir='ltr'><em>Ursins‚</em></span> <span class='ocrx_word' id='word_1_200' title='bbox 336 1233 465 1283; x_wconf 88' lang='lat' dir='ltr'><em>jassia</em></span> <span class='ocrx_word' id='word_1_201' title='bbox 480 1248 550 1283; x_wconf 85' lang='lat' dir='ltr'><em>que</em></span> <span class='ocrx_word' id='word_1_202' title='bbox 565 1233 648 1270; x_wconf 85' lang='lat' dir='ltr'><em>nos’</em></span> <span class='ocrx_word' id='word_1_203' title='bbox 664 1248 764 1284; x_wconf 83' lang='lat' dir='ltr'><em>prou</em></span> <span class='ocrx_word' id='word_1_204' title='bbox 779 1248 849 1283; x_wconf 90' lang='lat' dir='ltr'><em>que</em></span> <span class='ocrx_word' id='word_1_205' title='bbox 863 1234 926 1272; x_wconf 89' lang='lat' dir='ltr'><em>sia</em></span> <span class='ocrx_word' id='word_1_206' title='bbox 938 1235 1078 1272; x_wconf 87' lang='lat' dir='ltr'><em>escrita</em></span> <span class='ocrx_word' id='word_1_207' title='bbox 1093 1236 1136 1272; x_wconf 86' lang='lat' dir='ltr'><em>de</em></span> <span class='ocrx_word' id='word_1_208' title='bbox 1157 1250 1220 1273; x_wconf 78' lang='lat' dir='ltr'><em>ina</em></span> <span class='ocrx_word' id='word_1_209' title='bbox 1241 1236 1359 1273; x_wconf 84' lang='lat' dir='ltr'><em>deldit</em></span> <span class='ocrx_word' id='word_1_210' title='bbox 1377 1237 1494 1285; x_wconf 75' lang='lat' dir='ltr'><em>jrare,</em></span> <span class='ocrx_word' id='word_1_211' title='bbox 1516 1238 1611 1275; x_wconf 85' lang='lat' dir='ltr'><em>lodit</em></span> <span class='ocrx_word' id='word_1_212' title='bbox 1630 1240 1812 1278; x_wconf 83' lang='lat' dir='ltr'><em>cardenal</em></span> 
     </span>
     <span class='ocr_line' id='line_1_19' title="bbox 119 1292 1811 1343; baseline 0.004 -13"><span class='ocrx_word' id='word_1_213' title='bbox 119 1292 324 1340; x_wconf 86' lang='lat' dir='ltr'><em>d’Ursins,</em></span> <span class='ocrx_word' id='word_1_214' title='bbox 347 1293 414 1343; x_wconf 88' lang='lat' dir='ltr'><em>qui</em></span> <span class='ocrx_word' id='word_1_215' title='bbox 437 1293 536 1330; x_wconf 90' lang='lat' dir='ltr'><em>mori</em></span> <span class='ocrx_word' id='word_1_216' title='bbox 557 1307 672 1342; x_wconf 89' lang='lat' dir='ltr'><em>apres</em></span> <span class='ocrx_word' id='word_1_217' title='bbox 694 1293 733 1330; x_wconf 89' lang='lat' dir='ltr'><em>la</em></span> <span class='ocrx_word' id='word_1_218' title='bbox 753 1293 884 1331; x_wconf 82' lang='lat' dir='ltr'><em>electio</em></span> <span class='ocrx_word' id='word_1_219' title='bbox 906 1294 949 1331; x_wconf 93' lang='lat' dir='ltr'><em>de</em></span> <span class='ocrx_word' id='word_1_220' title='bbox 970 1309 1079 1343; x_wconf 86' lang='lat' dir='ltr'><em>papa</em></span> <span class='ocrx_word' id='word_1_221' title='bbox 1100 1294 1286 1341; x_wconf 87' lang='lat' dir='ltr'><em>Clement,</em></span> <span class='ocrx_word' id='word_1_222' title='bbox 1309 1303 1434 1333; x_wconf 78' lang='lat' dir='ltr'><em>estant</em></span> <span class='ocrx_word' id='word_1_223' title='bbox 1453 1296 1590 1334; x_wconf 78' lang='lat' dir='ltr'><em>absent</em></span> <span class='ocrx_word' id='word_1_224' title='bbox 1611 1298 1653 1334; x_wconf 90' lang='lat' dir='ltr'><em>de</em></span> <span class='ocrx_word' id='word_1_225' title='bbox 1675 1298 1713 1335; x_wconf 85' lang='lat' dir='ltr'><em>la</em></span> <span class='ocrx_word' id='word_1_226' title='bbox 1734 1307 1811 1337; x_wconf 90' lang='lat' dir='ltr'><em>cort</em></span> 
     </span>
    </p>
   </div>
   <div class='ocr_carea' id='block_1_3' title="bbox 118 1351 1871 1403">
    <p class='ocr_par' dir='ltr' id='par_1_3' title="bbox 118 1351 1871 1403">
     <span class='ocr_line' id='line_1_20' title="bbox 118 1351 1871 1403; baseline 0.003 -14"><span class='ocrx_word' id='word_1_227' title='bbox 118 1352 162 1389; x_wconf 83' lang='lat' dir='ltr'><em>de</em></span> <span class='ocrx_word' id='word_1_228' title='bbox 179 1366 324 1389; x_wconf 88' lang='lat' dir='ltr'><em>cascun</em></span> <span class='ocrx_word' id='word_1_229' title='bbox 343 1351 437 1389; x_wconf 87' lang='lat' dir='ltr'><em>d’els</em></span> <span class='ocrx_word' id='word_1_230' title='bbox 455 1352 559 1399; x_wconf 87' lang='lat' dir='ltr'><em>elets,</em></span> <span class='ocrx_word' id='word_1_231' title='bbox 579 1360 613 1390; x_wconf 90' lang='lat' dir='ltr'><em>et</em></span> <span class='ocrx_word' id='word_1_232' title='bbox 630 1352 901 1402; x_wconf 84' lang='lat' dir='ltr'><em>publicament</em></span> <span class='ocrx_word' id='word_1_233' title='bbox 918 1360 1107 1390; x_wconf 81' lang='lat' dir='ltr'><em>mostrant</em></span> <span class='ocrx_word' id='word_1_234' title='bbox 1123 1367 1162 1390; x_wconf 90' lang='lat' dir='ltr'><em>se</em></span> <span class='ocrx_word' id='word_1_235' title='bbox 1182 1353 1405 1403; x_wconf 70' lang='lat' dir='ltr'><em>indiserent,</em></span> <span class='ocrx_word' id='word_1_236' title='bbox 1422 1355 1597 1403; x_wconf 72' lang='lat' dir='ltr'><em>confessa</em></span> <span class='ocrx_word' id='word_1_237' title='bbox 1616 1371 1662 1393; x_wconf 89' lang='lat' dir='ltr'><em>en</em></span> <span class='ocrx_word' id='word_1_238' title='bbox 1682 1357 1720 1394; x_wconf 90' lang='lat' dir='ltr'><em>la</em></span> <span class='ocrx_word' id='word_1_239' title='bbox 1737 1372 1810 1395; x_wconf 88' lang='lat' dir='ltr'><em>sua</em></span> <span class='ocrx_word' id='word_1_240' title='bbox 1864 1355 1871 1361; x_wconf 59' lang='grc'><strong>’</strong></span> 
     </span>
    </p>
   </div>
   <div class='ocr_carea' id='block_1_4' title="bbox 116 1410 1814 2935">
    <p class='ocr_par' dir='ltr' id='par_1_4' title="bbox 116 1410 1814 2818">
     <span class='ocr_line' id='line_1_21' title="bbox 117 1410 1811 1464; baseline 0.003 -16"><span class='ocrx_word' id='word_1_241' title='bbox 117 1410 152 1447; x_wconf 92' lang='lat' dir='ltr'><em>si</em></span> <span class='ocrx_word' id='word_1_242' title='bbox 176 1411 272 1449; x_wconf 91' lang='lat' dir='ltr'><em>lodit</em></span> <span class='ocrx_word' id='word_1_243' title='bbox 293 1411 524 1460; x_wconf 85' lang='lat' dir='ltr'><em>arquebisbe</em></span> <span class='ocrx_word' id='word_1_244' title='bbox 546 1425 648 1449; x_wconf 89' lang='lat' dir='ltr'><em>esser</em></span> <span class='ocrx_word' id='word_1_245' title='bbox 671 1425 733 1448; x_wconf 75' lang='lat' dir='ltr'><em>ver</em></span> <span class='ocrx_word' id='word_1_246' title='bbox 755 1426 877 1461; x_wconf 88' lang='lat' dir='ltr'><em>papa.</em></span> <span class='ocrx_word' id='word_1_247' title='bbox 904 1412 1003 1448; x_wconf 89' lang='lat' dir='ltr'><em>Pero</em></span> <span class='ocrx_word' id='word_1_248' title='bbox 1028 1427 1082 1449; x_wconf 90' lang='lat' dir='ltr'><em>un</em></span> <span class='ocrx_word' id='word_1_249' title='bbox 1105 1413 1200 1449; x_wconf 88' lang='lat' dir='ltr'><em>altre</em></span> <span class='ocrx_word' id='word_1_250' title='bbox 1224 1413 1419 1450; x_wconf 88' lang='lat' dir='ltr'><em>testimoni</em></span> <span class='ocrx_word' id='word_1_251' title='bbox 1447 1415 1590 1463; x_wconf 90' lang='lat' dir='ltr'><em>deposa</em></span> <span class='ocrx_word' id='word_1_252' title='bbox 1614 1430 1683 1464; x_wconf 84' lang='lat' dir='ltr'><em>que</em></span> <span class='ocrx_word' id='word_1_253' title='bbox 1716 1417 1811 1454; x_wconf 83' lang='lat' dir='ltr'><em>lodit</em></span> 
     </span>
     <span class='ocr_line' id='line_1_22' title="bbox 117 1470 1808 1521; baseline 0.003 -14"><span class='ocrx_word' id='word_1_254' title='bbox 117 1471 300 1508; x_wconf 90' lang='lat' dir='ltr'><em>cardenal</em></span> <span class='ocrx_word' id='word_1_255' title='bbox 323 1470 392 1508; x_wconf 74' lang='lat' dir='ltr'><em>dia:</em></span> <span class='ocrx_word' id='word_1_256' title='bbox 412 1484 460 1508; x_wconf 92' lang='lat' dir='ltr'><em>en</em></span> <span class='ocrx_word' id='word_1_257' title='bbox 483 1485 546 1508; x_wconf 88' lang='lat' dir='ltr'><em>sos</em></span> <span class='ocrx_word' id='word_1_258' title='bbox 570 1471 717 1508; x_wconf 88' lang='lat' dir='ltr'><em>derrers</em></span> <span class='ocrx_word' id='word_1_259' title='bbox 741 1471 824 1508; x_wconf 85' lang='lat' dir='ltr'><em>dies</em></span> <span class='ocrx_word' id='word_1_260' title='bbox 847 1485 918 1520; x_wconf 86' lang='lat' dir='ltr'><em>que</em></span> <span class='ocrx_word' id='word_1_261' title='bbox 942 1471 1045 1508; x_wconf 66' lang='lat' dir='ltr'><em>volia</em></span> <span class='ocrx_word' id='word_1_262' title='bbox 1069 1471 1189 1508; x_wconf 90' lang='lat' dir='ltr'><em>morir</em></span> <span class='ocrx_word' id='word_1_263' title='bbox 1211 1486 1258 1508; x_wconf 89' lang='lat' dir='ltr'><em>en</em></span> <span class='ocrx_word' id='word_1_264' title='bbox 1284 1472 1554 1521; x_wconf 73' lang='lat' dir='ltr'><em>indiserencia.</em></span> <span class='ocrx_word' id='word_1_265' title='bbox 1581 1474 1808 1513; x_wconf 85' lang='lat' dir='ltr'><em>Confirmat</em></span> 
     </span>
     <span class='ocr_line' id='line_1_23' title="bbox 118 1529 1809 1580; baseline 0.003 -14"><span class='ocrx_word' id='word_1_266' title='bbox 118 1529 223 1567; x_wconf 87' lang='lat' dir='ltr'><em>hanc</em></span> <span class='ocrx_word' id='word_1_267' title='bbox 251 1529 531 1569; x_wconf 79' lang='lat' dir='ltr'><em>narrationem</em></span> <span class='ocrx_word' id='word_1_268' title='bbox 558 1544 663 1568; x_wconf 85' lang='lat' dir='ltr'><em>unus</em></span> <span class='ocrx_word' id='word_1_269' title='bbox 693 1530 959 1577; x_wconf 84' lang='lat' dir='ltr'><em>medicorum,</em></span> <span class='ocrx_word' id='word_1_270' title='bbox 989 1530 1055 1567; x_wconf 76' lang='lat' dir='ltr'><em>vir</em></span> <span class='ocrx_word' id='word_1_271' title='bbox 1078 1531 1230 1580; x_wconf 86' lang='lat' dir='ltr'><em>alioqui</em></span> <span class='ocrx_word' id='word_1_272' title='bbox 1262 1531 1428 1568; x_wconf 88' lang='lat' dir='ltr'><em>Urbano</em></span> <span class='ocrx_word' id='word_1_273' title='bbox 1456 1532 1659 1579; x_wconf 84' lang='lat' dir='ltr'><em>addictus,</em></span> <span class='ocrx_word' id='word_1_274' title='bbox 1687 1534 1809 1571; x_wconf 85' lang='lat' dir='ltr'><em>Fran-</em></span> 
     </span>
     <span class='ocr_line' id='line_1_24' title="bbox 118 1588 1809 1639; baseline 0.002 -13"><span class='ocrx_word' id='word_1_275' title='bbox 118 1588 245 1626; x_wconf 86' lang='lat' dir='ltr'><em>ciscus</em></span> <span class='ocrx_word' id='word_1_276' title='bbox 269 1588 316 1626; x_wconf 87' lang='lat' dir='ltr'><em>de</em></span> <span class='ocrx_word' id='word_1_277' title='bbox 338 1589 376 1626; x_wconf 84' lang='lat' dir='ltr'><em>la</em></span> <span class='ocrx_word' id='word_1_278' title='bbox 400 1588 524 1636; x_wconf 78' lang='lat' dir='ltr'><em>Fara3</em></span> <span class='ocrx_word' id='word_1_279' title='bbox 547 1603 597 1627; x_wconf 84' lang='lat' dir='ltr'><em>ex</em></span> <span class='ocrx_word' id='word_1_280' title='bbox 619 1588 734 1638; x_wconf 86' lang='lat' dir='ltr'><em>cujus</em></span> <span class='ocrx_word' id='word_1_281' title='bbox 757 1597 968 1639; x_wconf 84' lang='lat' dir='ltr'><em>praeterea</em></span> <span class='ocrx_word' id='word_1_282' title='bbox 990 1589 1229 1627; x_wconf 84' lang='lat' dir='ltr'><em>testimonio</em></span> <span class='ocrx_word' id='word_1_283' title='bbox 1252 1599 1391 1639; x_wconf 85' lang='lat' dir='ltr'><em>aperte</em></span> <span class='ocrx_word' id='word_1_284' title='bbox 1415 1591 1645 1629; x_wconf 84' lang='lat' dir='ltr'><em>ostenditur</em></span> <span class='ocrx_word' id='word_1_285' title='bbox 1664 1592 1809 1631; x_wconf 79' lang='lat' dir='ltr'><em>falsam</em></span> 
     </span>
     <span class='ocr_line' id='line_1_25' title="bbox 117 1648 1807 1697; baseline 0.002 -12"><span class='ocrx_word' id='word_1_286' title='bbox 117 1662 201 1685; x_wconf 89' lang='lat' dir='ltr'><em>esse</em></span> <span class='ocrx_word' id='word_1_287' title='bbox 227 1648 506 1687; x_wconf 82' lang='lat' dir='ltr'><em>narrationem</em></span> <span class='ocrx_word' id='word_1_288' title='bbox 531 1648 579 1686; x_wconf 91' lang='lat' dir='ltr'><em>de</em></span> <span class='ocrx_word' id='word_1_289' title='bbox 608 1648 840 1697; x_wconf 85' lang='lat' dir='ltr'><em>Raynaldo,</em></span> <span class='ocrx_word' id='word_1_290' title='bbox 866 1648 992 1686; x_wconf 87' lang='lat' dir='ltr'><em>fratre</em></span> <span class='ocrx_word' id='word_1_291' title='bbox 1018 1648 1133 1686; x_wconf 79' lang='lat' dir='ltr'><em>istius</em></span> <span class='ocrx_word' id='word_1_292' title='bbox 1161 1649 1392 1687; x_wconf 78' lang='lat' dir='ltr'><em>cardinalis.</em></span> <span class='ocrx_word' id='word_1_293' title='bbox 1422 1650 1533 1688; x_wconf 80' lang='lat' dir='ltr'><em>Haec</em></span> <span class='ocrx_word' id='word_1_294' title='bbox 1563 1659 1658 1688; x_wconf 80' lang='lat' dir='ltr'><em>sunt</em></span> <span class='ocrx_word' id='word_1_295' title='bbox 1686 1652 1807 1689; x_wconf 84' lang='lat' dir='ltr'><em>verba</em></span> 
     </span>
     <span class='ocr_line' id='line_1_26' title="bbox 117 1706 1809 1757; baseline 0.002 -13"><span class='ocrx_word' id='word_1_296' title='bbox 117 1706 234 1744; x_wconf 83' lang='lat' dir='ltr'><em>istius</em></span> <span class='ocrx_word' id='word_1_297' title='bbox 256 1706 434 1745; x_wconf 87' lang='lat' dir='ltr'><em>doctoris</em></span> <span class='ocrx_word' id='word_1_298' title='bbox 455 1707 496 1744; x_wconf 89' lang='lat' dir='ltr'><em>in</em></span> <span class='ocrx_word' id='word_1_299' title='bbox 517 1706 719 1746; x_wconf 85' lang='lat' dir='ltr'><em>medicina</em></span> <span class='ocrx_word' id='word_1_300' title='bbox 739 1706 754 1729; x_wconf 81' lang='lat'>2</span> <span class='ocrx_word' id='word_1_301' title='bbox 777 1723 784 1744; x_wconf 80' lang='lat' dir='ltr'><em>z</em></span> <span class='ocrx_word' id='word_1_302' title='bbox 809 1707 906 1745; x_wconf 89' lang='lat' dir='ltr'><em>Item</em></span> <span class='ocrx_word' id='word_1_303' title='bbox 935 1707 1037 1745; x_wconf 71' lang='lat' dir='ltr'><em>discit</em></span> <span class='ocrx_word' id='word_1_304' title='bbox 1065 1708 1166 1757; x_wconf 86' lang='lat' dir='ltr'><em>quod</em></span> <span class='ocrx_word' id='word_1_305' title='bbox 1183 1708 1312 1756; x_wconf 78' lang='lat' dir='ltr'><em>suerat</em></span> <span class='ocrx_word' id='word_1_306' title='bbox 1331 1723 1419 1745; x_wconf 79' lang='lat' dir='ltr'><em>cum</em></span> <span class='ocrx_word' id='word_1_307' title='bbox 1438 1709 1638 1747; x_wconf 80' lang='lat' dir='ltr'><em>cardinale</em></span> <span class='ocrx_word' id='word_1_308' title='bbox 1653 1710 1809 1748; x_wconf 88' lang='lat' dir='ltr'><em>domino</em></span> 
     </span>
     <span class='ocr_line' id='line_1_27' title="bbox 120 1765 1808 1818; baseline 0.002 -15"><span class='ocrx_word' id='word_1_309' title='bbox 120 1765 266 1803; x_wconf 89' lang='lat' dir='ltr'><em>Jacobo</em></span> <span class='ocrx_word' id='word_1_310' title='bbox 284 1767 328 1803; x_wconf 90' lang='lat' dir='ltr'><em>de</em></span> <span class='ocrx_word' id='word_1_311' title='bbox 351 1766 513 1803; x_wconf 90' lang='lat' dir='ltr'><em>Ursinis</em></span> <span class='ocrx_word' id='word_1_312' title='bbox 531 1774 698 1816; x_wconf 90' lang='lat' dir='ltr'><em>tempore</em></span> <span class='ocrx_word' id='word_1_313' title='bbox 716 1767 818 1816; x_wconf 83' lang='lat' dir='ltr'><em>quod</em></span> <span class='ocrx_word' id='word_1_314' title='bbox 833 1766 933 1803; x_wconf 87' lang='lat' dir='ltr'><em>obiit</em></span> <span class='ocrx_word' id='word_1_315' title='bbox 948 1775 982 1804; x_wconf 90' lang='lat' dir='ltr'><em>et</em></span> <span class='ocrx_word' id='word_1_316' title='bbox 999 1767 1189 1816; x_wconf 82' lang='lat' dir='ltr'><em>quamdiu</em></span> <span class='ocrx_word' id='word_1_317' title='bbox 1208 1767 1394 1816; x_wconf 81' lang='lat' dir='ltr'><em>infirmus</em></span> <span class='ocrx_word' id='word_1_318' title='bbox 1410 1768 1490 1816; x_wconf 75' lang='lat' dir='ltr'><em>fuit</em></span> <span class='ocrx_word' id='word_1_319' title='bbox 1507 1768 1549 1805; x_wconf 91' lang='lat' dir='ltr'><em>in</em></span> <span class='ocrx_word' id='word_1_320' title='bbox 1570 1768 1808 1818; x_wconf 82' lang='lat' dir='ltr'><em>Tallagocio.</em></span> 
     </span>
     <span class='ocr_line' id='line_1_28' title="bbox 117 1824 1811 1876; baseline 0.002 -14"><span class='ocrx_word' id='word_1_321' title='bbox 117 1824 169 1862; x_wconf 87' lang='lat' dir='ltr'><em>Et</em></span> <span class='ocrx_word' id='word_1_322' title='bbox 189 1824 258 1862; x_wconf 90' lang='lat' dir='ltr'><em>iste</em></span> <span class='ocrx_word' id='word_1_323' title='bbox 279 1825 473 1874; x_wconf 85' lang='lat' dir='ltr'><em>presensit</em></span> <span class='ocrx_word' id='word_1_324' title='bbox 493 1833 652 1863; x_wconf 90' lang='lat' dir='ltr'><em>mortem</em></span> <span class='ocrx_word' id='word_1_325' title='bbox 671 1840 787 1863; x_wconf 91' lang='lat' dir='ltr'><em>suam</em></span> <span class='ocrx_word' id='word_1_326' title='bbox 807 1840 876 1875; x_wconf 87' lang='lat' dir='ltr'><em>per</em></span> <span class='ocrx_word' id='word_1_327' title='bbox 896 1825 1045 1875; x_wconf 76' lang='lat' dir='ltr'><em>aliquot</em></span> <span class='ocrx_word' id='word_1_328' title='bbox 1066 1826 1147 1863; x_wconf 88' lang='lat' dir='ltr'><em>dies</em></span> <span class='ocrx_word' id='word_1_329' title='bbox 1168 1834 1268 1864; x_wconf 90' lang='lat' dir='ltr'><em>ante.</em></span> <span class='ocrx_word' id='word_1_330' title='bbox 1293 1826 1343 1864; x_wconf 92' lang='lat' dir='ltr'><em>Et</em></span> <span class='ocrx_word' id='word_1_331' title='bbox 1362 1841 1431 1876; x_wconf 92' lang='lat' dir='ltr'><em>per</em></span> <span class='ocrx_word' id='word_1_332' title='bbox 1453 1841 1574 1864; x_wconf 90' lang='lat' dir='ltr'><em>unam</em></span> <span class='ocrx_word' id='word_1_333' title='bbox 1599 1828 1702 1865; x_wconf 89' lang='lat' dir='ltr'><em>diem</em></span> <span class='ocrx_word' id='word_1_334' title='bbox 1722 1837 1811 1866; x_wconf 86' lang='lat' dir='ltr'><em>ante</em></span> 
     </span>
     <span class='ocr_line' id='line_1_29' title="bbox 117 1883 1810 1935; baseline 0.002 -14"><span class='ocrx_word' id='word_1_335' title='bbox 117 1883 203 1932; x_wconf 85' lang='lat' dir='ltr'><em>ejus</em></span> <span class='ocrx_word' id='word_1_336' title='bbox 217 1884 368 1922; x_wconf 90' lang='lat' dir='ltr'><em>obitum</em></span> <span class='ocrx_word' id='word_1_337' title='bbox 381 1884 473 1934; x_wconf 74' lang='lat' dir='ltr'><em>jecit</em></span> <span class='ocrx_word' id='word_1_338' title='bbox 486 1884 688 1934; x_wconf 87' lang='lat' dir='ltr'><em>publicari</em></span> <span class='ocrx_word' id='word_1_339' title='bbox 705 1892 975 1922; x_wconf 86' lang='lat' dir='ltr'><em>testamentum</em></span> <span class='ocrx_word' id='word_1_340' title='bbox 989 1899 1122 1932; x_wconf 86' lang='lat' dir='ltr'><em>suum,</em></span> <span class='ocrx_word' id='word_1_341' title='bbox 1138 1893 1172 1922; x_wconf 89' lang='lat' dir='ltr'><em>et</em></span> <span class='ocrx_word' id='word_1_342' title='bbox 1187 1886 1336 1922; x_wconf 87' lang='lat' dir='ltr'><em>locutus</em></span> <span class='ocrx_word' id='word_1_343' title='bbox 1351 1893 1405 1922; x_wconf 87' lang='lat' dir='ltr'><em>est</em></span> <span class='ocrx_word' id='word_1_344' title='bbox 1417 1887 1518 1935; x_wconf 88' lang='lat' dir='ltr'><em>quod</em></span> <span class='ocrx_word' id='word_1_345' title='bbox 1533 1886 1645 1924; x_wconf 86' lang='lat' dir='ltr'><em>illum</em></span> <span class='ocrx_word' id='word_1_346' title='bbox 1662 1887 1810 1925; x_wconf 85' lang='lat' dir='ltr'><em>tenebat</em></span> 
     </span>
     <span class='ocr_line' id='line_1_30' title="bbox 117 1944 1809 1995; baseline 0.002 -16"><span class='ocrx_word' id='word_1_347' title='bbox 117 1957 187 1992; x_wconf 89' lang='lat' dir='ltr'><em>pro</em></span> <span class='ocrx_word' id='word_1_348' title='bbox 209 1957 294 1980; x_wconf 75' lang='lat' dir='ltr'><em>vero</em></span> <span class='ocrx_word' id='word_1_349' title='bbox 315 1958 425 1993; x_wconf 87' lang='lat' dir='ltr'><em>papa</em></span> <span class='ocrx_word' id='word_1_350' title='bbox 446 1958 558 1993; x_wconf 86' lang='lat' dir='ltr'><em>quem</em></span> <span class='ocrx_word' id='word_1_351' title='bbox 579 1944 790 1982; x_wconf 86' lang='lat' dir='ltr'><em>declararet</em></span> <span class='ocrx_word' id='word_1_352' title='bbox 810 1944 1034 1982; x_wconf 87' lang='lat' dir='ltr'><em>concilium.</em></span> <span class='ocrx_word' id='word_1_353' title='bbox 1058 1944 1110 1981; x_wconf 90' lang='lat' dir='ltr'><em>Et</em></span> <span class='ocrx_word' id='word_1_354' title='bbox 1127 1944 1219 1992; x_wconf 72' lang='lat' dir='ltr'><em>jecit</em></span> <span class='ocrx_word' id='word_1_355' title='bbox 1238 1959 1277 1981; x_wconf 90' lang='lat' dir='ltr'><em>se</em></span> <span class='ocrx_word' id='word_1_356' title='bbox 1298 1945 1448 1982; x_wconf 67' lang='lat' dir='ltr'><em>absolvi</em></span> <span class='ocrx_word' id='word_1_357' title='bbox 1469 1945 1696 1983; x_wconf 73' lang='lat' dir='ltr'><em>azoetoritate</em></span> <span class='ocrx_word' id='word_1_358' title='bbox 1717 1961 1809 1995; x_wconf 87' lang='lat' dir='ltr'><em>qua·</em></span> 
     </span>
     <span class='ocr_line' id='line_1_31' title="bbox 117 2002 1809 2053; baseline 0.002 -15"><span class='ocrx_word' id='word_1_359' title='bbox 117 2003 299 2040; x_wconf 87' lang='lat' dir='ltr'><em>rumdam</em></span> <span class='ocrx_word' id='word_1_360' title='bbox 319 2002 537 2040; x_wconf 89' lang='lat' dir='ltr'><em>litterarum</em></span> <span class='ocrx_word' id='word_1_361' title='bbox 557 2003 709 2040; x_wconf 88' lang='lat' dir='ltr'><em>domini</em></span> <span class='ocrx_word' id='word_1_362' title='bbox 736 2002 914 2052; x_wconf 79' lang='lat' dir='ltr'><em>Gregorii</em></span> <span class='ocrx_word' id='word_1_363' title='bbox 934 2017 1049 2053; x_wconf 88' lang='lat' dir='ltr'><em>pape.</em></span> <span class='ocrx_word' id='word_1_364' title='bbox 1072 2003 1123 2040; x_wconf 89' lang='lat' dir='ltr'><em>Et</em></span> <span class='ocrx_word' id='word_1_365' title='bbox 1141 2003 1292 2041; x_wconf 76' lang='lat' dir='ltr'><em>(licebat</em></span> <span class='ocrx_word' id='word_1_366' title='bbox 1311 2004 1412 2053; x_wconf 85' lang='lat' dir='ltr'><em>quod</em></span> <span class='ocrx_word' id='word_1_367' title='bbox 1425 2011 1634 2053; x_wconf 79' lang='lat' dir='ltr'><em>antequam</em></span> <span class='ocrx_word' id='word_1_368' title='bbox 1653 2019 1809 2053; x_wconf 80' lang='lat' dir='ltr'><em>cognos-</em></span> 
     </span>
     <span class='ocr_line' id='line_1_32' title="bbox 117 2061 1811 2113; baseline 0.002 -15"><span class='ocrx_word' id='word_1_369' title='bbox 117 2069 213 2098; x_wconf 90' lang='lat' dir='ltr'><em>ceret</em></span> <span class='ocrx_word' id='word_1_370' title='bbox 231 2069 374 2099; x_wconf 87' lang='lat' dir='ltr'><em>mentes</em></span> <span class='ocrx_word' id='word_1_371' title='bbox 392 2061 674 2109; x_wconf 86' lang='lat' dir='ltr'><em>cardinalium,</em></span> <span class='ocrx_word' id='word_1_372' title='bbox 694 2062 886 2112; x_wconf 82' lang='lat' dir='ltr'><em>quamdiu</em></span> <span class='ocrx_word' id='word_1_373' title='bbox 902 2062 983 2111; x_wconf 75' lang='lat' dir='ltr'><em>suit</em></span> <span class='ocrx_word' id='word_1_374' title='bbox 1000 2076 1088 2100; x_wconf 89' lang='lat' dir='ltr'><em>cum</em></span> <span class='ocrx_word' id='word_1_375' title='bbox 1108 2062 1179 2100; x_wconf 88' lang='lat' dir='ltr'><em>isto</em></span> <span class='ocrx_word' id='word_1_376' title='bbox 1205 2062 1379 2109; x_wconf 87' lang='lat' dir='ltr'><em>Urbano,</em></span> <span class='ocrx_word' id='word_1_377' title='bbox 1401 2062 1484 2112; x_wconf 86' lang='lat' dir='ltr'><em>ipse</em></span> <span class='ocrx_word' id='word_1_378' title='bbox 1501 2063 1697 2111; x_wconf 80' lang='lat' dir='ltr'><em>cogitabat</em></span> <span class='ocrx_word' id='word_1_379' title='bbox 1711 2064 1811 2113; x_wconf 89' lang='lat' dir='ltr'><em>quod</em></span> 
     </span>
     <span class='ocr_line' id='line_1_33' title="bbox 116 2121 1810 2171; baseline 0.001 -14"><span class='ocrx_word' id='word_1_380' title='bbox 116 2128 213 2157; x_wconf 86' lang='lat' dir='ltr'><em>esset</em></span> <span class='ocrx_word' id='word_1_381' title='bbox 236 2134 348 2158; x_wconf 70' lang='lat' dir='ltr'><em>verus</em></span> <span class='ocrx_word' id='word_1_382' title='bbox 373 2135 494 2170; x_wconf 87' lang='lat' dir='ltr'><em>papa.</em></span> <span class='ocrx_word' id='word_1_383' title='bbox 523 2121 601 2159; x_wconf 87' lang='lat' dir='ltr'><em>Sed</em></span> <span class='ocrx_word' id='word_1_384' title='bbox 624 2129 831 2171; x_wconf 87' lang='lat' dir='ltr'><em>postquam</em></span> <span class='ocrx_word' id='word_1_385' title='bbox 854 2121 935 2171; x_wconf 73' lang='lat' dir='ltr'><em>fuit</em></span> <span class='ocrx_word' id='word_1_386' title='bbox 960 2121 1002 2158; x_wconf 89' lang='lat' dir='ltr'><em>in</em></span> <span class='ocrx_word' id='word_1_387' title='bbox 1028 2121 1123 2159; x_wconf 66' lang='lat' dir='ltr'><em>villa</em></span> <span class='ocrx_word' id='word_1_388' title='bbox 1148 2121 1383 2158; x_wconf 88' lang='lat' dir='ltr'><em>Fundorum</em></span> <span class='ocrx_word' id='word_1_389' title='bbox 1407 2130 1441 2158; x_wconf 92' lang='lat' dir='ltr'><em>et</em></span> <span class='ocrx_word' id='word_1_390' title='bbox 1465 2122 1643 2170; x_wconf 70' lang='lat' dir='ltr'><em>cognovit</em></span> <span class='ocrx_word' id='word_1_391' title='bbox 1668 2130 1810 2159; x_wconf 84' lang='lat' dir='ltr'><em>mentes</em></span> 
     </span>
     <span class='ocr_line' id='line_1_34' title="bbox 117 2179 1809 2230; baseline 0.001 -14"><span class='ocrx_word' id='word_1_392' title='bbox 117 2179 397 2226; x_wconf 81' lang='lat' dir='ltr'><em>cardinalium,</em></span> <span class='ocrx_word' id='word_1_393' title='bbox 427 2181 528 2230; x_wconf 82' lang='lat' dir='ltr'><em>quod</em></span> <span class='ocrx_word' id='word_1_394' title='bbox 554 2180 762 2218; x_wconf 80' lang='lat' dir='ltr'><em>dubitabat</em></span> <span class='ocrx_word' id='word_1_395' title='bbox 788 2181 832 2218; x_wconf 88' lang='lat' dir='ltr'><em>de</em></span> <span class='ocrx_word' id='word_1_396' title='bbox 859 2180 944 2230; x_wconf 87' lang='lat' dir='ltr'><em>ejus</em></span> <span class='ocrx_word' id='word_1_397' title='bbox 971 2180 1151 2217; x_wconf 84' lang='lat' dir='ltr'><em>electione</em></span> <span class='ocrx_word' id='word_1_398' title='bbox 1180 2188 1311 2218; x_wconf 87' lang='lat' dir='ltr'><em>utrum</em></span> <span class='ocrx_word' id='word_1_399' title='bbox 1336 2180 1457 2229; x_wconf 77' lang='lat' dir='ltr'><em>suerit</em></span> <span class='ocrx_word' id='word_1_400' title='bbox 1483 2181 1685 2227; x_wconf 87' lang='lat' dir='ltr'><em>canonica,</em></span> <span class='ocrx_word' id='word_1_401' title='bbox 1715 2189 1748 2218; x_wconf 92' lang='lat' dir='ltr'><em>et</em></span> <span class='ocrx_word' id='word_1_402' title='bbox 1773 2181 1809 2218; x_wconf 88' lang='lat' dir='ltr'><em>si</em></span> 
     </span>
     <span class='ocr_line' id='line_1_35' title="bbox 119 2237 1809 2289; baseline 0.001 -14"><span class='ocrx_word' id='word_1_403' title='bbox 119 2237 202 2287; x_wconf 85' lang='lat' dir='ltr'><em>ipse</em></span> <span class='ocrx_word' id='word_1_404' title='bbox 218 2238 332 2276; x_wconf 86' lang='lat' dir='ltr'><em>sciret</em></span> <span class='ocrx_word' id='word_1_405' title='bbox 350 2239 667 2277; x_wconf 87' lang='lat' dir='ltr'><em>indubitabiliter</em></span> <span class='ocrx_word' id='word_1_406' title='bbox 684 2240 786 2289; x_wconf 88' lang='lat' dir='ltr'><em>quod</em></span> <span class='ocrx_word' id='word_1_407' title='bbox 800 2247 897 2277; x_wconf 88' lang='lat' dir='ltr'><em>esset</em></span> <span class='ocrx_word' id='word_1_408' title='bbox 913 2253 1024 2277; x_wconf 75' lang='lat' dir='ltr'><em>verus</em></span> <span class='ocrx_word' id='word_1_409' title='bbox 1040 2254 1163 2289; x_wconf 86' lang='lat' dir='ltr'><em>papa,</em></span> <span class='ocrx_word' id='word_1_410' title='bbox 1182 2240 1283 2289; x_wconf 89' lang='lat' dir='ltr'><em>quod</em></span> <span class='ocrx_word' id='word_1_411' title='bbox 1300 2239 1342 2276; x_wconf 87' lang='lat' dir='ltr'><em>in</em></span> <span class='ocrx_word' id='word_1_412' title='bbox 1363 2253 1516 2276; x_wconf 88' lang='lat' dir='ltr'><em>omnem</em></span> <span class='ocrx_word' id='word_1_413' title='bbox 1531 2247 1708 2277; x_wconf 68' lang='lat' dir='ltr'><em>eventum</em></span> <span class='ocrx_word' id='word_1_414' title='bbox 1727 2240 1809 2289; x_wconf 85' lang='lat' dir='ltr'><em>ipse</em></span> 
     </span>
     <span class='ocr_line' id='line_1_36' title="bbox 117 2297 1809 2347; baseline 0.001 -13"><span class='ocrx_word' id='word_1_415' title='bbox 117 2297 334 2335; x_wconf 85' lang='lat' dir='ltr'><em>cardinalis</em></span> <span class='ocrx_word' id='word_1_416' title='bbox 347 2298 490 2347; x_wconf 74' lang='lat' dir='ltr'><em>suisset</em></span> <span class='ocrx_word' id='word_1_417' title='bbox 503 2313 592 2336; x_wconf 87' lang='lat' dir='ltr'><em>cum</em></span> <span class='ocrx_word' id='word_1_418' title='bbox 606 2313 660 2336; x_wconf 89' lang='lat' dir='ltr'><em>eo.</em></span> <span class='ocrx_word' id='word_1_419' title='bbox 681 2298 779 2336; x_wconf 90' lang='lat' dir='ltr'><em>Item</em></span> <span class='ocrx_word' id='word_1_420' title='bbox 796 2298 865 2336; x_wconf 89' lang='lat' dir='ltr'><em>iste</em></span> <span class='ocrx_word' id='word_1_421' title='bbox 881 2298 987 2335; x_wconf 88' lang='lat' dir='ltr'><em>testis</em></span> <span class='ocrx_word' id='word_1_422' title='bbox 1013 2298 1168 2336; x_wconf 71' lang='lat' dir='ltr'><em>audivit</em></span> <span class='ocrx_word' id='word_1_423' title='bbox 1192 2313 1216 2335; x_wconf 89' lang='lat' dir='ltr'><em>a</em></span> <span class='ocrx_word' id='word_1_424' title='bbox 1243 2298 1416 2344; x_wconf 86' lang='lat' dir='ltr'><em>Simone,</em></span> <span class='ocrx_word' id='word_1_425' title='bbox 1445 2298 1688 2335; x_wconf 86' lang='lat' dir='ltr'><em>cubiculario</em></span> <span class='ocrx_word' id='word_1_426' title='bbox 1716 2298 1809 2335; x_wconf 88' lang='lat' dir='ltr'><em>dicti</em></span> 
     </span>
     <span class='ocr_line' id='line_1_37' title="bbox 117 2356 1812 2406; baseline 0 -13"><span class='ocrx_word' id='word_1_427' title='bbox 117 2356 348 2403; x_wconf 86' lang='lat' dir='ltr'><em>cardinalis,</em></span> <span class='ocrx_word' id='word_1_428' title='bbox 387 2358 488 2406; x_wconf 87' lang='lat' dir='ltr'><em>quod</em></span> <span class='ocrx_word' id='word_1_429' title='bbox 523 2357 708 2395; x_wconf 90' lang='lat' dir='ltr'><em>dominus</em></span> <span class='ocrx_word' id='word_1_430' title='bbox 745 2357 1005 2406; x_wconf 81' lang='lat' dir='ltr'><em>Reginaldus,</em></span> <span class='ocrx_word' id='word_1_431' title='bbox 1041 2357 1162 2406; x_wconf 79' lang='lat' dir='ltr'><em>frater</em></span> <span class='ocrx_word' id='word_1_432' title='bbox 1197 2357 1295 2405; x_wconf 82' lang='lat' dir='ltr'><em>ejus,</em></span> <span class='ocrx_word' id='word_1_433' title='bbox 1335 2357 1507 2394; x_wconf 85' lang='lat' dir='ltr'><em>instabat</em></span> <span class='ocrx_word' id='word_1_434' title='bbox 1544 2356 1665 2393; x_wconf 87' lang='lat' dir='ltr'><em>nimis</em></span> <span class='ocrx_word' id='word_1_435' title='bbox 1701 2358 1812 2406; x_wconf 89' lang='lat' dir='ltr'><em>apud</em></span> 
     </span>
     <span class='ocr_line' id='line_1_38' title="bbox 118 2415 1812 2466; baseline 0 -14"><span class='ocrx_word' id='word_1_436' title='bbox 118 2415 265 2453; x_wconf 90' lang='lat' dir='ltr'><em>dictum</em></span> <span class='ocrx_word' id='word_1_437' title='bbox 286 2416 529 2453; x_wconf 87' lang='lat' dir='ltr'><em>cardinalem</em></span> <span class='ocrx_word' id='word_1_438' title='bbox 550 2418 652 2466; x_wconf 84' lang='lat' dir='ltr'><em>quod</em></span> <span class='ocrx_word' id='word_1_439' title='bbox 671 2431 710 2453; x_wconf 91' lang='lat' dir='ltr'><em>se</em></span> <span class='ocrx_word' id='word_1_440' title='bbox 733 2417 944 2454; x_wconf 87' lang='lat' dir='ltr'><em>declararet</em></span> <span class='ocrx_word' id='word_1_441' title='bbox 964 2430 1034 2465; x_wconf 83' lang='lat' dir='ltr'><em>pro</em></span> <span class='ocrx_word' id='word_1_442' title='bbox 1056 2431 1165 2465; x_wconf 87' lang='lat' dir='ltr'><em>papa</em></span> <span class='ocrx_word' id='word_1_443' title='bbox 1194 2416 1353 2453; x_wconf 88' lang='lat' dir='ltr'><em>Urbano</em></span> <span class='ocrx_word' id='word_1_444' title='bbox 1375 2423 1464 2452; x_wconf 90' lang='lat' dir='ltr'><em>ante</em></span> <span class='ocrx_word' id='word_1_445' title='bbox 1485 2415 1570 2463; x_wconf 80' lang='lat' dir='ltr'><em>ejus</em></span> <span class='ocrx_word' id='word_1_446' title='bbox 1591 2415 1754 2462; x_wconf 86' lang='lat' dir='ltr'><em>obitum,</em></span> <span class='ocrx_word' id='word_1_447' title='bbox 1777 2423 1812 2453; x_wconf 88' lang='lat' dir='ltr'><em>et</em></span> 
     </span>
     <span class='ocr_line' id='line_1_39' title="bbox 117 2474 1811 2524; baseline 0.001 -14"><span class='ocrx_word' id='word_1_448' title='bbox 117 2488 206 2511; x_wconf 90' lang='lat' dir='ltr'><em>cum</em></span> <span class='ocrx_word' id='word_1_449' title='bbox 227 2474 454 2512; x_wconf 87' lang='lat' dir='ltr'><em>sollicitaret</em></span> <span class='ocrx_word' id='word_1_450' title='bbox 474 2489 563 2513; x_wconf 85' lang='lat' dir='ltr'><em>eum</em></span> <span class='ocrx_word' id='word_1_451' title='bbox 585 2475 687 2512; x_wconf 72' lang='lat' dir='ltr'><em>discit</em></span> <span class='ocrx_word' id='word_1_452' title='bbox 706 2475 786 2512; x_wconf 88' lang='lat' dir='ltr'><em>sibi</em></span> <span class='ocrx_word' id='word_1_453' title='bbox 812 2491 818 2512; x_wconf 92' lang='lat'>:</span> <span class='ocrx_word' id='word_1_454' title='bbox 843 2475 1074 2524; x_wconf 80' lang='lat' dir='ltr'><em>Reginalde,</em></span> <span class='ocrx_word' id='word_1_455' title='bbox 1099 2489 1176 2512; x_wconf 87' lang='lat' dir='ltr'><em>non</em></span> <span class='ocrx_word' id='word_1_456' title='bbox 1197 2474 1325 2523; x_wconf 75' lang='lat' dir='ltr'><em>facias</em></span> <span class='ocrx_word' id='word_1_457' title='bbox 1348 2488 1406 2511; x_wconf 89' lang='lat' dir='ltr'><em>me</em></span> <span class='ocrx_word' id='word_1_458' title='bbox 1429 2474 1560 2512; x_wconf 83' lang='lat' dir='ltr'><em>irasci.</em></span> <span class='ocrx_word' id='word_1_459' title='bbox 1585 2474 1702 2511; x_wconf 85' lang='lat' dir='ltr'><em>Alias</em></span> <span class='ocrx_word' id='word_1_460' title='bbox 1723 2489 1811 2523; x_wconf 81' lang='lat' dir='ltr'><em>ergo</em></span> 
     </span>
     <span class='ocr_line' id='line_1_40' title="bbox 118 2532 1813 2583; baseline -0.001 -13"><span class='ocrx_word' id='word_1_461' title='bbox 118 2532 247 2570; x_wconf 87' lang='lat' dir='ltr'><em>dicam</em></span> <span class='ocrx_word' id='word_1_462' title='bbox 274 2533 390 2571; x_wconf 66' lang='lat' dir='ltr'><em>verba</em></span> <span class='ocrx_word' id='word_1_463' title='bbox 416 2548 486 2583; x_wconf 90' lang='lat' dir='ltr'><em>que</em></span> <span class='ocrx_word' id='word_1_464' title='bbox 514 2534 634 2571; x_wconf 89' lang='lat' dir='ltr'><em>nolles</em></span> <span class='ocrx_word' id='word_1_465' title='bbox 661 2534 813 2572; x_wconf 85' lang='lat' dir='ltr'><em>audire.</em></span> <span class='ocrx_word' id='word_1_466' title='bbox 843 2534 894 2571; x_wconf 91' lang='lat' dir='ltr'><em>Et</em></span> <span class='ocrx_word' id='word_1_467' title='bbox 922 2534 997 2571; x_wconf 90' lang='lat' dir='ltr'><em>ista</em></span> <span class='ocrx_word' id='word_1_468' title='bbox 1024 2533 1179 2570; x_wconf 62' lang='lat' dir='ltr'><em>audivit</em></span> <span class='ocrx_word' id='word_1_469' title='bbox 1204 2549 1228 2570; x_wconf 86' lang='lat' dir='ltr'><em>a</em></span> <span class='ocrx_word' id='word_1_470' title='bbox 1256 2533 1355 2570; x_wconf 78' lang='lat' dir='ltr'><em>(licto</em></span> <span class='ocrx_word' id='word_1_471' title='bbox 1383 2533 1555 2570; x_wconf 86' lang='lat' dir='ltr'><em>Simone.</em></span> <span class='ocrx_word' id='word_1_472' title='bbox 1589 2533 1685 2570; x_wconf 86' lang='lat' dir='ltr'><em>Item</em></span> <span class='ocrx_word' id='word_1_473' title='bbox 1712 2533 1813 2570; x_wconf 73' lang='lat' dir='ltr'><em>dixit</em></span> 
     </span>
     <span class='ocr_line' id='line_1_41' title="bbox 118 2591 1811 2643; baseline 0 -15"><span class='ocrx_word' id='word_1_474' title='bbox 118 2593 220 2641; x_wconf 89' lang='lat' dir='ltr'><em>quod</em></span> <span class='ocrx_word' id='word_1_475' title='bbox 237 2591 364 2629; x_wconf 89' lang='lat' dir='ltr'><em>dictus</em></span> <span class='ocrx_word' id='word_1_476' title='bbox 383 2592 602 2630; x_wconf 82' lang='lat' dir='ltr'><em>cardinalis</em></span> <span class='ocrx_word' id='word_1_477' title='bbox 625 2607 778 2643; x_wconf 89' lang='lat' dir='ltr'><em>semper</em></span> <span class='ocrx_word' id='word_1_478' title='bbox 798 2593 948 2630; x_wconf 91' lang='lat' dir='ltr'><em>locutus</em></span> <span class='ocrx_word' id='word_1_479' title='bbox 965 2592 1045 2641; x_wconf 75' lang='lat' dir='ltr'><em>suit</em></span> <span class='ocrx_word' id='word_1_480' title='bbox 1073 2606 1192 2642; x_wconf 84' lang='lat' dir='ltr'><em>usque</em></span> <span class='ocrx_word' id='word_1_481' title='bbox 1210 2593 1263 2629; x_wconf 85' lang='lat' dir='ltr'><em>ad</em></span> <span class='ocrx_word' id='word_1_482' title='bbox 1279 2599 1471 2640; x_wconf 85' lang='lat' dir='ltr'><em>punctum</em></span> <span class='ocrx_word' id='word_1_483' title='bbox 1490 2591 1638 2638; x_wconf 91' lang='lat' dir='ltr'><em>mortis,</em></span> <span class='ocrx_word' id='word_1_484' title='bbox 1658 2599 1693 2628; x_wconf 94' lang='lat' dir='ltr'><em>et</em></span> <span class='ocrx_word' id='word_1_485' title='bbox 1711 2606 1811 2628; x_wconf 87' lang='lat' dir='ltr'><em>nun-</em></span> 
     </span>
     <span class='ocr_line' id='line_1_42' title="bbox 117 2650 1813 2700; baseline -0.001 -12"><span class='ocrx_word' id='word_1_486' title='bbox 117 2664 236 2700; x_wconf 84' lang='lat' dir='ltr'><em>quam</em></span> <span class='ocrx_word' id='word_1_487' title='bbox 253 2650 352 2688; x_wconf 73' lang='lat' dir='ltr'><em>vidit</em></span> <span class='ocrx_word' id='word_1_488' title='bbox 367 2651 564 2688; x_wconf 82' lang='lat' dir='ltr'><em>hominem</em></span> <span class='ocrx_word' id='word_1_489' title='bbox 582 2651 680 2688; x_wconf 90' lang='lat' dir='ltr'><em>mori</em></span> <span class='ocrx_word' id='word_1_490' title='bbox 697 2666 786 2689; x_wconf 90' lang='lat' dir='ltr'><em>cum</em></span> <span class='ocrx_word' id='word_1_491' title='bbox 803 2659 912 2689; x_wconf 88' lang='lat' dir='ltr'><em>tanta</em></span> <span class='ocrx_word' id='word_1_492' title='bbox 929 2651 1126 2688; x_wconf 70' lang='lat' dir='ltr'><em>devotione</em></span> <span class='ocrx_word' id='word_1_493' title='bbox 1143 2658 1177 2688; x_wconf 88' lang='lat' dir='ltr'><em>et</em></span> <span class='ocrx_word' id='word_1_494' title='bbox 1193 2650 1435 2688; x_wconf 88' lang='lat' dir='ltr'><em>contritione.</em></span> <span class='ocrx_word' id='word_1_495' title='bbox 1454 2650 1608 2687; x_wconf 84' lang='lat' dir='ltr'><em>Etcum</em></span> <span class='ocrx_word' id='word_1_496' title='bbox 1625 2650 1813 2687; x_wconf 84' lang='lat' dir='ltr'><em>diceretur</em></span> 
     </span>
     <span class='ocr_line' id='line_1_43' title="bbox 120 2708 1814 2760; baseline 0 -14"><span class='ocrx_word' id='word_1_497' title='bbox 120 2709 241 2747; x_wconf 88' lang='lat' dir='ltr'><em>missa</em></span> <span class='ocrx_word' id='word_1_498' title='bbox 267 2723 397 2747; x_wconf 90' lang='lat' dir='ltr'><em>coram</em></span> <span class='ocrx_word' id='word_1_499' title='bbox 422 2724 476 2756; x_wconf 78' lang='lat' dir='ltr'><em>ee,</em></span> <span class='ocrx_word' id='word_1_500' title='bbox 504 2718 671 2760; x_wconf 86' lang='lat' dir='ltr'><em>tempore</em></span> <span class='ocrx_word' id='word_1_501' title='bbox 697 2710 925 2748; x_wconf 70' lang='lat' dir='ltr'><em>elevationis</em></span> <span class='ocrx_word' id='word_1_502' title='bbox 950 2709 1201 2747; x_wconf 76' lang='lat' dir='ltr'><em>Eucharistie</em></span> <span class='ocrx_word' id='word_1_503' title='bbox 1225 2708 1356 2746; x_wconf 82' lang='lat' dir='ltr'><em>emisit</em></span> <span class='ocrx_word' id='word_1_504' title='bbox 1379 2708 1568 2758; x_wconf 88' lang='lat' dir='ltr'><em>spiritum</em></span> <span class='ocrx_word' id='word_1_505' title='bbox 1593 2723 1681 2745; x_wconf 82' lang='lat' dir='ltr'><em>cum</em></span> <span class='ocrx_word' id='word_1_506' title='bbox 1705 2717 1814 2746; x_wconf 87' lang='lat' dir='ltr'><em>tanta</em></span> 
     </span>
     <span class='ocr_line' id='line_1_44' title="bbox 116 2767 1701 2818; baseline 0.001 -13"><span class='ocrx_word' id='word_1_507' title='bbox 116 2768 310 2806; x_wconf 75' lang='lat' dir='ltr'><em>suavitate</em></span> <span class='ocrx_word' id='word_1_508' title='bbox 328 2769 429 2818; x_wconf 89' lang='lat' dir='ltr'><em>quod</em></span> <span class='ocrx_word' id='word_1_509' title='bbox 447 2768 629 2806; x_wconf 88' lang='lat' dir='ltr'><em>mirabile</em></span> <span class='ocrx_word' id='word_1_510' title='bbox 645 2769 726 2818; x_wconf 76' lang='lat' dir='ltr'><em>suit</em></span> <span class='ocrx_word' id='word_1_511' title='bbox 741 2777 777 2807; x_wconf 91' lang='lat' dir='ltr'><em>et</em></span> <span class='ocrx_word' id='word_1_512' title='bbox 793 2784 881 2806; x_wconf 89' lang='lat' dir='ltr'><em>cum</em></span> <span class='ocrx_word' id='word_1_513' title='bbox 898 2769 1068 2818; x_wconf 77' lang='lat' dir='ltr'><em>perfecta</em></span> <span class='ocrx_word' id='word_1_514' title='bbox 1085 2767 1306 2816; x_wconf 80' lang='lat' dir='ltr'><em>cognitione</em></span> <span class='ocrx_word' id='word_1_515' title='bbox 1324 2775 1358 2804; x_wconf 82' lang='lat' dir='ltr'><em>et</em></span> <span class='ocrx_word' id='word_1_516' title='bbox 1375 2767 1543 2804; x_wconf 86' lang='lat' dir='ltr'><em>rationis</em></span> <span class='ocrx_word' id='word_1_517' title='bbox 1561 2767 1701 2816; x_wconf 66' lang='lat' dir='ltr'><em>vigore.</em></span> 
     </span>
    </p>

    <p class='ocr_par' dir='ltr' id='par_1_5' title="bbox 118 2825 1813 2935">
     <span class='ocr_line' id='line_1_45' title="bbox 172 2825 1812 2877; baseline -0.001 -13"><span class='ocrx_word' id='word_1_518' title='bbox 172 2827 250 2864; x_wconf 86' lang='lat' dir='ltr'><em>Sed</em></span> <span class='ocrx_word' id='word_1_519' title='bbox 265 2826 404 2876; x_wconf 81' lang='lat' dir='ltr'><em>magni</em></span> <span class='ocrx_word' id='word_1_520' title='bbox 419 2827 605 2877; x_wconf 80' lang='lat' dir='ltr'><em>profecto</em></span> <span class='ocrx_word' id='word_1_521' title='bbox 621 2828 822 2867; x_wconf 88' lang='lat' dir='ltr'><em>momenti</em></span> <span class='ocrx_word' id='word_1_522' title='bbox 837 2836 899 2865; x_wconf 84' lang='lat' dir='ltr'><em>est</em></span> <span class='ocrx_word' id='word_1_523' title='bbox 915 2827 956 2864; x_wconf 91' lang='lat' dir='ltr'><em>in</em></span> <span class='ocrx_word' id='word_1_524' title='bbox 972 2827 1047 2864; x_wconf 87' lang='lat' dir='ltr'><em>hac</em></span> <span class='ocrx_word' id='word_1_525' title='bbox 1064 2840 1185 2864; x_wconf 83' lang='lat' dir='ltr'><em>causa</em></span> <span class='ocrx_word' id='word_1_526' title='bbox 1202 2826 1487 2865; x_wconf 84' lang='lat' dir='ltr'><em>testimonium</em></span> <span class='ocrx_word' id='word_1_527' title='bbox 1503 2826 1639 2863; x_wconf 76' lang='lat' dir='ltr'><em>fratris</em></span> <span class='ocrx_word' id='word_1_528' title='bbox 1657 2825 1812 2875; x_wconf 82' lang='lat' dir='ltr'><em>Angeli,</em></span> 
     </span>
     <span class='ocr_line' id='line_1_46' title="bbox 118 2884 1813 2935; baseline -0.001 -11"><span class='ocrx_word' id='word_1_529' title='bbox 118 2885 294 2924; x_wconf 86' lang='lat' dir='ltr'><em>ministri</em></span> <span class='ocrx_word' id='word_1_530' title='bbox 326 2886 521 2935; x_wconf 82' lang='lat' dir='ltr'><em>generalis</em></span> <span class='ocrx_word' id='word_1_531' title='bbox 555 2886 705 2924; x_wconf 89' lang='lat' dir='ltr'><em>ordinis</em></span> <span class='ocrx_word' id='word_1_532' title='bbox 739 2886 956 2933; x_wconf 88' lang='lat' dir='ltr'><em>Minorum,</em></span> <span class='ocrx_word' id='word_1_533' title='bbox 991 2885 1060 2935; x_wconf 88' lang='lat' dir='ltr'><em>qui</em></span> <span class='ocrx_word' id='word_1_534' title='bbox 1090 2885 1132 2922; x_wconf 90' lang='lat' dir='ltr'><em>in</em></span> <span class='ocrx_word' id='word_1_535' title='bbox 1163 2885 1335 2934; x_wconf 85' lang='lat' dir='ltr'><em>epistola</em></span> <span class='ocrx_word' id='word_1_536' title='bbox 1368 2884 1419 2921; x_wconf 84' lang='lat' dir='ltr'><em>ad</em></span> <span class='ocrx_word' id='word_1_537' title='bbox 1450 2898 1584 2933; x_wconf 81' lang='lat' dir='ltr'><em>regem</em></span> <span class='ocrx_word' id='word_1_538' title='bbox 1616 2885 1813 2923; x_wconf 76' lang='lat' dir='ltr'><em>castellae</em></span> 
     </span>
    </p>
   </div>
   <div class='ocr_carea' id='block_1_5' title="bbox 296 3015 951 3107">
    <p class='ocr_par' dir='ltr' id='par_1_6' title="bbox 296 3015 951 3107">
     <span class='ocr_line' id='line_1_47' title="bbox 296 3015 951 3055; baseline 0.002 -8"><span class='ocrx_word' id='word_1_539' title='bbox 296 3015 352 3053; x_wconf 88' lang='lat' dir='ltr'><em>N.‚</em></span> <span class='ocrx_word' id='word_1_540' title='bbox 378 3027 444 3048; x_wconf 85' lang='lat' dir='ltr'><em>ms.</em></span> <span class='ocrx_word' id='word_1_541' title='bbox 470 3015 565 3047; x_wconf 88' lang='lat' dir='ltr'><em>latin</em></span> <span class='ocrx_word' id='word_1_542' title='bbox 588 3015 693 3055; x_wconf 81' lang='lat'><em>1472,</em></span> <span class='ocrx_word' id='word_1_543' title='bbox 719 3016 781 3049; x_wconf 82' lang='lat' dir='ltr'><em>fol.</em></span> <span class='ocrx_word' id='word_1_544' title='bbox 808 3016 876 3048; x_wconf 79' lang='lat'><em>149</em></span> <span class='ocrx_word' id='word_1_545' title='bbox 901 3020 951 3048; x_wconf 89' lang='lat' dir='ltr'><em>v0.</em></span> 
     </span>
     <span class='ocr_line' id='line_1_48' title="bbox 296 3068 352 3107; baseline 0.018 -7"><span class='ocrx_word' id='word_1_546' title='bbox 296 3068 352 3107; x_wconf 60' lang='lat' dir='ltr'><em>N„</em></span> 
     </span>
    </p>
   </div>
   <div class='ocr_carea' id='block_1_6' title="bbox 166 3015 956 3108">
    <p class='ocr_par' dir='ltr' id='par_1_7' title="bbox 166 3015 956 3108">
     <span class='ocr_line' id='line_1_49' title="bbox 166 3015 956 3108; baseline 0 -7"><span class='ocrx_word' id='word_1_547' title='bbox 166 3016 197 3102; x_wconf 54' lang='lat' dir='ltr'><em>i]</em></span> <span class='ocrx_word' id='word_1_548' title='bbox 227 3015 267 3101; x_wconf 60' lang='lat' dir='ltr'><em>J133]</em></span> <span class='ocrx_word' id='word_1_549' title='bbox 379 3080 445 3101; x_wconf 73' lang='lat' dir='ltr'><em>ms.</em></span> <span class='ocrx_word' id='word_1_550' title='bbox 472 3068 567 3101; x_wconf 69' lang='lat' dir='ltr'><em>latin</em></span> <span class='ocrx_word' id='word_1_551' title='bbox 591 3068 720 3108; x_wconf 80' lang='lat'><em>11745,</em></span> <span class='ocrx_word' id='word_1_552' title='bbox 746 3068 808 3101; x_wconf 81' lang='lat' dir='ltr'><strong>f01.</strong></span> <span class='ocrx_word' id='word_1_553' title='bbox 837 3069 880 3101; x_wconf 87' lang='lat'><em>69</em></span> <span class='ocrx_word' id='word_1_554' title='bbox 906 3073 956 3101; x_wconf 85' lang='lat' dir='ltr'><em>vo.</em></span> 
     </span>
    </p>
   </div>
  </div>
 </body>
</html>
