<?xml version="1.0" encoding="UTF-8"?>
<!DOCTYPE html PUBLIC "-//W3C//DTD XHTML 1.0 Transitional//EN"
    "http://www.w3.org/TR/xhtml1/DTD/xhtml1-transitional.dtd">
<html xmlns="http://www.w3.org/1999/xhtml" xml:lang="en" lang="en">
 <head>
  <title>
</title>
<meta http-equiv="Content-Type" content="text/html;charset=utf-8" />
  <meta name='ocr-system' content='tesseract 3.04.00' />
  <meta name='ocr-capabilities' content='ocr_page ocr_carea ocr_par ocr_line ocrx_word'/>
</head>
<body>
  <div class='ocr_page' id='page_1' title='image "./vitaepaparumaven02balu_0804.png"; bbox 0 0 2083 3458; ppageno 0'>
   <div class='ocr_carea' id='block_1_1' title="bbox 302 213 2009 268">
    <p class='ocr_par' dir='ltr' id='par_1_1' title="bbox 302 213 2009 268">
     <span class='ocr_line' id='line_1_1' title="bbox 302 213 2009 268; baseline 0.001 -16"><span class='ocrx_word' id='word_1_1' title='bbox 302 220 381 261; x_wconf 80' lang='grc'>794</span> <span class='ocrx_word' id='word_1_2' title='bbox 948 230 1099 255; x_wconf 83' lang='lat' dir='ltr'><strong>NOTAE</strong></span> <span class='ocrx_word' id='word_1_3' title='bbox 1133 229 1194 254; x_wconf 82' lang='lat' dir='ltr'>AD</span> <span class='ocrx_word' id='word_1_4' title='bbox 1228 230 1356 255; x_wconf 82' lang='lat' dir='ltr'>VITAs</span> <span class='ocrx_word' id='word_1_5' title='bbox 1853 213 2009 268; x_wconf 72' lang='lat'>[1273]</span> 
     </span>
    </p>
   </div>
   <div class='ocr_carea' id='block_1_2' title="bbox 303 312 2020 2981">
    <p class='ocr_par' dir='ltr' id='par_1_2' title="bbox 303 312 2013 667">
     <span class='ocr_line' id='line_1_2' title="bbox 303 312 2011 369; baseline -0.004 -11"><span class='ocrx_word' id='word_1_6' title='bbox 303 334 465 369; x_wconf 83' lang='lat' dir='ltr'>quoque</span> <span class='ocrx_word' id='word_1_7' title='bbox 496 317 699 359; x_wconf 76' lang='lat' dir='ltr'>adhaesit.</span> <span class='ocrx_word' id='word_1_8' title='bbox 734 316 889 354; x_wconf 78' lang='lat' dir='ltr'>Deinde</span> <span class='ocrx_word' id='word_1_9' title='bbox 921 322 1080 353; x_wconf 87' lang='lat' dir='ltr'>certum</span> <span class='ocrx_word' id='word_1_10' title='bbox 1110 322 1172 352; x_wconf 86' lang='lat' dir='ltr'>est</span> <span class='ocrx_word' id='word_1_11' title='bbox 1193 313 1498 352; x_wconf 76' lang='lat' dir='ltr'>vauctoritatem</span> <span class='ocrx_word' id='word_1_12' title='bbox 1520 313 1637 351; x_wconf 88' lang='lat' dir='ltr'>Pauli</span> <span class='ocrx_word' id='word_1_13' title='bbox 1666 312 1829 352; x_wconf 82' lang='lat' dir='ltr'>Aemilii</span> <span class='ocrx_word' id='word_1_14' title='bbox 1858 313 2011 351; x_wconf 85' lang='lat' dir='ltr'>nullius</span> 
     </span>
     <span class='ocr_line' id='line_1_3' title="bbox 303 372 2010 423; baseline -0.004 -6"><span class='ocrx_word' id='word_1_15' title='bbox 303 394 386 417; x_wconf 87' lang='lat' dir='ltr'>esse</span> <span class='ocrx_word' id='word_1_16' title='bbox 420 377 621 417; x_wconf 78' lang='lat' dir='ltr'>momenti</span> <span class='ocrx_word' id='word_1_17' title='bbox 652 377 849 414; x_wconf 82' lang='lat' dir='ltr'>adversus</span> <span class='ocrx_word' id='word_1_18' title='bbox 884 375 1151 421; x_wconf 81' lang='lat' dir='ltr'>Clementem,</span> <span class='ocrx_word' id='word_1_19' title='bbox 1186 388 1277 411; x_wconf 88' lang='lat' dir='ltr'>cum</span> <span class='ocrx_word' id='word_1_20' title='bbox 1311 382 1478 423; x_wconf 84' lang='lat' dir='ltr'>sumpta</span> <span class='ocrx_word' id='word_1_21' title='bbox 1511 373 1564 411; x_wconf 87' lang='lat' dir='ltr'>sit</span> <span class='ocrx_word' id='word_1_22' title='bbox 1593 388 1644 412; x_wconf 82' lang='lat' dir='ltr'>ex</span> <span class='ocrx_word' id='word_1_23' title='bbox 1672 372 1800 411; x_wconf 88' lang='lat' dir='ltr'>literis</span> <span class='ocrx_word' id='word_1_24' title='bbox 1830 372 2010 411; x_wconf 86' lang='lat' dir='ltr'>cantoris</span> 
     </span>
     <span class='ocr_line' id='line_1_4' title="bbox 304 431 2012 486; baseline -0.004 -10"><span class='ocrx_word' id='word_1_25' title='bbox 304 437 541 476; x_wconf 78' lang='lat' dir='ltr'>parisiensis</span> <span class='ocrx_word' id='word_1_26' title='bbox 581 450 704 486; x_wconf 84' lang='lat' dir='ltr'>quem</span> <span class='ocrx_word' id='word_1_27' title='bbox 741 442 906 473; x_wconf 86' lang='lat' dir='ltr'>constat</span> <span class='ocrx_word' id='word_1_28' title='bbox 942 433 984 471; x_wconf 91' lang='lat' dir='ltr'>in</span> <span class='ocrx_word' id='word_1_29' title='bbox 1021 441 1158 483; x_wconf 85' lang='lat' dir='ltr'>partes</span> <span class='ocrx_word' id='word_1_30' title='bbox 1199 432 1357 470; x_wconf 84' lang='lat' dir='ltr'>Urbani</span> <span class='ocrx_word' id='word_1_31' title='bbox 1391 441 1694 483; x_wconf 80' lang='lat' dir='ltr'>transgressum</span> <span class='ocrx_word' id='word_1_32' title='bbox 1731 447 1830 480; x_wconf 90' lang='lat' dir='ltr'>esse,</span> <span class='ocrx_word' id='word_1_33' title='bbox 1869 431 1940 482; x_wconf 92' lang='lat' dir='ltr'>qui</span> <span class='ocrx_word' id='word_1_34' title='bbox 1975 431 2012 469; x_wconf 83' lang='lat' dir='ltr'>ei</span> 
     </span>
     <span class='ocr_line' id='line_1_5' title="bbox 303 491 2011 536; baseline -0.004 0"><span class='ocrx_word' id='word_1_35' title='bbox 303 497 480 536; x_wconf 83' lang='lat' dir='ltr'>contulit</span> <span class='ocrx_word' id='word_1_36' title='bbox 517 495 903 534; x_wconf 85' lang='lat' dir='ltr'>archidiaconatum</span> <span class='ocrx_word' id='word_1_37' title='bbox 939 492 1191 531; x_wconf 86' lang='lat' dir='ltr'>Brabantiae</span> <span class='ocrx_word' id='word_1_38' title='bbox 1229 492 1271 529; x_wconf 92' lang='lat' dir='ltr'>in</span> <span class='ocrx_word' id='word_1_39' title='bbox 1315 492 1481 531; x_wconf 87' lang='lat' dir='ltr'>ecclesia</span> <span class='ocrx_word' id='word_1_40' title='bbox 1529 491 1756 531; x_wconf 90' lang='lat' dir='ltr'>Leodiensi.</span> <span class='ocrx_word' id='word_1_41' title='bbox 1798 492 2011 530; x_wconf 86' lang='lat' dir='ltr'>Habemus</span> 
     </span>
     <span class='ocr_line' id='line_1_6' title="bbox 304 550 2013 606; baseline -0.004 -12"><span class='ocrx_word' id='word_1_42' title='bbox 304 556 413 595; x_wconf 87' lang='lat' dir='ltr'>enim</span> <span class='ocrx_word' id='word_1_43' title='bbox 432 556 519 594; x_wconf 89' lang='lat' dir='ltr'>illas</span> <span class='ocrx_word' id='word_1_44' title='bbox 541 555 649 606; x_wconf 88' lang='lat' dir='ltr'>ipsas</span> <span class='ocrx_word' id='word_1_45' title='bbox 673 554 812 592; x_wconf 82' lang='lat' dir='ltr'>literas</span> <span class='ocrx_word' id='word_1_46' title='bbox 833 553 920 603; x_wconf 86' lang='lat' dir='ltr'>ejus</span> <span class='ocrx_word' id='word_1_47' title='bbox 938 567 1042 603; x_wconf 87' lang='lat' dir='ltr'>quae</span> <span class='ocrx_word' id='word_1_48' title='bbox 1066 567 1089 590; x_wconf 87' lang='lat' dir='ltr'>a</span> <span class='ocrx_word' id='word_1_49' title='bbox 1111 552 1238 589; x_wconf 87' lang='lat' dir='ltr'>Paulo</span> <span class='ocrx_word' id='word_1_50' title='bbox 1264 552 1436 590; x_wconf 79' lang='lat' dir='ltr'>Aemilio</span> <span class='ocrx_word' id='word_1_51' title='bbox 1457 559 1849 599; x_wconf 88' lang='lat' dir='ltr'>commemorantur,</span> <span class='ocrx_word' id='word_1_52' title='bbox 1879 550 2013 589; x_wconf 85' lang='lat' dir='ltr'>editas</span> 
     </span>
     <span class='ocr_line' id='line_1_7' title="bbox 305 614 694 667; baseline -0.005 -12"><span class='ocrx_word' id='word_1_53' title='bbox 305 630 427 667; x_wconf 84' lang='lat' dir='ltr'>supra</span> <span class='ocrx_word' id='word_1_54' title='bbox 450 624 481 654; x_wconf 92' lang='lat' dir='ltr'>t.</span> <span class='ocrx_word' id='word_1_55' title='bbox 506 631 517 653; x_wconf 94' lang='lat'>1</span> <span class='ocrx_word' id='word_1_56' title='bbox 539 630 578 665; x_wconf 84' lang='lat' dir='ltr'>p.</span> <span class='ocrx_word' id='word_1_57' title='bbox 605 614 694 653; x_wconf 85' lang='lat'>533.</span> 
     </span>
    </p>

    <p class='ocr_par' dir='ltr' id='par_1_3' title="bbox 303 669 2020 2981">
     <span class='ocr_line' id='line_1_8' title="bbox 359 669 2014 722; baseline -0.004 -9"><span class='ocrx_word' id='word_1_58' title='bbox 359 676 421 713; x_wconf 86' lang='lat' dir='ltr'>Ad</span> <span class='ocrx_word' id='word_1_59' title='bbox 451 674 782 713; x_wconf 80' lang='lat' dir='ltr'>criminationem</span> <span class='ocrx_word' id='word_1_60' title='bbox 810 673 858 710; x_wconf 90' lang='lat' dir='ltr'>de</span> <span class='ocrx_word' id='word_1_61' title='bbox 885 686 977 722; x_wconf 81' lang='lat' dir='ltr'>rege</span> <span class='ocrx_word' id='word_1_62' title='bbox 1007 671 1239 710; x_wconf 82' lang='lat' dir='ltr'>Castellano</span> <span class='ocrx_word' id='word_1_63' title='bbox 1266 670 1308 708; x_wconf 87' lang='lat' dir='ltr'>in</span> <span class='ocrx_word' id='word_1_64' title='bbox 1335 679 1473 721; x_wconf 90' lang='lat' dir='ltr'>partes</span> <span class='ocrx_word' id='word_1_65' title='bbox 1501 679 1637 709; x_wconf 88' lang='lat' dir='ltr'>tracto</span> <span class='ocrx_word' id='word_1_66' title='bbox 1665 685 1737 721; x_wconf 87' lang='lat' dir='ltr'>per</span> <span class='ocrx_word' id='word_1_67' title='bbox 1762 669 2014 708; x_wconf 83' lang='lat' dir='ltr'>industriam</span> 
     </span>
     <span class='ocr_line' id='line_1_9' title="bbox 309 729 2012 776; baseline -0.004 -3"><span class='ocrx_word' id='word_1_68' title='bbox 309 735 450 773; x_wconf 86' lang='lat' dir='ltr'>Karoli</span> <span class='ocrx_word' id='word_1_69' title='bbox 482 734 580 772; x_wconf 92' lang='lat' dir='ltr'>nihil</span> <span class='ocrx_word' id='word_1_70' title='bbox 615 734 663 772; x_wconf 93' lang='lat' dir='ltr'>de</span> <span class='ocrx_word' id='word_1_71' title='bbox 696 747 786 772; x_wconf 86' lang='lat' dir='ltr'>meo</span> <span class='ocrx_word' id='word_1_72' title='bbox 819 732 967 770; x_wconf 86' lang='lat' dir='ltr'>dicam.</span> <span class='ocrx_word' id='word_1_73' title='bbox 1002 731 1184 769; x_wconf 80' lang='lat' dir='ltr'>Afferam</span> <span class='ocrx_word' id='word_1_74' title='bbox 1215 739 1384 768; x_wconf 83' lang='lat' dir='ltr'>tantum</span> <span class='ocrx_word' id='word_1_75' title='bbox 1416 730 1542 769; x_wconf 79' lang='lat' dir='ltr'>verba</span> <span class='ocrx_word' id='word_1_76' title='bbox 1578 729 1768 768; x_wconf 83' lang='lat' dir='ltr'>Roderici</span> <span class='ocrx_word' id='word_1_77' title='bbox 1797 729 2012 776; x_wconf 87' lang='lat' dir='ltr'>Bernardi,</span> 
     </span>
     <span class='ocr_line' id='line_1_10' title="bbox 307 788 2010 845; baseline -0.004 -12"><span class='ocrx_word' id='word_1_78' title='bbox 307 809 429 845; x_wconf 85' lang='lat' dir='ltr'>quem</span> <span class='ocrx_word' id='word_1_79' title='bbox 462 795 642 832; x_wconf 84' lang='lat' dir='ltr'>Joannes</span> <span class='ocrx_word' id='word_1_80' title='bbox 673 808 745 831; x_wconf 82' lang='lat' dir='ltr'>rex</span> <span class='ocrx_word' id='word_1_81' title='bbox 775 791 976 830; x_wconf 87' lang='lat' dir='ltr'>Castellae</span> <span class='ocrx_word' id='word_1_82' title='bbox 1010 791 1188 829; x_wconf 83' lang='lat' dir='ltr'>Romam</span> <span class='ocrx_word' id='word_1_83' title='bbox 1218 798 1259 828; x_wconf 88' lang='lat' dir='ltr'>et</span> <span class='ocrx_word' id='word_1_84' title='bbox 1291 789 1547 828; x_wconf 81' lang='lat' dir='ltr'>Avenionem</span> <span class='ocrx_word' id='word_1_85' title='bbox 1577 789 1746 828; x_wconf 82' lang='lat' dir='ltr'>miserat</span> <span class='ocrx_word' id='word_1_86' title='bbox 1775 804 1849 839; x_wconf 89' lang='lat' dir='ltr'>pro</span> <span class='ocrx_word' id='word_1_87' title='bbox 1878 788 2010 838; x_wconf 89' lang='lat' dir='ltr'>inqui-</span> 
     </span>
     <span class='ocr_line' id='line_1_11' title="bbox 306 849 2014 901; baseline -0.004 -9"><span class='ocrx_word' id='word_1_88' title='bbox 306 855 432 892; x_wconf 89' lang='lat' dir='ltr'>renda</span> <span class='ocrx_word' id='word_1_89' title='bbox 458 854 635 892; x_wconf 83' lang='lat' dir='ltr'>veritate</span> <span class='ocrx_word' id='word_1_90' title='bbox 660 866 797 891; x_wconf 90' lang='lat' dir='ltr'>rerum</span> <span class='ocrx_word' id='word_1_91' title='bbox 824 859 1045 901; x_wconf 80' lang='lat' dir='ltr'>gestarum.</span> <span class='ocrx_word' id='word_1_92' title='bbox 1072 850 1108 888; x_wconf 88' lang='lat' dir='ltr'>Is</span> <span class='ocrx_word' id='word_1_93' title='bbox 1134 864 1228 899; x_wconf 79' lang='lat' dir='ltr'>ergo</span> <span class='ocrx_word' id='word_1_94' title='bbox 1254 849 1295 887; x_wconf 89' lang='lat' dir='ltr'>in</span> <span class='ocrx_word' id='word_1_95' title='bbox 1320 849 1518 887; x_wconf 86' lang='lat' dir='ltr'>relatione</span> <span class='ocrx_word' id='word_1_96' title='bbox 1535 863 1661 899; x_wconf 86' lang='lat' dir='ltr'>quam</span> <span class='ocrx_word' id='word_1_97' title='bbox 1687 862 1825 887; x_wconf 86' lang='lat' dir='ltr'>coram</span> <span class='ocrx_word' id='word_1_98' title='bbox 1852 849 2014 886; x_wconf 71' lang='lat' dir='ltr'>,Joanne</span> 
     </span>
     <span class='ocr_line' id='line_1_12' title="bbox 307 907 2013 964; baseline -0.005 -11"><span class='ocrx_word' id='word_1_99' title='bbox 307 929 397 964; x_wconf 82' lang='lat' dir='ltr'>rege</span> <span class='ocrx_word' id='word_1_100' title='bbox 432 913 529 952; x_wconf 82' lang='lat' dir='ltr'>feeit</span> <span class='ocrx_word' id='word_1_101' title='bbox 562 914 602 951; x_wconf 89' lang='lat' dir='ltr'>in</span> <span class='ocrx_word' id='word_1_102' title='bbox 627 910 890 950; x_wconf 83' lang='lat' dir='ltr'>celeberrimo</span> <span class='ocrx_word' id='word_1_103' title='bbox 914 910 982 948; x_wconf 91' lang='lat' dir='ltr'>illo</span> <span class='ocrx_word' id='word_1_104' title='bbox 1016 918 1225 948; x_wconf 81' lang='lat' dir='ltr'>conventu</span> <span class='ocrx_word' id='word_1_105' title='bbox 1251 908 1478 947; x_wconf 89' lang='lat' dir='ltr'>Medinensi</span> <span class='ocrx_word' id='word_1_106' title='bbox 1502 909 1550 947; x_wconf 88' lang='lat' dir='ltr'>de</span> <span class='ocrx_word' id='word_1_107' title='bbox 1585 923 1665 958; x_wconf 88' lang='lat' dir='ltr'>quo</span> <span class='ocrx_word' id='word_1_108' title='bbox 1691 908 1872 947; x_wconf 85' lang='lat' dir='ltr'>dicemus</span> <span class='ocrx_word' id='word_1_109' title='bbox 1905 907 2013 946; x_wconf 83' lang='lat' dir='ltr'>infra</span> 
     </span>
     <span class='ocr_line' id='line_1_13' title="bbox 308 966 2014 1021; baseline -0.005 -9"><span class='ocrx_word' id='word_1_110' title='bbox 308 973 364 1012; x_wconf 82' lang='lat' dir='ltr'>sic</span> <span class='ocrx_word' id='word_1_111' title='bbox 392 982 557 1012; x_wconf 86' lang='lat' dir='ltr'>enarrat</span> <span class='ocrx_word' id='word_1_112' title='bbox 586 971 835 1021; x_wconf 84' lang='lat' dir='ltr'>colloquium</span> <span class='ocrx_word' id='word_1_113' title='bbox 866 970 976 1020; x_wconf 81' lang='lat' dir='ltr'>quod</span> <span class='ocrx_word' id='word_1_114' title='bbox 1007 969 1114 1007; x_wconf 90' lang='lat' dir='ltr'>inter</span> <span class='ocrx_word' id='word_1_115' title='bbox 1141 969 1278 1019; x_wconf 88' lang='lat' dir='ltr'>ipsum</span> <span class='ocrx_word' id='word_1_116' title='bbox 1306 977 1347 1007; x_wconf 80' lang='lat' dir='ltr'>et</span> <span class='ocrx_word' id='word_1_117' title='bbox 1377 969 1593 1007; x_wconf 88' lang='lat' dir='ltr'>Urbanum</span> <span class='ocrx_word' id='word_1_118' title='bbox 1622 969 1757 1006; x_wconf 78' lang='lat' dir='ltr'>fuerat</span> <span class='ocrx_word' id='word_1_119' title='bbox 1788 968 1943 1005; x_wconf 86' lang='lat' dir='ltr'>Romae</span> <span class='ocrx_word' id='word_1_120' title='bbox 1971 966 2014 1004; x_wconf 90' lang='lat' dir='ltr'>in</span> 
     </span>
     <span class='ocr_line' id='line_1_14' title="bbox 308 1026 2012 1083; baseline -0.004 -12"><span class='ocrx_word' id='word_1_121' title='bbox 308 1033 465 1083; x_wconf 84' lang='lat' dir='ltr'>palatio</span> <span class='ocrx_word' id='word_1_122' title='bbox 491 1031 745 1082; x_wconf 81' lang='lat' dir='ltr'>apostolico:</span> <span class='ocrx_word' id='word_1_123' title='bbox 775 1031 825 1068; x_wconf 91' lang='lat' dir='ltr'>In</span> <span class='ocrx_word' id='word_1_124' title='bbox 853 1030 931 1079; x_wconf 78' lang='lat' dir='ltr'>fine</span> <span class='ocrx_word' id='word_1_125' title='bbox 957 1029 1059 1067; x_wconf 70' lang='lat' dir='ltr'>dixi-t</span> <span class='ocrx_word' id='word_1_126' title='bbox 1085 1029 1205 1066; x_wconf 80' lang='lat' dir='ltr'>michi</span> <span class='ocrx_word' id='word_1_127' title='bbox 1224 1028 1238 1051; x_wconf 71' lang='lat'>1</span> <span class='ocrx_word' id='word_1_128' title='bbox 1261 1028 1363 1078; x_wconf 81' lang='lat' dir='ltr'>quod</span> <span class='ocrx_word' id='word_1_129' title='bbox 1389 1028 1473 1078; x_wconf 90' lang='lat' dir='ltr'>ipse</span> <span class='ocrx_word' id='word_1_130' title='bbox 1500 1027 1675 1065; x_wconf 89' lang='lat' dir='ltr'>mittebat</span> <span class='ocrx_word' id='word_1_131' title='bbox 1692 1041 1785 1064; x_wconf 90' lang='lat' dir='ltr'>suos</span> <span class='ocrx_word' id='word_1_132' title='bbox 1805 1026 2012 1065; x_wconf 64' lang='lat' dir='ltr'>ambascia-</span> 
     </span>
     <span class='ocr_line' id='line_1_15' title="bbox 308 1086 2016 1142; baseline -0.004 -12"><span class='ocrx_word' id='word_1_133' title='bbox 308 1101 406 1130; x_wconf 89' lang='lat' dir='ltr'>tores</span> <span class='ocrx_word' id='word_1_134' title='bbox 436 1093 503 1142; x_wconf 77' lang='lat' dir='ltr'>qui</span> <span class='ocrx_word' id='word_1_135' title='bbox 535 1092 794 1141; x_wconf 74' lang='lat' dir='ltr'>informarent</span> <span class='ocrx_word' id='word_1_136' title='bbox 823 1089 1105 1128; x_wconf 73' lang='lat' dir='ltr'>conscientiam</span> <span class='ocrx_word' id='word_1_137' title='bbox 1135 1096 1253 1126; x_wconf 61' lang='lat' dir='ltr'>vestre</span> <span class='ocrx_word' id='word_1_138' title='bbox 1282 1088 1518 1135; x_wconf 75' lang='lat' dir='ltr'>serenitatiS,</span> <span class='ocrx_word' id='word_1_139' title='bbox 1549 1088 1616 1132; x_wconf 86' lang='lat' dir='ltr'>sed</span> <span class='ocrx_word' id='word_1_140' title='bbox 1653 1087 1861 1125; x_wconf 76' lang='lat' dir='ltr'>dubitabat</span> <span class='ocrx_word' id='word_1_141' title='bbox 1891 1086 2016 1124; x_wconf 87' lang='lat' dir='ltr'>nimis</span> 
     </span>
     <span class='ocr_line' id='line_1_16' title="bbox 303 1145 2017 1202; baseline -0.004 -12"><span class='ocrx_word' id='word_1_142' title='bbox 303 1153 404 1202; x_wconf 84' lang='lat' dir='ltr'>quod</span> <span class='ocrx_word' id='word_1_143' title='bbox 426 1160 583 1202; x_wconf 86' lang='lat' dir='ltr'>propter</span> <span class='ocrx_word' id='word_1_144' title='bbox 606 1151 710 1200; x_wconf 79' lang='lat' dir='ltr'>ligas</span> <span class='ocrx_word' id='word_1_145' title='bbox 733 1164 830 1200; x_wconf 83' lang='lat' dir='ltr'>quas</span> <span class='ocrx_word' id='word_1_146' title='bbox 853 1149 1005 1187; x_wconf 80' lang='lat' dir='ltr'>habetis</span> <span class='ocrx_word' id='word_1_147' title='bbox 1028 1163 1117 1186; x_wconf 87' lang='lat' dir='ltr'>cum</span> <span class='ocrx_word' id='word_1_148' title='bbox 1139 1162 1226 1197; x_wconf 82' lang='lat' dir='ltr'>rege</span> <span class='ocrx_word' id='word_1_149' title='bbox 1248 1147 1421 1188; x_wconf 86' lang='lat' dir='ltr'>Francie</span> <span class='ocrx_word' id='word_1_150' title='bbox 1444 1148 1545 1197; x_wconf 82' lang='lat' dir='ltr'>quod</span> <span class='ocrx_word' id='word_1_151' title='bbox 1566 1146 1791 1184; x_wconf 76' lang='lat' dir='ltr'>recederetis</span> <span class='ocrx_word' id='word_1_152' title='bbox 1813 1161 1838 1184; x_wconf 90' lang='lat' dir='ltr'>a</span> <span class='ocrx_word' id='word_1_153' title='bbox 1860 1145 2017 1184; x_wconf 75' lang='lat' dir='ltr'>tramite</span> 
     </span>
     <span class='ocr_line' id='line_1_17' title="bbox 305 1206 2016 1260; baseline -0.005 -11"><span class='ocrx_word' id='word_1_154' title='bbox 305 1212 492 1250; x_wconf 66' lang='lat' dir='ltr'>veritatis,</span> <span class='ocrx_word' id='word_1_155' title='bbox 524 1212 609 1260; x_wconf 79' lang='lat' dir='ltr'>Ego</span> <span class='ocrx_word' id='word_1_156' title='bbox 638 1209 824 1260; x_wconf 74' lang='lat' dir='ltr'>respondi</span> <span class='ocrx_word' id='word_1_157' title='bbox 854 1209 956 1259; x_wconf 80' lang='lat' dir='ltr'>quod</span> <span class='ocrx_word' id='word_1_158' title='bbox 982 1209 1201 1245; x_wconf 88' lang='lat' dir='ltr'>secundum</span> <span class='ocrx_word' id='word_1_159' title='bbox 1232 1207 1302 1245; x_wconf 85' lang='lat' dir='ltr'>illa</span> <span class='ocrx_word' id='word_1_160' title='bbox 1332 1221 1402 1257; x_wconf 77' lang='lat' dir='ltr'>que</span> <span class='ocrx_word' id='word_1_161' title='bbox 1433 1206 1523 1244; x_wconf 74' lang='lat' dir='ltr'>novi</span> <span class='ocrx_word' id='word_1_162' title='bbox 1553 1207 1598 1244; x_wconf 89' lang='lat' dir='ltr'>de</span> <span class='ocrx_word' id='word_1_163' title='bbox 1627 1206 1869 1244; x_wconf 88' lang='lat' dir='ltr'>conscientia</span> <span class='ocrx_word' id='word_1_164' title='bbox 1894 1213 2016 1242; x_wconf 78' lang='lat' dir='ltr'>vestre</span> 
     </span>
     <span class='ocr_line' id='line_1_18' title="bbox 304 1265 2018 1320; baseline -0.004 -12"><span class='ocrx_word' id='word_1_165' title='bbox 304 1271 527 1309; x_wconf 85' lang='lat' dir='ltr'>serenitatis</span> <span class='ocrx_word' id='word_1_166' title='bbox 549 1271 591 1308; x_wconf 86' lang='lat' dir='ltr'>in</span> <span class='ocrx_word' id='word_1_167' title='bbox 612 1269 895 1320; x_wconf 75' lang='lat' dir='ltr'>temporalibus</span> <span class='ocrx_word' id='word_1_168' title='bbox 916 1282 980 1305; x_wconf 67' lang='lat' dir='ltr'>vos</span> <span class='ocrx_word' id='word_1_169' title='bbox 999 1267 1206 1305; x_wconf 65' lang='lat' dir='ltr'>servaretis</span> <span class='ocrx_word' id='word_1_170' title='bbox 1225 1266 1500 1304; x_wconf 86' lang='lat' dir='ltr'>amicitiarum</span> <span class='ocrx_word' id='word_1_171' title='bbox 1519 1266 1624 1315; x_wconf 79' lang='lat' dir='ltr'>ligas</span> <span class='ocrx_word' id='word_1_172' title='bbox 1642 1265 1726 1314; x_wconf 80' lang='lat' dir='ltr'>regi</span> <span class='ocrx_word' id='word_1_173' title='bbox 1743 1265 1928 1312; x_wconf 89' lang='lat' dir='ltr'>Francie,</span> <span class='ocrx_word' id='word_1_174' title='bbox 1948 1265 2018 1302; x_wconf 86' lang='lat' dir='ltr'>sed</span> 
     </span>
     <span class='ocr_line' id='line_1_19' title="bbox 307 1324 2014 1380; baseline -0.004 -12"><span class='ocrx_word' id='word_1_175' title='bbox 307 1331 348 1368; x_wconf 88' lang='lat' dir='ltr'>in</span> <span class='ocrx_word' id='word_1_176' title='bbox 378 1331 465 1368; x_wconf 86' lang='lat' dir='ltr'>istis</span> <span class='ocrx_word' id='word_1_177' title='bbox 493 1345 563 1380; x_wconf 80' lang='lat' dir='ltr'>que</span> <span class='ocrx_word' id='word_1_178' title='bbox 590 1337 760 1379; x_wconf 77' lang='lat' dir='ltr'>tangunt</span> <span class='ocrx_word' id='word_1_179' title='bbox 789 1328 906 1378; x_wconf 75' lang='lat' dir='ltr'>fidem</span> <span class='ocrx_word' id='word_1_180' title='bbox 933 1336 967 1365; x_wconf 94' lang='lat' dir='ltr'>et</span> <span class='ocrx_word' id='word_1_181' title='bbox 985 1336 1134 1365; x_wconf 87' lang='lat' dir='ltr'>statum</span> <span class='ocrx_word' id='word_1_182' title='bbox 1156 1326 1328 1364; x_wconf 85' lang='lat' dir='ltr'>Ecclesie</span> <span class='ocrx_word' id='word_1_183' title='bbox 1352 1340 1432 1363; x_wconf 90' lang='lat' dir='ltr'>non</span> <span class='ocrx_word' id='word_1_184' title='bbox 1451 1325 1674 1363; x_wconf 80' lang='lat' dir='ltr'>recederetis</span> <span class='ocrx_word' id='word_1_185' title='bbox 1697 1340 1722 1363; x_wconf 89' lang='lat' dir='ltr'>a</span> <span class='ocrx_word' id='word_1_186' title='bbox 1746 1324 1919 1372; x_wconf 66' lang='lat' dir='ltr'>veritate,</span> <span class='ocrx_word' id='word_1_187' title='bbox 1946 1338 2014 1361; x_wconf 88' lang='lat' dir='ltr'>nec</span> 
     </span>
     <span class='ocr_line' id='line_1_20' title="bbox 304 1383 2017 1436; baseline -0.005 -8"><span class='ocrx_word' id='word_1_188' title='bbox 304 1391 423 1428; x_wconf 84' lang='lat' dir='ltr'>etiam</span> <span class='ocrx_word' id='word_1_189' title='bbox 453 1405 519 1428; x_wconf 69' lang='lat' dir='ltr'>resc</span> <span class='ocrx_word' id='word_1_190' title='bbox 550 1389 721 1427; x_wconf 87' lang='lat' dir='ltr'>Francie</span> <span class='ocrx_word' id='word_1_191' title='bbox 753 1388 979 1426; x_wconf 63' lang='lat' dir='ltr'>movebatur</span> <span class='ocrx_word' id='word_1_192' title='bbox 1009 1387 1146 1436; x_wconf 79' lang='lat' dir='ltr'>aliqua</span> <span class='ocrx_word' id='word_1_193' title='bbox 1177 1386 1399 1435; x_wconf 73' lang='lat' dir='ltr'>affectione,</span> <span class='ocrx_word' id='word_1_194' title='bbox 1431 1399 1521 1435; x_wconf 68' lang='lat' dir='ltr'>ymo</span> <span class='ocrx_word' id='word_1_195' title='bbox 1553 1385 1704 1422; x_wconf 70' lang='lat' dir='ltr'>volebat</span> <span class='ocrx_word' id='word_1_196' title='bbox 1734 1385 1836 1434; x_wconf 81' lang='lat' dir='ltr'>quod</span> <span class='ocrx_word' id='word_1_197' title='bbox 1865 1383 2017 1421; x_wconf 85' lang='lat' dir='ltr'>sciatur</span> 
     </span>
     <span class='ocr_line' id='line_1_21' title="bbox 303 1443 2017 1497; baseline -0.004 -10"><span class='ocrx_word' id='word_1_198' title='bbox 303 1450 458 1497; x_wconf 64' lang='lat' dir='ltr'>veritas,</span> <span class='ocrx_word' id='word_1_199' title='bbox 475 1450 694 1487; x_wconf 84' lang='lat' dir='ltr'>secundum</span> <span class='ocrx_word' id='word_1_200' title='bbox 711 1448 780 1485; x_wconf 89' lang='lat' dir='ltr'>illa</span> <span class='ocrx_word' id='word_1_201' title='bbox 798 1462 868 1497; x_wconf 76' lang='lat' dir='ltr'>que</span> <span class='ocrx_word' id='word_1_202' title='bbox 886 1446 1006 1484; x_wconf 81' lang='lat' dir='ltr'>miclii</span> <span class='ocrx_word' id='word_1_203' title='bbox 1023 1455 1057 1484; x_wconf 85' lang='lat' dir='ltr'>et</span> <span class='ocrx_word' id='word_1_204' title='bbox 1073 1446 1233 1483; x_wconf 83' lang='lat' dir='ltr'>cuidam</span> <span class='ocrx_word' id='word_1_205' title='bbox 1249 1445 1354 1483; x_wconf 88' lang='lat' dir='ltr'>socio</span> <span class='ocrx_word' id='word_1_206' title='bbox 1372 1459 1453 1482; x_wconf 91' lang='lat' dir='ltr'>meo</span> <span class='ocrx_word' id='word_1_207' title='bbox 1477 1444 1578 1482; x_wconf 72' lang='lat' dir='ltr'>dixit</span> <span class='ocrx_word' id='word_1_208' title='bbox 1595 1443 1785 1482; x_wconf 87' lang='lat' dir='ltr'>Parisius</span> <span class='ocrx_word' id='word_1_209' title='bbox 1807 1443 1849 1481; x_wconf 91' lang='lat' dir='ltr'>in</span> <span class='ocrx_word' id='word_1_210' title='bbox 1872 1456 2017 1492; x_wconf 79' lang='lat' dir='ltr'>magno</span> 
     </span>
     <span class='ocr_line' id='line_1_22' title="bbox 303 1503 2016 1560; baseline -0.005 -13"><span class='ocrx_word' id='word_1_211' title='bbox 303 1509 454 1560; x_wconf 86' lang='lat' dir='ltr'>palatio</span> <span class='ocrx_word' id='word_1_212' title='bbox 475 1510 550 1546; x_wconf 87' lang='lat' dir='ltr'>sub</span> <span class='ocrx_word' id='word_1_213' title='bbox 570 1507 834 1558; x_wconf 76' lang='lat' dir='ltr'>jurejarando</span> <span class='ocrx_word' id='word_1_214' title='bbox 860 1515 1029 1557; x_wconf 85' lang='lat' dir='ltr'>tempore</span> <span class='ocrx_word' id='word_1_215' title='bbox 1051 1505 1155 1555; x_wconf 78' lang='lat' dir='ltr'>regis</span> <span class='ocrx_word' id='word_1_216' title='bbox 1177 1504 1360 1543; x_wconf 88' lang='lat' dir='ltr'>Henrici.</span> <span class='ocrx_word' id='word_1_217' title='bbox 1385 1505 1437 1542; x_wconf 91' lang='lat' dir='ltr'>Et</span> <span class='ocrx_word' id='word_1_218' title='bbox 1461 1512 1554 1542; x_wconf 89' lang='lat' dir='ltr'>tunc</span> <span class='ocrx_word' id='word_1_219' title='bbox 1576 1503 1662 1554; x_wconf 89' lang='lat' dir='ltr'>ipse</span> <span class='ocrx_word' id='word_1_220' title='bbox 1685 1503 1842 1554; x_wconf 86' lang='lat' dir='ltr'>primus</span> <span class='ocrx_word' id='word_1_221' title='bbox 1874 1503 2016 1540; x_wconf 85' lang='lat' dir='ltr'>electus</span> 
     </span>
     <span class='ocr_line' id='line_1_23' title="bbox 303 1562 2015 1618; baseline -0.005 -11"><span class='ocrx_word' id='word_1_222' title='bbox 303 1569 382 1618; x_wconf 76' lang='lat' dir='ltr'>fuit</span> <span class='ocrx_word' id='word_1_223' title='bbox 401 1569 501 1607; x_wconf 90' lang='lat' dir='ltr'>scire</span> <span class='ocrx_word' id='word_1_224' title='bbox 522 1568 663 1605; x_wconf 88' lang='lat' dir='ltr'>seriem</span> <span class='ocrx_word' id='word_1_225' title='bbox 685 1566 807 1617; x_wconf 83' lang='lat' dir='ltr'>hujus</span> <span class='ocrx_word' id='word_1_226' title='bbox 827 1566 923 1616; x_wconf 70' lang='lat' dir='ltr'>facti</span> <span class='ocrx_word' id='word_1_227' title='bbox 946 1574 980 1603; x_wconf 87' lang='lat' dir='ltr'>et</span> <span class='ocrx_word' id='word_1_228' title='bbox 1001 1580 1072 1615; x_wconf 78' lang='lat' dir='ltr'>que</span> <span class='ocrx_word' id='word_1_229' title='bbox 1094 1564 1197 1603; x_wconf 68' lang='lat' dir='ltr'>dixit</span> <span class='ocrx_word' id='word_1_230' title='bbox 1219 1564 1352 1602; x_wconf 84' lang='lat' dir='ltr'>michi.</span> <span class='ocrx_word' id='word_1_231' title='bbox 1377 1564 1429 1601; x_wconf 91' lang='lat' dir='ltr'>Et</span> <span class='ocrx_word' id='word_1_232' title='bbox 1449 1578 1517 1613; x_wconf 77' lang='lat' dir='ltr'>ego</span> <span class='ocrx_word' id='word_1_233' title='bbox 1541 1563 1626 1602; x_wconf 67' lang='lat' dir='ltr'>disci</span> <span class='ocrx_word' id='word_1_234' title='bbox 1648 1563 1693 1600; x_wconf 92' lang='lat' dir='ltr'>in</span> <span class='ocrx_word' id='word_1_235' title='bbox 1718 1562 1920 1613; x_wconf 77' lang='lat' dir='ltr'>presentia</span> <span class='ocrx_word' id='word_1_236' title='bbox 1941 1576 2015 1599; x_wconf 85' lang='lat' dir='ltr'>sua</span> 
     </span>
     <span class='ocr_line' id='line_1_24' title="bbox 306 1621 2016 1679; baseline -0.005 -13"><span class='ocrx_word' id='word_1_237' title='bbox 306 1630 407 1679; x_wconf 79' lang='lat' dir='ltr'>quod</span> <span class='ocrx_word' id='word_1_238' title='bbox 439 1628 624 1666; x_wconf 88' lang='lat' dir='ltr'>dominus</span> <span class='ocrx_word' id='word_1_239' title='bbox 659 1641 725 1664; x_wconf 70' lang='lat' dir='ltr'>rece</span> <span class='ocrx_word' id='word_1_240' title='bbox 758 1626 960 1663; x_wconf 85' lang='lat' dir='ltr'>Henricus</span> <span class='ocrx_word' id='word_1_241' title='bbox 996 1624 1105 1662; x_wconf 84' lang='lat' dir='ltr'>misit</span> <span class='ocrx_word' id='word_1_242' title='bbox 1140 1639 1198 1662; x_wconf 89' lang='lat' dir='ltr'>me</span> <span class='ocrx_word' id='word_1_243' title='bbox 1231 1632 1266 1661; x_wconf 90' lang='lat' dir='ltr'>et</span> <span class='ocrx_word' id='word_1_244' title='bbox 1300 1624 1508 1673; x_wconf 77' lang='lat' dir='ltr'>quemdam</span> <span class='ocrx_word' id='word_1_245' title='bbox 1543 1623 1735 1661; x_wconf 86' lang='lat' dir='ltr'>doctorem</span> <span class='ocrx_word' id='word_1_246' title='bbox 1768 1622 1834 1672; x_wconf 79' lang='lat' dir='ltr'>qui</span> <span class='ocrx_word' id='word_1_247' title='bbox 1869 1621 2016 1659; x_wconf 88' lang='lat' dir='ltr'>dicitur</span> 
     </span>
     <span class='ocr_line' id='line_1_25' title="bbox 307 1681 2019 1732; baseline -0.004 -7"><span class='ocrx_word' id='word_1_248' title='bbox 307 1689 449 1726; x_wconf 87' lang='lat' dir='ltr'>Petrus</span> <span class='ocrx_word' id='word_1_249' title='bbox 470 1686 676 1724; x_wconf 86' lang='lat' dir='ltr'>Fernandi</span> <span class='ocrx_word' id='word_1_250' title='bbox 698 1687 750 1724; x_wconf 88' lang='lat' dir='ltr'>ad</span> <span class='ocrx_word' id='word_1_251' title='bbox 770 1685 977 1723; x_wconf 83' lang='lat' dir='ltr'>dominum</span> <span class='ocrx_word' id='word_1_252' title='bbox 1000 1684 1198 1722; x_wconf 82' lang='lat' dir='ltr'>Karolum</span> <span class='ocrx_word' id='word_1_253' title='bbox 1219 1698 1347 1732; x_wconf 76' lang='lat' dir='ltr'>regem</span> <span class='ocrx_word' id='word_1_254' title='bbox 1369 1682 1555 1730; x_wconf 82' lang='lat' dir='ltr'>Francie,</span> <span class='ocrx_word' id='word_1_255' title='bbox 1574 1691 1608 1720; x_wconf 90' lang='lat' dir='ltr'>et</span> <span class='ocrx_word' id='word_1_256' title='bbox 1622 1682 1787 1731; x_wconf 82' lang='lat' dir='ltr'>rogabat</span> <span class='ocrx_word' id='word_1_257' title='bbox 1807 1696 1896 1719; x_wconf 90' lang='lat' dir='ltr'>eum</span> <span class='ocrx_word' id='word_1_258' title='bbox 1916 1681 2019 1731; x_wconf 79' lang='lat' dir='ltr'>quod</span> 
     </span>
     <span class='ocr_line' id='line_1_26' title="bbox 308 1740 2014 1795; baseline -0.005 -10"><span class='ocrx_word' id='word_1_259' title='bbox 308 1748 424 1785; x_wconf 85' lang='lat' dir='ltr'>nollet</span> <span class='ocrx_word' id='word_1_260' title='bbox 446 1761 485 1784; x_wconf 91' lang='lat' dir='ltr'>se</span> <span class='ocrx_word' id='word_1_261' title='bbox 510 1747 705 1784; x_wconf 85' lang='lat' dir='ltr'>declarare</span> <span class='ocrx_word' id='word_1_262' title='bbox 729 1759 799 1795; x_wconf 87' lang='lat' dir='ltr'>pro</span> <span class='ocrx_word' id='word_1_263' title='bbox 823 1745 961 1794; x_wconf 79' lang='lat' dir='ltr'>aliqua</span> <span class='ocrx_word' id='word_1_264' title='bbox 984 1752 1094 1794; x_wconf 88' lang='lat' dir='ltr'>parte</span> <span class='ocrx_word' id='word_1_265' title='bbox 1119 1744 1238 1781; x_wconf 88' lang='lat' dir='ltr'>donec</span> <span class='ocrx_word' id='word_1_266' title='bbox 1263 1743 1347 1793; x_wconf 82' lang='lat' dir='ltr'>ipse</span> <span class='ocrx_word' id='word_1_267' title='bbox 1371 1757 1460 1780; x_wconf 87' lang='lat' dir='ltr'>cum</span> <span class='ocrx_word' id='word_1_268' title='bbox 1483 1741 1579 1779; x_wconf 86' lang='lat' dir='ltr'>aliis</span> <span class='ocrx_word' id='word_1_269' title='bbox 1602 1741 1763 1791; x_wconf 81' lang='lat' dir='ltr'>regibus</span> <span class='ocrx_word' id='word_1_270' title='bbox 1787 1740 2014 1790; x_wconf 89' lang='lat' dir='ltr'>Hispania-</span> 
     </span>
     <span class='ocr_line' id='line_1_27' title="bbox 307 1799 2016 1851; baseline -0.005 -6"><span class='ocrx_word' id='word_1_271' title='bbox 307 1822 396 1844; x_wconf 89' lang='lat' dir='ltr'>rum</span> <span class='ocrx_word' id='word_1_272' title='bbox 423 1806 710 1845; x_wconf 86' lang='lat' dir='ltr'>communicato</span> <span class='ocrx_word' id='word_1_273' title='bbox 739 1804 904 1842; x_wconf 90' lang='lat' dir='ltr'>consilio</span> <span class='ocrx_word' id='word_1_274' title='bbox 932 1804 1076 1841; x_wconf 85' lang='lat' dir='ltr'>scirent</span> <span class='ocrx_word' id='word_1_275' title='bbox 1103 1803 1303 1840; x_wconf 70' lang='lat' dir='ltr'>veritatem</span> <span class='ocrx_word' id='word_1_276' title='bbox 1331 1810 1364 1839; x_wconf 89' lang='lat' dir='ltr'>et</span> <span class='ocrx_word' id='word_1_277' title='bbox 1392 1809 1562 1839; x_wconf 87' lang='lat' dir='ltr'>tenerent</span> <span class='ocrx_word' id='word_1_278' title='bbox 1588 1809 1741 1851; x_wconf 88' lang='lat' dir='ltr'>partem</span> <span class='ocrx_word' id='word_1_279' title='bbox 1769 1799 1944 1838; x_wconf 68' lang='lat' dir='ltr'>veritatis</span> <span class='ocrx_word' id='word_1_280' title='bbox 1973 1800 2016 1837; x_wconf 86' lang='lat' dir='ltr'>in</span> 
     </span>
     <span class='ocr_line' id='line_1_28' title="bbox 306 1859 2017 1915; baseline -0.005 -11"><span class='ocrx_word' id='word_1_281' title='bbox 306 1867 409 1915; x_wconf 75' lang='lat' dir='ltr'>jacto</span> <span class='ocrx_word' id='word_1_282' title='bbox 435 1866 557 1915; x_wconf 77' lang='lat' dir='ltr'>liujus</span> <span class='ocrx_word' id='word_1_283' title='bbox 583 1864 795 1902; x_wconf 61' lang='lat' dir='ltr'>scismati&amp;</span> <span class='ocrx_word' id='word_1_284' title='bbox 825 1864 877 1900; x_wconf 78' lang='lat' dir='ltr'>Et</span> <span class='ocrx_word' id='word_1_285' title='bbox 904 1863 989 1913; x_wconf 88' lang='lat' dir='ltr'>ipse</span> <span class='ocrx_word' id='word_1_286' title='bbox 1015 1877 1081 1900; x_wconf 70' lang='lat' dir='ltr'>rea:</span> <span class='ocrx_word' id='word_1_287' title='bbox 1108 1862 1280 1899; x_wconf 87' lang='lat' dir='ltr'>Francie</span> <span class='ocrx_word' id='word_1_288' title='bbox 1306 1861 1509 1911; x_wconf 85' lang='lat' dir='ltr'>respondit</span> <span class='ocrx_word' id='word_1_289' title='bbox 1535 1861 1637 1911; x_wconf 82' lang='lat' dir='ltr'>quod</span> <span class='ocrx_word' id='word_1_290' title='bbox 1664 1860 1749 1911; x_wconf 91' lang='lat' dir='ltr'>ipse</span> <span class='ocrx_word' id='word_1_291' title='bbox 1777 1859 2017 1909; x_wconf 72' lang='lat' dir='ltr'>informatus</span> 
     </span>
     <span class='ocr_line' id='line_1_29' title="bbox 308 1919 2017 1973; baseline -0.005 -10"><span class='ocrx_word' id='word_1_292' title='bbox 308 1934 390 1963; x_wconf 89' lang='lat' dir='ltr'>erat</span> <span class='ocrx_word' id='word_1_293' title='bbox 412 1927 456 1963; x_wconf 88' lang='lat' dir='ltr'>de</span> <span class='ocrx_word' id='word_1_294' title='bbox 479 1925 637 1962; x_wconf 67' lang='lat' dir='ltr'>veritate</span> <span class='ocrx_word' id='word_1_295' title='bbox 658 1924 762 1961; x_wconf 88' lang='lat' dir='ltr'>sicut</span> <span class='ocrx_word' id='word_1_296' title='bbox 783 1931 934 1973; x_wconf 89' lang='lat' dir='ltr'>poterat</span> <span class='ocrx_word' id='word_1_297' title='bbox 956 1922 1042 1972; x_wconf 74' lang='lat' dir='ltr'>fieri</span> <span class='ocrx_word' id='word_1_298' title='bbox 1066 1936 1135 1972; x_wconf 90' lang='lat' dir='ltr'>per</span> <span class='ocrx_word' id='word_1_299' title='bbox 1156 1921 1335 1959; x_wconf 77' lang='lat' dir='ltr'>homines</span> <span class='ocrx_word' id='word_1_300' title='bbox 1359 1921 1401 1958; x_wconf 91' lang='lat' dir='ltr'>in</span> <span class='ocrx_word' id='word_1_301' title='bbox 1424 1920 1626 1967; x_wconf 78' lang='lat' dir='ltr'>humanis,</span> <span class='ocrx_word' id='word_1_302' title='bbox 1650 1928 1684 1957; x_wconf 89' lang='lat' dir='ltr'>et</span> <span class='ocrx_word' id='word_1_303' title='bbox 1706 1920 1808 1969; x_wconf 79' lang='lat' dir='ltr'>quod</span> <span class='ocrx_word' id='word_1_304' title='bbox 1830 1919 1915 1970; x_wconf 88' lang='lat' dir='ltr'>ipse</span> <span class='ocrx_word' id='word_1_305' title='bbox 1937 1932 2017 1955; x_wconf 88' lang='lat' dir='ltr'>non</span> 
     </span>
     <span class='ocr_line' id='line_1_30' title="bbox 309 1978 2017 2036; baseline -0.005 -13"><span class='ocrx_word' id='word_1_306' title='bbox 309 1993 458 2036; x_wconf 83' lang='lat' dir='ltr'>poterat</span> <span class='ocrx_word' id='word_1_307' title='bbox 485 1985 644 2034; x_wconf 72' lang='lat' dir='ltr'>differre</span> <span class='ocrx_word' id='word_1_308' title='bbox 670 1983 986 2029; x_wconf 84' lang='lat' dir='ltr'>declarationem,</span> <span class='ocrx_word' id='word_1_309' title='bbox 1007 1981 1102 2031; x_wconf 78' lang='lat' dir='ltr'>quia</span> <span class='ocrx_word' id='word_1_310' title='bbox 1122 1989 1251 2030; x_wconf 77' lang='lat' dir='ltr'>ageret</span> <span class='ocrx_word' id='word_1_311' title='bbox 1278 1988 1412 2018; x_wconf 86' lang='lat' dir='ltr'>contra</span> <span class='ocrx_word' id='word_1_312' title='bbox 1439 1979 1735 2026; x_wconf 77' lang='lat' dir='ltr'>conscientiam,</span> <span class='ocrx_word' id='word_1_313' title='bbox 1760 1978 1855 2029; x_wconf 82' lang='lat' dir='ltr'>quia</span> <span class='ocrx_word' id='word_1_314' title='bbox 1881 1978 2017 2015; x_wconf 89' lang='lat' dir='ltr'>nullus</span> 
     </span>
     <span class='ocr_line' id='line_1_31' title="bbox 309 2037 2016 2094; baseline -0.005 -12"><span class='ocrx_word' id='word_1_315' title='bbox 309 2046 446 2082; x_wconf 88' lang='lat' dir='ltr'>modus</span> <span class='ocrx_word' id='word_1_316' title='bbox 471 2043 719 2094; x_wconf 87' lang='lat' dir='ltr'>probationis</span> <span class='ocrx_word' id='word_1_317' title='bbox 746 2050 874 2092; x_wconf 80' lang='lat' dir='ltr'>posset</span> <span class='ocrx_word' id='word_1_318' title='bbox 901 2041 1073 2079; x_wconf 65' lang='lat' dir='ltr'>inveniri</span> <span class='ocrx_word' id='word_1_319' title='bbox 1101 2041 1144 2078; x_wconf 90' lang='lat' dir='ltr'>in</span> <span class='ocrx_word' id='word_1_320' title='bbox 1171 2041 1246 2077; x_wconf 85' lang='lat' dir='ltr'>ista</span> <span class='ocrx_word' id='word_1_321' title='bbox 1274 2039 1439 2077; x_wconf 86' lang='lat' dir='ltr'>materia</span> <span class='ocrx_word' id='word_1_322' title='bbox 1465 2039 1546 2076; x_wconf 88' lang='lat' dir='ltr'>nisi</span> <span class='ocrx_word' id='word_1_323' title='bbox 1573 2040 1675 2089; x_wconf 82' lang='lat' dir='ltr'>quod</span> <span class='ocrx_word' id='word_1_324' title='bbox 1698 2038 1849 2076; x_wconf 83' lang='lat' dir='ltr'>sciatur</span> <span class='ocrx_word' id='word_1_325' title='bbox 1874 2037 2016 2075; x_wconf 75' lang='lat' dir='ltr'>veritas</span> 
     </span>
     <span class='ocr_line' id='line_1_32' title="bbox 306 2096 2016 2154; baseline -0.005 -12"><span class='ocrx_word' id='word_1_326' title='bbox 306 2120 330 2142; x_wconf 79' lang='lat' dir='ltr'>a</span> <span class='ocrx_word' id='word_1_327' title='bbox 359 2112 468 2154; x_wconf 88' lang='lat' dir='ltr'>parte</span> <span class='ocrx_word' id='word_1_328' title='bbox 499 2102 677 2141; x_wconf 87' lang='lat' dir='ltr'>interiori</span> <span class='ocrx_word' id='word_1_329' title='bbox 708 2101 903 2139; x_wconf 72' lang='lat' dir='ltr'>conclavis</span> <span class='ocrx_word' id='word_1_330' title='bbox 932 2109 966 2139; x_wconf 93' lang='lat' dir='ltr'>et</span> <span class='ocrx_word' id='word_1_331' title='bbox 994 2100 1101 2138; x_wconf 89' lang='lat' dir='ltr'>alius</span> <span class='ocrx_word' id='word_1_332' title='bbox 1132 2101 1270 2138; x_wconf 83' lang='lat' dir='ltr'>modus</span> <span class='ocrx_word' id='word_1_333' title='bbox 1299 2114 1323 2137; x_wconf 93' lang='lat' dir='ltr'>a</span> <span class='ocrx_word' id='word_1_334' title='bbox 1351 2107 1462 2149; x_wconf 87' lang='lat' dir='ltr'>parte</span> <span class='ocrx_word' id='word_1_335' title='bbox 1491 2098 1685 2136; x_wconf 73' lang='lat' dir='ltr'>exteriori.</span> <span class='ocrx_word' id='word_1_336' title='bbox 1718 2097 1827 2135; x_wconf 89' lang='lat' dir='ltr'>Nam</span> <span class='ocrx_word' id='word_1_337' title='bbox 1866 2096 2016 2135; x_wconf 87' lang='lat' dir='ltr'>dicebat</span> 
     </span>
     <span class='ocr_line' id='line_1_33' title="bbox 309 2156 2017 2214; baseline -0.005 -13"><span class='ocrx_word' id='word_1_338' title='bbox 309 2164 392 2214; x_wconf 88' lang='lat' dir='ltr'>ipse</span> <span class='ocrx_word' id='word_1_339' title='bbox 426 2164 527 2213; x_wconf 82' lang='lat' dir='ltr'>quod</span> <span class='ocrx_word' id='word_1_340' title='bbox 561 2161 809 2212; x_wconf 84' lang='lat' dir='ltr'>impossibile</span> <span class='ocrx_word' id='word_1_341' title='bbox 842 2168 939 2198; x_wconf 88' lang='lat' dir='ltr'>esset</span> <span class='ocrx_word' id='word_1_342' title='bbox 971 2160 1100 2198; x_wconf 86' lang='lat' dir='ltr'>alium</span> <span class='ocrx_word' id='word_1_343' title='bbox 1133 2160 1292 2197; x_wconf 89' lang='lat' dir='ltr'>modum</span> <span class='ocrx_word' id='word_1_344' title='bbox 1325 2158 1575 2209; x_wconf 87' lang='lat' dir='ltr'>probationis</span> <span class='ocrx_word' id='word_1_345' title='bbox 1610 2157 1799 2195; x_wconf 69' lang='lat' dir='ltr'>invenire.</span> <span class='ocrx_word' id='word_1_346' title='bbox 1835 2156 1872 2194; x_wconf 88' lang='lat' dir='ltr'><em>A</em></span> <span class='ocrx_word' id='word_1_347' title='bbox 1906 2163 2017 2206; x_wconf 89' lang='lat' dir='ltr'>parte</span> 
     </span>
     <span class='ocr_line' id='line_1_34' title="bbox 309 2217 2017 2273; baseline -0.005 -13"><span class='ocrx_word' id='word_1_348' title='bbox 309 2223 512 2273; x_wconf 79' lang='lat' dir='ltr'>utriusque</span> <span class='ocrx_word' id='word_1_349' title='bbox 548 2221 750 2260; x_wconf 59' lang='lat' dir='ltr'>eatterioris</span> <span class='ocrx_word' id='word_1_350' title='bbox 797 2220 945 2258; x_wconf 90' lang='lat' dir='ltr'>notorie</span> <span class='ocrx_word' id='word_1_351' title='bbox 981 2228 1048 2267; x_wconf 90' lang='lat' dir='ltr'>est,</span> <span class='ocrx_word' id='word_1_352' title='bbox 1087 2227 1128 2257; x_wconf 83' lang='lat' dir='ltr'>ut</span> <span class='ocrx_word' id='word_1_353' title='bbox 1166 2219 1250 2269; x_wconf 86' lang='lat' dir='ltr'>ipse</span> <span class='ocrx_word' id='word_1_354' title='bbox 1288 2218 1451 2265; x_wconf 87' lang='lat' dir='ltr'>dicebat,</span> <span class='ocrx_word' id='word_1_355' title='bbox 1491 2217 1698 2267; x_wconf 84' lang='lat' dir='ltr'>impressio</span> <span class='ocrx_word' id='word_1_356' title='bbox 1731 2217 2017 2262; x_wconf 85' lang='lat' dir='ltr'>Romanorum,</span> 
     </span>
     <span class='ocr_line' id='line_1_35' title="bbox 308 2274 2015 2332; baseline -0.005 -12"><span class='ocrx_word' id='word_1_357' title='bbox 308 2283 453 2320; x_wconf 85' lang='lat' dir='ltr'>clamor</span> <span class='ocrx_word' id='word_1_358' title='bbox 472 2281 613 2332; x_wconf 82' lang='lat' dir='ltr'>populi</span> <span class='ocrx_word' id='word_1_359' title='bbox 634 2280 801 2319; x_wconf 87' lang='lat' dir='ltr'>dicentis</span> <span class='ocrx_word' id='word_1_360' title='bbox 820 2280 1049 2317; x_wconf 85' lang='lat' dir='ltr'>Romanum</span> <span class='ocrx_word' id='word_1_361' title='bbox 1068 2279 1248 2316; x_wconf 70' lang='lat' dir='ltr'>volumus</span> <span class='ocrx_word' id='word_1_362' title='bbox 1268 2278 1325 2315; x_wconf 65' lang='lat' dir='ltr'>vel</span> <span class='ocrx_word' id='word_1_363' title='bbox 1346 2277 1546 2324; x_wconf 80' lang='lat' dir='ltr'>Italicum,</span> <span class='ocrx_word' id='word_1_364' title='bbox 1567 2276 1671 2314; x_wconf 88' lang='lat' dir='ltr'>alias</span> <span class='ocrx_word' id='word_1_365' title='bbox 1691 2290 1824 2313; x_wconf 87' lang='lat' dir='ltr'>omnes</span> <span class='ocrx_word' id='word_1_366' title='bbox 1843 2274 2015 2313; x_wconf 88' lang='lat' dir='ltr'>morian-</span> 
     </span>
     <span class='ocr_line' id='line_1_36' title="bbox 310 2335 2017 2390; baseline -0.005 -11"><span class='ocrx_word' id='word_1_367' title='bbox 310 2351 384 2390; x_wconf 86' lang='lat' dir='ltr'>tur,</span> <span class='ocrx_word' id='word_1_368' title='bbox 410 2341 564 2379; x_wconf 61' lang='lat' dir='ltr'>invasio</span> <span class='ocrx_word' id='word_1_369' title='bbox 586 2339 782 2378; x_wconf 67' lang='lat' dir='ltr'>conclavis</span> <span class='ocrx_word' id='word_1_370' title='bbox 803 2348 837 2376; x_wconf 92' lang='lat' dir='ltr'>et</span> <span class='ocrx_word' id='word_1_371' title='bbox 859 2338 1070 2389; x_wconf 85' lang='lat' dir='ltr'>disruptio,</span> <span class='ocrx_word' id='word_1_372' title='bbox 1092 2346 1126 2375; x_wconf 90' lang='lat' dir='ltr'>et</span> <span class='ocrx_word' id='word_1_373' title='bbox 1146 2339 1246 2387; x_wconf 76' lang='lat' dir='ltr'>fuga</span> <span class='ocrx_word' id='word_1_374' title='bbox 1267 2336 1540 2375; x_wconf 79' lang='lat' dir='ltr'>cardinalium</span> <span class='ocrx_word' id='word_1_375' title='bbox 1559 2337 1611 2374; x_wconf 91' lang='lat' dir='ltr'>ad</span> <span class='ocrx_word' id='word_1_376' title='bbox 1632 2335 1786 2373; x_wconf 70' lang='lat' dir='ltr'>diversa</span> <span class='ocrx_word' id='word_1_377' title='bbox 1807 2335 1890 2372; x_wconf 87' lang='lat' dir='ltr'>loca</span> <span class='ocrx_word' id='word_1_378' title='bbox 1910 2342 2017 2372; x_wconf 73' lang='lat' dir='ltr'>extra</span> 
     </span>
     <span class='ocr_line' id='line_1_37' title="bbox 316 2393 2016 2448; baseline -0.005 -9"><span class='ocrx_word' id='word_1_379' title='bbox 316 2402 460 2440; x_wconf 89' lang='lat' dir='ltr'>Urbem</span> <span class='ocrx_word' id='word_1_380' title='bbox 477 2409 509 2438; x_wconf 87' lang='lat' dir='ltr'>et</span> <span class='ocrx_word' id='word_1_381' title='bbox 528 2401 570 2437; x_wconf 91' lang='lat' dir='ltr'>in</span> <span class='ocrx_word' id='word_1_382' title='bbox 594 2400 708 2438; x_wconf 86' lang='lat' dir='ltr'>Urbe.</span> <span class='ocrx_word' id='word_1_383' title='bbox 731 2400 829 2436; x_wconf 87' lang='lat' dir='ltr'>Item</span> <span class='ocrx_word' id='word_1_384' title='bbox 845 2414 869 2436; x_wconf 90' lang='lat' dir='ltr'>a</span> <span class='ocrx_word' id='word_1_385' title='bbox 886 2406 996 2448; x_wconf 89' lang='lat' dir='ltr'>parte</span> <span class='ocrx_word' id='word_1_386' title='bbox 1014 2397 1192 2434; x_wconf 88' lang='lat' dir='ltr'>interiori</span> <span class='ocrx_word' id='word_1_387' title='bbox 1210 2396 1419 2442; x_wconf 65' lang='lat' dir='ltr'>conclaviS,</span> <span class='ocrx_word' id='word_1_388' title='bbox 1444 2395 1543 2433; x_wconf 83' lang='lat' dir='ltr'>seire</span> <span class='ocrx_word' id='word_1_389' title='bbox 1566 2402 1710 2433; x_wconf 87' lang='lat' dir='ltr'>mentes</span> <span class='ocrx_word' id='word_1_390' title='bbox 1732 2393 2016 2440; x_wconf 81' lang='lat' dir='ltr'>cardinalium,</span> 
     </span>
     <span class='ocr_line' id='line_1_38' title="bbox 312 2452 2018 2510; baseline -0.005 -12"><span class='ocrx_word' id='word_1_391' title='bbox 312 2475 388 2510; x_wconf 81' lang='lat' dir='ltr'>qua</span> <span class='ocrx_word' id='word_1_392' title='bbox 414 2460 629 2497; x_wconf 82' lang='lat' dir='ltr'>intentione</span> <span class='ocrx_word' id='word_1_393' title='bbox 654 2460 862 2508; x_wconf 77' lang='lat' dir='ltr'>elegerunt.</span> <span class='ocrx_word' id='word_1_394' title='bbox 890 2458 941 2495; x_wconf 91' lang='lat' dir='ltr'>Et</span> <span class='ocrx_word' id='word_1_395' title='bbox 964 2457 1059 2507; x_wconf 75' lang='lat' dir='ltr'>quia</span> <span class='ocrx_word' id='word_1_396' title='bbox 1083 2471 1216 2494; x_wconf 88' lang='lat' dir='ltr'>omnes</span> <span class='ocrx_word' id='word_1_397' title='bbox 1240 2456 1314 2493; x_wconf 84' lang='lat' dir='ltr'>sub</span> <span class='ocrx_word' id='word_1_398' title='bbox 1337 2455 1561 2504; x_wconf 84' lang='lat' dir='ltr'>juramento</span> <span class='ocrx_word' id='word_1_399' title='bbox 1586 2461 1768 2492; x_wconf 88' lang='lat' dir='ltr'>asserunt</span> <span class='ocrx_word' id='word_1_400' title='bbox 1791 2467 1830 2490; x_wconf 88' lang='lat' dir='ltr'>se</span> <span class='ocrx_word' id='word_1_401' title='bbox 1855 2452 2018 2501; x_wconf 82' lang='lat' dir='ltr'>elegisse</span> 
     </span>
     <span class='ocr_line' id='line_1_39' title="bbox 314 2512 2016 2566; baseline -0.006 -9"><span class='ocrx_word' id='word_1_402' title='bbox 314 2528 416 2557; x_wconf 85' lang='lat' dir='ltr'>metu</span> <span class='ocrx_word' id='word_1_403' title='bbox 442 2519 591 2565; x_wconf 88' lang='lat' dir='ltr'>mortis,</span> <span class='ocrx_word' id='word_1_404' title='bbox 618 2519 721 2556; x_wconf 84' lang='lat' dir='ltr'>alias</span> <span class='ocrx_word' id='word_1_405' title='bbox 748 2532 826 2555; x_wconf 89' lang='lat' dir='ltr'>non</span> <span class='ocrx_word' id='word_1_406' title='bbox 849 2517 1008 2566; x_wconf 73' lang='lat' dir='ltr'>facturi,</span> <span class='ocrx_word' id='word_1_407' title='bbox 1037 2516 1241 2553; x_wconf 67' lang='lat' dir='ltr'>videbatur</span> <span class='ocrx_word' id='word_1_408' title='bbox 1264 2515 1344 2552; x_wconf 87' lang='lat' dir='ltr'>sibi</span> <span class='ocrx_word' id='word_1_409' title='bbox 1370 2515 1471 2564; x_wconf 76' lang='lat' dir='ltr'>quod</span> <span class='ocrx_word' id='word_1_410' title='bbox 1496 2514 1572 2551; x_wconf 88' lang='lat' dir='ltr'>ista</span> <span class='ocrx_word' id='word_1_411' title='bbox 1596 2521 1677 2551; x_wconf 86' lang='lat' dir='ltr'>erat</span> <span class='ocrx_word' id='word_1_412' title='bbox 1700 2512 1901 2562; x_wconf 77' lang='lat' dir='ltr'>sufficiens</span> <span class='ocrx_word' id='word_1_413' title='bbox 1929 2524 2016 2561; x_wconf 90' lang='lat' dir='ltr'>pro-</span> 
     </span>
     <span class='ocr_line' id='line_1_40' title="bbox 315 2570 2016 2628; baseline -0.005 -12"><span class='ocrx_word' id='word_1_414' title='bbox 315 2579 429 2616; x_wconf 68' lang='lat' dir='ltr'>batto.</span> <span class='ocrx_word' id='word_1_415' title='bbox 452 2579 530 2616; x_wconf 85' lang='lat' dir='ltr'>Sed</span> <span class='ocrx_word' id='word_1_416' title='bbox 548 2579 648 2628; x_wconf 78' lang='lat' dir='ltr'>quod</span> <span class='ocrx_word' id='word_1_417' title='bbox 666 2577 829 2626; x_wconf 77' lang='lat' dir='ltr'>rogabat</span> <span class='ocrx_word' id='word_1_418' title='bbox 847 2591 974 2625; x_wconf 75' lang='lat' dir='ltr'>regem</span> <span class='ocrx_word' id='word_1_419' title='bbox 993 2576 1158 2613; x_wconf 82' lang='lat' dir='ltr'>Castelle</span> <span class='ocrx_word' id='word_1_420' title='bbox 1177 2576 1278 2624; x_wconf 82' lang='lat' dir='ltr'>quod</span> <span class='ocrx_word' id='word_1_421' title='bbox 1294 2588 1333 2611; x_wconf 89' lang='lat' dir='ltr'>se</span> <span class='ocrx_word' id='word_1_422' title='bbox 1362 2574 1592 2623; x_wconf 70' lang='lat' dir='ltr'>informaret</span> <span class='ocrx_word' id='word_1_423' title='bbox 1610 2574 1654 2610; x_wconf 89' lang='lat' dir='ltr'>de</span> <span class='ocrx_word' id='word_1_424' title='bbox 1673 2572 1830 2609; x_wconf 68' lang='lat' dir='ltr'>veritate</span> <span class='ocrx_word' id='word_1_425' title='bbox 1853 2570 2016 2621; x_wconf 87' lang='lat' dir='ltr'>plenius</span> 
     </span>
     <span class='ocr_line' id='line_1_41' title="bbox 312 2631 2017 2687; baseline -0.005 -12"><span class='ocrx_word' id='word_1_426' title='bbox 312 2652 429 2686; x_wconf 77' lang='lat' dir='ltr'>quam</span> <span class='ocrx_word' id='word_1_427' title='bbox 456 2646 594 2687; x_wconf 85' lang='lat' dir='ltr'>posset.</span> <span class='ocrx_word' id='word_1_428' title='bbox 624 2636 731 2674; x_wconf 80' lang='lat' dir='ltr'>Nam</span> <span class='ocrx_word' id='word_1_429' title='bbox 753 2636 904 2686; x_wconf 69' lang='lat' dir='ltr'>juravit</span> <span class='ocrx_word' id='word_1_430' title='bbox 928 2636 980 2673; x_wconf 85' lang='lat' dir='ltr'>ad</span> <span class='ocrx_word' id='word_1_431' title='bbox 1003 2643 1140 2672; x_wconf 83' lang='lat' dir='ltr'>sancta</span> <span class='ocrx_word' id='word_1_432' title='bbox 1163 2634 1239 2671; x_wconf 85' lang='lat' dir='ltr'>Dei</span> <span class='ocrx_word' id='word_1_433' title='bbox 1264 2633 1469 2681; x_wconf 67' lang='lat' dir='ltr'>evangelia</span> <span class='ocrx_word' id='word_1_434' title='bbox 1494 2641 1528 2669; x_wconf 88' lang='lat' dir='ltr'>et</span> <span class='ocrx_word' id='word_1_435' title='bbox 1552 2631 1742 2681; x_wconf 77' lang='lat' dir='ltr'>reliquias</span> <span class='ocrx_word' id='word_1_436' title='bbox 1771 2637 2017 2668; x_wconf 66' lang='lat' dir='ltr'>conservatas</span> 
     </span>
     <span class='ocr_line' id='line_1_42' title="bbox 314 2688 2020 2746; baseline -0.005 -13"><span class='ocrx_word' id='word_1_437' title='bbox 314 2697 355 2733; x_wconf 89' lang='lat' dir='ltr'>in</span> <span class='ocrx_word' id='word_1_438' title='bbox 383 2698 532 2746; x_wconf 80' lang='lat' dir='ltr'>capella</span> <span class='ocrx_word' id='word_1_439' title='bbox 561 2711 630 2746; x_wconf 78' lang='lat' dir='ltr'>que</span> <span class='ocrx_word' id='word_1_440' title='bbox 658 2704 739 2733; x_wconf 88' lang='lat' dir='ltr'>erat</span> <span class='ocrx_word' id='word_1_441' title='bbox 768 2695 810 2732; x_wconf 90' lang='lat' dir='ltr'>in</span> <span class='ocrx_word' id='word_1_442' title='bbox 839 2695 906 2732; x_wconf 86' lang='lat' dir='ltr'>illo</span> <span class='ocrx_word' id='word_1_443' title='bbox 934 2694 1086 2744; x_wconf 89' lang='lat' dir='ltr'>palatio</span> <span class='ocrx_word' id='word_1_444' title='bbox 1114 2694 1215 2744; x_wconf 78' lang='lat' dir='ltr'>quod</span> <span class='ocrx_word' id='word_1_445' title='bbox 1255 2693 1367 2730; x_wconf 85' lang='lat' dir='ltr'>nulla</span> <span class='ocrx_word' id='word_1_446' title='bbox 1395 2691 1603 2741; x_wconf 69' lang='lat' dir='ltr'>affectione</span> <span class='ocrx_word' id='word_1_447' title='bbox 1632 2690 1845 2728; x_wconf 86' lang='lat' dir='ltr'>ducebatur</span> <span class='ocrx_word' id='word_1_448' title='bbox 1873 2688 1916 2726; x_wconf 88' lang='lat' dir='ltr'>in</span> <span class='ocrx_word' id='word_1_449' title='bbox 1944 2688 2020 2726; x_wconf 87' lang='lat' dir='ltr'>isto</span> 
     </span>
     <span class='ocr_line' id='line_1_43' title="bbox 311 2748 2018 2804; baseline -0.005 -11"><span class='ocrx_word' id='word_1_450' title='bbox 311 2756 424 2803; x_wconf 68' lang='lat' dir='ltr'>jacto,</span> <span class='ocrx_word' id='word_1_451' title='bbox 455 2756 522 2793; x_wconf 83' lang='lat' dir='ltr'>sed</span> <span class='ocrx_word' id='word_1_452' title='bbox 550 2756 678 2792; x_wconf 85' lang='lat' dir='ltr'>solum</span> <span class='ocrx_word' id='word_1_453' title='bbox 707 2755 808 2804; x_wconf 75' lang='lat' dir='ltr'>quod</span> <span class='ocrx_word' id='word_1_454' title='bbox 836 2754 984 2791; x_wconf 84' lang='lat' dir='ltr'>sciebat</span> <span class='ocrx_word' id='word_1_455' title='bbox 1014 2754 1115 2803; x_wconf 77' lang='lat' dir='ltr'>quod</span> <span class='ocrx_word' id='word_1_456' title='bbox 1143 2752 1274 2790; x_wconf 83' lang='lat' dir='ltr'>electio</span> <span class='ocrx_word' id='word_1_457' title='bbox 1305 2751 1428 2801; x_wconf 89' lang='lat' dir='ltr'>primi</span> <span class='ocrx_word' id='word_1_458' title='bbox 1458 2750 1564 2788; x_wconf 87' lang='lat' dir='ltr'>electi</span> <span class='ocrx_word' id='word_1_459' title='bbox 1593 2757 1676 2787; x_wconf 88' lang='lat' dir='ltr'>erat</span> <span class='ocrx_word' id='word_1_460' title='bbox 1706 2748 1955 2799; x_wconf 68' lang='lat' dir='ltr'>impressiva,</span> <span class='ocrx_word' id='word_1_461' title='bbox 1985 2754 2018 2784; x_wconf 85' lang='lat' dir='ltr'>et</span> 
     </span>
     <span class='ocr_line' id='line_1_44' title="bbox 312 2807 2018 2863; baseline -0.004 -14"><span class='ocrx_word' id='word_1_462' title='bbox 312 2816 479 2851; x_wconf 74' lang='lat' dir='ltr'>secunda</span> <span class='ocrx_word' id='word_1_463' title='bbox 514 2823 594 2852; x_wconf 80' lang='lat' dir='ltr'>erat</span> <span class='ocrx_word' id='word_1_464' title='bbox 625 2815 730 2863; x_wconf 72' lang='lat' dir='ltr'>facta</span> <span class='ocrx_word' id='word_1_465' title='bbox 764 2814 807 2851; x_wconf 73' lang='lat' dir='ltr'>{Ie</span> <span class='ocrx_word' id='word_1_466' title='bbox 840 2814 1036 2851; x_wconf 63' lang='lat' dir='ltr'>voluntate</span> <span class='ocrx_word' id='word_1_467' title='bbox 1069 2812 1194 2849; x_wconf 84' lang='lat' dir='ltr'>libera</span> <span class='ocrx_word' id='word_1_468' title='bbox 1227 2810 1497 2849; x_wconf 85' lang='lat' dir='ltr'>cardinalium</span> <span class='ocrx_word' id='word_1_469' title='bbox 1529 2817 1563 2846; x_wconf 93' lang='lat' dir='ltr'>et</span> <span class='ocrx_word' id='word_1_470' title='bbox 1594 2808 1782 2847; x_wconf 84' lang='lat' dir='ltr'>canonice</span> <span class='ocrx_word' id='word_1_471' title='bbox 1814 2807 2018 2845; x_wconf 84' lang='lat' dir='ltr'>celebrata.</span> 
     </span>
     <span class='ocr_line' id='line_1_45' title="bbox 316 2867 2019 2926; baseline -0.004 -17"><span class='ocrx_word' id='word_1_472' title='bbox 316 2874 460 2926; x_wconf 56' lang='lat' dir='ltr'>Ecjsleo</span> <span class='ocrx_word' id='word_1_473' title='bbox 478 2874 685 2910; x_wconf 76' lang='lat' dir='ltr'>adherebat</span> <span class='ocrx_word' id='word_1_474' title='bbox 711 2873 776 2910; x_wconf 84' lang='lat' dir='ltr'>isti</span> <span class='ocrx_word' id='word_1_475' title='bbox 796 2872 989 2910; x_wconf 87' lang='lat' dir='ltr'>Clementi</span> <span class='ocrx_word' id='word_1_476' title='bbox 1020 2879 1061 2908; x_wconf 87' lang='lat' dir='ltr'>ut</span> <span class='ocrx_word' id='word_1_477' title='bbox 1085 2885 1171 2908; x_wconf 65' lang='lat' dir='ltr'>vero</span> <span class='ocrx_word' id='word_1_478' title='bbox 1194 2885 1297 2920; x_wconf 81' lang='lat' dir='ltr'>pape</span> <span class='ocrx_word' id='word_1_479' title='bbox 1320 2883 1484 2919; x_wconf 79' lang='lat' dir='ltr'>sequens</span> <span class='ocrx_word' id='word_1_480' title='bbox 1515 2868 1680 2917; x_wconf 69' lang='lat' dir='ltr'>vestigia</span> <span class='ocrx_word' id='word_1_481' title='bbox 1707 2867 2019 2917; x_wconf 89' lang='lat' dir='ltr'>predecessorum</span> 
     </span>
     <span class='ocr_line' id='line_1_46' title="bbox 311 2925 2017 2981; baseline -0.004 -13"><span class='ocrx_word' id='word_1_482' title='bbox 311 2946 485 2978; x_wconf 76' lang='lat' dir='ltr'>suornm,</span> <span class='ocrx_word' id='word_1_483' title='bbox 511 2933 576 2981; x_wconf 73' lang='lat' dir='ltr'>qui</span> <span class='ocrx_word' id='word_1_484' title='bbox 598 2947 750 2981; x_wconf 84' lang='lat' dir='ltr'>semper</span> <span class='ocrx_word' id='word_1_485' title='bbox 771 2939 957 2969; x_wconf 88' lang='lat' dir='ltr'>steterunt</span> <span class='ocrx_word' id='word_1_486' title='bbox 979 2945 1049 2981; x_wconf 90' lang='lat' dir='ltr'>pro</span> <span class='ocrx_word' id='word_1_487' title='bbox 1072 2930 1230 2967; x_wconf 59' lang='lat' dir='ltr'>seruitio</span> <span class='ocrx_word' id='word_1_488' title='bbox 1261 2929 1337 2966; x_wconf 87' lang='lat' dir='ltr'>Dei</span> <span class='ocrx_word' id='word_1_489' title='bbox 1373 2937 1407 2966; x_wconf 86' lang='lat' dir='ltr'>et</span> <span class='ocrx_word' id='word_1_490' title='bbox 1442 2927 1614 2965; x_wconf 84' lang='lat' dir='ltr'>Ecclesie</span> <span class='ocrx_word' id='word_1_491' title='bbox 1644 2926 1828 2964; x_wconf 77' lang='lat' dir='ltr'>catholice</span> <span class='ocrx_word' id='word_1_492' title='bbox 1862 2925 2017 2971; x_wconf 80' lang='lat' dir='ltr'>honore,</span> 
     </span>
    </p>
   </div>
   <div class='ocr_carea' id='block_1_3' title="bbox 319 3053 2018 3156">
    <p class='ocr_par' dir='ltr' id='par_1_4' title="bbox 319 3053 2018 3156">
     <span class='ocr_line' id='line_1_47' title="bbox 365 3053 2018 3102; baseline -0.004 -10"><span class='ocrx_word' id='word_1_493' title='bbox 365 3062 395 3092; x_wconf 70' lang='grc'>1.</span> <span class='ocrx_word' id='word_1_494' title='bbox 428 3061 465 3092; x_wconf 69' lang='grc' dir='ltr'>.</span> <span class='ocrx_word' id='word_1_495' title='bbox 491 3061 547 3097; x_wconf 66' lang='grc' dir='ltr'>,</span> <span class='ocrx_word' id='word_1_496' title='bbox 568 3073 635 3094; x_wconf 63' lang='lat' dir='ltr'>nm.</span> <span class='ocrx_word' id='word_1_497' title='bbox 658 3060 751 3092; x_wconf 78' lang='lat' dir='ltr'>latin</span> <span class='ocrx_word' id='word_1_498' title='bbox 772 3060 906 3102; x_wconf 73' lang='lat'>11745,</span> <span class='ocrx_word' id='word_1_499' title='bbox 926 3059 987 3092; x_wconf 79' lang='lat' dir='ltr'>fol.</span> <span class='ocrx_word' id='word_1_500' title='bbox 1011 3060 1053 3091; x_wconf 80' lang='lat'>20</span> <span class='ocrx_word' id='word_1_501' title='bbox 1073 3064 1116 3092; x_wconf 87' lang='lat' dir='ltr'>r0.</span> <span class='ocrx_word' id='word_1_502' title='bbox 1136 3077 1184 3081; x_wconf 26' lang='lat' dir='ltr'><em>Q</em></span> <span class='ocrx_word' id='word_1_503' title='bbox 1201 3057 1271 3091; x_wconf 85' lang='lat' dir='ltr'>Sur</span> <span class='ocrx_word' id='word_1_504' title='bbox 1289 3058 1339 3090; x_wconf 85' lang='lat' dir='ltr'>les</span> <span class='ocrx_word' id='word_1_505' title='bbox 1361 3056 1541 3090; x_wconf 85' lang='lat' dir='ltr'>relations</span> <span class='ocrx_word' id='word_1_506' title='bbox 1561 3056 1604 3089; x_wconf 90' lang='lat' dir='ltr'>de</span> <span class='ocrx_word' id='word_1_507' title='bbox 1630 3056 1666 3088; x_wconf 84' lang='lat' dir='ltr'>la</span> <span class='ocrx_word' id='word_1_508' title='bbox 1685 3054 1837 3088; x_wconf 78' lang='lat' dir='ltr'>Castille</span> <span class='ocrx_word' id='word_1_509' title='bbox 1856 3060 1894 3087; x_wconf 84' lang='lat' dir='ltr'>et</span> <span class='ocrx_word' id='word_1_510' title='bbox 1913 3053 1956 3086; x_wconf 87' lang='lat' dir='ltr'>de</span> <span class='ocrx_word' id='word_1_511' title='bbox 1983 3053 2018 3085; x_wconf 86' lang='lat' dir='ltr'>la</span> 
     </span>
     <span class='ocr_line' id='line_1_48' title="bbox 319 3112 1190 3156; baseline 0 -12"><span class='ocrx_word' id='word_1_512' title='bbox 319 3113 470 3151; x_wconf 48' lang='lat' dir='ltr'>Franco</span> <span class='ocrx_word' id='word_1_513' title='bbox 496 3113 574 3145; x_wconf 65' lang='lat' dir='ltr'>vnis</span> <span class='ocrx_word' id='word_1_514' title='bbox 603 3114 643 3145; x_wconf 65' lang='lat' dir='ltr'>N.</span> <span class='ocrx_word' id='word_1_515' title='bbox 671 3113 797 3145; x_wconf 79' lang='lat' dir='ltr'>Valois</span> <span class='ocrx_word' id='word_1_516' title='bbox 827 3113 865 3155; x_wconf 85' lang='lat' dir='ltr'>(t.</span> <span class='ocrx_word' id='word_1_517' title='bbox 891 3125 913 3151; x_wconf 74' lang='grc' dir='ltr'>,</span> <span class='ocrx_word' id='word_1_518' title='bbox 940 3125 974 3156; x_wconf 87' lang='lat' dir='ltr'>p.</span> <span class='ocrx_word' id='word_1_519' title='bbox 1003 3112 1190 3155; x_wconf 73' lang='grc'>195-211).</span> 
     </span>
    </p>
   </div>
  </div>
 </body>
</html>
