2083 3458
88 226 244 283 [1174]
612 243 828 268 PAPARUM
864 243 1247 268 AVENIONENSIUM
1695 227 1776 269 693

76 322 344 374 apostolicae,
379 336 460 372 quo
493 323 607 360 illum
640 337 686 361 ea
719 332 967 374 tempestate
1002 332 1193 362 ornatum
1227 323 1348 362 fuisse
1383 333 1557 362 constat.
1593 325 1780 363 Adnotat

76 383 190 421 enim
209 381 399 428 Bzovius,
422 395 486 419 an.
512 382 624 429 1216,
647 397 685 432 p.
709 382 797 429 249,
820 391 860 420 et
881 398 931 421 ex
951 397 997 421 eo
1020 383 1299 421 Ferdinandus
1324 383 1515 433 Ughellus
1538 384 1579 421 in
1600 385 1779 422 Additio-

83 442 201 479 nibus
230 441 282 478 ad
312 440 562 488 Ciaconium,
592 456 630 491 p.
662 442 751 488 966,
782 441 1020 491 Gregorium
1052 442 1111 479 XI
1141 442 1266 480 literis
1298 442 1403 480 datis
1435 442 1643 482 Avenione
1673 457 1780 481 anno

80 500 293 538 millesimo
327 500 542 538 CCCLXX
574 500 738 549 jussisse
772 509 818 538 ut
851 501 886 538 ei
922 501 1075 540 Romae
1118 501 1401 539 ostenderetur
1433 502 1571 540 vultus
1614 511 1779 541 sanctus

24 582 29 587 -
75 574 202 610 -quem
224 573 417 602 vocamus
439 559 693 598 Veronicam.
718 560 835 607 Quod
857 560 1053 598 Oldoinus
1074 560 1131 597 ita
1152 559 1460 610 interpretatur,
1482 569 1511 599 t.
1532 576 1573 608 11,
1595 561 1668 599 col.
1691 561 1779 608 610,

78 627 127 657 ut
150 627 289 657 extare
315 618 426 656 dicat
449 618 633 667 ejusdem
658 618 838 668 Gregorii
861 619 998 656 literas
1023 619 1075 656 ad
1099 619 1207 657 hunc
1231 620 1426 658 abbatem
1451 619 1779 669 Majorismonas-

80 678 173 716 terii
198 677 240 715 in
275 677 393 714 Italia
419 677 647 726 degentem,
677 678 823 727 quibus
844 678 1032 727 pontifex
1055 678 1089 715 ei
1112 679 1276 717 vultum
1297 686 1485 716 sanctum
1512 681 1634 728 vulgo
1660 680 1779 717 Vero-

82 738 214 775 nicam
246 736 405 775 ostendi
431 736 562 785 jubet.
588 736 767 783 Auberyi
790 736 992 774 divinatio
1014 738 1121 774 ultra
1143 738 1351 786 processit.
1375 738 1443 775 Ait
1465 738 1572 775 enim
1596 738 1709 776 illum
1739 738 1780 775 in

88 796 251 834 Italiam
282 795 511 846 profectum
544 803 592 833 ut
623 795 816 833 inviseret
847 796 934 833 loca
967 804 1123 842 sancta,
1156 804 1326 845 tumque
1359 810 1510 846 papam
1543 797 1781 847 Gregorium

82 855 209 893 literis
233 854 579 893 commendatitiis
602 854 713 891 illum
738 854 976 892 instruxisse
999 863 1046 891 ut
1068 854 1168 892 citra
1191 855 1316 892 ullam
1339 855 1620 894 difficultatem
1645 856 1780 894 videre

84 922 223 965 posset
247 913 436 963 reliquias
463 922 699 951 sanctorum
725 913 993 963 pretiosiores.
1023 914 1139 961 Quod
1165 914 1470 964 paraphrastice
1495 923 1706 965 sumptum
1732 929 1782 953 ex

88 973 271 1023 Ughello,
297 973 475 1012 multum
499 973 663 1010 recessit
688 987 709 1010 a
737 972 908 1019 veritate
934 973 989 1010 rei
1015 981 1162 1022 gestae.

139 1032 202 1069 Ad
231 1032 406 1070 officium
434 1032 677 1069 thesaurarii
705 1032 814 1081 quod
840 1031 1005 1077 attinet,
1033 1040 1211 1069 testatur
1239 1032 1457 1070 Gobelinus
1487 1033 1661 1070 Persona
1690 1032 1782 1070 Cos-

86 1090 295 1129 modromii
314 1099 451 1129 aetate
472 1090 507 1137 6,
525 1105 611 1141 cap.
631 1105 774 1138 Lxxm,
796 1091 903 1129 hunc
924 1091 1141 1128 Geraldum
1164 1091 1355 1129 abbatem
1379 1091 1784 1140 Majorismonasterii

87 1150 346 1198 Turonensis,
369 1150 438 1199 qui
459 1158 601 1200 postea
626 1150 757 1188 factus
781 1149 859 1187 fuit
881 1149 1109 1196 cardinalis,
1133 1149 1301 1189 missum
1324 1150 1443 1188 fuisse
1466 1150 1505 1187 in
1532 1150 1693 1187 Italiam
1714 1165 1784 1200 per

84 1224 238 1260 papam
268 1209 310 1246 in
340 1209 641 1247 thesaurarium
672 1218 713 1247 et
745 1209 1001 1246 collectorem
1032 1209 1303 1247 universalem
1334 1217 1534 1247 terrarum
1568 1209 1783 1248 Ecclesiae.

86 1269 187 1307 Vide
213 1269 338 1307 etiam
362 1268 575 1314 Bzovium,
602 1282 666 1306 an.
696 1268 809 1313 1372,
842 1268 858 1316 ξ
884 1268 919 1305 4.

141 1328 260 1365 Anno
286 1327 590 1366 MCCCLXXII
617 1327 830 1377 Gregorius
859 1328 918 1364 XI
944 1327 978 1364 ei
1004 1326 1208 1365 commisit
1233 1327 1570 1376 gubernationem
1605 1326 1783 1365 civitatis

90 1387 321 1434 Perusinae,
358 1386 596 1437 patrimonii
632 1386 743 1424 beati
781 1386 902 1433 Petri,
939 1394 980 1423 et
1017 1394 1220 1423 certarum
1255 1386 1427 1424 aliarum
1463 1386 1784 1436 provinciarum3

87 1447 228 1499 Prima
264 1446 343 1484 vita
376 1446 552 1495 Gregorii.
580 1446 661 1493 XI,
689 1461 727 1495 p.
757 1445 846 1492 421,
875 1454 915 1483 et
942 1445 1156 1495 Pompeius
1193 1445 1382 1491 Pellinus,
1409 1453 1437 1482 t.
1463 1460 1474 1482 1
1499 1445 1604 1483 Hist.
1632 1446 1785 1491 Perus,

88 1521 128 1556 p.
159 1506 272 1544 1117.
302 1505 401 1555 Ejus
430 1505 485 1543 rei
513 1505 667 1543 mentio
695 1513 756 1543 est
783 1505 823 1542 in
851 1504 1022 1554 epistola
1052 1504 1231 1553 Gregorii
1259 1504 1310 1541 ad
1339 1504 1490 1542 nobiles
1520 1504 1567 1542 de
1595 1504 1785 1550 Bascolis,

89 1566 131 1603 in
156 1579 235 1615 qua
260 1564 401 1603 scribit
425 1579 465 1603 se
489 1564 530 1602 in
559 1564 721 1601 Italiam
747 1564 949 1602 destinare
976 1563 1196 1601 Geraldum
1220 1563 1415 1602 abbatem
1440 1563 1602 1612 Majoris
1628 1577 1786 1600 monas-

90 1624 182 1662 terii
207 1624 465 1671 Turonensis,
493 1624 731 1662 Gomecium
757 1623 804 1661 de
831 1623 1072 1660 Albornotio
1098 1623 1282 1669 militem,
1309 1631 1349 1660 et
1375 1623 1576 1660 Joannem
1602 1622 1649 1660 de
1677 1622 1786 1660 Senis

90 1683 348 1722 licentiatum
377 1683 420 1720 in
447 1683 616 1732 legibus,
647 1697 794 1732 eosque
825 1682 1087 1720 commendat
1116 1682 1259 1719 iisdem
1290 1681 1505 1728 nobilibus,
1537 1696 1636 1730 quos
1667 1680 1787 1718 fuisse

87 1743 198 1781 cives
224 1743 445 1780 Esculanos
470 1742 601 1792 colligi
625 1742 788 1780 videtur
811 1756 860 1779 ex
883 1741 1025 1779 eadem
1048 1740 1232 1790 epistola.
1258 1741 1375 1778 Hunc
1398 1755 1516 1790 porro
1539 1739 1788 1786 Gomecium,

94 1801 252 1852 Aegidii
275 1801 489 1840 cardinalis
514 1809 719 1851 nepotem,
744 1801 865 1838 fuisse
889 1809 977 1838 tum
1004 1800 1160 1838 factum
1184 1800 1328 1837 ducem
1353 1799 1505 1849 Spoleti
1529 1808 1569 1837 et
1593 1799 1788 1849 guberna-

93 1870 225 1899 torem
256 1860 435 1899 civitatis
468 1860 685 1899 Perusinae
718 1860 758 1897 in
788 1860 907 1898 rebus
940 1859 1105 1906 bellicis,
1138 1860 1233 1896 nelle
1264 1873 1346 1896 cose
1376 1858 1581 1905 (lell'armi,
1614 1866 1790 1896 testatur

94 1920 270 1958 Pellinus
295 1920 337 1957 in
360 1920 448 1958 loco
473 1934 595 1970 supra
620 1919 803 1957 laudato.

147 1980 234 2017 Hac
262 1987 511 2029 tempestate
541 1979 733 2017 accidisse
765 1986 927 2028 oportet
955 1977 1131 2026 jurgium
1164 1977 1273 2026 quod
1302 1977 1408 2014 inter
1436 1976 1544 2014 hunc
1571 1975 1790 2013 Geraldum

88 2047 133 2077 et
154 2038 496 2077 Thomasuccium
519 2038 755 2076 Minoritam
776 2037 899 2075 refert
921 2036 1186 2085 Waddingus,
1210 2050 1274 2073 an.
1300 2036 1412 2082 1377,
1441 2035 1498 2083 §8
1524 2035 1569 2084 [t.
1591 2049 1649 2081 IX,
1672 2049 1710 2084 p.
1733 2034 1788 2083 4]

148 2097 266 2135 Anno
291 2097 610 2135 MCCCLXXIV
636 2097 785 2134 multos
810 2096 852 2134 in
875 2095 1123 2146 patrimonio
1148 2094 1258 2133 beati
1283 2094 1392 2132 Petri
1416 2102 1606 2143 expertus
1631 2101 1692 2131 est
1716 2092 1791 2130 sibi

98 2157 284 2203 rebelles3
303 2157 443 2203 Bzov.,
464 2170 572 2194 anno
594 2156 707 2202 1374,
730 2156 797 2204 ἓ9,
813 2163 854 2193 et
872 2154 984 2201 1375,
1007 2154 1080 2203 §52
1099 2154 1207 2203 quod
1224 2162 1365 2203 postea
1381 2153 1422 2190 in
1437 2161 1625 2202 apertum
1640 2151 1790 2189 bellum

95 2215 234 2266 erupit
253 2226 360 2253 anno
380 2215 579 2265 sequenti.
599 2214 908 2264 Boninsegnius,
928 2214 996 2251 lib.
1022 2214 1088 2260 IV,
1109 2213 1243 2262 pagin.
1265 2212 1337 2249 561
1359 2220 1399 2249 et
1418 2211 1506 2257 563,
1527 2211 1574 2249 de
1594 2211 1653 2248 his
1674 2209 1791 2248 moti-

100 2275 174 2313 bus
201 2289 322 2324 agens
347 2275 455 2313 hunc
481 2274 702 2313 Geraldum
727 2273 910 2323 depingit
935 2281 981 2310 ut
1006 2272 1210 2310 hominem
1237 2271 1363 2320 magis
1389 2270 1641 2307 mundanum
1669 2282 1792 2318 quam

96 2333 350 2384 spiritualem
372 2342 413 2372 et
433 2333 502 2383 qui
521 2342 743 2383 tyrannum
765 2332 900 2383 potius
922 2345 1043 2381 quam
1066 2331 1377 2380 gubernatorem
1398 2329 1546 2378 agebat
1564 2328 1606 2365 in
1625 2327 1792 2366 civitate

100 2392 307 2440 Perusina,
341 2393 412 2430 ubi
445 2393 545 2430 duas
579 2407 688 2431 arces
723 2391 1015 2430 munitissimas
1049 2390 1314 2428 excitaverat.
1354 2389 1464 2425 Intra
1497 2401 1635 2425 earum
1668 2400 1793 2424 unam

100 2451 283 2491 Perusini
304 2466 397 2490 eum
420 2451 681 2498 obsederunt,
704 2459 751 2488 ut
772 2450 830 2488 ait
851 2449 1159 2498 Boninsegnius.
1184 2449 1237 2485 Et
1259 2447 1434 2493 interim,
1457 2446 1573 2483 addit
1594 2446 1671 2492 ille,
1695 2444 1792 2481 dum

94 2519 186 2549 *erat
205 2511 404 2557 obsessus,
424 2511 475 2548 ad
493 2525 587 2549 eum
605 2510 774 2548 nuncius
794 2510 940 2546 allatus
960 2517 1020 2546 est
1039 2508 1148 2557 quod
1166 2520 1273 2557 papa
1291 2506 1424 2556 ipsum
1443 2506 1592 2543 fecerat
1611 2503 1792 2542 cardina-

99 2570 192 2608 lem.
224 2569 356 2619 Hujus
378 2569 566 2621 facinoris
594 2569 858 2607 atrocitatem
883 2568 938 2606 sic
966 2566 1157 2605 describit
1183 2566 1267 2615 ipse
1295 2564 1507 2613 Gregorius
1536 2564 1596 2600 XI
1617 2563 1658 2600 in
1683 2562 1792 2599 bulla

95 2628 375 2667 anathematis
397 2628 591 2666 adversus
616 2627 869 2666 Florentinos
891 2626 1000 2676 apud
1021 2625 1232 2671 Bzovium,
1255 2638 1318 2661 an.
1343 2623 1456 2669 1376,
1484 2623 1500 2669 ἓ
1523 2622 1583 2668 15,
1606 2621 1675 2658 ubi
1695 2620 1794 2658 illud

98 2688 280 2738 imputat
301 2687 543 2725 Florentinis
565 2703 572 2724 :
593 2687 747 2724 Rursus
765 2686 927 2735 priores,
948 2684 1149 2733 vexillifer,
1170 2682 1453 2731 confallonerii,
1472 2689 1505 2718 et
1523 2680 1595 2718 alii
1614 2679 1794 2729 officiales

97 2747 197 2784 dicte
215 2746 397 2793 civitatis,
417 2754 509 2793 etc.,
530 2746 710 2784 dilectum
730 2745 859 2794 filium
883 2752 1056 2781 nostrum
1081 2743 1289 2780 Geraldum
1317 2741 1356 2778 S.
1387 2741 1433 2778 R.
1462 2740 1509 2777 E.
1538 2739 1795 2789 presbiterum.

101 2806 341 2844 cardinalem
367 2805 410 2842 in
436 2804 640 2842 nonnullis
665 2804 776 2842 terris
802 2803 944 2840 nostris
969 2802 1096 2839 Ytalie
1121 2815 1190 2850 pro
1217 2800 1329 2837 nobis
1348 2807 1380 2836 et
1402 2799 1534 2836 eadem
1552 2797 1727 2835 Ecclesia
1753 2796 1796 2833 in

98 2864 383 2914 temporalibus
406 2863 598 2901 vicarium
623 2863 849 2912 generalem,
867 2875 1055 2909 magnum
1077 2868 1110 2897 et
1133 2858 1356 2896 honorabile
1376 2857 1590 2894 membrum
1613 2855 1795 2902 Ecclesie,

99 2932 136 2962 et
177 2923 220 2961 in
261 2922 474 2972 grandium
513 2923 753 2971 agendorum
793 2921 1011 2958 executione
1052 2919 1271 2968 probatum,
1313 2916 1500 2954 hostiliter
1541 2915 1794 2964 insequentes,

103 2990 366 3033 procurarunt
400 2989 433 3018 et
468 2982 511 3018 cle
545 2981 645 3030 facto
679 2980 863 3029 jecerunt,
902 2987 1028 3028 gentes
1063 2977 1278 3026 armigeras
1313 2976 1364 3012 ad
1398 2975 1590 3012 civitatem
1626 2981 1797 3010 nostram

109 3041 345 3078 Perusinam
377 3040 631 3089 designando,
665 3039 765 3088 quod
795 3038 920 3075 (lictus
952 3036 1166 3074 cardinalis
1197 3050 1242 3072 ac
1272 3034 1389 3071 etiam
1420 3032 1652 3071 venerabilis
1679 3032 1798 3080 frater

104 3108 232 3138 noster
255 3099 482 3136 Bernarclus
505 3098 712 3148 episcopus
735 3096 1000 3134 Bononiensis
1023 3110 1110 3132 cum
1134 3093 1337 3131 nonnullis
1371 3092 1463 3129 aliis
1487 3091 1664 3142 personis
1687 3091 1797 3128 eccle-
