2083 3458
261 241 342 283 678
913 253 1065 278 NOTAE
1099 254 1160 278 AD
1194 253 1322 279 vlTAs
1817 239 1969 295 [1158]

260 340 415 387 Padua,
451 340 498 378 de
543 338 681 377 ordine
726 336 1036 375 Eremitarum1
1072 353 1078 374 :
1117 337 1215 375 Item
1247 338 1405 376 domino
1439 339 1706 377 Ambianensi
1740 339 1841 378 dixit
1873 340 1974 390 quod

261 401 458 449 deceperat
479 398 697 436 Ecclesiam
720 397 763 434 in
784 411 878 447 pace
900 411 1017 447 quam
1037 396 1179 445 fecerat
1193 412 1281 435 cum
1296 398 1535 436 Barnabone
1555 408 1589 437 et
1609 414 1697 437 cum
1714 399 1970 437 Florentinis,

262 460 365 497 Eam
404 458 619 496 historiam
659 456 793 495 verbis
833 456 1103 494 atrocioribus
1144 457 1274 495 tradit
1314 457 1440 496 frater
1479 458 1718 507 Menendus,
1759 459 1973 509 episcopus

261 517 547 565 Cordubensis,
578 517 620 554 in
649 530 722 555 sua
754 515 1008 566 depositione
1041 531 1048 554 :
1081 516 1132 553 Et
1161 516 1262 554 dixit
1291 518 1394 555 ultra
1424 519 1525 567 quod
1552 519 1706 556 audivit
1736 519 1837 568 quod
1865 533 1975 568 papa

261 578 557 628 reprehenderat
588 577 756 614 multum
789 576 957 625 graviter
988 584 1022 613 et
1054 590 1151 613 usus
1180 576 1310 625 suerat
1341 577 1467 614 verbis
1500 572 1667 615 multum
1699 578 1811 615 duris
1843 586 1977 615 contra

260 637 502 675 cardinalem
527 636 854 682 Ambianensem,
883 636 1053 673 vocando
1079 650 1168 673 eum
1194 636 1443 686 proditorem,
1471 645 1504 674 et
1530 638 1631 687 quod
1656 653 1735 675 non
1760 637 1977 687 sufficiebat

260 696 339 735 sibi
379 697 480 746 quod
515 696 656 745 fecerat
693 695 957 746 proditionem
994 709 1112 744 regno
1151 696 1334 743 Francie,
1373 711 1462 745 ymo
1500 697 1628 735 adhuc
1666 697 1815 735 volebat
1851 697 1976 746 jacere

260 756 523 807 proditionem
551 755 736 803 Ecclesie,
766 763 800 793 et
828 755 929 805 quod
956 754 1083 792 dictus
1111 755 1329 793 cardinalis
1357 757 1608 806 responderat
1635 757 1716 794 sibi
1735 757 1810 794 ista
1829 748 1973 794 ’verbat

267 816 388 854 Vobis
411 816 478 866 qui
501 815 593 853 estis
617 829 723 853 nunc
745 829 867 865 papa,
893 829 973 852 non
994 829 1157 864 possum
1180 816 1423 865 respondere.
1449 816 1526 853 Sed
1547 816 1582 853 si
1605 816 1738 854 essetis
1761 816 1975 866 archiepis—

261 876 433 926 copellus
456 875 661 922 Barensis,
686 875 788 912 sicut
809 874 947 923 fuistis
970 874 1091 923 pauci
1116 874 1198 911 dies
1220 883 1326 922 sunt,
1351 889 1419 924 ego
1443 875 1608 913 dicerem
1631 876 1976 926 archiepiscopello

263 936 363 986 quod
386 935 469 985 ipse
492 935 678 972 mentitur
699 949 768 984 per
791 934 937 984 gulam.
966 934 1012 971 In
1035 933 1290 984 depositione
1315 935 1472 973 Nicolai
1495 935 1675 983 Martini,
1699 935 1977 974 archidiaconi
2030 940 2040 944 ‘

263 994 549 1042 Salamantini,
584 994 783 1044 scriptum
817 1002 879 1032 est
913 993 1023 1043 quod
1057 1007 1150 1032 cum
1185 994 1376 1032 Urbanus
1410 994 1688 1045 vituperasset
1727 995 1976 1034 cardinalem

262 1053 574 1094 Gebennensem
595 1054 756 1092 dicendo
774 1053 789 1076 ²
808 1053 888 1091 sibi
911 1053 1036 1091 verba*
1061 1053 1279 1101 inhonesta,
1302 1055 1403 1104 quod
1420 1054 1553 1092 statim
1573 1055 1790 1093 cardinalis
1810 1055 1977 1092 Ambia-

263 1114 398 1152 nensis
421 1114 687 1164 replicaverat,
712 1122 746 1151 et
769 1114 870 1163 quod
891 1113 1025 1151 statim
1047 1128 1157 1163 papa
1181 1113 1332 1151 dixerat
1356 1114 1422 1152 isti
1445 1114 1642 1152 cardinali
1666 1115 1768 1164 quod
1791 1114 1875 1165 ipse
1897 1122 1978 1152 erat

263 1175 392 1212 malus
413 1174 538 1221 homo,
561 1174 656 1224 quia
675 1173 937 1211 seminaverat
958 1173 1196 1210 discordiam
1219 1173 1318 1211 inter
1338 1188 1466 1223 regem
1487 1174 1652 1212 Castelle
1672 1182 1706 1211 et
1727 1188 1854 1223 regem
1874 1174 1976 1211 Ara-

265 1234 378 1283 gonie
399 1242 433 1271 et
453 1248 581 1283 regem
602 1233 794 1280 Navarre,
817 1241 851 1271 et
869 1233 999 1282 fuerat
1020 1232 1170 1270 occasio
1192 1233 1327 1270 mortis
1348 1234 1560 1271 multorum
1581 1234 1801 1281 hominum,
1823 1242 1857 1271 et
1878 1234 1979 1283 quod

264 1294 334 1331 iste
350 1293 568 1331 cardinalis
584 1293 837 1343 responderat
851 1292 931 1330 sibi
949 1293 1050 1342 quod
1066 1292 1337 1340 mentiebatur,
1355 1301 1389 1330 et
1405 1294 1506 1343 quod
1520 1293 1653 1331 statim
1669 1308 1779 1343 papa
1796 1293 1978 1330 molestus

262 1354 391 1403 fuerat
410 1353 445 1390 ei
466 1361 500 1391 et
520 1353 670 1390 dixerat
692 1368 699 1390 ε
722 1353 820 1390 Ecce
841 1352 936 1402 quid
956 1352 1051 1390 dicit
1071 1352 1218 1390 vicario
1239 1352 1413 1390 Christi?
1434 1353 1486 1391 Et
1504 1353 1639 1390 statim
1664 1353 1733 1391 iste
1760 1352 1978 1390 cardinalis

264 1413 365 1451 dixit
388 1413 468 1450 sibi
496 1428 503 1450 :
532 1412 626 1450 Non
650 1420 705 1450 est
730 1426 875 1460 verum,
903 1412 1091 1462 quoniam
1116 1420 1158 1449 tu
1183 1426 1263 1449 non
1287 1427 1326 1450 es
1350 1427 1473 1462 papa,
1501 1412 1596 1462 quia
1621 1427 1700 1450 non
1727 1412 1884 1450 intrasti
1911 1426 1979 1462 per

264 1472 448 1520 hostium,
470 1487 537 1510 nec
554 1472 633 1521 suit
650 1480 802 1509 servata
818 1472 947 1521 forma
963 1471 1080 1521 juris
1127 1471 1178 1508 Et
1195 1472 1329 1509 statim
1346 1472 1549 1510 exiverunt
1567 1473 1610 1509 de
1629 1487 1783 1510 camera
1809 1480 1843 1509 et
1861 1486 1977 1509 reces—

264 1540 410 1580 serunt,
432 1532 657 1570 cardinales
678 1531 872 1570 nimirum
893 1531 1171 1570 Gebennensis
1192 1539 1233 1569 et
1253 1531 1553 1570 Ambianensis.
1575 1532 1755 1569 Additur
1773 1532 1815 1569 in
1834 1532 1977 1570 eadem

265 1591 520 1643 depositione
547 1608 553 1629 :
584 1592 852 1640 Interrogatus
875 1606 899 1628 a
923 1605 995 1641 quo
1019 1590 1174 1629 audivit
1198 1591 1286 1638 ista,
1305 1591 1406 1629 dixit
1420 1592 1522 1641 quod
1543 1606 1567 1629 a
1590 1592 1758 1641 quodam
1783 1591 1978 1640 grossario

265 1660 394 1690 vocato
414 1651 654 1701 Raymundo
675 1652 719 1688 de
745 1651 854 1688 Valle
874 1659 907 1688 et
927 1651 977 1688 ab
998 1651 1092 1688 aliis
1119 1650 1296 1698 Gallicis,
1319 1659 1352 1688 et
1367 1651 1551 1689 dixerunt
1564 1651 1644 1688 sibi
1662 1651 1730 1689 hoc
1748 1651 1869 1688 Rome
1889 1659 1978 1688 ante

266 1726 384 1762 quam
410 1712 631 1749 cardinales
658 1711 878 1760 inciperent
902 1725 968 1760 yre
993 1710 1241 1759 Anagniam.

321 1771 499 1809 Didacus
533 1770 699 1809 Martini
731 1770 779 1809 de
812 1770 997 1818 Urduna,
1030 1770 1249 1809 canonicus
1282 1770 1518 1818 Toletanus‚
1549 1769 1826 1820 interrogatus
1857 1784 1978 1820 super

265 1830 440 1869 articulo
464 1830 512 1868 81
540 1830 660 1881 primi
686 1829 817 1877 electi,
844 1830 885 1867 in
912 1844 992 1880 quo
1018 1829 1154 1880 agitur
1180 1830 1228 1867 de
1255 1843 1420 1868 accessu
1446 1829 1662 1868 cardinalis
1690 1829 1977 1868 Ambianensis

266 1890 318 1928 ad
340 1890 485 1929 urbem
510 1890 686 1929 Romam
710 1898 803 1940 post
826 1889 1068 1928 electionem
1091 1897 1133 1927 et
1156 1889 1464 1928 coronationem
1488 1889 1659 1937 Urbani,
1684 1903 1777 1928 cum
1799 1897 1977 1928 testatus

268 1958 373 1988 esset
393 1950 441 1988 de
460 1950 646 1988 adventu
665 1949 767 1999 ejus,
799 1950 965 1987 demum
993 1949 1112 1987 addit
1126 1947 1164 1987 3:
1188 1949 1286 1986 Item
1305 1949 1406 1987 dixit
1424 1950 1525 1999 quod
1542 1949 1696 1986 audivit
1714 1948 1792 1986 dici
1811 1964 1835 1986 a
1852 1948 1978 1999 pluri-

273 2010 342 2047 bus
369 2018 402 2047 et
429 2009 658 2047 multociens
685 2009 818 2057 Rome,
848 2024 927 2046 non
954 2017 1083 2046 tamen
1110 2009 1332 2046 recordatur
1358 2024 1382 2046 a
1409 2008 1565 2058 quibus,
1595 2009 1696 2059 quod
1722 2009 1892 2058 quadam
1920 2007 1980 2045 die

268 2075 475 2119 postquam
511 2069 614 2107 venit
651 2069 720 2106 iste
756 2069 974 2106 cardinalis
1009 2068 1298 2106 Ambianensis
1335 2069 1436 2118 quod
1470 2076 1624 2106 venerat
1658 2068 1710 2105 ad
1745 2067 1980 2117 loquendum

268 2143 356 2166 cum
385 2129 456 2166 isto
483 2129 613 2178 primo
640 2129 752 2166 electo
780 2143 869 2166 cum
896 2136 991 2166 esset
1019 2128 1062 2165 in
1088 2128 1175 2165 sede
1201 2142 1288 2174 sua,
1317 2137 1351 2165 et
1378 2129 1471 2165 dum
1499 2128 1715 2178 loqueretur
1740 2127 1820 2164 sibi
1847 2123 1981 2177 posuit

269 2203 433 2225 manum
453 2188 650 2226 cardinali
673 2188 715 2225 in
736 2203 849 2238 capa,
871 2197 905 2225 et
925 2187 1026 2226 dixit
1044 2187 1124 2225 sibi
1147 2203 1154 2225 ε
1180 2187 1257 2225 Iste
1277 2187 1437 2225 habitus
1458 2187 1570 2236 niger
1589 2187 1826 2237 perpetravit
1845 2185 1981 2224 omnia

269 2248 374 2285 mala
398 2248 551 2286 mundi.
577 2248 628 2285 Et
661 2256 752 2285 tunc
785 2247 1002 2285 cardinalis
1027 2248 1209 2285 accedens
1241 2247 1410 2297 propius
1434 2247 1486 2284 ad
1517 2261 1606 2284 eum
1630 2246 1730 2284 dixit
1756 2262 1762 2284 :
1789 2245 1981 2283 Mentiris

269 2307 370 2345 sicut
390 2307 594 2345 Barensis.
612 2307 663 2345 Et
683 2316 775 2345 tunc
795 2307 896 2345 dimit
916 2308 1055 2344 electus
1076 2306 1350 2344 cardinalibus
1365 2306 1432 2356 qui
1453 2314 1562 2344 erant
1584 2306 1641 2343 ibi
1661 2320 1782 2355 prope
1800 2321 1807 2343 ε
1831 2304 1979 2352 Venite,

270 2366 405 2404 venite.
426 2367 477 2404 Et
495 2367 651 2416 quando
669 2375 924 2413 accesserunt,
946 2366 1045 2404 discit
1064 2366 1190 2403 dictus
1209 2366 1348 2403 electus
1368 2366 1448 2415 ipsi
1468 2365 1664 2403 cardinali
1682 2364 1950 2402 Ambianensi
1971 2380 1978 2401 :

269 2426 376 2475 Quid
397 2426 532 2463 tenetis
556 2426 644 2463 vos?
669 2427 720 2464 Et
743 2426 806 2463 ille
830 2426 931 2464 dixit
954 2442 961 2464 :
990 2426 1116 2463 Teneo
1140 2426 1241 2475 quod
1262 2434 1360 2463 tenet
1381 2433 1518 2463 sancta
1541 2433 1661 2462 mater
1683 2424 1872 2462 Ecclesia.

323 2486 500 2524 Thomas
533 2485 863 2536 Walsinghamus
895 2486 935 2523 in
967 2485 1055 2523 loco
1096 2499 1217 2535 supra
1257 2484 1463 2522 laudato4
1493 2485 1616 2523 refert
1648 2498 1769 2534 grave
1800 2483 1980 2533 jurgium

269 2545 497 2583 excitatum
531 2545 637 2583 inter
659 2545 875 2583 Urbanum
896 2553 937 2583 et
958 2544 1148 2583 eumdem
1182 2544 1430 2582 cardinalem
1453 2543 1784 2582 Ambianensem.
1808 2543 1859 2580 Et
1879 2557 1980 2590 mox,

269 2604 418 2654 inquit,
444 2604 574 2642 relicto
599 2604 828 2642 consistorio
853 2619 941 2642 cum
966 2604 1201 2642 contumelia
1225 2604 1379 2641 recessit
1402 2618 1427 2641 a
1450 2611 1657 2653 conspectu
1681 2603 1834 2652 papali.
1859 2602 1982 2652 Quem

272 2663 375 2700 illico
398 2664 519 2701 secuti
543 2672 636 2701 sunt
659 2665 792 2713 plures
816 2678 834 2701 e
858 2664 1131 2701 cardinalibus
1156 2663 1223 2713 qui
1247 2663 1353 2712 parti
1376 2677 1445 2700 sue
1467 2662 1652 2711 favebant
1676 2662 1732 2699 vel
1756 2661 1982 2699 consimilia

270 2723 412 2759 scelera
433 2723 675 2772 obligabant.
701 2723 806 2773 Quos
828 2738 960 2761 omnes
982 2723 1167 2760 dominus
1189 2737 1298 2772 papa
1320 2722 1523 2771 confestim
1544 2721 1630 2759 suis
1648 2721 1820 2771 privavit
1840 2720 1980 2768 titulis,

272 2789 304 2818 et
333 2782 432 2819 alios
461 2783 659 2820 ordinavit
688 2797 849 2820 numero
879 2782 1022 2832 viginti
1053 2796 1200 2820 novem.
1233 2782 1307 2820 Sed
1340 2782 1440 2820 haec
1470 2781 1571 2819 falsa
1601 2789 1710 2819 sunt.
1744 2781 1842 2818 Cum
1874 2779 1982 2818 enim

274 2840 463 2879 Nicolaus
505 2842 685 2889 Martini,
725 2842 1036 2881 archidiaconus
1077 2841 1398 2888 Salamantinus,
1438 2848 1615 2879 testetur
1653 2839 1764 2878 istud
1802 2839 1982 2889 jurgium

346 3009 352 3014 .
385 2982 451 3016 Ms.
477 2984 561 3024 cite,
586 2985 647 3018 fol.
673 2986 717 3018 72
741 2991 791 3019 νῦ.

385 3036 451 3069 Ms.
473 3037 556 3076 cite,
577 3038 639 3071 fol.
660 3039 729 3072 180
749 3043 798 3072 v0.

321 2982 352 3120 ,0030ss

385 3088 451 3121 ΜΞ.
476 3090 559 3129 cite,
583 3091 644 3124 fol.
670 3092 738 3125 133
760 3097 803 3126 r0.

347 3168 352 3173 .
386 3142 499 3175 Tome
529 3156 550 3183 1,
583 3157 616 3187 p.
649 3146 730 3178 382.

321 3141 341 3172 u>
