2083 3458
68 254 70 256 ’
118 239 243 296 [940]
646 258 862 284 PAPARUM
898 256 1281 283 AVENloNENsmM
1445 225 1448 229 ⁴
1724 240 1806 282 455

105 341 158 379 ad
181 342 374 381 comitem
399 343 615 382 Flandriae
640 358 743 393 quae
767 344 808 381 id
831 352 1011 382 testatur
1028 343 1055 382 1.
1097 344 1313 381 Praeterea
1337 350 1454 380 extat
1476 342 1518 380 in
1535 342 1678 386 *codice
1705 343 1807 380 Har·

103 400 248 439 laeano
267 398 282 421 ²
308 402 510 452 depositio
545 403 731 452 ejusdem
767 403 983 441 cardinalis
1010 396 1349 452 Pampilonensis3
1371 416 1421 440 ex
1442 415 1522 451 qua
1547 401 1674 439 etiam
1699 400 1808 439 colli-

106 460 215 509 gitur
244 461 504 499 verissimum
534 476 618 500 esse
650 461 761 510 quod
792 462 1010 499 memoriae
1040 461 1224 511 prodidit
1255 461 1519 499 continuator
1551 460 1711 509 Nangii.
1745 459 1808 498 Sic

106 520 212 558 enim
230 521 379 570 legitur
392 521 435 558 in
457 534 503 559 ea
519 521 774 571 depositione
793 536 799 557 :
821 521 918 558 Item
935 520 1036 558 dixit
1053 521 1154 570 quod
1176 528 1382 570 postquam
1401 519 1623 557 cardinales
1647 520 1810 568 suerunt

107 579 150 616 in
168 579 376 628 Anagnia,
396 587 430 617 et
445 579 525 629 suit
543 580 792 628 divulgatum
812 580 930 626 istud,
951 580 1052 629 quod
1079 579 1209 616 electio
1228 587 1324 616 esset
1348 579 1466 627 facta,
1487 593 1555 627 per
1583 577 1808 627 impressio-

106 651 207 686 nem,
227 638 296 676 iste
313 638 532 676 cardinalis
549 653 629 676 non
645 638 829 676 adhibuit
847 638 964 687 fidem
979 638 1126 685 statim,
1147 638 1224 675 imo
1240 638 1319 686 fuit
1335 652 1404 687 per
1422 648 1612 682 magnum
1632 636 1810 686 spatium

107 697 150 734 in
175 697 364 747 opinione
389 697 588 735 contraria
612 706 646 735 et
671 697 715 734 in
739 711 875 735 errore.
905 697 1013 734 Nam
1039 697 1191 734 dicebat
1216 696 1300 746 ipse
1328 712 1334 733 :
1363 696 1563 746 Quomodo
1588 695 1811 733 cardinales

104 757 360 806 scripserunt,
390 757 579 807 quomodo
604 757 779 806 jecerunt
805 756 900 793 tales
927 763 1049 802 actus,
1079 764 1112 793 et
1140 756 1250 792 modo
1278 763 1459 792 asserunt
1489 752 1741 804 oppositum?
1761 754 1812 791 Et

105 815 258 853 diutius
279 816 499 864 conserebat
520 816 638 853 donec
659 815 763 853 venit
783 815 993 864 episcopus
1015 814 1356 863 PampilonensiS,
1380 828 1491 863 quem
1512 822 1666 863 reputat
1687 812 1810 850 homi·

106 889 194 913 nem
214 875 308 912 bone
326 872 561 913 conscientie
575 883 609 912 et
627 889 768 923 magne
781 874 954 912 scientie.
970 874 1021 910 Et
1037 873 1139 910 stetit
1156 887 1244 910 cum
1263 873 1350 922 ipso
1365 872 1566 910 cardinale
1581 872 1811 921 conferendo

109 934 200 972 bene
217 949 286 984 per
303 934 389 972 XX
407 934 502 981 dies,
523 935 642 971 donec
659 933 805 971 amovit
823 933 947 971 dubia
966 947 1036 982 que
1054 932 1221 969 habebat
1239 932 1341 969 circa
1362 932 1480 978 istud,
1500 939 1534 968 et
1554 931 1814 980 respondebat

104 993 266 1042 juribus
284 1008 354 1044 que
374 994 444 1031 iste
461 993 658 1042 allegabat
674 1007 745 1042 pro
764 1000 874 1042 parte
892 991 1102 1029 contraria.
1124 991 1174 1028 Et
1191 999 1278 1040 post
1296 998 1483 1028 venerunt
1500 998 1665 1040 quatuor
1686 989 1812 1027 cardi-

108 1053 216 1090 nales
240 1053 284 1090 de
307 1053 492 1102 partibus
522 1052 665 1099 Ytalie,
691 1067 715 1089 a
739 1052 884 1101 quibus
907 1051 986 1100 suit
1009 1050 1128 1087 etiam
1154 1050 1408 1098 informatus.»
1432 1048 1509 1087 Sed
1534 1062 1610 1086 non
1638 1049 1813 1086 obstante

107 1112 176 1150 hoc
200 1112 284 1162 ipse
309 1112 419 1150 misit
440 1113 492 1149 ad
514 1111 736 1149 cardinales
767 1110 941 1148 Ytalicos
965 1110 1140 1159 rogando
1163 1123 1226 1145 eos
1250 1109 1351 1158 quod
1372 1107 1586 1146 scriberent
1607 1107 1687 1145 sibi
1712 1106 1814 1145 illud

108 1172 209 1222 quod
229 1171 434 1209 videbatur
461 1171 518 1208 eis
538 1171 583 1208 de
613 1170 700 1220 ipso
719 1170 833 1219 facto,
858 1170 908 1207 Et
931 1169 1064 1219 prima
1087 1168 1167 1205 vice
1186 1168 1431 1216 scripserunt
1452 1167 1554 1216 quod
1582 1167 1710 1204 adhuc
1734 1180 1813 1204 non

108 1239 218 1275 erant
244 1231 358 1280 plene
386 1229 604 1280 informati.
633 1227 682 1264 Et
705 1225 847 1266 iterum
875 1228 985 1266 misit
1011 1228 1062 1265 ad
1087 1242 1150 1264 eos
1177 1227 1279 1276 quod
1320 1226 1489 1275 placeret
1513 1226 1681 1263 scribere
1718 1225 1814 1275 quid

106 1290 338 1328 sentiebant.
364 1289 560 1327 Finaliter
587 1286 711 1323 nichil
732 1284 935 1323 voluerunt
950 1285 1031 1324 sibi
1053 1286 1228 1324 scribere.
1253 1285 1303 1323 Et
1324 1285 1480 1335 quando
1502 1284 1573 1322 iste
1593 1284 1692 1322 vidit
1712 1285 1814 1334 quod

108 1349 168 1386 illi
211 1347 444 1396 differebant
485 1345 729 1395 respondere,
765 1353 798 1382 et
834 1345 930 1381 vidit
973 1343 1207 1382 intentiones
1250 1344 1501 1382 dominorum
1544 1343 1813 1381 cardinalium

109 1408 176 1458 qui
202 1400 586 1458 fuerunt'presentes
606 1413 639 1442 et
670 1403 781 1444 illius
803 1403 979 1454 episcopi
1011 1401 1354 1452 Pampilonensis,
1384 1403 1468 1452 ipse
1494 1402 1619 1440 tenuit
1647 1402 1688 1439 id
1713 1402 1815 1452 quod

110 1475 209 1505 tenet
228 1467 342 1504 hodie
361 1468 407 1504 de
434 1463 658 1505 credulita-te
682 1463 783 1514 quod
807 1462 875 1500 iste
895 1471 949 1500 est
971 1475 1082 1500 verus
1104 1476 1215 1511 papa
1237 1471 1270 1500 et
1289 1462 1396 1500 alius
1414 1470 1469 1499 est
1489 1461 1678 1500 intrusus

161 1526 269 1564 Ante
299 1534 438 1565 tamen
466 1537 590 1574 quam
625 1523 849 1561 cardinales
873 1522 1138 1560 decernerent
1163 1522 1407 1561 electionem
1435 1520 1591 1559 Urbani
1620 1534 1701 1558 non
1728 1532 1811 1557 esse

111 1586 279 1633 bonam,
308 1583 526 1624 cardinalis
557 1582 881 1632 pampilonensis
905 1595 996 1619 cum
1022 1582 1237 1619 tractabat
1263 1589 1310 1618 ut
1336 1594 1502 1631 papam.
1534 1579 1745 1617 Habemus
1772 1579 1811 1616 id

111 1659 162 1682 ex
189 1645 447 1695 depositione
484 1641 621 1680 fratris
655 1641 812 1679 Alfonsi
836 1641 887 1679 'de
918 1640 1061 1678 Melide
1086 1639 1201 1678 tertii
1238 1640 1389 1678 ordinis
1430 1639 1563 1677 sancti
1593 1638 1811 1681 Francisci‚

109 1704 178 1754 qui
204 1718 298 1742 cum
324 1704 495 1742 dixisset
524 1701 749 1740 cardinales
777 1701 847 1749 qui
869 1700 1074 1749 elegerant
1102 1699 1314 1736 Urbanum
1342 1696 1548 1747 scripsisse
1572 1695 1624 1733 ad
1651 1710 1716 1733 eos
1744 1695 1812 1744 qui

107 1771 225 1801 erant
245 1763 456 1801 Avenione
474 1761 590 1803 illum
610 1775 694 1798 esse
719 1761 894 1798 electum
918 1767 958 1797 et
976 1759 1075 1797 istos
1099 1758 1239 1797 fecisse
1258 1758 1355 1809 poni
1375 1771 1490 1795 arma
1510 1757 1597 1806 ejus
1619 1756 1662 1794 in
1680 1756 1811 1806 portis

108 1822 275 1861 demum
306 1823 424 1860 addit
453 1835 492 1860 se
519 1818 751 1858 audivisse³
774 1817 874 1868 quod
905 1816 1124 1855 cardinalis
1152 1817 1481 1868 Pampilonensis
1508 1816 1707 1854 scribebat
1733 1812 1813 1852 sibi

110 1890 150 1918 ut
170 1896 287 1931 pape,
309 1890 343 1919 et
363 1879 524 1931 scripsit
548 1877 628 1916 sibi
657 1878 758 1928 quod
780 1879 923 1927 jaceret
954 1877 1094 1914 multos
1121 1878 1294 1925 prelatos
1324 1885 1358 1914 et
1384 1876 1527 1913 multas
1550 1874 1812 1924 provisiones.

107 1940 158 1978 Et
186 1940 305 1978 credit
332 1940 416 1990 ipse
442 1941 544 1990 quod
565 1937 649 1987 ipse
671 1937 827 1986 primus
847 1937 987 1974 clectus
997 1937 1127 1985 fuerat
1147 1935 1235 1984 ejus
1257 1935 1546 1981 commensalis,
1569 1942 1603 1971 et
1625 1933 1815 1982 diligebat

107 2000 186 2037 hon
199 2014 303 2037 orem
322 2014 454 2047 suum,
476 2007 509 2037 et
529 1999 595 2036 hoc
615 2005 655 2034 ut
675 1996 829 2033 haberet
849 1996 989 2033 multos
1009 1995 1177 2044 prelatos
1198 1994 1265 2046 qui
1284 1995 1457 2045 foverent
1476 2001 1627 2043 partem
1646 2007 1762 2036 suam
1782 2000 1816 2029 et

109 2067 306 2096 servarent
335 2058 421 2108 ejus
451 2059 647 2097 honorem.

161 2118 355 2167 Aegidius
382 2118 624 2166 Bellamera,
651 2117 693 2154 in
721 2131 808 2167 cap.
842 2116 1028 2165 Ignarus,
1055 2115 1113 2152 De
1140 2113 1264 2152 libelli
1291 2112 1500 2158 oblatione,
1528 2111 1701 2149 afferens
1730 2109 1811 2160 opi-

107 2177 269 2215 nionem
294 2177 494 2224 Bartholi,
521 2176 590 2226 qui
614 2176 776 2214 dixerat
798 2175 982 2213 libellum
1006 2189 1090 2212 esse
1115 2172 1390 2211 necessarium
1413 2171 1455 2208 in
1479 2170 1609 2208 causis
1634 2183 1812 2207 summa-

107 2236 188 2283 riis,
208 2236 327 2274 addit
347 2252 354 2274 z
376 2236 427 2274 Et
444 2236 545 2273 lianc
563 2235 794 2285 opinionem
813 2234 969 2284 defendi
990 2234 1033 2271 in
1055 2232 1236 2270 consiliis
1255 2245 1386 2269 coram
1417 2230 1612 2267 recolende
1632 2227 1815 2265 memorie

107 2294 265 2332 domino
290 2295 492 2332 cardinale
516 2293 837 2343 Pampilonensi‚
863 2302 897 2331 et
921 2293 1073 2343 placuit
1097 2290 1366 2330 audientibus,

163 2354 283 2392 Illum
329 2354 553 2392 cardinales
601 2353 900 2402 Talayrandus,
948 2353 1093 2390 Petrus
1138 2349 1357 2388 Bertrandi
1401 2348 1552 2398 junior,
1601 2345 1812 2395 Philippus

108 2413 341 2460 Cabassola,
376 2421 417 2451 et
451 2412 690 2450 Guillelmus
726 2411 854 2450 Sudre
887 2411 1157 2449 nominarunt
1189 2416 1452 2448 executorem
1485 2419 1652 2444 suorum
1686 2412 1812 2442 testa-

109 2480 355 2510 mentorum.

162 2532 203 2569 P.
223 2531 310 2578 318ἑ
328 2531 394 2580 lig.
416 2530 474 2568 18.
494 2530 786 2568 GUILLELMUM
806 2530 1042 2567 FAmNERn.
1066 2529 1215 2566 Factus
1245 2535 1307 2565 est
1328 2526 1472 2563 doctor
1493 2522 1723 2571 theologiae
1738 2518 1753 2540 4
1768 2521 1810 2558 in

107 2590 318 2628 academia
345 2590 547 2627 Tolosana
573 2603 682 2627 anno
709 2588 1006 2635 MCCCXLIV3
1034 2587 1392 2635 Wadding.,anno
1420 2583 1521 2621 1344
1541 2613 1549 2629 ,
1578 2582 1595 2629 ἓ
1619 2580 1643 2618 8
1669 2580 1713 2630 [t.
1744 2594 1811 2627 vn,

106 2664 145 2699 p.
177 2649 292 2698 314].
325 2649 444 2686 Anno
474 2648 676 2697 sequenti,
708 2662 802 2686 cum
830 2655 937 2685 esset
967 2647 1152 2685 minister
1182 2642 1443 2695 provincialis
1475 2639 1739 2690 Aquitaniae,
1770 2638 1811 2675 in

107 2722 309 2746 carcerem
333 2707 572 2745 monasterii
595 2706 840 2756 Figiacensis
860 2706 1037 2755 conjecit
1056 2706 1224 2742 fratrem
1250 2703 1454 2740 Joannem
1476 2700 1523 2737 de
1546 2697 1809 2748 Rupescissa3

105 2779 156 2804 ex
181 2766 318 2804 codice
343 2762 446 2801 4356
470 2764 744 2804 bibliothecae
771 2765 1029 2803 Colbertinae
1043 2762 1072 2803 5.
1102 2764 1267 2800 Electus
1296 2760 1375 2798 fuit
1400 2756 1586 2796 minister
1615 2756 1811 2806 generalis

178 2939 185 2945 .
233 2912 383 2950 Baluze,
431 2917 456 2944 t.
502 2923 553 2950 1v‚
600 2922 634 2954 p.
683 2911 764 2944 197.

331 2991 352 3003 .,
386 2975 453 2997 ms.
487 2963 583 2996 latin
616 2963 748 3003 11745,
784 2963 845 2996 fol.
880 2964 924 2996 43
959 2967 1009 2996 v0.

181 3045 187 3051 .
348 3044 354 3056 ‚
390 3029 456 3050 ms.
493 3017 587 3050 latin
622 3016 754 3056 11745,
792 3016 957 3049 fol.›123
991 3020 1032 3048 r0.

182 3098 188 3104 .
251 3071 348 3110 ubel,
375 3070 418 3103 Β.
445 3070 501 3108 Ε,
528 3076 554 3102 t.
582 3081 630 3109 VI,
657 3081 691 3103 n.
719 3070 798 3103 257.

279 3123 336 3163 N.,
361 3135 426 3156 ms.
451 3122 545 3155 latin
568 3122 675 3162 3598,
699 3122 760 3155 fol.
785 3123 801 3154 1
827 3127 870 3154 r0.
