2083 3458
108 260 259 315 [1259]
626 278 842 303 PAPARUM
878 279 1261 306 AVENIONENSIUM
1711 267 1788 308 781

148 358 279 408 Vulgo
317 357 509 396 scribitur
539 358 653 397 illum
683 374 767 397 esse
796 360 1004 409 sepultum
1024 361 1254 400 Florentiae
1273 363 1383 413 apud
1404 364 1598 403 Sanctam
1619 364 1790 403 Mariam

99 418 324 456 Novellam.
353 418 407 455 Et
432 426 572 455 tamen
597 418 744 456 Caesar
771 418 1069 458 Nostradamus
1095 420 1136 458 in
1156 422 1340 460 Historia
1360 422 1608 469 Provinciae,
1633 438 1672 474 p.
1699 424 1789 471 441,

94 485 274 515 testatur
296 477 525 526 sepulcrum
548 477 634 526 ejus
657 477 686 524 1,
708 476 830 526 idque
853 479 1134 528 magnificum,
1156 489 1296 519 extare
1319 481 1528 519 Avenione
1559 482 1600 520 in
1622 483 1788 521 ecclesia

96 537 270 574 fratrum
304 536 652 574 praedicatorum.
690 537 822 584 Quam
856 537 1175 588 discrepantiam
1208 540 1266 577 ita
1300 540 1505 578 conciliari
1538 556 1653 591 posse
1687 550 1789 592 puto

95 603 141 634 ut
163 594 359 645 quoniam
381 594 443 632 vir
465 595 644 645 optimus
667 610 738 646 per
760 596 911 635 multos
934 611 1061 635 annos
1084 598 1349 637 habitaverat
1371 599 1411 637 in
1433 614 1478 637 ea
1502 601 1615 647 urbe,
1638 609 1679 638 et
1708 615 1789 638 non

94 654 337 705 praevidens
362 654 638 693 mutationem
663 668 766 704 quae
790 663 933 704 postea
958 656 1145 706 contigit,
1168 666 1319 707 putans
1345 673 1384 696 se
1409 659 1654 699 moriturum
1678 660 1788 710 apud

96 713 363 759 Avenionem,
388 721 702 751 monumentum
728 713 806 751 illic
829 714 905 751 sibi
928 715 1065 764 posuit
1087 716 1250 762 viven83
1273 717 1315 754 in
1338 732 1418 767 quo
1441 727 1581 758 tamen
1604 719 1787 768 sepultus

95 787 176 811 non
201 781 270 811 est·
288 781 457 823 propter
482 772 757 811 mutationem
783 787 908 822 quam
935 774 1126 822 diximus,
1153 776 1222 813 sed
1250 776 1494 824 Florentiae,
1522 777 1592 815 ubi
1617 777 1787 816 interiit.

150 831 286 870 Fuisse
311 846 405 869 eum
432 831 674 870 canonicum
701 840 741 869 et
766 832 1099 871 archidiaconum
1128 835 1436 875 Narbonensem
1461 845 1577 886 patet
1602 852 1652 874 ex
1677 837 1787 874 bulla

96 890 313 929 Clementis
339 891 433 938 VII,
459 891 557 928 data
583 891 785 929 Avenioni
808 891 942 929 idibus
978 892 1067 942 [13]
1094 893 1289 932 februarii
1312 909 1419 932 anno
1456 904 1603 933 octavo
1630 895 1786 946 [1386]

96 950 345 989 Canonicum
375 964 536 999 quoque
567 950 800 999 Aquensem
830 950 951 989 fuisse
982 952 1101 989 docet
1131 953 1309 991 Joannes
1341 954 1613 992 Scholasticus
1646 954 1787 993 Pitton

94 1010 135 1047 in
153 1009 384 1047 Annalibus
401 1005 597 1046 Ecclesiae
614 1009 826 1059 AquensiS,
844 1025 882 1060 p.
905 1010 992 1048 186.
1014 1011 1150 1049 Fuisse
1169 1012 1295 1050 etiam
1319 1013 1560 1051 canonicum
1584 1022 1624 1052 et
1647 1014 1786 1052 sacris-

93 1077 181 1108 tam
206 1068 394 1107 ecclesiae
421 1068 708 1118 Forojuliensis
741 1076 782 1106 et
814 1069 1097 1119 praepositum
1129 1071 1317 1109 ecclesiae
1341 1072 1588 1121 Barjolensis
1611 1072 1653 1110 in
1680 1072 1786 1111 dioe-

92 1127 171 1167 cesi
199 1127 468 1177 Forojuliensi
495 1127 645 1178 reperit
672 1127 826 1166 amicus
856 1137 993 1166 noster
1021 1130 1223 1180 Josephus
1253 1131 1482 1171 Antelmius
1511 1131 1552 1169 in
1580 1132 1785 1170 veteribus

92 1186 368 1226 monumentis
402 1187 586 1236 ejusdem
619 1187 821 1225 ecclesiae.

148 1247 333 1284 Fratrem
363 1246 509 1283 habuit
539 1245 735 1284 Buss'ilum
767 1247 815 1284 de
846 1247 1078 1285 Brancaciis
1117 1248 1309 1286 comitem
1342 1250 1535 1298 Agnanae
1567 1258 1607 1288 et
1638 1264 1785 1288 mares-

94 1306 274 1344 challum
303 1305 505 1343 Ecclesiae
535 1319 742 1351 romanae,
771 1305 841 1355 qui
869 1305 909 1342 in
938 1306 1063 1344 initiis
1092 1307 1360 1357 pontificatus
1390 1308 1608 1348 Clementis
1638 1309 1717 1347 VII
1746 1324 1785 1348 se

93 1379 290 1414 suamque
326 1364 525 1404 familiam
558 1364 774 1402 transtulit
806 1364 848 1401 in
883 1365 1157 1413 Provinciam,
1192 1366 1262 1404 ubi
1296 1367 1524 1407 etiamnum
1558 1382 1604 1406 ea
1639 1368 1785 1406 nobilis

93 1424 281 1474 claraque
319 1424 508 1462 habetur.
549 1424 701 1463 Eorum
739 1424 1016 1473 genealogiam
1055 1425 1188 1463 texuit
1225 1426 1371 1464 Caesar
1410 1427 1707 1465 Nostradamus
1744 1427 1787 1464 in

92 1483 274 1521 Historia
295 1482 545 1530 Provinciae,
566 1498 606 1533 p.
629 1483 718 1520 441.
746 1483 791 1520 In
809 1483 953 1520 Dim-io
985 1484 1040 1533 [p.
1062 1484 1136 1534 45]
1156 1485 1326 1523 Joannis
1351 1485 1472 1523 Fabri
1492 1486 1671 1536 episcopi
1693 1486 1785 1524 Car-

93 1542 273 1581 notensis
311 1551 352 1580 et
399 1541 629 1580 cancellarii
676 1542 875 1580 Ludovici
923 1543 1024 1592 regis
1084 1543 1240 1582 Siciliae
1296 1544 1451 1594 reperio
1507 1545 1621 1583 illum
1677 1559 1785 1583 anno

94 1601 458 1648 MCCCLXXXIL
477 1601 539 1639 die
558 1616 615 1638 xv
632 1601 750 1651 junii,
767 1601 961 1651 sigillasse
980 1601 1116 1640 literas
1135 1602 1283 1652 quibus
1301 1603 1409 1642 idem
1428 1604 1658 1642 Ludovicus
1678 1618 1784 1642 cam·
1827 1617 1829 1619 ’

92 1661 300 1699 bellanum
330 1675 449 1699 suum
478 1660 660 1698 instituit
689 1660 871 1698 Bulilum
902 1661 1071 1699 fratrem
1101 1662 1316 1700 cardinalis
1348 1663 1572 1710 Cusentini⁷
1603 1663 1784 1713 itemque

92 1720 190 1757 alias
212 1719 469 1758 continentes
491 1720 644 1757 donum
667 1719 786 1757 officii
806 1720 1114 1769 partentinatus
1143 1721 1237 1759 Bari
1265 1730 1306 1759 et
1336 1722 1596 1760 castellaniae
1620 1722 1785 1771 Ugereti

93 1780 250 1817 factum
283 1778 414 1818 eidem
446 1779 595 1825 Bufilo‚
629 1779 784 1818 donum
816 1788 1027 1829 praeterea
1061 1780 1321 1818 castellaniae
1353 1781 1447 1819 Bari
1490 1782 1554 1819 vel
1589 1781 1784 1819 Nuceriae

93 1839 408 1876 Sarracenorum
426 1838 625 1888 quamdiu
641 1838 750 1876 idem
767 1839 827 1875 Bu
839 1839 923 1876 [ilus
943 1839 1064 1876 fuerit
1082 1839 1122 1876 in
1140 1840 1344 1887 humanis,
1361 1849 1569 1890 postremo
1586 1841 1783 1878 ducentas

92 1897 230 1936 uncias
262 1897 350 1935 auri
379 1913 429 1935 ex
459 1897 834 1936 confiscationibus.
1762 1944 1764 1947 .

146 1957 189 1995 P.
220 1957 309 2004 473,
339 1956 404 2006 lig.
436 1957 497 1995 20.
530 1957 712 1994 PETRUM
745 1971 800 1993 DE
829 1957 1365 1996 BARRER1A.Continuat0r
1393 1958 1569 1997 Gallicus
1603 1958 1751 2008 Nangii
1770 1958 1784 1981 ²

92 2030 186 2055 eum
206 2024 329 2054 vocat
350 2016 398 2054 de
422 2015 648 2066 Mirapisce,
670 2024 716 2053 ut
738 2016 881 2055 statim
902 2016 1147 2054 videbimus.
1174 2017 1262 2067 Ipse
1284 2032 1323 2055 se
1345 2026 1467 2055 vocat
1489 2018 1623 2067 legum
1645 2018 1783 2055 docto-

92 2089 177 2114 rem
201 2075 243 2112 in
267 2074 384 2113 initio
408 2083 614 2113 tractatus
637 2075 696 2112 De
720 2075 927 2113 schismate
952 2090 1073 2125 quem
1099 2075 1261 2126 scripsit
1285 2076 1480 2114 adversus
1506 2077 1709 2114 ,loannem
1735 2077 1783 2114 de

94 2134 288 2184 Lignano.
324 2134 473 2172 Factus
507 2142 568 2172 est
601 2133 746 2171 deinde
779 2148 887 2171 anno
922 2133 1264 2172 MCCCLXXVII
1297 2135 1509 2185 episcopus
1545 2135 1781 2174 Aeduensis.

94 2193 288 2243 Sequenti
306 2208 402 2231 vero
423 2193 613 2231 Urbanus
634 2193 690 2229 VI
709 2207 802 2231 eum
822 2193 975 2231 creavit
995 2193 1256 2233 cardinalem.
1277 2194 1353 2232 Sed
1382 2194 1465 2244 ipse
1485 2194 1615 2232 noluit
1634 2195 1777 2232 debere

92 2253 200 2290 hunc
223 2253 420 2291 honorem
443 2252 599 2291 homini
623 2266 744 2301 quem
767 2253 947 2302 putabat
971 2267 1052 2289 non
1076 2252 1196 2290 fuisse
1220 2253 1397 2291 electum
1419 2253 1542 2291 libere
1567 2268 1638 2291 nec
1663 2267 1781 2291 cano-

94 2311 194 2350 nice.
221 2312 364 2361 Itaque
387 2311 605 2349 recusavit.
629 2311 812 2349 Clemens
836 2312 915 2348 VII
938 2326 983 2349 eo
1007 2319 1189 2361 tempore
1211 2311 1333 2350 libere
1355 2320 1396 2350 et
1417 2311 1608 2350 canonice
1630 2312 1781 2350 electus

92 2370 128 2408 ei
153 2370 314 2417 detulit,
341 2384 363 2407 a
391 2384 471 2419 quo
497 2370 561 2408 ille
587 2369 759 2419 accepit.
788 2370 1060 2408 Continuator
1088 2369 1266 2419 Nangii3
1290 2385 1531 2409 enumerans
1558 2371 1782 2408 cardinales

92 2429 144 2467 ab
173 2430 339 2467 Urbano
367 2438 539 2475 creatos,
566 2428 673 2467 inter
699 2444 765 2467 eos
793 2429 940 2468 ultimo
967 2429 1054 2467 loco
1082 2429 1199 2478 ponit
1226 2429 1412 2478 l⁷evesque
1439 2429 1505 2479 qui
1531 2444 1571 2466 se
1598 2429 1786 2467 nommoit

91 2489 135 2526 de
156 2488 368 2538 Mirepois,
391 2488 458 2537 qui
478 2487 588 2525 estoit
607 2502 764 2537 evesque
785 2488 966 2534 d’Ostzm,
989 2488 1113 2537 lequel
1133 2502 1179 2525 ne
1200 2488 1386 2537 l’accepta
1407 2502 1495 2538 pas,
1516 2497 1550 2526 et
1571 2503 1649 2526 non
1672 2489 1786 2538 firent

93 2548 275 2597 pluseurs
299 2548 363 2585 cles
386 2555 530 2584 ctutreS.
554 2547 605 2584 Et
625 2547 766 2596 depuis
787 2547 819 2584 Ze
840 2547 896 2584 dit
913 2561 1016 2596 pape
1032 2546 1208 2584 Clement
1229 2547 1293 2596 fist
1313 2548 1345 2584 le
1365 2547 1422 2584 dtt
1439 2561 1596 2596 evesque
1617 2547 1785 2584 d'Ostun

91 2606 290 2653 cardinal3
315 2606 437 2655 lequel
458 2606 655 2655 l’accepta.
681 2605 732 2643 Et
753 2620 800 2642 en
822 2605 937 2643 verite
959 2606 1107 2643 c'estoit
1127 2606 1190 2643 cles
1217 2606 1311 2642 bons
1334 2606 1451 2643 clercs
1470 2620 1541 2655 que
1564 2606 1640 2643 l’en
1661 2614 1787 2644 sceust

90 2680 138 2703 en
160 2665 376 2711 crestiente'3
401 2665 523 2714 lequel
544 2664 649 2701 avot’t
668 2664 745 2712 fait
768 2672 883 2713 grant
905 2664 1096 2712 diligence
1120 2665 1163 2701 de
1184 2664 1316 2702 savotr
1336 2673 1371 2702 et
1392 2665 1574 2714 enquerir
1596 2673 1787 2703 comment

91 2725 124 2761 le
150 2724 206 2762 dit
232 2723 470 2761 Barthelemi
496 2723 600 2760 avott
625 2725 701 2760 este'
725 2724 841 2761 esleu.
871 2723 921 2760 Et
947 2731 1068 2772 quant
1096 2723 1125 2760 il
1150 2723 1255 2760 cwoit
1280 2737 1369 2760 sceu
1397 2723 1435 2760 la
1462 2723 1591 2771 verite,
1621 2724 1650 2760 il
1683 2724 1788 2761 auoit

141 2878 173 2911 1.
205 2878 287 2911 Une
307 2876 577 2921 reproduction
600 2876 714 2920 figure
735 2888 782 2909 au
804 2883 828 2909 t.
849 2889 873 2909 11
895 2877 944 2909 du
961 2876 1121 2919 Congres
1143 2877 1182 2909 de
1201 2877 1237 2909 la
1253 2876 1388 2909 Societe
1407 2877 1678 2921 archeologique
1697 2884 1787 2910 tenu

93 2931 115 2963 a
134 2931 312 2974 Avignon
335 2930 465 2973 (Paris,
487 2930 593 2969 1910,
616 2941 650 2973 p.
672 2930 769 2973 321).

142 2985 173 3017 2.
210 2983 373 3017 Grandes
397 2983 610 3025 chroniques
635 2983 676 3015 de
700 2982 852 3021 France,
879 2983 935 3015 ed.
966 2982 1009 3015 R.
1039 2982 1279 3022 Delachenal,
1307 2988 1333 3015 t.
1359 2994 1396 3021 11,
1424 2994 1458 3026 p.
1485 2983 1568 3016 348.
1594 3002 1642 3007 —
1668 2984 1790 3017 Pierre

94 3037 154 3069 fut
166 3048 212 3070 en
225 3037 314 3070 effet
328 3038 470 3079 eveque
486 3036 530 3067 de
554 3035 739 3078 Mirepoix
764 3036 813 3067 du
828 3036 847 3068 5
861 3035 984 3078 juillet
998 3036 1091 3068 ‘1363
1107 3047 1154 3067 au
1177 3036 1221 3067 22
1235 3035 1329 3068 avril
1356 3036 1448 3068 1377
1468 3036 1614 3078 (Eubel,
1639 3037 1790 3070 Hierar-

94 3090 188 3129 chia,
209 3096 235 3122 t.
255 3102 279 3128 1,
300 3101 334 3133 p.
356 3090 400 3122 73
420 3095 458 3121 et
476 3088 573 3130 344).

143 3144 175 3176 3.
211 3143 258 3176 Ut
273 3155 314 3182 s.‚
334 3149 360 3175 t.
378 3154 415 3176 11.
435 3154 468 3185 p.
488 3143 570 3175 348.
