2083 3458
249 224 332 266 480
897 236 1050 261 NOTAE
1084 235 1145 260 AD
1180 236 1308 262 VITAs
1383 239 1385 242 ·
1804 221 1981 277 [1434]

242 321 351 362 idem
374 338 444 361 rex
468 322 704 371 agnovisset
728 320 937 359 meliorem
965 335 1050 358 esse
1076 319 1359 359 conditionem
1383 320 1620 369 Clementis,
1645 322 1833 372 adeoque
1856 322 1964 371 lega—

248 384 403 421 tionem
419 382 469 419 ad
487 395 580 419 eum
596 380 787 427 misisset,
805 394 895 418 ecce
912 379 960 418 de
976 379 1136 429 integro
1153 378 1321 427 bellum,
1346 380 1378 418 si
1392 380 1451 418 ita
1466 380 1580 430 loqui
1608 382 1669 419 fas
1702 389 1778 429 est,
1794 389 1976 431 propter·

249 442 490 482 cathedram
507 441 814 486 Bracarensem,
835 453 960 488 quam
978 439 1055 477 sibi
1072 453 1094 476 a
1114 439 1323 477 Clemente
1341 439 1506 478 restitui
1522 440 1766 490 postulabat
1786 440 1965 479 Lauren-

250 504 346 548 tius,
387 500 555 551 negavit
582 499 772 549 pontifex
798 507 968 548 propter
994 498 1243 549 multiplices
1269 499 1465 547 rationes,
1492 499 1534 537 in
1560 500 1704 550 primis
1730 514 1827 538 vero
1855 499 1966 549 quod

252 563 402 600 diceret
441 560 549 609 quod
598 573 691 596 cum
728 558 975 596 Laurentius
1012 567 1183 608 propter
1217 558 1399 596 facinora
1445 573 1517 596 sua
1561 559 1968 609 ingratitudinesque

253 622 432 659 diversas
456 620 505 656 ad
530 619 653 656 aliam
672 618 896 657 Ecclesiam
930 617 1147 656 fuisset-de
1168 617 1409 656 Bracarensi
1430 619 1672 667 translatus,
1694 633 1777 656 non
1803 626 1969 668 poterat

251 681 423 732 juridice
452 678 691 728 hujusmodi
731 677 950 715 translatio
979 677 1177 725 revocari,
1207 677 1277 716 sed
1307 677 1445 727 potius
1481 678 1539 716 illi
1556 677 1760 717 Ecclesiae
1790 677 1970 716 debebat

254 741 302 779 de
324 740 401 777 alio
424 747 588 788 pastore
610 737 829 787 provideri.
855 736 1026 787 Scripsit
1055 745 1273 787 propterea
1297 737 1542 775 Laurentius
1565 738 1616 775 ad
1640 739 1843 776 Joannem
1867 737 1978 787 epis-

258 813 406 849 copum
440 792 828 847 Usssipponensem,
864 797 933 846 qui
966 804 1056 834 tum
1090 805 1179 834 erat
1211 797 1322 847 apud
1357 797 1623 836 Clementem.
1659 798 1840 835 ,Ioannes
1873 811 1980 835 vero

255 860 306 897 ad
325 872 416 897 eum
434 858 657 896 rescribens
676 857 830 906 multas
849 856 1115 894 difficultates
1135 857 1342 906 opposuit.
1364 856 1419 894 Et
1435 864 1577 895 tamen
1596 857 1631 895 ei
1647 857 1791 895 modos
1809 856 1972 906 aperuit

256 919 403 969 quibus
430 917 490 955 uti
517 931 610 954 eum
635 930 709 966 par
734 924 822 954 erat
848 917 897 953 ad
926 916 1201 966 mitigandam
1225 916 1329 954 iram
1355 917 1505 954 summi
1529 916 1742 967 pontificis
1776 924 1817 954 et
1842 916 1979 954 cardi--

254 980 420 1017 nalium.
451 977 562 1015 Inter
586 985 719 1014 cetera
744 976 864 1014 valde
888 977 1154 1014 commendat
1177 976 1374 1014 affectum
1399 976 1584 1026 Hugonis
1609 976 1658 1014 de
1692 976 1843 1014 Sancto
1868 974 1980 1012 Mar-⁴

256 1040 351 1077 tiale
376 1046 416 1075 et
441 1036 646 1074 Guillelmi
676 1035 853 1074 Noelleti
877 1049 970 1085 erga
1003 1051 1111 1084 eum,
1136 1036 1197 1074 his
1231 1036 1398 1074 omnino
1429 1035 1564 1074 verbis
1596 1043 1716 1074 utens
1752 1051 1759 1073 :
1784 1035 1909 1072 Porro
1934 1042 1982 1071 ut'

255 1099 345 1136 sitis
364 1096 543 1147 plenarie
571 1096 823 1145 informatus,
847 1110 894 1132 ne
915 1095 1071 1145 aliquid
1091 1105 1290 1133 taceamus
1311 1096 1413 1145 quod
1436 1096 1480 1133 de
1501 1095 1603 1143 facto
1626 1094 1669 1131 in
1689 1095 1805 1132 vestri
1823 1101 1974 1132 contra-

258 1158 363 1195 rium
399 1163 637 1206 opponatur,
668 1169 802 1192 omnes
838 1154 992 1192 domini
1022 1156 1245 1193 cardinales
1280 1155 1487 1193 clamitant
1513 1162 1647 1192 contra
1671 1168 1736 1191 vos
1761 1161 1984 1191 asserentes·

259 1232 329 1268 que
361 1216 549 1267 superius
583 1223 677 1251 sunt
709 1229 913 1264 conpressa-3
949 1215 1125 1253 dominis
1158 1215 1298 1253 Sancti
1339 1214 1488 1263 Angeli
1534 1222 1569 1251 et
1601 1212 1742 1251 Sancti
1763 1212 1977 1251 Martialis

256 1278 447 1327 exceptis,·
470 1276 535 1313 cui
559 1274 697 1312 Sancti
721 1274 932 1312 Martialis
954 1275 991 1313 si
1015 1290 1080 1313 vos
1105 1276 1240 1325 ipsum
1262 1274 1465 1312 serviendo
1489 1272 1648 1321 daretis,
1669 1287 1749 1310 non
1771 1272 1975 1322 satisface-

260 1338 365 1385 retis,
392 1346 433 1375 ut
455 1335 664 1382 credimus,
688 1334 767 1371 zelo
790 1342 825 1371 et
845 1334 982 1372 animo
1006 1344 1151 1385 quanto
1174 1350 1246 1385 pro
1269 1342 1394 1372 vestra
1417 1332 1667 1383 reparatione
1695 1332 1857 1371 laborat.
1886 1331 1986 1381 Ipse·

264 1397 425 1448 quidam
444 1404 479 1434 et
497 1409 568 1432 nos
585 1408 706 1443 super
724 1395 933 1443 premissis
952 1395 1138 1433 omnibus
1158 1409 1223 1432 vos
1241 1394 1517 1432 excusavimus
1538 1401 1581 1430 ut
1598 1392 1740 1429 melius
1757 1391 1977 1442 potuimus,

264 1458 450 1495 Attamen
471 1470 550 1493 non
570 1462 797 1504 poteramus
817 1455 990 1493 rationes
1010 1455 1243 1493 adinvenire
1263 1462 1343 1492 tam
1362 1454 1480 1503 fortes
1501 1452 1599 1502 quin
1619 1466 1752 1489 eorum
1773 1451 1987 1489 ewisterent>

265 1517 456 1567 fortiores.
491 1514 750 1552 Tentavimus
776 1514 897 1552 etiam
924 1516 1083 1565 placare
1111 1515 1269 1552 lenibus
1295 1511 1665 1563 supplicationibus
1694 1511 1839 1549 nostris
1866 1525 1979 1548 sanc-

265 1577 468 1615 tissimum
497 1574 703 1612 dominum
732 1578 914 1611 nostrum
930 1589 1094 1625 papam.
1121 1574 1199 1613 Sed
1219 1588 1307 1612 cum
1337 1581 1487 1611 nostros
1515 1570 1760 1622 percipiebat
1785 1583 1983 1608 sermone-s·
2006 1605 2008 1609 ,

267 1636 418 1675 dicebat
454 1637 496 1673 in
518 1648 705 1685 responso
724 1634 1041 1683 supplicationes
1077 1649 1147 1684 pro
1184 1633 1430 1672 inobediente
1452 1640 1487 1670 et
1519 1630 1715 1681 pertinaci
1738 1644 1858 1680 penes
1892 1641 1983 1667 eum

267 1697 469 1746 procedere
495 1709 693 1745 nusquam
717 1708 842 1744 posse.
867 1694 981 1744 Quod
997 1694 1170 1732 videntes
1190 1694 1275 1744 ipse
1300 1693 1486 1732 dominus
1512 1690 1650 1728 Sancti
1668 1689 1894 1737 Martialis,
1914 1688 1981 1739 qui

264 1757 349 1806 jam
371 1764 516 1805 septem
539 1755 597 1792 vel
617 1763 698 1792 octo
720 1754 765 1791 de
786 1754 882 1791 aliis
904 1754 1079 1791 dominis
1101 1753 1377 1792 cardinalibus
1398 1766 1518 1802 super
1539 1751 1608 1788 hoc
1629 1758 1684 1787 est
1704 1749 1865 1799 plenius
1887 1748 1985 1786 allo*

268 1825 392 1863 cutus,
417 1829 560 1865 nosque
590 1814 830 1852 decrevimus
859 1814 1025 1863 predicti
1056 1813 1209 1851 domini
1236 1804 1373 1851 Sancti
1408 1811 1555 1860 Angeli
1581 1807 1663 1860 fore
1697 1808 1982 1858 expectandum

266 1877 476 1913 adventum
504 1883 556 1922 ut,
585 1874 672 1924 ipso
704 1873 879 1924 juvante,
919 1888 1052 1911 omnes
1085 1874 1159 1911 alii
1193 1872 1346 1910 domini
1380 1870 1591 1921 pacificari
1625 1869 1780 1907 valeant
1812 1876 1846 1905 et
1880 1867 1982 1905 iram

267 1942 492 1985 conceptam
522 1943 755 1984 postponere
777 1943 911 1972 contra
942 1948 1019 1981 vos,
1052 1949 1097 1971 ac
1127 1933 1284 1971 tandem
1318 1940 1443 1969 cetum
1475 1929 1644 1968 insimul
1671 1928 1873 1977 facientes,
1898 1940 1990 1965 voce’

269 1995 455 2032 unanimi
486 1994 726 2043 supplicare.
766 1994 953 2044 Epistola
988 1994 1056 2031 illa
1093 2001 1211 2031 extat
1235 1993 1277 2030 in
1314 1991 1451 2030 codice
1486 1988 1561 2027 755
1595 1987 1869 2027 bibliothecae
1896 1987 1984 2024 Col-

268 2054 454 2093 bertinae
466 2054 492 2094 1.
516 2054 717 2104 Nuspiam
739 2054 963 2104 reperimus
997 2067 1077 2103 quo
1101 2053 1278 2091 evaserit
1299 2051 1411 2089 istud
1435 2049 1648 2100 negotium
1662 2046 1688 2087 ².
1714 2047 1867 2085 Verum
1890 2059 1984 2084 cum

270 2113 518 2152 Ferdinandi
542 2128 663 2161 mors,
688 2128 792 2164 quae
814 2114 927 2152 brevi
952 2121 1095 2163 postea
1119 2111 1339 2150 subsecuta
1373 2118 1447 2158 est,
1481 2122 1675 2159 magnam
1707 2106 1990 2144 mutationem.

272 2174 462 2212 attulerit
484 2174 526 2212 in
546 2174 775 2221 Lusitania,
804 2173 1018 2224 probabile
1038 2181 1099 2211 est
1128 2171 1399 2209 Laurentium
1417 2170 1524 2207 inter
1552 2169 1624 2206 has
1644 2166 1788 2205 turbas
1817 2173 1858 2204 et
1876 2165 1983 2203 bella

273 2232 499 2272 domestica
531 2234 803 2284 praeteritum
849 2233 986 2280 fuisse,
1032 2240 1072 2270 et
1117 2224 1257 2269 favore
1309 2229 1480 2267 Joannis
1525 2227 1622 2266 novi
1666 2226 1784 2276 regis,
1831 2225 1900 2274 qui
1940 2224 1983 2262 in

273 2292 431 2333 Urbani
462 2303 600 2344 partes
634 2294 868 2341 transierat,
901 2292 1118 2331 retinuisse
1150 2291 1289 2329 sedem
1319 2290 1625 2327 Bracarensem.

327 2352 446 2390 Anno
488 2352 859 2392 MCCCLXXXV3
906 2352 1020 2390 dedit
1061 2350 1312 2389 monasterio
1354 2348 1693 2386 Cartusianorum
1732 2345 1988 2395 B‘onipassus-

276 2412 505 2461 prioratum
528 2413 667 2451 Sancti
691 2411 982 2462 Symphoriani
996 2411 1044 2449 de
1057 2411 1277 2457 Caumont,
1300 2408 1416 2457 cujus
1437 2406 1638 2458 possessio
1659 2406 1758 2442 data
1771 2412 1833 2443 est
1853 2403 1984 2442 eidem

275 2474 524 2511 monasterio
560 2473 624 2511 die
659 2487 766 2509 xxix
800 2472 920 2522 junii,
955 2479 1003 2508 ut
1037 2486 1087 2508 ex
1121 2468 1380 2508 collectaneis
1416 2467 1493 2504 viri
1528 2464 1740 2503 clarissimi
1776 2461 1988 2512 Peyreskii

276 2532 525 2569 adnotatum
555 2541 616 2571 est
644 2533 682 2569 in
714 2530 1030 2569 probationibus
1058 2529 1246 2567 historiae
1274 2527 1543 2565 cardinalium
1578 2524 1795 2571 Gallorum,
1825 2537 1862 2573 p.
1894 2521 1986 2560 407.

330 2592 448 2629 Anno
480 2591 837 2639 MCCCLXXXV,
870 2591 933 2628 die
964 2589 1169 2628 dominica
1201 2587 1377 2638 septima
1408 2585 1558 2624 mensis
1587 2583 1781 2634 januarii,
1812 2581 1986 2619 Mariam

278 2653 459 2701 reginam
487 2653 645 2691 Siciliae
671 2652 781 2702 apud
808 2652 1115 2689 Villamno‘vam
1141 2647 1331 2685 visitavit
1355 2660 1437 2684 una
1464 2659 1557 2683 cum
1583 2643 1753 2681 Guterio
1779 2641 1988 2680 cardinale

281 2712 517 2761 Hispaniae,
544 2712 793 2758 Florentino,
819 2710 1088 2756 Saluciarum,
1113 2709 1161 2746 de
1186 2707 1457 2752 NovocastrO,
1482 2705 1530 2742 de
1554 2702 1805 2753 Fetigniaco,
1829 2709 1870 2739 et
1892 2712 1987 2737 cum

333 2862 357 2893 1.
381 2862 485 2898 RN..
508 2875 574 2895 ms.
598 2862 692 2895 latin
713 2861 817 2901 5155,
840 2861 902 2897 fol,
926 2861 994 2894 123
1015 2863 1068 2893 V0.
2029 2883 2032 2886 <

332 2916 361 2946 2.
391 2915 546 2958 D⁷aprcs
572 2916 689 2947 Eubel
725 2914 968 2957 (Hirrarchia.
991 2920 1017 2946 t.
1039 2925 1061 2953 1,
1085 2910 1225 2956 p.‹144)
1252 2910 1422 2943 Clement
1442 2908 1516 2941 VII
1539 2908 1666 2940 donna
1687 2906 1707 2938 a
1736 2905 1904 2937 Laurent
1933 2914 1984 2935 un

278 2980 493 3000 sus-‹wswnr
521 2982 563 3001 cn
593 2969 627 3000 la
658 2980 840 3011 personne
871 2969 914 3000 de
946 2967 1067 2999 Pierre
1096 2965 1275 3003 Laurent‚
1299 2962 1481 2996 chanoine
1512 2961 1556 2993 de
1584 2960 1718 3002 Eraga,
1749 2957 1813 3001 qui
1841 2955 1982 2990 semble

280 3021 425 3052 11⁷:1x'0i1'
453 3034 517 3064 pn>
551 3022 622 3064 pris
655 3021 872 3064 possession.
899 3021 956 3053 En
976 3026 1083 3053 toute
1112 3017 1322 3062 hypothese
1342 3015 1521 3048 Boniface
1545 3013 1603 3046 IX
1631 3010 1859 3046 considerait
1886 3009 1984 3042 Lau-

281 3081 358 3105 1‘4'11[
383 3086 526 3106 comme
550 3075 710 3115 leo-iiiiiic
734 3076 934 3107 ‹lctcnteur
955 3074 1005 3106 (lu
1025 3073 1133 3115 siege,
1157 3070 1287 3114 quand
1307 3068 1453 3102 celui-ci
1474 3072 1629 3100 mourut
1649 3077 1694 3098 en
1721 3064 1827 3097 1398.

326 3128 357 3159 53.
388 3128 490 3165 1386,
526 3140 558 3160 n.
592 3135 636 3161 st.
