2083 3458
107 251 258 310 [1235]
624 268 840 293 PAPARUM
877 269 1260 295 AVENloNENsmM
1712 259 1791 299 759

94 350 336 389 adversariis
371 351 457 400 ejus
493 365 538 389 ea
573 352 684 402 pacis
719 351 901 390 conditio
936 352 1043 391 inter
1077 361 1231 392 ceteras
1266 353 1364 391 data
1399 363 1505 393 esset
1538 364 1585 394 ut
1617 357 1791 407 papatui

93 410 363 457 renuntiaret,
391 409 503 447 illum
535 420 772 449 constanter
799 412 1054 462 respondisse
1083 428 1123 451 se
1151 412 1283 452 vitam
1311 413 1447 463 potius
1476 413 1721 453 amissurum
1748 425 1789 454 et

92 469 229 519 lingua
254 470 357 507 Itala
377 469 526 507 dixisse
548 486 554 507 τ
577 471 673 508 Ecce
691 471 847 518 collum,
866 485 946 508 ecce
964 480 1095 521 caput.
1117 471 1179 510 Sic
1199 472 1287 522 pari
1307 472 1431 512 ferme
1450 472 1492 511 in
1509 488 1550 511 re
1569 475 1788 513 concordes

93 528 202 566 fuere
236 528 317 566 duo
350 528 565 578 pontifices
600 544 700 580 quos
738 529 831 567 Itali
863 530 1080 580 scriptores
1113 531 1287 569 tradunt
1320 531 1441 570 fuisse
1475 532 1787 573 crudelissimos.
1814 582 1817 584 q

146 588 189 626 P.
210 588 300 635 470,
319 587 384 637 lig.
407 588 466 626 15.
492 589 538 625 ΙΝ
560 589 774 626 ANAGNIA.
796 589 874 637 Qui
892 597 982 627 tum
1000 604 1181 628 rumores
1201 598 1335 628 essent
1354 591 1393 628 in
1417 591 1534 629 Italia
1563 592 1790 632 luculenter

93 646 272 696 explicat
309 647 564 685 Marcellinus
604 648 651 686 de
693 648 861 697 Inghem
897 648 938 686 in
975 648 1146 698 epistola
1184 649 1336 699 scripta
1373 650 1424 687 ad
1464 650 1789 691 Universitatem

93 705 377 754 Parisiensem,
409 721 513 756 quae
545 715 663 745 extat
693 707 734 744 in
766 707 927 745 codice¹
953 707 1030 745 483
1054 708 1194 746 Sancti
1211 708 1385 746 Victoris
1404 709 1656 758 parisiensis,
1678 712 1787 750 unde

92 764 202 803 edita
220 773 282 803 est
300 765 341 803 in
359 774 472 803 tomo
493 775 640 816 quarto
660 766 863 804 Historiae
888 767 1167 805 Universitatis
1186 768 1446 815 Parisiensis,
1466 783 1505 818 p.
1525 768 1614 807 466.

148 825 188 863 Ρ.
215 825 302 869 470,
333 825 398 874 lig.
434 824 492 864 16.
527 825 865 864 DECLARATIONE
887 840 1110 864 sOLEMiJNJ.
1147 827 1204 864 Ea
1228 828 1429 876 reperitur
1450 827 1491 864 in
1514 828 1653 867 multis
1676 828 1786 867 libris
1807 833 1814 837 “

92 884 396 934 manuscriptis.
417 884 539 922 Edita
557 899 653 923 vero
670 893 731 922 est
748 885 788 922 in
806 893 918 923 tomo
937 893 1100 934 quarto,
1117 900 1156 935 p.
1175 886 1264 932 468,
1282 886 1486 924 Historiae
1508 887 1787 926 Universitatis

91 943 352 982 Parisiensis.
374 944 474 981 Cum
496 943 606 981 illam
629 943 853 982 cardinales
875 944 945 993 qui
966 944 1174 994 Anagniae
1195 953 1313 983 erant
1333 945 1538 984 misissent
1558 947 1609 984 ad
1630 962 1695 985 eos
1717 947 1786 997 qui

90 1010 373 1040 remanserant
401 1003 626 1051 Avenione,
655 1002 724 1050 illi,
753 1011 800 1040 ut
828 1003 947 1041 docet
975 1003 1239 1042 continuator
1268 1004 1444 1053 Gallicus
1476 1005 1623 1054 Nangii
1641 1005 1668 1053 2,
1696 1020 1787 1044 eam

89 1061 131 1099 in
171 1061 359 1100 omnibus
400 1063 752 1113 approbaverunt,
792 1061 832 1099 in
872 1062 970 1100 urbe
1011 1062 1287 1101 Avenionensi
1326 1063 1525 1114 publicari
1563 1064 1787 1113 jusserunt,

90 1120 471 1171 prohibueruntque
494 1136 543 1159 ne
566 1122 655 1172 quis
680 1122 847 1159 Urbano
871 1121 1074 1168 obediret3
1098 1136 1178 1159 uno
1200 1131 1373 1172 excepto
1397 1123 1600 1161 cardinale
1625 1124 1786 1175 Pampi-

89 1179 262 1228 lonensi,
279 1181 349 1230 qui
365 1181 500 1219 adhuc
517 1181 593 1219 sibi
609 1181 922 1219 deliberandum
939 1181 1111 1228 censuit,
1128 1189 1175 1218 ut
1191 1196 1313 1231 supra
1330 1197 1369 1232 p.
1388 1182 1463 1220 940
1479 1182 1786 1222 adnotavimus.

94 1239 211 1277 Illam
229 1239 419 1278 Nicolaus
440 1240 658 1289 Eymerici,
675 1239 894 1290 inquisitor
912 1240 1174 1289 Arragoniae,
1191 1248 1370 1279 testatur
1386 1241 1426 1278 in
1444 1241 1697 1291 depositione
1715 1257 1785 1280 sua

89 1313 130 1336 se
153 1299 346 1337 detulisse
369 1299 410 1337 in
436 1300 679 1350 Hispaniam
704 1314 716 1336 .·
732 1299 835 1337 Cum
855 1307 986 1337 autem
1007 1300 1070 1337 hie
1091 1300 1288 1349 deponens
1304 1299 1319 1322 3
1334 1300 1412 1348 fuit
1434 1301 1635 1350 Anagnie,
1654 1302 1787 1339 statim

89 1357 321 1396 subaudivit
337 1360 459 1396 multa.
475 1360 520 1397 de
537 1359 606 1397 illa
622 1367 799 1397 materia.
818 1358 922 1396 Sed
910 1373 951 1395 ιη
966 1359 1132 1409 speciali
1147 1359 1198 1396 ad
1211 1359 1365 1408 aliquos
1380 1359 1475 1406 di,es
1491 1374 1579 1397 cum
1594 1374 1614 1396 c
1617 1360 1788 1398 enissent

90 1417 243 1454 domini
261 1418 484 1456 cardinales
501 1418 729 1456 Hostiensis
747 1426 781 1456 et
799 1419 843 1456 de
862 1418 1083 1467 Aragonza,
1104 1419 1204 1455 clare
1222 1418 1375 1456 audimt
1393 1418 1442 1456 ab
1463 1427 1620 1468 utroque
1637 1420 1785 1484 predic-

90 1485 217 1514 torum
245 1478 346 1526 quod
374 1478 438 1515 ille
465 1464 656 1516 Barensis
684 1492 762 1515 non
789 1485 871 1515 erat
898 1492 1009 1514 verus
1037 1492 1158 1527 papa.
1188 1477 1238 1514 Et
1273 1485 1359 1527 post
1385 1478 1533 1527 aliquot
1553 1478 1656 1525 dies,
1684 1479 1787 1517 circa

90 1535 340 1586 prineipium
369 1537 480 1586 julii
513 1552 601 1574 cum
632 1537 759 1575 dictus
790 1537 988 1586 deponens
1019 1537 1126 1574 vellet
1156 1536 1291 1574 animo
1323 1537 1366 1574 de
1398 1537 1591 1585 lnagnia
1621 1552 1725 1575 erire
1755 1547 1787 1575 et

96 1594 275 1633 Gaietam
297 1596 364 1643 ire,
388 1605 561 1634 metuens
582 1596 771 1645 Anagnie
791 1610 1002 1642 remanere,
1024 1604 1057 1633 et
1087 1596 1155 1633 hoc
1174 1604 1378 1645 exponeret
1401 1596 1573 1633 dominis
1605 1597 1785 1634 cardina-

89 1654 196 1692 libus
232 1654 478 1693 Gebennensi
507 1664 541 1694 et
570 1655 851 1702 Ambzhnensi,
882 1655 1067 1693 dominus
1104 1655 1369 1692 Gebennensis
1399 1655 1599 1705 respondit
1627 1670 1695 1705 per
1723 1656 1788 1694 lzec

89 1713 204 1751 verba
225 1729 232 1751 :
255 1714 488 1764 Expectetis.
511 1714 595 1753 Nos
616 1714 860 1753 intendimus
879 1715 1074 1752 declarare
1095 1715 1207 1752 illum
1227 1714 1423 1751 hominem
1443 1715 1509 1764 qui
1528 1722 1582 1751 est
1602 1714 1643 1751 in
1661 1715 1787 1753 Roma

90 1786 168 1810 non
193 1787 273 1810 esse
298 1788 461 1824 papam.
491 1774 648 1812 Velletis
673 1789 737 1811 vos
762 1782 916 1824 portare
938 1774 1235 1812 declarationem
1264 1773 1374 1811 illam
1399 1774 1558 1822 regibus
1585 1774 1789 1823 Yspanief'

89 1832 139 1870 Et
157 1832 284 1870 dictus
302 1833 500 1883 deponens
521 1850 528 1871 ;
549 1834 744 1872 Libenter.
766 1834 885 1882 Ergo,
905 1833 1006 1871 dixit
1024 1833 1208 1870 dominus
1234 1832 1513 1879 Gebennensis,
1533 1833 1736 1882 escpectetis
1754 1842 1787 1871 et

88 1891 311 1941 portabitis.
345 1892 423 1942 Qui
454 1893 668 1943 expectavit
698 1901 733 1930 et
763 1892 943 1942 portavit.
979 1893 1109 1929 Extat
1140 1892 1180 1929 in
1212 1891 1349 1930 codice
1380 1891 1485 1930 2846
1514 1891 1785 1931 bibliothecae

90 1950 347 1989 Colbertinae
364 1951 380 1974 4
403 1952 534 1990 oratio
558 1952 610 1989 ab
635 1953 779 1990 eodem
806 1951 973 1990 Nicolao
998 1951 1141 1989 habita
1166 1951 1218 1988 ad
1242 1965 1377 2000 regem
1402 1951 1615 1998 Castellae,
1640 1951 1680 1988 in
1705 1965 1784 2000 qua

88 2009 147 2047 ait
168 2024 208 2047 se
229 2010 345 2060 jussu
367 2011 638 2049 cardinalium
660 2011 712 2048 ad
734 2025 828 2049 eum
851 2011 1043 2049 detulisse
1075 2010 1396 2049 declarationem
1418 2024 1559 2048 eorum
1590 2010 1785 2048 adversus

90 2069 319 2117 Urbanum,
340 2084 515 2120 eumque
536 2071 729 2108 hortatur
749 2078 795 2108 ut
816 2070 1068 2109 Clementem
1089 2069 1229 2108 credat
1249 2084 1333 2108 esse
1354 2083 1497 2108 verum
1517 2083 1683 2119 papam,
1704 2084 1785 2106 non

87 2136 229 2166 autem
256 2129 484 2169 Urbanum.
515 2130 664 2180 Incipit
692 2145 698 2167 :
723 2130 823 2167 Dico
847 2143 915 2178 ego
940 2143 1058 2178 opera
1084 2143 1168 2166 mea
1193 2128 1288 2177 regi,
1314 2143 1374 2178 ps.
1403 2143 1513 2166 xriv.
1542 2128 1587 2165 Si
1612 2128 1783 2165 conside-

89 2195 222 2225 rentur
245 2188 439 2238 scripture
464 2189 610 2236 divine,
637 2197 715 2227 etc.
745 2188 851 2236 Quid
878 2203 997 2238 porro
1025 2188 1072 2226 de
1099 2188 1166 2225 illa
1193 2187 1393 2225 senserint
1419 2187 1632 2236 utriusque
1656 2187 1784 2236 partis

88 2246 305 2296 scriptores
328 2248 506 2286 habetur
527 2262 766 2298 expressum
797 2248 848 2285 ab
875 2246 1050 2285 Henrico
1074 2247 1122 2285 de
1149 2246 1294 2284 Hassia
1318 2246 1357 2283 in
1376 2260 1462 2295 cap.
1489 2250 1582 2282 vai
1607 2254 1647 2283 et
1672 2260 1783 2283 vau

88 2304 238 2355 dialogi
262 2321 385 2356 quem
408 2315 499 2345 tum
524 2308 571 2345 de
596 2308 671 2345 hoc
696 2306 916 2345 schismate
941 2305 1187 2356 composuit,
1210 2305 1252 2342 in
1277 2320 1356 2355 quo
1381 2305 1673 2354 colloquuntur
1702 2305 1785 2342 Cle-

88 2364 294 2403 mentinus
324 2374 364 2404 et
396 2366 632 2405 Urbanista.
663 2366 727 2404 Sic
762 2380 854 2415 ergo
883 2364 1067 2415 loquitur
1097 2363 1319 2403 Urbanista
1351 2379 1357 2401 ε
1390 2363 1482 2400 Non
1508 2363 1588 2412 suit
1615 2363 1786 2412 legitime

89 2424 327 2462 declaratum
348 2439 479 2463 coram
497 2425 629 2474 judice
650 2426 701 2463 ad
722 2439 833 2475 quem
855 2424 1074 2474 pertinebat
1094 2423 1224 2474 primo
1245 2424 1406 2460 electum
1427 2437 1506 2459 non
1527 2436 1608 2459 esse
1637 2436 1786 2472 papam

87 2491 297 2533 antequam
308 2485 575 2534 procederetur
585 2485 637 2522 ad
647 2484 870 2522 electionem
881 2484 1106 2522 secundam.
1122 2482 1251 2532 Quare
1268 2481 1398 2519 electio
1409 2481 1581 2518 secunda
1606 2481 1785 2519 invalida

88 2541 239 2579 videtur
261 2558 268 2580 :
291 2543 385 2592 quia
406 2557 474 2581 nec
495 2543 555 2581 illi
576 2551 741 2594 quatuor
761 2542 996 2589 cardinales,
1017 2541 1164 2580 scilicet
1188 2540 1449 2587 Vivariensis,
1471 2540 1730 2587 Pictavensis,
1752 2548 1785 2578 et

89 2600 226 2638 Sancti
246 2602 406 2650 Angeli,
426 2610 460 2640 et
479 2602 616 2640 Sancti
636 2601 858 2649 Eustachii,
878 2601 946 2651 qui
964 2600 1094 2651 primo
1113 2616 1137 2638 a
1155 2599 1314 2648 collegio
1333 2599 1602 2637 cardinalium
1619 2598 1783 2636 ebcisten—

88 2659 189 2697 tium
215 2660 257 2698 in
284 2661 478 2709 Anagnia
501 2661 663 2710 fuerunt
688 2660 864 2711 deputati
891 2668 932 2697 ut
957 2660 1217 2697 discernerent
1240 2658 1278 2695 si
1302 2658 1432 2695 electio
1457 2665 1553 2695 esset
1578 2657 1725 2704 valida,
1751 2666 1785 2695 et

90 2719 254 2756 ulterius
268 2720 304 2756 si
321 2720 514 2767 invalida,
530 2735 583 2758 an
597 2720 768 2770 potuerit
782 2734 827 2757 ez
841 2727 928 2769 post
941 2718 1058 2768 jactis
1073 2718 1333 2756 convalescere
1347 2725 1381 2754 et
1395 2716 1579 2763 validari,
1590 2716 1785 2754 habebant

90 2777 132 2815 in
160 2777 228 2815 hoc
256 2787 499 2828 potestatem3
531 2793 598 2816 nec
625 2778 834 2816 camerarii
863 2791 979 2827 pape,
1009 2777 1123 2826 cujus
1152 2776 1380 2814 auctoritate
1407 2775 1486 2824 fuit
1513 2783 1785 2825 consequenter

89 2837 401 2884 determinatum,
432 2838 683 2883 declaratum,
712 2837 991 2874 sententiatum
1019 2836 1195 2886 primum
1224 2849 1302 2872 non
1331 2848 1410 2871 esse
1438 2848 1589 2884 papam
1618 2849 1685 2872 nec
1713 2833 1784 2871 rite

200 2979 240 3012 B.
262 2978 319 3017 N.,
338 2990 405 3010 ms.
423 2977 519 3010 latin
537 2976 665 3016 14644,
684 2976 746 3009 fol.
766 2976 833 3009 177
852 2981 908 3015 v⁰;
929 2976 1009 3008 voir
1025 2975 1124 3007 aussi
1141 2975 1172 3007 le
1190 2986 1257 3007 ms.
1276 2974 1371 3006 latin
1389 2973 1494 3014 9789,
1513 2973 1574 3006 fol.
1595 2973 1663 3006 223
1681 2978 1723 3006 r0.

206 3032 368 3065 Grandes
385 3031 598 3073 chroniques
616 3030 657 3062 de
675 3029 826 3068 France,
846 3029 902 3062 ed.
925 3028 1165 3066 Delachcnal‚
1186 3034 1212 3060 t.
1231 3039 1268 3066 11,
1289 3039 1323 3070 p.
1344 3028 1424 3060 323.

200 3085 240 3118 Β.
262 3084 319 3123 Ν.,
339 3095 405 3116 ms.
424 3083 519 3116 latin
538 3082 666 3121 11745,
685 3082 747 3115 fol.
767 3083 807 3115 61
830 3087 879 3115 v0.

199 3138 240 3171 B.
262 3137 319 3176 N.,
339 3148 406 3170 ms.
425 3136 521 3169 latin
539 3134 642 3173 1464,
661 3135 724 3168 fol.
743 3136 788 3168 16
807 3135 910 3167 v0-22
927 3139 970 3168 1⁰.

137 2980 169 3172 seme
