2083 3458
114 231 264 288 [1108]
631 249 846 275 PAPARUM
882 251 1265 281 AVENJONENSIUM
1713 239 1792 280 631

101 332 287 372 Toletani
313 332 519 383 rescripsit
545 333 653 372 idem
680 335 895 374 cardinalis
924 335 1062 374 Sancti
1092 337 1303 375 Eustachii
1320 337 1335 360 1
1364 353 1371 375 ε
1400 338 1471 376 Est
1507 338 1628 388 igitar
1663 354 1794 377 veram

101 392 202 442 quod
229 399 435 442 postquam
464 392 615 430 domini
647 393 721 430 mei
752 408 840 432 cam
870 394 1004 432 maltis
1034 395 1206 445 repetitis
1238 396 1403 434 maturis
1433 397 1612 435 consiliis
1642 412 1792 436 reman-

99 451 241 489 sissent
265 451 468 488 concordes
494 452 594 501 quod
620 451 688 489 iste
713 453 759 491 Β.
788 467 867 491 ηοη
890 461 971 491 erat
994 469 1115 504 papa,
1142 463 1277 504 aperta
1299 456 1379 504 suit
1405 455 1503 494 inter
1527 456 1704 494 dominos
1730 457 1793 495 via

101 509 258 548 concilii
281 510 485 558 generalis,
509 518 543 548 et
562 519 649 560 post
671 512 793 549 malta
814 512 981 550 consilia
1004 513 1102 550 inter
1123 527 1162 551 se
1182 522 1217 552 et
1237 528 1369 552 omnes
1391 523 1470 552 tam
1491 516 1795 554 citramontanos

100 583 217 619 quam
242 568 415 607 Ytalicos
435 569 514 618 fait
534 570 759 608 conclusam
780 572 881 620 qaod
902 571 970 609 illa
984 572 1048 610 via
1063 573 1180 610 velati
1195 573 1419 622 perniciosa
1436 574 1605 612 Ecclesie
1622 589 1700 613 non
1715 582 1796 613 erat

99 627 336 678 recipienda.
364 628 537 667 Sanctus
570 643 731 678 quoque
755 630 992 668 Vincentius
1022 631 1226 670 Ferrarius
1255 632 1297 670 in
1326 640 1509 671 tractatu
1528 634 1586 670 De
1613 635 1792 672 moderno

99 687 295 725 Ecclesiae
314 686 533 735 schismate,
554 696 660 738 part.
688 688 740 736 ΙΙ,
770 703 857 739 cap.
878 704 920 727 1v
939 689 966 737 2,
987 690 1250 740 improbabat
1278 691 1383 730 hanc
1403 692 1513 729 viam
1543 692 1601 730 ita
1622 693 1758 731 dicens
1781 710 1788 732 :

99 746 275 785 Secundo
308 746 392 784 dico
424 747 525 796 qaod
557 761 635 784 non
667 747 766 785 decet
797 756 953 798 propter
984 748 1052 786 hoc
1084 749 1301 788 universale
1333 751 1543 789 concilium
1575 752 1789 800 convocari,

97 814 180 843 tum
212 805 306 856 quia
338 805 522 844 dominus
556 814 682 844 noster
714 806 897 844 dominas
923 807 1100 845 Clemens
1132 823 1310 847 summas
1344 810 1528 859 Pontifex
1559 818 1593 848 et
1639 811 1790 848 domini

97 864 316 903 cardinales
342 865 562 902 viderentur
587 865 783 903 veritatem
807 866 977 903 Ecclesie
1003 867 1194 905 notoriam
1220 868 1263 905 in
1288 868 1454 906 dubiam
1478 883 1664 917 revocare,
1691 871 1791 920 qaod

98 938 176 962 non
200 924 312 971 decet,
339 924 508 962 mazime
532 924 812 962 considerando
838 925 959 963 malta
984 926 1120 974 gravia
1144 935 1177 964 et
1200 928 1361 965 adversa
1385 942 1455 977 que
1478 937 1635 978 possent
1658 937 1789 967 contra

95 983 312 1021 Ecclesiam
344 997 415 1033 pro
449 984 718 1022 convocatione
752 984 978 1033 hujusmodi
1012 985 1173 1024 evenire.
1213 986 1316 1024 Item
1353 987 1555 1025 Robertus
1591 988 1788 1036 Gervasii,

94 1042 306 1093 episcopus
344 1042 589 1090 Senecensis,
618 1043 660 1080 in
695 1051 878 1081 tractatu
910 1043 969 1080 De
1005 1043 1220 1082 Schismate
1234 1043 1262 1092 3,
1300 1045 1366 1083 fol.
1411 1046 1487 1084 123
1524 1053 1559 1084 r0
1596 1062 1603 1084 ε
1643 1047 1787 1084 Ultimo

95 1101 283 1151 probatur
310 1102 410 1152 quod
436 1102 488 1139 ad
513 1102 581 1139 hoc
609 1102 885 1140 declarandam
914 1117 992 1139 non
1019 1112 1189 1152 oporteat
1216 1104 1427 1142 concilium
1452 1106 1626 1154 generale
1653 1120 1786 1143 convo-

94 1175 190 1200 care.
214 1161 266 1199 Et
286 1160 354 1198 hoc
373 1161 442 1200 sic.
466 1161 571 1211 Quia
593 1161 650 1198 vel
670 1169 866 1199 vocaretur
886 1176 955 1211 per
977 1161 1186 1210 intrusum,
1209 1171 1243 1201 et
1263 1172 1407 1201 certam
1428 1172 1483 1201 est
1503 1165 1604 1214 qaod
1625 1164 1688 1202 ille
1709 1179 1787 1202 non

93 1227 214 1270 potest
243 1221 333 1258 dare
362 1220 629 1258 auctoritatem
657 1221 868 1258 concilium
897 1221 1128 1269 celebrandi,
1160 1222 1216 1259 vel
1244 1236 1312 1271 per
1341 1223 1524 1260 canonice
1552 1223 1723 1271 electam,
1753 1231 1787 1262 et

93 1287 185 1317 tunc
210 1279 426 1317 obedientes
453 1279 604 1317 intruso
630 1294 707 1317 non
743 1280 915 1317 venirent
948 1280 1083 1328 vocati,
1120 1281 1176 1318 vel
1209 1295 1276 1330 per
1310 1281 1510 1331 principes
1545 1283 1784 1331 temporales,

91 1346 125 1376 et
155 1346 246 1376 tunc
281 1346 528 1389 sequerentur
565 1353 710 1387 magna
744 1338 921 1389 pericula
955 1347 989 1377 et
1025 1339 1237 1377 divisiones
1275 1340 1373 1377 inter
1407 1355 1479 1379 eos,
1522 1341 1567 1378 In
1603 1349 1785 1379 tractatu

91 1405 231 1437 autem
268 1412 365 1436 mox
403 1398 606 1436 laudato‘¹
636 1398 745 1436 idem
784 1398 998 1436 cardinalis
1040 1398 1178 1437 Sancti
1211 1399 1421 1437 Eustachii
1451 1400 1570 1438 affert
1609 1400 1785 1439 rationes

92 1457 239 1506 quibus
279 1457 428 1507 probat
470 1457 685 1496 concilium
726 1471 808 1495 non
857 1471 976 1507 posse
1025 1471 1097 1496 nec
1148 1457 1292 1496 debere
1333 1459 1469 1496 vocari
1520 1473 1648 1508 neque
1702 1459 1785 1497 fieri

91 1516 134 1553 in
174 1516 253 1555 isto
296 1530 410 1563 casu;
456 1531 556 1566 quas
590 1516 676 1566 ejus
711 1516 844 1555 verbis
878 1517 1002 1554 refert
1036 1516 1231 1555 Odoricus
1276 1517 1527 1567 Raynaldus‚
1562 1532 1626 1555 an.
1673 1518 1784 1565 1378,

144 1634 240 1685 Agit
256 1635 299 1672 in
315 1635 391 1673 hoc
409 1636 496 1673 loco
514 1635 636 1674 miros
654 1635 883 1685 triumphos
901 1635 1010 1673 idem
1030 1635 1282 1684 Raynaldus‚
1301 1636 1475 1674 multum
1496 1636 1783 1674 commendans

93 1693 249 1732 Urbani
271 1694 516 1733 modestiam
539 1702 580 1732 et
602 1694 868 1743 aequitatem,
894 1694 961 1743 qui
985 1694 1037 1732 ad
1060 1702 1217 1734 motam
1239 1708 1261 1732 a
1284 1695 1556 1744 perduellibus
1580 1695 1628 1733 de
1650 1695 1784 1745 ponti-

94 1752 219 1791 ficatu
240 1767 312 1791 suo
334 1754 658 1792 controversiam
680 1753 950 1792 dirimendam
971 1761 1012 1791 et
1032 1753 1205 1791 schisma
1227 1753 1441 1792 imminens
1463 1754 1782 1804 propulsandum

90 1804 131 1850 se
158 1812 401 1851 submittere
428 1813 604 1851 voluerit
631 1813 914 1851 oecumenicae
941 1812 1110 1861 synodo.
1142 1812 1258 1860 Quod
1285 1821 1346 1850 est
1375 1813 1590 1851 manifeste
1616 1813 1781 1860 falsum;

89 1879 131 1909 et
161 1871 329 1910 mirarer
357 1871 470 1910 istud
500 1872 620 1910 scribi
650 1871 830 1922 potuisse
862 1871 913 1909 ab
946 1871 1118 1909 Odorico
1152 1871 1380 1921 Raynaldo,
1413 1872 1488 1909 nisi
1519 1871 1658 1910 scirem
1691 1886 1783 1909 eum

90 1930 212 1969 fuisse
243 1931 451 1970 hominem
483 1931 802 1970 audacissimum
833 1938 874 1969 et
904 1930 1233 1980 perfrictissimae
1266 1931 1422 1968 frontis.
1458 1931 1564 1967 Nam
1596 1930 1782 1980 quamvis

90 1990 280 2028 Urbanus
306 1990 575 2029 consensisset
600 1998 646 2028 ut
675 1990 767 2028 Itali
793 1989 1015 2028 cardinales
1042 1989 1152 2028 viam
1178 1990 1335 2028 concilii
1361 1998 1634 2039 prwgwnerent
1658 1990 1782 2027 ultra-

88 2049 308 2096 montanis,
330 2064 412 2087 non
433 2057 520 2088 erat
540 2049 596 2087 illi
617 2063 662 2087 ea
683 2063 796 2087 mens
817 2057 864 2086 ut
884 2063 924 2086 se
946 2062 1192 2098 causamque
1213 2062 1329 2087 suam
1350 2049 1611 2086 submitteret
1630 2048 1782 2098 judicio

87 2108 260 2156 concilii,
282 2116 329 2146 ut
350 2123 421 2159 per
442 2122 647 2148 summam
667 2108 884 2146 audaciam
906 2107 1047 2146 scribit
1068 2108 1132 2145 hic
1153 2115 1308 2146 auctor.
1333 2108 1481 2145 Contra
1505 2107 1630 2145 frater
1664 2107 1780 2145 Nico-

85 2167 173 2206 laus
200 2167 414 2218 presbyter
440 2167 655 2206 cardinalis
682 2167 793 2205 tituli
821 2166 960 2205 Sancti
987 2166 1143 2216 Cyriaci
1168 2174 1347 2205 testatur
1372 2181 1425 2212 se,
1454 2180 1546 2204 cum
1572 2165 1779 2203 adhibitus

86 2226 229 2265 fuisset
244 2241 364 2277 super
379 2241 423 2265 ea
439 2242 480 2265 re
494 2227 536 2264 in
551 2226 763 2265 consilium
778 2226 830 2263 ab
847 2225 1026 2271 Urbano,
1044 2225 1289 2263 consensisse
1310 2226 1323 2245 ⁵¹
1340 2226 1439 2275 qaod
1458 2224 1640 2262 dominus
1656 2232 1781 2261 noster

87 2285 322 2335 promitteret
350 2286 406 2323 eis
436 2293 559 2323 tenere
589 2285 799 2323 concilium
829 2285 871 2322 in
901 2298 973 2334 quo
1003 2284 1186 2321 dominas
1211 2298 1289 2321 non
1309 2283 1496 2320 subiceret
1517 2297 1567 2330 se,
1591 2283 1658 2320 sed
1679 2283 1780 2320 sicut

85 2359 199 2382 veras
237 2359 346 2394 papa
380 2353 580 2391 teneretur,
615 2358 745 2394 neque
778 2344 836 2382 ait
866 2351 1140 2393 repugnatum
1172 2343 1265 2380 huic
1297 2342 1522 2380 sententiae
1555 2342 1675 2379 fuisse
1724 2342 1777 2378 ab

89 2403 256 2442 Urbano
276 2418 406 2453 neque
426 2417 448 2441 a
468 2403 741 2442 cardinalibus
766 2403 890 2440 Italis.
915 2402 976 2439 EX
997 2416 1076 2451 quo
1096 2401 1358 2450 consequitur
1376 2401 1432 2438 ita
1455 2401 1638 2439 oblatum
1658 2400 1778 2438 fuisse

86 2462 303 2501 concilium
330 2462 603 2500 cardinalibus
630 2461 947 2501 ultramontanis
974 2469 1021 2498 ut
1046 2468 1186 2498 tamen
1213 2460 1264 2497 ab
1293 2460 1459 2497 Urbano
1487 2467 1779 2496 convocaretur

86 2530 127 2560 et
150 2521 235 2572 ipse
261 2521 295 2559 ei
320 2536 390 2571 per
414 2536 454 2560 se
479 2522 544 2559 vel
567 2536 638 2572 per
662 2522 815 2571 legatos
841 2534 933 2558 suos
958 2519 1219 2569 praesideret,
1246 2532 1410 2556 causam
1435 2532 1553 2567 porro
1577 2518 1777 2566 integram

85 2588 268 2618 servaret
290 2580 363 2618 Dei
383 2580 555 2629 judici03
577 2580 618 2618 id
640 2579 749 2629 quod
770 2579 868 2618 satis
891 2578 1045 2616 sciebat
1066 2577 1192 2628 accipi
1214 2592 1295 2614 non
1326 2592 1440 2627 posse
1462 2590 1484 2613 a
1506 2576 1776 2614 cardinalibus

86 2639 416 2678 ultramontanis.
458 2638 536 2677 Sed
575 2638 673 2688 quid
712 2653 811 2689 opus
851 2636 1093 2686 conjecturis
1131 2636 1172 2673 in
1209 2651 1249 2674 re
1287 2644 1428 2685 aperta
1467 2643 1507 2673 et
1545 2635 1775 2673 manifesta.

88 2698 296 2737 Habemus
325 2698 474 2748 quippe
501 2697 785 2736 testimonium
810 2696 935 2747 ipsius
964 2695 1133 2742 Urbani,
1161 2695 1229 2744 qui
1256 2702 1393 2744 aperte
1420 2694 1622 2744 professus
1649 2702 1710 2731 est
1736 2708 1775 2732 se

86 2758 190 2795 nolle
223 2771 388 2796 causam
429 2770 545 2794 suam
578 2756 832 2795 committere
863 2754 1015 2804 judicio
1048 2753 1204 2792 concilii
1237 2752 1443 2802 generalis,
1476 2760 1522 2789 ut
1556 2752 1775 2790 Rodericus

320 2917 387 2938 ms.
400 2905 495 2938 latin
510 2904 614 2943 1470,
628 2903 690 2937 fol.
708 2904 752 2937 59
767 2908 800 2936 r⁰
814 2909 851 2936 et
866 2902 1175 2941 Bliemetzrieder‚
1195 2900 1433 2934 Literarzsche
1446 2899 1621 2933 Polemilc
1638 2911 1672 2942 p.
1690 2900 1734 2933 88

246 2905 310 2998 IN„
330 2970 396 2992 ms.
416 2957 512 2990 latin
529 2957 634 2997 1470,
653 2956 715 2990 fol.
737 2957 804 2990 269
823 2960 873 2990 v0.

261 3012 318 3050 N.
345 3023 412 3044 ms.
439 3010 534 3042 latin
558 3009 663 3043 1467.

271 3076 308 3096 m

222 3064 266 3097 lie
311 3064 502 3103 etzrieder,
529 3074 586 3106 op.
614 3063 685 3101 cit„
713 3074 747 3105 p.
776 3062 831 3095 62.

186 2906 226 2939 B.

190 2959 230 2992 B.

191 3012 231 3045 B.

190 3065 218 3097 B

189 3118 228 3150 B.
261 3117 318 3154 Ν.
348 3128 414 3149 ms.
443 3116 538 3148 latin
565 3115 695 3154 11745,
723 3114 786 3148 fol.
816 3115 859 3147 73
888 3118 938 3146 v⁰.

127 2906 161 3150 9¹2³&er
