2083 3458
82 190 185 246 743]
594 205 809 231 PAPARUM
846 203 1230 231 AVENIONENSIUM
1673 191 1755 231 243

54 289 170 327 dram
198 288 494 327 Bituricensem
524 296 736 338 promotus
757 288 769 310 ¹
800 296 861 327 est
891 303 913 326 a
945 289 1104 327 Joanne
1136 288 1279 336 XXII,
1310 296 1538 338 extantque
1567 288 1606 327 in
1640 297 1752 327 tomo

53 340 230 387 secundo
257 346 392 385 Novae
422 346 671 384 bibliothecae
697 347 884 397 Philippi
910 347 1073 395 Labbei,
1100 362 1139 398 p.
1169 346 1257 395 123,
1286 347 1601 386 constitutiones
1629 348 1680 386 ab
1707 363 1753 386 eo

55 406 187 446 editae
213 420 285 456 pro
313 405 583 444 celebratione
611 405 844 443 divinorum
871 405 1095 444 officiorum
1119 406 1162 445 in
1187 405 1354 445 ecclesia
1378 406 1636 446 Bituricensi.
1666 407 1752 444 Fal-

52 466 192 503 luntur
219 464 404 515 profecto
435 464 741 502 Sammarthani
770 472 964 515 putantes
995 479 1088 503 eum
1117 465 1169 502 ad
1199 464 1586 516 archiepiscopalem
1615 466 1750 505 cathe-

53 524 167 562 dram
189 531 378 562 evectum
401 537 485 561 esse
508 537 615 561 anno
638 522 917 571 MCCCXVII,
942 523 1037 574 quia
1059 523 1097 561 in
1123 523 1324 574 excerptis
1347 539 1366 563 e
1388 523 1491 562 libro
1514 524 1750 562 Promissio-

52 582 175 620 num2
201 581 352 620 archivi
379 581 564 620 Vaticani
592 581 643 618 ad
668 595 734 620 eos
757 582 888 620 missis
910 582 1103 632 legebant
1127 582 1423 632 Raymundum
1446 582 1518 632 (sic
1546 583 1654 621 enim
1681 597 1751 633 per

51 655 227 680 errorem
256 641 456 691 scriptum
486 648 548 679 est
577 654 651 690 pro
684 640 902 691 Rainaldo)
936 641 1288 692 archiepiscopum
1316 641 1615 681 Bituricensem
1645 656 1753 680 anno

52 699 329 747 MCCCXVII,
359 699 422 738 die
449 713 492 737 xr
518 698 672 749 aprilis,
694 699 926 749 promisisse
954 700 1175 739 camerario
1204 700 1358 739 domini
1383 714 1514 751 papae
1550 708 1590 739 et
1626 715 1755 739 came-

51 759 156 797 rario
181 758 337 808 collegii
362 757 622 796 dominorum
647 758 916 797 cardinalium
942 767 1096 798 certam
1120 773 1325 797 summam
1348 760 1545 810 pecuniae
1571 774 1674 809 quae
1699 761 1754 799 eis

54 817 282 856 debebatur
312 831 385 867 pro
417 817 702 856 communibus
734 817 922 856 servitiis.
957 817 1034 856 Sed
1065 818 1393 857 animadvertere
1425 818 1652 857 debuerant
1683 818 1755 857 has

52 875 338 927 promissiones
367 890 449 914 non
478 890 636 926 semper
667 875 752 914 fieri
781 876 920 915 solitas
951 884 1135 927 tempore
1163 876 1458 927 provisionum,
1484 877 1553 915 sed
1582 877 1754 927 utpluri-

53 949 166 973 mum
194 934 407 985 aliquanto
434 943 541 985 post.
572 933 687 974 Certe
724 935 1035 985 promissionem
1070 936 1192 986 hujus
1223 935 1414 974 Rainaldi
1450 936 1605 974 factam
1633 937 1756 975 fuisse

54 1002 218 1033 constat
241 1001 335 1044 post
358 1002 439 1032 tres
464 1007 621 1032 menses
647 1007 739 1032 cum
764 993 933 1032 dimidio
957 1008 979 1031 a
1004 1002 1188 1044 tempore
1211 994 1468 1044 provisionis.

105 1053 224 1091 Anno
256 1052 534 1100 MCCCXVII,
566 1066 648 1090 una
681 1066 773 1091 cum
803 1053 1047 1102 Berengario
1079 1053 1127 1091 de
1160 1053 1383 1101 Landorra,
1414 1053 1547 1104 priore
1579 1053 1752 1103 generali

54 1111 204 1150 ordinis
233 1111 582 1159 praedicatorum,
610 1111 755 1150 missus
783 1120 844 1150 est
871 1126 893 1150 3
922 1112 1081 1150 Joanne
1111 1111 1239 1149 XXII
1266 1112 1317 1150 ad
1350 1113 1626 1151 revocandam
1662 1126 1753 1151 con-

54 1170 235 1209 cordiam
259 1170 367 1209 inter
394 1170 627 1221 Philippum
657 1170 704 1218 V,
732 1184 867 1220 regem
895 1170 1104 1218 Franciae,
1132 1178 1173 1209 et
1199 1179 1411 1221 magnates
1439 1171 1634 1209 adversus
1662 1185 1753 1209 eum

53 1237 336 1280 exasperatos3
360 1229 521 1268 Odoric.
547 1229 767 1279 Raynald.,
790 1243 854 1269 an.
881 1229 995 1277 1317,
1024 1229 1040 1278 ἕ
1063 1229 1098 1269 6.

107 1288 263 1327 Eodem
291 1302 399 1326 anno
427 1287 536 1327 idem
566 1289 746 1326 ,Joannes
775 1289 809 1327 ei
828 1288 842 1310 3
872 1296 912 1326 et
942 1288 1093 1326 Joanni
1123 1287 1170 1327 de
1201 1288 1499 1327 Cherchemont
1519 1288 1533 1310 4
1562 1289 1755 1327 canonico

54 1347 283 1394 Parisiensi,
311 1346 381 1397 qui
405 1355 548 1398 postea
574 1347 654 1385 fuit
680 1347 942 1386 cancellarius
970 1347 1179 1395 Franciae,
1205 1347 1460 1398 provinciam
1487 1347 1600 1386 dedit
1626 1348 1757 1385 redin-

54 1407 275 1456 tegrandae
299 1406 532 1445 academiae
556 1405 878 1452 Aurelianensis3
904 1406 1026 1445 Odor.
1054 1406 1273 1455 Raynald.‚
1298 1420 1363 1446 an.
1389 1406 1504 1454 1327,
1534 1406 1550 1455 ἓ
1576 1406 1635 1444 16.

106 1465 224 1503 Α11110
252 1464 476 1523 MCCCXX
510 1465 614 1515 prid.
651 1479 745 1503 non.
786 1465 847 1515 [4]
878 1465 1120 1515 septembris
1149 1465 1329 1503 ,loannes
1366 1464 1528 1503 ΧΧΙ15
1563 1465 1613 1502 3(1
1666 1478 1755 1503 eum

107 1631 135 1663 1.
165 1630 308 1670 Mollat,
332 1643 367 1664 n.
393 1631 496 1664 2382.
520 1650 568 1653 —
590 1630 664 1664 Son
686 1642 796 1664 sceau
820 1642 839 1663 a
863 1632 920 1664 616
945 1630 1062 1664 decrit
1085 1642 1152 1674 par
1176 1630 1303 1663 Douet
1327 1630 1465 1673 d’Arcq
1492 1629 1696 1673 (Collection
1722 1631 1763 1663 de

54 1695 195 1724 sceauoe,
217 1690 243 1718 t.
263 1682 316 1724 111,
338 1696 373 1717 n.
396 1684 516 1728 6309).

105 1738 135 1771 2.
168 1737 208 1771 Ε.
235 1737 369 1777 Gffller,
394 1737 546 1770 Johann
567 1737 706 1777 XXII,
731 1749 766 1781 p.
792 1738 872 1777 111,
898 1738 979 1776 112,
1005 1738 1085 1770 136.

102 1792 135 1824 3.
159 1790 206 1824 M.
231 1790 421 1830 Fournier,
446 1790 593 1830 Slaluts,
617 1797 643 1823 t.
665 1803 688 1830 1,
711 1802 746 1824 n.
771 1791 815 1824 50
840 1790 970 1833 (bulles
993 1791 1042 1823 du
1064 1791 1083 1823 7
1105 1790 1227 1833 juillet
1248 1789 1369 1833 1317).

102 1844 135 1878 4.
162 1844 260 1877 Jean
285 1844 329 1877 de
356 1843 614 1883 Cerchemont,
642 1843 701 1876 fut
727 1843 935 1877 chancelier
961 1844 1004 1876 de
1031 1843 1181 1876 Charles
1208 1843 1252 1875 de
1278 1842 1404 1875 Valois
1431 1843 1474 1875 de
1502 1843 1595 1876 1316
1621 1843 1641 1874 a
1668 1842 1755 1875 1321

59 1897 67 1940 (
88 1897 122 1930 J.
147 1897 258 1937 Petit,
282 1896 429 1930 Clzarles
450 1897 490 1930 de
513 1897 650 1937 Valois,
672 1908 707 1940 p.
731 1896 916 1940 253-254).
938 1897 997 1929 Au
1019 1896 1137 1930 debut
1158 1897 1201 1929 de
1221 1896 1367 1929 l’annee
1388 1896 1493 1935 1318,
1514 1896 1539 1928 il
1560 1895 1759 1939 accomplit

54 1962 126 1983 une
150 1949 305 1983 mission
328 1961 374 1983 en
396 1950 573 1994 Avignon
596 1961 692 1994 pour
714 1950 746 1983 16
770 1956 920 1993 compte
946 1950 990 1983 de
1015 1949 1164 1983 Chai-les
1190 1949 1233 1982 de
1254 1948 1380 1982 Valois
1409 1948 1575 1992 (Coulon,
1601 1960 1635 1981 n.
1663 1948 1759 1991 503).

56 2003 105 2036 Le
121 2002 175 2036 roi
193 2003 236 2036 de
255 2003 396 2036 France
412 2003 463 2036 lui
481 2015 526 2036 en
543 2004 670 2036 donna
685 2014 757 2036 une
774 2003 946 2036 nouvelle
964 2003 985 2035 3
1001 2002 1215 2046 accomplir,
1233 2002 1265 2035 le
1283 2003 1327 2035 15
1344 2002 1560 2035 novembre.
1579 2002 1675 2034 Jean
1693 2002 1761 2034 dut

54 2056 247 2100 sejourner
267 2068 313 2089 en
334 2056 432 2089 curie
453 2056 630 2100 jusqu’en
651 2067 749 2089 mars
771 2056 876 2089 1319.
902 2056 931 2088 Il
953 2055 1070 2089 traita
1091 2067 1181 2088 avec
1202 2067 1258 2088 ses
1281 2055 1463 2098 collegues
1486 2055 1529 2087 de
1550 2055 1585 2087 13
1607 2054 1695 2098 paix
1718 2054 1761 2086 dc

57 2109 216 2142 Flandre
238 2115 276 2142 et
297 2110 341 2142 de
361 2110 397 2142 la
418 2110 590 2142 nouvelle
611 2109 837 2153 repertition
859 2109 921 2142 des
944 2109 1099 2142 eveches
1121 2108 1394 2142 meridionaux.
1418 2108 1471 2141 La
1492 2107 1602 2149 facon
1625 2108 1717 2140 dont
1738 2107 1759 2139 il

56 2168 117 2195 sut
138 2162 229 2195 faire
251 2168 424 2206 accepter
443 2162 493 2196 les
515 2174 606 2195 vues
628 2162 672 2195 de
693 2162 790 2195 Jean
813 2162 932 2195 XXII
954 2173 1022 2206 par
1041 2162 1073 2195 le
1094 2161 1147 2195 roi
1169 2162 1213 2195 de
1237 2161 1377 2194 France
1398 2160 1449 2193 lui
1471 2161 1577 2193 valut
1600 2160 1661 2193 des
1684 2160 1762 2192 seli-

57 2215 233 2249 citations
258 2215 424 2259 (Coulon,
447 2227 483 2249 n.
506 2216 586 2255 830,
610 2216 690 2256 861,
714 2216 795 2255 874,
819 2215 915 2259 876).

104 2268 203 2301 Jean
224 2269 268 2302 de
292 2268 540 2315 Cerchemont
563 2269 695 2302 devint
717 2268 925 2302 chancelier
947 2269 992 2301 de
1025 2268 1196 2312 Philippe
1218 2267 1251 2300 V
1271 2267 1303 2300 le
1336 2267 1379 2299 24
1401 2266 1549 2311 janvier
1579 2266 1683 2299 1321.
1709 2265 1761 2297 La

56 2327 156 2355 mort
174 2322 224 2355 du
240 2322 295 2355 roi
311 2321 363 2355 lui
383 2321 426 2354 fit
443 2322 574 2366 perdre
592 2327 691 2355 cette
710 2322 844 2365 charge
862 2333 933 2365 que
952 2321 1102 2354 Charles
1123 2320 1175 2354 IV
1193 2326 1349 2364 octroya
1366 2320 1387 2352 3
1403 2331 1456 2352 1111
1473 2320 1517 2352 (16
1534 2330 1590 2352 ses
1608 2318 1758 2357 favoris,

58 2374 180 2408 Pierre
198 2374 337 2408 Rodier
356 2374 409 2418 (L.
428 2374 630 2415 Perrichet,
647 2374 703 2408 La
718 2375 854 2418 grande
868 2374 1100 2408 chancellerie
1115 2374 1156 2407 de
1170 2374 1322 2413 France,
1340 2384 1375 2416 p.
1393 2373 1474 2412 318,
1491 2372 1572 2410 319,
1589 2372 1759 2410 321-323,

57 2428 272 2461 535-537.et
291 2427 445 2468 Coulon,
466 2439 501 2461 n.
523 2428 628 2468 1315,
649 2428 755 2468 1375,
776 2428 882 2467 1417,
903 2427 1025 2471 1424).
1049 2427 1078 2460 Il
1098 2426 1184 2459 n'en
1203 2432 1313 2470 porta
1332 2437 1398 2469 pas
1418 2424 1538 2458 moins
1557 2424 1589 2457 le
1610 2424 1696 2456 titre
1717 2424 1761 2456 de

56 2480 249 2514 conseiller
267 2481 317 2513 du
335 2480 389 2514 roi
412 2480 578 2522 (Coulon,
599 2492 634 2515 n.
655 2480 761 2525 1475)
784 2487 822 2514 et
840 2492 1021 2514 conserva
1040 2480 1061 2512 3
1078 2480 1114 2512 13
1133 2490 1222 2513 cour
1238 2490 1311 2512 une
1331 2478 1469 2522 grande
1488 2477 1673 2510 inssuence
1690 2488 1760 2520 que

55 2534 88 2566 16
106 2545 203 2577 pape
220 2533 291 2567 mit
307 2539 470 2567 souvent
487 2534 508 2566 3
525 2533 642 2578 profit
663 2533 830 2578 (Coulon,
850 2545 884 2567 11.
904 2533 1010 2573 1544,
1029 2533 1135 2572 1614,
1155 2532 1260 2571 1639,
1280 2532 1385 2571 1645,
1405 2531 1510 2570 1857,
1530 2530 1634 2569 1925,
1655 2529 1759 2568 1934,

55 2586 162 2627 1948,
183 2587 289 2627 1984,
311 2587 416 2627 1985,
437 2587 543 2627 1979,
565 2587 670 2627 1986,
693 2586 814 2630 1999).
836 2586 905 2620 Les
925 2597 1063 2620 sceaux
1090 2585 1142 2618 lui
1170 2585 1297 2617 iurent
1326 2583 1513 2616 d’ailleurs
1540 2583 1677 2616 rendus
1699 2582 1762 2615 des

55 2639 87 2672 le
107 2640 151 2672 19
169 2640 375 2673 novembre
394 2640 487 2674 1323
510 2639 677 2683 (Coulon,
697 2651 732 2673 11.
754 2640 859 2679 1986,
881 2640 986 2678 2092,
1007 2639 1111 2678 2147,
1133 2637 1237 2677 2154,
1259 2637 1378 2680 2192).
1398 2636 1473 2669 Son
1491 2646 1612 2668 neveu
1632 2634 1761 2681 devint

57 2693 199 2736 eveque
215 2693 259 2726 de
275 2692 426 2737 Troyes,
443 2693 526 2736 puis
543 2692 736 2726 d’Amiens
756 2692 922 2737 (Coulon,
947 2704 982 2726 n.
1001 2691 1094 2724 2044
1118 2697 1156 2724 et
1172 2690 1345 2733 Furgeot‚
1372 2690 1478 2721 Actes
1499 2689 1547 2721 du
1566 2688 1765 2732 parlemem

57 2745 98 2778 de
121 2746 243 2786 Paris,
272 2752 298 2779 t.
324 2758 348 2786 1,
375 2758 410 2780 n.
438 2746 532 2779 3432
559 2752 597 2779 et
621 2745 743 2789 4239).
771 2745 842 2779 Sur
879 2745 976 2777 Jean
1002 2745 1046 2777 de
1074 2743 1331 2782 Cerchemont,
1372 2742 1453 2774 voir
1486 2741 1524 2774 P.
1553 2740 1761 2783 Lehugeur,
1827 2762 1830 2765 »

0 2818 5 2822 -
56 2797 220 2832 Histoire
231 2799 272 2832 de
283 2798 461 2843 Philippe
477 2799 509 2832 V
523 2800 553 2832 le
562 2799 677 2842 Long,
694 2810 728 2842 p.
751 2799 922 2838 332-338‚
939 2797 1003 2841 qui
1016 2797 1048 2830 16
1063 2796 1227 2829 confond
1240 2806 1330 2828 avec
1343 2806 1410 2828 son
1430 2805 1569 2834 neveu;
1583 2793 1617 2826 J.
1633 2793 1760 2826 Viard.

56 2851 124 2884 Les
149 2851 336 2895 journaux
362 2852 411 2885 du
436 2852 546 2885 tresor
571 2852 612 2885 de
639 2851 788 2885 Charles
815 2851 874 2884 IV
900 2851 930 2884 le
955 2850 1032 2890 Bel,
1061 2861 1095 2893 p.
1125 2848 1236 2888 1754;
1273 2848 1317 2881 A.
1346 2846 1527 2886 Molinier,
1556 2845 1765 2879 Obituaires

58 2909 84 2938 t.
101 2915 126 2944 1,
145 2916 180 2948 p.
201 2905 266 2938 231
291 2904 343 2948 (sa
360 2910 461 2938 mort
477 2910 535 2938 est
550 2905 721 2948 reportee
739 2905 760 2936 3
776 2904 922 2937 1’3111166
940 2903 1034 2936 1328
1051 2907 1090 2935 et
1106 2912 1174 2935 son
1192 2900 1272 2934 obit
1289 2912 1337 2933 au
1355 2901 1399 2933 25
1418 2899 1603 2943 octobre);
1624 2899 1666 2932 O.
1685 2898 1763 2932 Μο-

58 2957 120 2997 161,
145 2957 201 2990 La
228 2957 372 2991 Grande
393 2957 625 2990 chancellerie
646 2957 777 3000 royale,
804 2956 918 2996 Paris,
944 2956 1049 2994 1900,
1074 2966 1109 2998 p.
1134 2953 1304 2987 423-424.

110 3010 140 3044 5.
171 3009 325 3050 Coulon,
345 3021 380 3044 11.
401 3011 495 3043 1233
515 3015 553 3043 et
572 3009 709 3054 Ripoll,
729 3009 942 3042 Bullarium
960 3008 1000 3041 O.
1020 3007 1078 3047 P.,
1100 3014 1125 3039 t.
1145 3019 1182 3046 11,
1203 3018 1237 3050 p.
1259 3006 1340 3046 149,
1361 3017 1396 3039 n.
1418 3006 1473 3039 28.
1501 3023 1550 3028 —
1578 3004 1635 3037 En
1654 3004 1759 3047 1318)

63 3061 240 3095 Rainaud
260 3062 448 3096 instruisit
468 3063 501 3096 le
523 3065 652 3106 proces
675 3063 719 3095 de
741 3062 911 3105 l’eveque
935 3062 978 3093 de
1002 3058 1392 3093 Chalons-sur—Marne
1418 3057 1585 3102 (Coulon,
1609 3069 1643 3090 n.
1669 3057 1764 3096 516„
