2083 3458
260 227 339 267 722
910 240 1061 265 NOTAE
1095 239 1156 264 AD
1195 238 1323 263 VITAs
1819 220 1959 276 [1204]

258 325 464 371 nimirum,
488 333 534 361 ut
556 333 657 374 puto
677 323 704 371 1,
727 324 768 361 in
790 323 996 362 Cadurcis.
1025 323 1071 360 ln
1093 322 1280 371 Catalogo
1303 321 1454 372 quippe
1477 322 1751 372 episcoporum
1771 322 1972 372 Agathen-

257 386 364 422 sium
390 383 599 421 invenitur
627 383 771 421 Petrus
798 383 962 421 Beraldi
988 398 1039 421 ex
1065 383 1188 420 domo
1217 382 1264 420 de
1292 383 1436 420 Cessac
1462 381 1506 420 in
1530 382 1738 429 Cadurcis,
1767 382 1837 432 qui
1863 396 1972 420 anno

259 443 544 483 MCCCLXIII
581 442 789 481 extinctus
826 451 899 481 est.
939 443 1003 479 Ex
1037 442 1181 480 eadem
1217 441 1401 480 fortassis
1439 450 1557 492 gente
1594 442 1738 480 Petrus
1773 441 1971 480 Beraldus

257 504 328 554 qui
363 504 405 541 in
442 502 630 551 Catalogo
666 502 855 540 abbatam
892 502 1029 540 Sancti
1073 502 1272 539 Vincentii
1309 501 1629 539 Vesontionem-is
1665 501 1858 540 scribitur
1892 500 1972 540 illic

257 564 385 601 abbas
427 562 549 600 fuisse
590 576 698 599 anno
739 562 1036 600 MCCCLXXI.
1079 561 1279 600 Poncium
1318 561 1433 600 illum
1473 561 1595 599 fuisse
1635 560 1972 599 archidiaconum

260 623 538 673 Urgellensem
559 635 667 659 anno
690 621 907 660 MCCCLX
928 620 1084 671 reperio
1105 620 1148 658 in
1161 629 1415 659 testamento
1433 620 1543 659 Petri
1565 621 1613 659 de
1637 621 1775 668 Prato,
1793 613 1972 671 episcopi

259 681 527 721 Praenestini.
560 680 716 719 Deinde
745 681 878 719 evasit
908 689 1112 719 corrector
1139 680 1373 719 litterarum
1411 680 1732 730 apostolicarum
1770 680 1845 718 sub
1876 680 1972 718 Gre-

258 742 358 793 gorii
384 741 445 779 XI
470 740 735 791 pontificatu‚
760 749 808 778 ut
834 740 989 791 opinor.
1017 740 1175 779 Eodem
1199 740 1334 778 adhuc
1358 740 1606 790 magistratu
1632 748 1825 777 ornatum
1849 739 1972 777 fuisse

257 816 365 840 anno
390 800 733 839 MCCCLXXXV
757 800 888 850 liquet
913 815 962 838 ex
985 808 1239 838 testamento
1265 799 1376 838 Petri
1401 799 1449 837 de
1475 799 1729 847 Monteruco,
1755 798 1971 837 cardinalis

259 859 597 911 Pampihnensis,
640 859 822 909 itemque
865 874 973 897 anno
1015 859 1204 909 sequenti
1245 874 1295 897 ex
1335 859 1446 896 bulla
1488 859 1707 898 Clementis
1750 859 1831 896 VII
1874 858 1972 896 data

258 920 465 967 Avinioni,
482 920 616 957 idibus
645 918 725 969 [13]
752 919 948 957 februarii
975 933 1083 957 anno
1113 927 1262 957 octavo
1290 917 1450 969 [1386];
1474 934 1525 957 ex
1548 933 1628 968 qua
1656 918 1782 957 etiam
1808 926 1973 956 constat

257 981 372 1018 illum
406 979 528 1017 fuisse
556 987 768 1029 praeterea
794 979 1053 1029 capellanum
1082 993 1214 1029 papae
1239 987 1280 1017 et
1305 978 1548 1017 canonicum
1574 978 1898 1017 Narbonensem.
1928 978 1973 1015 In

257 1039 537 1091 propositione
560 1054 629 1077 seu
651 1053 800 1088 arenga
826 1039 937 1077 facta
963 1052 1100 1077 coram
1123 1039 1297 1085 Joanne,
1315 1039 1406 1088 rege
1432 1038 1645 1085 Castellae,
1669 1053 1740 1088 per
1759 1037 1970 1076 dominum

260 1099 521 1138 Franciscum
539 1098 586 1136 de
604 1098 775 1145 Urbino‚
794 1098 1032 1149 episcopum
1050 1098 1341 1145 Faventinum,
1357 1097 1478 1148 primi
1495 1097 1614 1136 electi
1629 1097 1972 1145 ambaxiatorem‚

256 1160 336 1197 ista
358 1160 551 1209 leguntur
573 1158 621 1196 de
647 1158 923 1196 cardinalibus
945 1158 1014 1208 qui
1038 1158 1090 1195 ad
1114 1158 1328 1196 Urbanum
1348 1166 1551 1196 venerunt
1570 1166 1616 1195 ut
1637 1157 1672 1195 ei
1692 1157 1974 1207 significarent

256 1218 499 1257 electionem
522 1217 609 1267 ejus
634 1233 640 1255 :
661 1232 677 1252 «
697 1218 1003 1267 Subsequenter
1019 1216 1033 1239 2
1054 1226 1209 1265 tamen,
1234 1231 1327 1256 cum
1350 1217 1402 1255 ad
1426 1216 1584 1256 dictum
1605 1217 1808 1267 palatium
1828 1231 1973 1255 conve—

257 1279 414 1317 nissent
435 1286 476 1316 et
496 1285 632 1316 essent
651 1277 736 1314 XII
754 1277 1003 1327 congregati,
1020 1286 1067 1315 ut
1088 1277 1247 1316 dictum
1265 1285 1327 1315 est
1347 1291 1483 1327 supra,
1501 1285 1651 1315 vocato
1672 1276 1724 1314 ad
1745 1291 1785 1315 se
1806 1276 1973 1314 domino

257 1347 399 1376 nostro
432 1337 473 1375 in
505 1345 662 1375 secreto
705 1337 894 1375 omnibus
928 1337 1116 1384 exclusis,
1150 1345 1389 1376 remanente
1421 1345 1563 1374 tamen
1595 1336 1651 1373 ibi
1682 1336 1804 1386 juxta
1844 1336 1973 1374 altare

257 1397 439 1448 quodam
462 1396 686 1435 reverendo
706 1405 824 1447 patre
845 1396 1051 1447 episcopo,
1073 1396 1224 1435 ordinis
1252 1395 1559 1435 Heremitarum
1583 1395 1716 1440 sancti
1737 1395 1973 1446 Augustini,

257 1458 488 1496 confessore
520 1464 561 1494 et
592 1456 821 1496 domestico
853 1456 1119 1496 commensali
1150 1455 1215 1506 pie
1247 1455 1441 1495 memorie
1476 1455 1632 1495 domini
1663 1455 1846 1506 Gregorii
1867 1469 1973 1506 pape

270 1517 383 1567 [Erat
406 1516 439 1553 is
462 1516 727 1565 Rayrnzinclus
746 1514 761 1537 3
781 1509 991 1566 episcopas
1012 1515 1318 1565 Forojziliensis,
1336 1523 1473 1565 postea
1490 1529 1575 1553 vero
1595 1514 1912 1565 Appamiensis]
1934 1522 1975 1553 et

259 1576 441 1626 quodam
462 1575 541 1613 alio
561 1575 705 1614 clerico
728 1584 878 1614 vocato
900 1575 1066 1623 Poncio,
1091 1575 1293 1613 ambobus
1313 1574 1491 1613 Gallicae
1512 1574 1706 1622 nationis,
1730 1574 1800 1625 qui
1819 1574 1974 1613 ibidem

258 1636 376 1686 quasi
406 1635 715 1673 semilatitando
756 1643 1056 1682 remanserunt,
1096 1635 1234 1673 videte
1274 1634 1374 1684 quid
1412 1634 1608 1673 asseritur
1642 1635 1798 1673 factum
1835 1634 1972 1672 fuisse.

261 1696 380 1742 Nam,
409 1703 456 1732 ut
483 1694 525 1732 in
556 1694 643 1744 ejus
677 1694 949 1733 attestatione
975 1694 1184 1742 videbitis,
1218 1708 1311 1733 cum
1344 1694 1533 1732 dominus
1564 1708 1677 1734 meus
1712 1693 1972 1732 Florentinus

257 1763 466 1792 narrasset
489 1754 730 1792 electionem
753 1754 800 1792 de
823 1754 911 1804 ipso
933 1754 1086 1792 factam
1110 1762 1151 1793 et
1172 1762 1332 1804 peteret
1360 1768 1478 1792 suum
1502 1768 1759 1801 consensum,
1782 1753 1972 1793 dominus

259 1823 398 1852 noster
426 1814 553 1851 vertit
581 1829 621 1852 se
651 1814 704 1850 ad
733 1814 820 1851 illos
852 1813 1076 1852 cardinales
1108 1814 1244 1852 dicens
1273 1829 1280 1851 :
1307 1813 1467 1861 Videte,
1493 1813 1660 1852 domini.
1697 1814 1780 1851 Ista
1806 1813 1974 1851 fuerunt

259 1874 383 1912 michi
406 1881 572 1911 narrata
601 1881 826 1922 antequam
848 1873 1056 1911 veniretis.
1083 1873 1239 1911 Tamen
1265 1872 1378 1911 nolui
1403 1873 1633 1911 consentire
1653 1872 1761 1911 dicte
1784 1872 1974 1911 electioni

260 1930 332 1971 nec
356 1933 538 1982 aliquam
563 1932 794 1971 novitatem
820 1933 967 1980 facere,
993 1947 1065 1971 nec
1087 1933 1180 1970 volo
1205 1932 1282 1971 nisi
1306 1932 1383 1972 sim
1402 1932 1653 1971 certificatus
1680 1932 1810 1982 qualis
1830 1932 1910 1970 fuit
1933 1940 1974 1970 et

258 2001 321 2031 est
340 2001 477 2030 vestra
502 1992 693 2030 intentio.
712 1992 766 2029 Et
790 2000 889 2030 tunc
911 1992 1085 2041 quilibet
1106 2007 1157 2030 ex
1176 1992 1230 2030 eis
1253 2007 1325 2042 per
1345 2000 1652 2032 sacramentum
1676 1991 1972 2039 voluntarium,

259 2052 450 2102 ponendo
472 2065 642 2091 manum
663 2051 715 2089 ad
736 2060 895 2101 pectus,
918 2051 1023 2089 dixit
1046 2052 1156 2101 quod
1176 2051 1354 2089 intentio
1375 2066 1517 2091 eorum
1536 2051 1614 2090 fuit
1635 2060 1677 2090 et
1698 2060 1786 2090 erat
1807 2066 1906 2102 pure
1933 2059 1974 2089 et

264 2112 386 2150 libere
415 2111 526 2161 quod
553 2119 660 2149 esset
687 2126 806 2149 verus
835 2125 957 2161 papa.
984 2125 999 2145 »

316 2171 429 2210 Idem
465 2170 665 2220 scriptum
700 2179 763 2209 est
799 2170 840 2207 in
877 2170 1132 2220 depositione
1170 2169 1307 2208 fratris
1345 2169 1567 2217 Michaelis,
1605 2170 1796 2208 monachi
1834 2169 1973 2208 Sancti

257 2230 565 2268 Bartholomaei
588 2230 635 2268 de
659 2229 846 2279 Lupiana
871 2245 878 2267 ε
904 2230 1172 2279 Interrogatus
1193 2244 1312 2279 saper
1330 2229 1449 2267 LXV
1466 2238 1499 2267 et
1520 2229 1665 2267 LXVI
1682 2229 1783 2267 dixit
1798 2244 1838 2266 se
1858 2228 1974 2267 audi—

258 2290 359 2328 visse
379 2290 479 2340 quod
496 2289 622 2339 aliqui
642 2289 875 2336 cardinales,
894 2289 1014 2327 nescit
1033 2289 1098 2338 qai
1116 2303 1182 2326 nec
1198 2297 1286 2339 quot
1305 2303 1372 2326 nec
1391 2303 1467 2338 qua
1485 2288 1560 2336 die,
1581 2297 1767 2327 venerunt
1784 2289 1836 2326 ad
1855 2289 1975 2331 istum

259 2349 435 2399 primum
456 2350 615 2386 electum
635 2357 669 2386 et
689 2349 872 2386 dixerunt
892 2348 971 2386 sibi
1002 2349 1103 2398 qnod
1122 2348 1353 2386 consentiret
1373 2348 1564 2396 electioni,
1586 2356 1619 2386 et
1648 2348 1732 2398 ipse
1753 2347 1854 2386 dixit
1875 2348 1976 2398 quod

261 2409 408 2447 volebat
432 2409 530 2446 scire
556 2409 605 2446 ab
631 2408 687 2445 eis
711 2408 747 2445 si
773 2408 966 2457 elegerant
990 2422 1079 2445 eam
1103 2422 1173 2458 per
1198 2416 1342 2445 metam
1368 2408 1424 2445 vet
1450 2422 1541 2455 non,
1569 2407 1663 2458 qaia
1687 2408 1723 2445 si
1752 2416 1854 2445 metu
1879 2416 1975 2445 esset

260 2469 411 2515 electus,
437 2482 515 2505 non
538 2467 779 2505 consentiret.
805 2467 856 2505 Et
879 2467 939 2505 illi
962 2468 1247 2517 responderunt
1267 2467 1348 2504 sibi
1371 2467 1472 2517 quod
1494 2481 1573 2504 non
1594 2467 1723 2516 fuerat
1744 2468 1884 2505 electas
1905 2481 1975 2517 per

262 2536 417 2574 metam,
447 2528 514 2564 sed
543 2527 672 2565 libere.
705 2527 755 2564 Et
786 2526 870 2577 ipse
899 2526 1095 2565 consensit
1123 2526 1313 2565 electioni.
1347 2526 1520 2564 Poncius
1552 2535 1695 2576 postea
1725 2526 1891 2565 recessit
1921 2526 1973 2563 ab

262 2587 443 2634 Urbano,
468 2595 509 2625 et
539 2587 703 2624 Fundos
719 2601 760 2625 se
790 2586 978 2625 contulit.
1011 2587 1073 2624 Ita
1090 2594 1270 2625 testatur
1299 2585 1547 2634 Gilabertus‚
1564 2586 1804 2624 secretarius
1826 2599 1974 2636 papae,

376 2751 472 2783 Pons
494 2751 629 2784 Bc'rald
650 2750 745 2784 etait
766 2751 990 2794 quercynois
1016 2751 1071 2793 (E.
1094 2751 1200 2791 Albe,
1223 2751 1369 2784 Αιιίοιιν
1389 2751 1429 2784 de
1448 2751 1547 2784 Jean
1566 2751 1704 2791 XXII,
1728 2758 1754 2785 t.
1775 2764 1798 2792 1,
1821 2764 1855 2796 p.
1888 2752 1976 2785 290-

264 2804 319 2835 29⁴

337 2804 358 2845 ).

311 2751 342 2889 *totos*

374 2857 413 2890 B.
443 2857 499 2896 N.⁷
525 2869 591 2890 ms.
616 2857 712 2889 latin
735 2856 866 2897 11745,
892 2857 954 2890 fol.
981 2858 999 2890 7
1025 2863 1076 2891 νο.

312 2910 343 2942 3.
376 2909 445 2942 Sur
467 2911 670 2953 Haymond
691 2910 861 2949 Dachon,
882 2910 963 2943 voir
978 2911 1363 2944 Albanas-chevalier
1382 2910 1524 2954 (Gallia
1541 2911 1743 2944 christiana
1758 2912 1971 2952 novissima,

265 2963 350 2999 xiim,
378 2964 444 2995 col.
472 2964 643 3001 371-373‚
670 2969 708 2995 et
735 2962 888 3002 Tonlon,
915 2964 982 2997 col.
1011 2964 1198 3008 248-251),
1222 2964 1260 2997 F.
1287 2964 1398 2996 Ehrle
1419 2964 1602 3006 (Historia
1634 2963 1877 3005 bibliothecae,
1897 2971 1924 2998 t.
1950 2977 1975 3004 1,

269 3028 298 3056 Ι).
320 3016 506 3058 734-735),
527 3017 560 3048 J.
582 3016 629 3048 M.
645 3016 755 3048 Vidal
774 3016 854 3059 (Les
871 3023 1027 3060 comples
1045 3018 1085 3050 de
1102 3018 1250 3050 l’eveche
1268 3018 1308 3050 de
1324 3017 1493 3050 Pamiers
1509 3029 1595 3050 sous
1612 3018 1766 3061 l’e'veqae
1781 3018 1978 3061 Raymond

266 3069 414 3100 Daclzon
446 3070 694 3112 (mm-1380),
722 3070 815 3101 dans
844 3069 1011 3103 Annales
1041 3071 1081 3103 de
1110 3070 1578 3111 S.-Louis—des-Francais‚
1603 3077 1628 3104 t.
1658 3083 1698 3103 1v
1719 3071 1972 3115 (1889-1890),

268 3133 298 3162 [ν.
333 3122 477 3160 71-121,
512 3123 681 3161 261-300,
715 3123 902 3165 383-411).
