2083 3458
111 272 263 328 [1328]
631 288 847 313 PAPARUM
884 288 1267 313 AVENIONENSIUM
1715 273 1795 314 843

101 370 438 410 codiceleermo
466 385 533 420 per
559 372 736 409 eumdem
760 372 888 420 jactus
917 372 959 409 in
985 372 1182 421 obsequiis
1210 372 1361 409 domini
1395 372 1548 410 Urbani
1576 387 1678 422 pape
1704 373 1737 409 V
1754 372 1796 409 in

101 430 254 469 civitate
287 430 500 479 Spoletana
519 444 648 468 coram
668 431 791 479 legato
812 431 1009 468 cardinali
1032 431 1285 469 Bitwicensi.
1325 463 1327 473 ,

156 489 328 527 Videtur
359 497 499 526 autem
531 498 673 539 postea
708 490 886 527 joannes
919 489 1037 528 ivisse
1075 490 1325 528 Avenionem
1357 491 1407 527 ad
1442 489 1679 539 Gregorium
1721 490 1795 537 XI,

103 563 259 586 novum
276 547 530 598 pontificem,
549 562 657 585 anno
678 548 959 586 MCCCLXXI
979 557 1020 587 et
1039 563 1135 586 mox
1153 545 1406 587 renuntiasse
1427 548 1797 600 archiepiscopatui

105 622 192 655 suo,
222 607 264 645 in
293 606 421 645 Gallia
452 621 724 645 remansurus.
758 596 877 645 Forte
908 616 993 645 tum
1025 608 1202 646 vacabat
1231 608 1489 658 episcopatus
1523 608 1795 647 Ruthenensis

105 682 177 718 per
206 665 529 713 translationem,
556 674 603 705 ut
629 666 818 712 arbitror,
849 667 1013 715 Fayditi
1039 667 1090 703 ad
1120 667 1342 705 Ecclesiam
1370 667 1710 715 Avenionensem,
1735 666 1797 705 uti

104 739 226 776 supra
243 740 282 775 p.
303 724 403 763 1310
420 724 612 763 diximus.
634 725 778 775 Itaque
797 726 1011 775 Gregorius
1031 727 1234 766 ,loannem
1249 726 1381 777 primo
1398 726 1576 764 absolvit
1592 741 1614 763 a
1632 726 1797 764 vinculo

105 799 185 835 quo
219 784 440 822 tenebatur
476 784 678 822 Ecclesiae
712 784 963 823 Bracarensi.
1000 785 1104 823 Tum
1138 800 1186 824 ne
1221 800 1260 823 se
1296 785 1383 836 ipso
1420 785 1552 823 factus
1588 785 1798 823 videretur

104 843 281 890 inferior,
325 857 418 882 eum
461 843 624 880 ornavit
666 843 866 892 dignitate
910 844 1166 894 patriarchae
1199 844 1474 890 Alexandrini,
1518 844 1718 893 simulque
1761 843 1796 882 ei

105 902 309 943 commisit
343 901 746 940 administrationem
784 903 984 941 Ecclesiae
1022 903 1295 941 Ruthenensis
1330 903 1452 952 idque
1485 912 1624 941 actum
1659 918 1796 941 mense

103 962 203 1012 julio
226 961 410 1012 ejusde-m
442 961 538 998 anni
557 961 572 983 2
595 961 797 1010 colligitur
829 977 877 999 ex
900 962 1002 999 libro
1025 962 1336 1011 Obligationam.
1366 962 1487 1000 [visse
1510 971 1651 1000 autem
1682 962 1794 999 illum

105 1022 156 1059 ad
180 1022 461 1058 Ruthenenses
481 1021 588 1058 hunc
608 1020 736 1069 liquet
756 1021 865 1069 quod
884 1020 924 1057 in
944 1021 1080 1059 codice
1111 1021 1344 1059 orationum
1373 1021 1458 1070 ejus
1478 1021 1624 1071 legitur
1640 1020 1655 1043 3
1672 1035 1796 1058 sermo

107 1081 149 1118 in
165 1081 260 1130 sesto
284 1079 511 1129 Ypapantis
528 1079 608 1115 sive
626 1079 930 1128 Purificationis
947 1080 1116 1128 virginis
1136 1080 1268 1117 illarie
1286 1095 1353 1130 per
1370 1080 1737 1118 reverendissimum
1755 1080 1796 1116 in

107 1139 262 1178 Christo
292 1147 443 1188 patrem
472 1138 677 1175 (lominum
708 1139 975 1187 patriarcham
1003 1140 1131 1188 factus
1161 1140 1212 1177 ad
1236 1141 1430 1189 populum
1461 1139 1503 1176 in
1527 1154 1600 1176 Sua
1623 1139 1798 1176 Ecclesia

107 1198 363 1237 Rutlzenensi.
392 1198 454 1234 Ex
470 1197 616 1246 quibus
642 1197 775 1235 verbis
797 1198 911 1235 facile
932 1198 1173 1247 intelligitur
1207 1213 1337 1236 errare
1369 1199 1704 1237 Sammarthfflms
1721 1197 1737 1220 4
1758 1198 1798 1235 in

108 1258 295 1306 Catalogo
332 1256 605 1306 episcoporum
643 1257 969 1303 Rathenensiam,
1008 1257 1077 1294 ubi
1115 1258 1340 1296 admonent
1380 1258 1581 1295 Joannem
1619 1257 1667 1295 de
1706 1257 1797 1294 Car-

109 1317 280 1354 dalhaco
318 1315 553 1365 episcopum
597 1316 903 1353 Ruthenensem
941 1331 1024 1354 esse
1064 1316 1270 1354 diversum
1308 1330 1329 1353 a
1369 1317 1526 1353 „Ioanne
1566 1316 1797 1366 patriarcha

110 1375 406 1421 Alexandrin03
424 1374 493 1424 qui
510 1374 565 1411 ita
583 1390 622 1412 se
639 1374 840 1412 invenisse
858 1375 974 1412 aiunt
990 1375 1030 1412 in
1047 1375 1223 1423 Reges-tis
1244 1375 1461 1413 Vaticani&
1484 1376 1527 1412 In
1544 1390 1624 1424 quo
1639 1389 1799 1413 rursum

108 1434 262 1485 egregie
297 1433 386 1471 falsi
418 1442 527 1471 sunt.
566 1434 670 1471 Nam
703 1434 742 1471 in
776 1434 877 1471 libro
911 1434 1210 1482 Obligationum
1255 1434 1410 1472 archivi
1440 1434 1627 1472 Vaticani
1651 1434 1799 1473 diserte

108 1494 306 1544 scriptum
333 1493 509 1530 habetur
538 1493 741 1531 Joannem
767 1493 1046 1542 patriarcham
1075 1493 1397 1532 Alexandrinum
1424 1493 1800 1531 administratorem

110 1552 311 1592 Ecclesiae
340 1551 614 1589 Ruthenensis
638 1552 869 1602 promisisse
895 1552 957 1590 die
983 1567 1083 1589 xxm
1108 1552 1197 1602 julii
1220 1553 1317 1589 anni
1336 1552 1537 1590 millesimi
1564 1551 1799 1589 CCCLXXI

109 1628 148 1651 se
176 1626 359 1651 camerae
387 1610 542 1649 domini
569 1625 699 1660 papae
727 1611 960 1660 et‹c‹1›llegi0
989 1611 1249 1650 dominorum
1276 1611 1546 1650 cardinalium
1572 1612 1802 1649 soluturum

109 1670 342 1711 communia
369 1670 535 1708 servitia
563 1678 603 1707 et
630 1670 910 1719 recogrmvisse
935 1685 1007 1720 pro
1036 1670 1214 1717 Ecclesia
1241 1670 1493 1713 Bracarensi,
1521 1670 1583 1708 cui
1609 1669 1802 1719 praefuit.

167 1731 282 1768 Anno
306 1729 609 1767 MCCCLXXII
634 1729 848 1778 Gregorius
875 1730 934 1766 XI
957 1744 1049 1767 eum
1073 1729 1183 1769 misit
1207 1730 1398 1767 nuntium
1419 1729 1666 1779 apostolicae
1690 1728 1805 1766 Sedis,

109 1790 150 1827 in
180 1788 462 1834 Germaniam3
493 1789 632 1833 sszov.,
663 1802 728 1825 an.
762 1788 876 1834 1372,
914 1789 929 1837 ξ
962 1789 996 1835 1,
1027 1789 1069 1829 32
1103 1789 1223 1826 Odor.
1260 1789 1448 1837 Raynal„
1483 1789 1571 1826 cod.
1603 1802 1683 1833 an„
1721 1788 1736 1835 5
1768 1787 1805 1825 1.

112 1848 255 1887 Nescio
279 1856 420 1886 autem
443 1862 495 1884 an
521 1862 601 1885 non
625 1856 666 1885 et
690 1848 833 1886 eodem
857 1856 1041 1897 tempore
1066 1847 1289 1897 susceperit
1313 1847 1558 1897 legationem
1582 1846 1683 1896 regis
1712 1847 1805 1884 Cas-

111 1908 228 1946 tellae
254 1907 305 1944 ad
331 1907 633 1956 imperatorem.
664 1906 828 1945 Etenim
852 1906 893 1943 in
919 1906 1054 1944 codice
1082 1907 1314 1946 orationum
1339 1908 1424 1955 ejus
1461 1914 1577 1944 extat
1613 1907 1773 1954 Arenga
1790 1904 1808 1927 5

110 1967 189 2004 sive
208 1966 426 2016 propositio
446 1980 515 2015 per
533 1966 711 2002 eumdem
729 1966 832 2014 facta
854 1967 1008 2015 quando
1029 1966 1162 2003 debuit
1181 1966 1315 2003 adlzire
1340 1966 1611 2015 imperatorem
1633 1979 1678 2002 ex
1699 1971 1810 2013 parte

111 2026 213 2076 regis
225 2026 389 2064 Castelle
403 2025 561 2062 missas.
577 2025 720 2072 Quoad
736 2040 830 2062 vero
843 2025 1090 2073 legationem
1106 2039 1250 2075 papae,
1264 2025 1440 2062 habetur
1454 2024 1605 2062 ibidem
1619 2024 1778 2071 Arenga
1792 2022 1807 2044 6

111 2100 178 2135 per
196 2085 373 2122 eumdem
389 2084 494 2133 jacta
513 2085 669 2133 quando
689 2083 834 2120 missus
852 2084 931 2132 fuit
949 2085 1001 2121 acl
1016 2084 1241 2133 faciendam
1260 2098 1396 2133 pacem
1416 2083 1514 2120 inter
1537 2083 1809 2132 imperatorem

111 2153 145 2182 et
176 2158 303 2193 regem
341 2143 517 2191 Ungarie
550 2151 583 2180 et
616 2143 791 2179 Bavaros
824 2157 892 2192 per
923 2158 1074 2192 papam
1114 2142 1345 2191 Gregorium
1388 2142 1456 2179 XI
1497 2156 1602 2178 anno
1643 2139 1808 2178 Domini

114 2202 315 2241 millesimi
341 2202 631 2239 CCCLXXII.
661 2202 713 2239 Et
736 2201 950 2250 aliquanto
975 2201 1078 2239 infra
1105 2202 1289 2251 sequitur
1314 2202 1474 2250 Arenga
1494 2201 1507 2222 ⁷
1532 2214 1600 2249 per
1633 2200 1810 2236 eumdem

113 2262 319 2300 dominam
342 2261 448 2310 facta
473 2275 604 2298 coram
630 2261 861 2310 imperatore
890 2261 1037 2298 Karolo
1065 2269 1199 2310 quarto
1225 2260 1425 2310 requirens
1452 2259 1586 2309 ipsum
1613 2266 1653 2295 at
1677 2265 1810 2296 contra

114 2321 394 2368 Barnabonem
413 2321 457 2357 de
478 2320 709 2356 Mediolano
729 2320 781 2356 ad
800 2319 1123 2369 dampnationem
1143 2320 1371 2369 procederet,
1392 2333 1480 2355 cum
1502 2318 1544 2354 in
1564 2316 1813 2355 Alamannia

114 2395 159 2418 ex
178 2387 286 2430 parte
306 2393 410 2428 pape
430 2378 622 2427 legatione
640 2379 883 2427 fungeretur.

171 2439 227 2476 Re
256 2437 428 2476 feliciter
456 2446 583 2486 gesta,
612 2451 793 2487 paceque
823 2436 1049 2475 constituta
1078 2436 1184 2474 inter
1220 2436 1511 2486 imperatorem
1538 2443 1579 2472 et
1610 2433 1814 2484 principes.

114 2511 237 2548 supra
257 2496 506 2543 nominatos,
526 2495 646 2534 rediit
667 2495 934 2534 Avenionem.
958 2495 1091 2545 Hujus
1111 2495 1166 2533 rei
1184 2494 1470 2534 testimonium
1490 2493 1604 2531 nobis
1624 2492 1812 2543 perhibet

115 2557 225 2595 idem
249 2556 392 2602 codeX‚
416 2554 457 2592 in
482 2569 563 2604 quo
588 2554 792 2604 descripta
817 2562 878 2592 est
902 2555 1064 2603 Arenga
1082 2554 1097 2577 3
1120 2568 1188 2604 per
1211 2554 1389 2591 eumdem
1421 2553 1526 2602 sacta
1549 2566 1680 2590 coram
1704 2566 1813 2601 papa

123 2614 307 2664 Gregorio
319 2614 400 2661 XI,
413 2614 569 2664 quando
583 2613 698 2651 rediit
709 2614 761 2650 ad
775 2613 1025 2663 ipsamsacta
1036 2627 1131 2662 pace
1144 2613 1243 2650 inter
1257 2613 1529 2662 imperatorem
1543 2612 1817 2648 Romanorum,

165 2781 197 2814 1.
223 2781 270 2814 Ut
286 2791 328 2819 8.,
348 2780 412 2812 fol.
433 2780 502 2812 209
521 2784 564 2812 r0.

192 2860 199 2867 .
218 2833 267 2866 Le
285 2834 329 2866 18
344 2832 468 2876 juillet
484 2833 574 2865 1371
598 2832 744 2874 (Eubel,
763 2831 995 2870 Hier-archia,
1014 2836 1040 2863 t.
1056 2842 1079 2870 1,
1098 2839 1132 2874 p.
1151 2830 1195 2863 82
1212 2835 1249 2862 et
1265 2829 1363 2871 427).

231 2887 270 2919 Β.
296 2886 352 2924 N.‚
375 2897 442 2918 ms.
463 2885 559 2918 latin
578 2885 683 2924 3294,
705 2885 767 2917 fol.
789 2885 834 2917 39
855 2889 898 2917 r0.

193 2966 199 2973 .
231 2938 421 2972 L'edition
440 2939 483 2970 de
502 2939 596 2971 1715
615 2949 635 2970 a
653 2939 712 2971 ete
730 2937 892 2980 corrigee
915 2937 954 2979 (t.
972 2949 995 2976 1,
1016 2936 1083 2969 col.
1105 2935 1291 2977 220-223).

193 3019 199 3026 .
219 2992 259 3025 Β.
282 2992 338 3031 Ν.,
358 3003 425 3024 ms.
444 2991 539 3023 latin
555 2991 661 3030 3294,
681 2991 743 3023 fol.
764 2992 832 3023 238
851 2995 900 3022 νο.

236 3046 282 3078 Ut
304 3057 346 3084 s.,
372 3044 434 3077 fol.
462 3044 531 3077 246
556 3049 606 3076 νο.

235 3098 282 3131 Ut
303 3109 345 3137 s.,
370 3097 433 3130 fol.
461 3097 529 3129 249
554 3101 604 3130 νῦ.

193 3178 200 3185 .
237 3151 284 3184 Ut
296 3163 337 3190 s.‚
353 3151 416 3183 fol.
433 3150 502 3183 248
518 3154 567 3183 v0.

167 2834 199 3185 οοοκιρτυπῶςοω
