2083 3458
288 139 342 181 36
938 153 1090 178 NOTAE
1126 153 1186 178 AD
1221 152 1349 177 VITAs
1872 135 1999 190 [577]

346 239 388 276 P.
419 238 454 285 2,
483 237 549 287 lig.
582 237 641 274 17.
673 237 928 274 GUILLELMO
959 251 1014 273 DE
1045 236 1245 283 ORILLAC,
1284 235 1369 274 sive
1398 236 1447 274 de
1484 235 1712 274 Aureliaco.
1743 235 1868 274 Ortus
1892 234 2001 273 enim

292 305 379 335 erat
399 312 449 335 ex
469 296 619 347 oppido
641 295 854 334 Aureliaco
874 295 918 334 in
937 295 1151 342 Arvernis;
1173 295 1284 344 quod
1304 295 1554 333 vocabulum
1576 294 1722 333 Franci
1740 294 1801 333 ita
1820 308 2003 345 pronun·

292 357 399 394 fiant
436 370 481 393 ac
518 355 550 393 si
587 354 808 393 Orillacum
855 354 1112 401 scriberetur,
1150 354 1213 392 uti
1258 362 1422 392 constat
1468 354 1593 393 etiam
1631 369 1681 393 ex
1716 352 2001 393 testamento1

293 417 477 453 Joannae
504 415 552 453 de
578 414 822 453 Castellione
857 407 1089 452 comitissae
1113 413 1314 452 Blesensis
1350 413 1516 452 condito
1551 428 1660 452 anno
1686 413 1904 461 MCCXCL
1930 412 2003 451 ubi

292 476 399 512 inter
421 474 507 523 ejus
531 481 768 512 executores
785 473 1025 512 nominatur
1048 481 1184 510 mestre
1210 472 1436 511 Guillaume
1458 473 1647 511 d’Orillac
1669 487 1760 510 mon
1781 472 2000 523 physicien.

296 535 397 571 Erat
419 533 526 572 enim
548 532 798 584 professione
821 532 1016 571 medicus.
1041 532 1194 570 Verum
1216 540 1357 570 autem
1378 547 1528 571 nomen
1550 532 1638 582 ejus
1660 532 1740 571 fuit
1763 531 2003 570 Guillelmus

294 592 472 631 Baufeti.
509 592 667 631 Obiisse
701 591 853 630 dicitur
886 606 994 630 anno
1029 591 1255 630 MCCCXX
1287 590 1411 642 idque
1445 606 1590 630 verum
1623 606 1708 630 esse
1741 591 1837 630 hinc
1871 591 2005 641 liquet

295 652 405 702 quod
435 666 480 690 eo
509 666 617 690 anno
647 652 882 702 Stephanus
911 650 947 689 ei
975 650 1171 689 successit
1198 651 1241 689 in
1269 651 1465 690 cathedra
1494 651 1712 690 Parisiensi
1726 650 1753 690 2.

348 712 390 749 P.
417 711 452 757 2,
475 710 542 761 lig.
569 711 629 749 19.
655 711 840 749 AEGIDIO
865 718 1138 760 cognomento
1162 711 1211 748 de
1236 710 1369 749 Roma
1386 710 1415 758 3,
1438 710 1527 749 viro
1551 710 1825 757 celeberrimo,
1849 724 1931 748 uno
1955 724 2005 748 ex

294 770 522 821 praecipuis
550 770 775 808 luminibus
804 769 987 808 sodalitii
1015 784 1156 808 eorum
1186 769 1256 820 qui
1284 784 1326 808 se
1354 770 1463 808 credi
1490 770 1638 808 volunt
1667 769 2003 820 Augustinianos.

299 830 469 880 Insignis
493 838 554 868 est
574 830 687 868 locus
709 844 760 868 ex
782 829 1070 868 continuatore
1094 829 1244 879 Nangii
1277 829 1411 868 editus
1445 829 1502 880 [in
1533 838 1647 868 tomo
1673 845 1700 877 1,
1732 845 1771 881 p.
1795 828 1912 879 352),
1934 827 2007 867 ubi

296 890 343 927 de
371 889 516 928 itinere
546 889 766 928 Clementis
789 889 823 927 V
861 903 881 927 e
907 889 1109 939 Lugduno
1131 888 1338 939 pergentis
1361 889 1637 939 Burdegalam
1660 889 1740 927 ista
1775 889 1969 939 leguntur
1997 903 2004 926 :

296 950 413 999 Papa
447 948 627 986 Clemens
660 949 765 986 circa
798 948 1121 999 purificationem
1146 948 1277 987 beatae
1316 948 1499 998 Virginis
1533 963 1558 987 a
1584 949 1783 998 Lugduno
1815 948 2005 995 recedens,

296 1008 547 1057 Burdegalis,
570 1023 640 1059 per
651 1008 1166 1056 Matisconem,Divionem,
1188 1007 1434 1047 Bituricas...
1448 1017 1483 1046 et
1502 1008 1729 1046 Lemovicas
1753 1008 1823 1046 iter
1841 1007 2006 1057 faciens,

297 1076 376 1105 tam
400 1068 674 1117 religiosorum
699 1082 818 1118 quam
841 1067 1082 1105 secularium
1105 1067 1286 1105 ecclesias
1310 1076 1344 1105 et
1368 1067 1606 1106 monasteria
1631 1076 1710 1106 tam
1734 1082 1804 1118 per
1827 1082 1867 1105 se
1891 1081 2010 1117 quam

297 1141 365 1176 per
392 1142 484 1164 suos
511 1127 697 1165 satellites
726 1127 987 1177 depredando,
1019 1127 1143 1165 multa
1171 1135 1206 1165 et
1235 1127 1373 1176 gravia
1403 1127 1538 1165 intulit
1565 1127 1623 1165 eis
1653 1128 1814 1174 damna,
1845 1127 1948 1164 unde
1976 1134 2010 1164 et

296 1187 416 1235 frater
442 1187 653 1236 Aegidius,
683 1186 950 1224 Bituricensis
987 1186 1322 1237 archiepiscopus,
1351 1201 1421 1237 per
1456 1187 1686 1237 hujusmodi
1714 1186 2011 1237 depredationes

297 1246 349 1283 ad
366 1254 515 1284 tantam
534 1246 686 1284 devenit
712 1246 893 1296 inopiam
912 1246 1014 1296 quod
1034 1254 1224 1296 tanquam
1243 1260 1348 1283 unus
1366 1247 1411 1284 de
1431 1246 1518 1284 suis
1534 1246 1789 1296 simplicibus
1807 1244 2010 1284 canonicis

297 1306 349 1343 ad
369 1306 670 1356 percipiendum
692 1305 946 1356 quotidianas
968 1305 1268 1343 distributiones
1290 1320 1361 1355 pro
1384 1305 1484 1343 vitae
1506 1305 1739 1343 necessariis
1761 1306 1876 1343 horas
1897 1305 2008 1343 eccle-

297 1364 480 1403 siasticas
503 1365 747 1415 frequentare
772 1373 927 1403 coactus
951 1365 1015 1403 sit.
1046 1365 1094 1404 In
1118 1379 1200 1403 uno
1225 1364 1330 1403 libro
1357 1364 1610 1403 solutionum
1636 1364 1794 1403 archivi
1818 1363 2011 1403 Vaticani

298 1424 474 1462 Clement
504 1425 551 1472 V,
586 1424 825 1475 appendice,
855 1438 894 1474 p.
926 1424 1027 1475 284]
1049 1424 1299 1462 adnotatum
1320 1432 1382 1462 est
1422 1424 1539 1462 illum
1572 1439 1680 1463 anno
1702 1424 1916 1471 MCCCVI,
1947 1423 2011 1461 die

297 1484 528 1533 penultima
575 1484 665 1534 [30]
703 1484 808 1534 julii,
849 1484 1016 1522 solvisse
1054 1491 1260 1522 trecentas
1297 1483 1422 1522 libras
1460 1492 1701 1522 turonenses
1738 1498 1812 1535 pro
1850 1483 2011 1522 duobus

299 1542 472 1582 bienniis
504 1543 717 1594 completis
750 1543 813 1582 die
836 1543 982 1593 quinta
1012 1543 1263 1591 novembris,
1286 1558 1489 1581 annorum
1519 1543 1711 1582 videlicet
1730 1543 1939 1582 MCCCIII
1970 1550 2012 1581 et

300 1602 474 1641 MCCCV
494 1603 812 1653 praeteritorum
833 1618 906 1653 pro
926 1602 1166 1641 visitatione
1189 1602 1301 1641 Sedis
1325 1602 1590 1653 apostolicae,
1607 1617 1732 1653 quam
1743 1601 2011 1641 Bituricensis

301 1662 628 1713 archiepiscopus
675 1662 844 1700 visitare
894 1670 1060 1701 tenetur
1104 1662 1153 1700 de
1192 1661 1356 1700 biennio
1405 1662 1448 1700 in
1491 1662 1716 1701 biennium.
1765 1663 1824 1701 De
1869 1662 2012 1701 eodem

300 1721 469 1771 Aegidio
499 1721 592 1760 vide
623 1722 847 1760 Chronicon
872 1722 1003 1760 Aulae
1028 1722 1171 1771 regiae,
1198 1737 1236 1772 p.
1265 1721 1353 1760 391.

354 1781 396 1819 Ρ.
419 1781 454 1828 2,
484 1781 551 1831 lig.
574 1781 634 1820 19.
657 1782 746 1820 Epo
768 1782 957 1820 AMBIAN.
989 1781 1206 1820 Guillelmo
1227 1781 1276 1819 de
1296 1781 1535 1829 Matiscone,
1558 1781 1646 1819 viro
1670 1780 1921 1828 doctissimo,
1944 1779 2014 1830 qui

300 1972 349 2005 Le
368 1971 583 2015 theologien
601 1972 695 2005 dont
711 1983 748 2005 se
765 1972 926 2005 reclame
943 1972 1042 2005 Jean
1060 1972 1222 2014 Quidort
1240 1973 1321 2006 doit
1338 1974 1416 2006 etre
1435 1972 1507 2006 Gui
1524 1973 1569 2005 de
1588 1972 1736 2012 Pernes,
1755 1971 1880 2006 moine
1898 1972 2017 2005 cluni-

299 2026 389 2065 sien,
411 2026 507 2058 abbe
527 2026 571 2058 de
591 2025 771 2059 Beaulieu
790 2037 838 2058 au
858 2026 1004 2059 diocese
1024 2027 1068 2059 de
1088 2026 1255 2067 Verdun‚
1276 2028 1428 2059 nomme
1448 2025 1764 2059 administrateur
1783 2026 1827 2059 de
1846 2025 2014 2060 l'eveche

301 2080 542 2118 d'Acerenza,
572 2079 604 2112 le
634 2080 654 2112 6
683 2080 898 2122 septembre
927 2081 1021 2113 1303
1055 2080 1224 2124 (Digard‚
1254 2092 1290 2114 n.
1322 2080 1444 2124 5328),
1475 2079 1559 2123 puis
1588 2081 1732 2123 eveque
1774 2080 1819 2112 de
1848 2079 1953 2113 Tulle
1982 2080 2015 2113 le

300 2134 345 2166 <13
363 2133 569 2165 novembre
586 2133 681 2166 1306
702 2132 877 2176 (Οὶὲιηεηῑ
897 2133 939 2173 V,
959 2146 994 2167 n.
1014 2134 1107 2167 1213
1126 2141 1164 2167 et
1181 2134 1304 2178 1817).
1325 2134 1548 2177 Cependant
1564 2133 1687 2177 parmi
1702 2134 1754 2166 les
1772 2133 1954 2177 quodlibet
1970 2133 2015 2166 de

303 2186 375 2219 Gui
395 2186 438 2219 de
460 2186 608 2225 Pernes,
630 2186 869 2220 mentionnes
890 2188 983 2220 dans
1003 2188 1035 2220 le
1055 2188 1192 2221 recueil
1212 2189 1256 2221 de
1279 2187 1429 2220 Nicolas
1450 2187 1494 2220 de
1514 2185 1600 2226 Bar,
1622 2199 1748 2220 aucun
1767 2198 1812 2220 ne
1833 2187 1947 2220 traite
1969 2187 2013 2220 de

303 2240 339 2273 la
356 2238 769 2272 transsubstantiation
790 2240 885 2283 (voir
902 2240 1093 2280 Glorieux,
1112 2253 1170 2285 op.
1189 2243 1261 2281 cit„
1280 2253 1315 2285 p.
1336 2241 1405 2274 232
1422 2247 1460 2274 et
1478 2240 1576 2284 242).

351 2294 383 2326 ·1.
403 2294 445 2325 A.
467 2293 678 2333 Duchesne,
698 2293 862 2327 Histoire
879 2295 920 2327 de
937 2295 972 2327 la
990 2296 1135 2328 maison
1151 2296 1192 2328 de
1209 2295 1425 2334 Chastillon,
1444 2294 1614 2334 Preuves,
1633 2306 1668 2337 p.
1688 2294 1744 2327 81.

354 2348 383 2379 2.
409 2346 621 2379 Guillaume
644 2348 687 2379 dc
709 2347 848 2380 Baufet
868 2354 1024 2381 mourut
1044 2349 1075 2381 le
1097 2349 1143 2382 30
1165 2349 1362 2382 decembre
1384 2348 1478 2381 1319
1503 2347 1598 2391 (voir
1618 2359 1659 2380 sa
1679 2345 1900 2390 biographie
1922 2347 2015 2380 dans

306 2400 351 2432 ΙΙ.
372 2400 426 2439 L..
446 2406 471 2433 t.
491 2412 617 2439 xxxn,
636 2412 670 2443 p.
690 2401 862 2440 469-474‚
882 2402 1041 2435 607-608
1059 2408 1097 2435 ct
1112 2403 1148 2434 la
1164 2400 1420 2435 'rectification
1434 2401 1576 2435 inseree
1595 2401 1688 2434 dans
1705 2401 1737 2434 le
1754 2407 1857 2434 tome
1875 2413 2014 2440 xxxm,

305 2464 339 2495 p.
364 2452 450 2490 4733
476 2452 558 2484 voir
579 2452 680 2485 aussi
703 2454 924 2493 Obituaires,
949 2460 978 2486 t.
1000 2467 1023 2493 1,
1048 2454 1173 2497 partie
1195 2454 1228 2494 1,
1252 2466 1288 2497 p.
1314 2454 1399 2494 223,
1419 2459 1459 2487 et
1480 2453 1603 2497 partie
1628 2453 1660 2492 2,
1683 2464 1719 2497 p.
1744 2453 1841 2497 812).

353 2506 385 2539 3.
403 2507 473 2539 Sur
488 2507 599 2540 Gilles
615 2508 658 2540 de
675 2508 794 2541 Rome
809 2508 891 2541 voir
906 2508 944 2541 F.
962 2508 996 2541 S.
1013 2509 1190 2552 Makaay,
1204 2509 1279 2542 Der
1293 2509 1445 2542 Traktat
1459 2509 1517 2541 des
1530 2508 1715 2551 Aegidius
1728 2507 1920 2540 Romanus
1931 2507 2020 2540 ttber

307 2560 365 2592 der
388 2560 598 2602 Einzigheit
629 2562 688 2593 der
709 2562 987 2595 substantiellen
1009 2562 1396 2605 Form‚WVurzbourg‚
1421 2560 1533 2599 19243
1562 2561 1603 2595 Ε.
1628 2561 1773 2601 Scholz,
1793 2561 1865 2594 Die
1886 2560 2018 2594 Publi-

306 2614 412 2646 zistilc
428 2625 491 2646 zur
507 2613 587 2646 Zeit
602 2614 779 2658 Philipps
797 2616 856 2647 des
874 2615 1040 2648 Sclzonen
1058 2617 1134 2648 und
1148 2616 1308 2658 Bonisaz
1326 2616 1442 2656 VIII,
1460 2615 1667 2658 Stuttgart‚
1681 2615 1788 2654 1903,
1808 2626 1843 2658 p.
1862 2614 2016 2654 32-129;

307 2667 499 2709 „Eegz‘dius
515 2678 583 2699 oon
598 2667 726 2705 Roma,
746 2668 908 2712 Leipzig,
938 2669 1032 2701 1902
1052 2680 1058 2706 ;
1079 2668 1124 2702 U.
1144 2669 1269 2702 Oxilia
1285 2682 1302 2702 e
1321 2669 1363 2702 G.
1390 2669 1540 2707 Boffito,
1564 2668 1625 2701 Un
1649 2673 1791 2701 trattato
1818 2668 1953 2701 inedito
1981 2668 2018 2701 dt

313 2720 443 2761 lz'gidio
463 2720 638 2759 Colonna,
672 2721 861 2761 Florcncc‚
891 2722 984 2755 1908
1006 2733 1013 2760 3
1035 2722 1212 2761 Maffloli,
1246 2722 1376 2755 Studio
1401 2723 1531 2755 storico
1556 2733 1667 2765 sopra
1684 2722 1821 2765 Egidio
1838 2721 2017 2762 Romano,

310 2774 402 2804 (Ιειιιμ1
419 2773 617 2815 Λιιίοῖοςιῖα
631 2774 893 2817 Agostiniana,
912 2782 978 2815 1.1‚
996 2776 1090 2809 1896
1114 2788 1121 2815 ;
1139 2776 1187 2809 M.
1215 2776 1393 2809 Glorieux
1422 2776 1489 2818 (La
1515 2775 1713 2808 litterature
1740 2774 2017 2818 quodlibetique,

313 2839 343 2867 μ
363 2827 534 2869 ilio-143)
555 2839 573 2859 a
595 2827 736 2870 signali>
752 2828 807 2860 six
833 2829 1031 2871 quodlibet
1053 2829 1145 2872 qu’il
1167 2829 1315 2861 soutint
1339 2830 1383 2861 de
1406 2830 1499 2862 1286
1516 2829 1536 2860 a
1560 2829 1650 2861 1291
1677 2841 1684 2868 3
1711 2828 1749 2861 P.
1768 2828 2016 2868 Mandonnet,

314 2880 364 2910 La
382 2881 535 2912 (ςαννίὶτνε
550 2881 701 2913 scolairc
720 2882 760 2915 de
783 2882 895 2915 Gilles
913 2883 954 2915 de
970 2882 1083 2915 Rome
1103 2882 1338 2925 (1246-1291)
1361 2883 1454 2914 dans
1473 2882 1594 2914 Revue
1612 2882 1671 2914 des
1687 2882 1844 2914 sciences
1861 2881 2020 2925 philoso-

312 2933 462 2974 phiques
495 2938 524 2965 et
556 2934 806 2977 tlzcologz'ques,
844 2941 870 2968 t.
906 2947 947 2968 1v
974 2935 1109 2979 (1910),
1144 2948 1179 2979 p.
1217 2935 1376 2969 480-499
1399 2947 1406 2974 ;
1435 2934 1481 2968 H.
1521 2935 1650 2974 Finke,
1685 2934 1892 2978 Papsttum,
1919 2941 1945 2967 t.
1978 2946 2017 2975 11,

316 2998 347 3027 p.
373 2986 433 3017 147
456 2986 515 3027 (an
533 2987 750 3020 consistoirc
768 2994 859 3020 tenu
876 2989 907 3021 lc
926 2989 969 3021 29
986 2989 1061 3021 mai
1078 2990 1172 3022 1308
1190 2989 1210 3021 ἐι
1229 2988 1386 3021 Poitiers
1403 2988 1428 3020 il
1443 3000 1480 3021 se
1498 2994 1650 3021 montra
1666 2987 1801 3020 hostile
1818 2999 1893 3020 aux
1910 2988 2020 3021 Tem-

315 3038 451 3080 plivrs).
