2083 3458
113 197 235 252 [589]
640 213 857 238 PAPARUM
893 212 1279 238 AVENIONENSIUM
1754 198 1807 239 53

101 295 328 334 tribuendis
373 310 481 334 novo
523 295 606 345 regi
654 296 1029 346 I‘Iierosolymitano
1047 297 1061 319 1
1109 311 1212 346 quae
1245 304 1386 334 contra
1424 296 1614 334 'converti
1654 297 1807 335 debent

100 356 142 393 in
170 355 397 393 subsidium
419 355 564 393 Terrae
589 355 777 401 Sanctae,
807 356 960 405 absque
989 356 1070 394 ulla
1096 356 1303 393 mentione
1333 355 1515 404 ejusdem
1538 356 1655 405 regis.
1679 356 1804 393 Porro

103 414 338 465 Philippum
359 414 514 452 nullam
533 414 651 452 istius
673 414 829 452 consilii
852 415 1055 453 rationem
1075 415 1265 453 habuisse
1286 414 1379 452 hinc
1411 414 1613 464 colligitur
1634 415 1741 464 quod
1763 415 1802 451 in

103 473 271 512 concilio
294 473 513 513 Viennensi
536 487 618 511 non
640 474 840 524 reperitur
862 474 1084 512 actitatum
1108 473 1230 512 fuisse
1252 474 1334 511 ullo
1358 474 1481 511 modo
1504 474 1552 511 de
1586 474 1806 512 deferendo

101 547 223 583 regno
249 532 625 581 Hierosolymitano
648 533 718 570 uni
742 547 792 571 ex
818 533 909 571 filiis
934 533 1126 584 Philippi,
1151 541 1191 571 et
1216 533 1325 583 quod
1350 534 1456 571 bona
1481 533 1805 583 Templariorum

103 606 291 631 concessa
313 600 409 629 sunt
433 592 735 642 Hospitalariis,
757 593 883 630 etiam
905 607 996 631 cum
1019 607 1217 631 consensu
1238 592 1354 642 regis.
1380 592 1485 629 Nam
1506 592 1565 630 ita
1585 592 1692 630 inter
1713 607 1805 629 eum

102 651 529 702 papaqulementem
555 660 804 702 convenerat
829 652 939 702 apud
965 652 1280 701 Augustoritum
1306 651 1523 689 Pictonum
1540 651 1672 689 multo
1693 659 1806 689 ante-

103 725 227 761 quam
261 710 477 748 concilium
511 711 795 749 celebraretur.
832 712 949 749 Unde
993 712 1175 749 Clemens
1208 711 1249 748 in
1283 711 1392 748 bulla
1436 711 1533 748 (lata
1568 711 1748 748 Pictavis
1781 725 1805 747 11

101 770 192 807 idus
219 768 488 820 [12]augusti
505 770 773 820 pontificatus
802 784 910 808 anno
934 770 1056 808 tertio
1084 769 1216 820 [1308]
1243 771 1384 819 (quam
1413 769 1591 808 Bzovius
1606 784 1670 807 an.
1692 770 1806 810 1308.

109 830 125 878 ἓ
159 828 206 866 12
236 828 464 879 descripsit,
496 829 678 879 itemque
700 829 898 867 Odoricus
932 830 1187 879 Raynaldus,
1212 829 1299 867 eod.
1335 843 1415 875 an.,
1455 829 1529 877 §4,
1556 828 1614 866 ita
1637 829 1804 867 scribit:

100 888 253 926 Deinde
282 902 367 926 vero
397 888 630 926 carissimus
661 889 703 925 in
733 888 889 926 Christo
919 889 1029 938 filius
1060 897 1186 926 noster
1207 889 1440 939 Philippus,
1467 903 1532 926 rex
1562 888 1809 926 Francorum

105 947 283 994 illustris,
304 947 369 985 cui
388 948 520 985 eadem
538 948 699 996 suerunt
716 948 898 997 facinora
918 948 1115 995 nuntiata,
1137 962 1215 985 non
1235 948 1317 999 tipo
1332 947 1511 1001 avaritie,
1527 962 1615 985 cum
1630 948 1674 985 de
1697 947 1808 985 bonis

106 1006 422 1057 Templariorum
448 1007 571 1045 nichil
593 1007 673 1044 sibi
699 1007 901 1045 vendicare
926 1008 983 1044 vel
1014 1007 1277 1058 appropriare
1303 1007 1491 1054 intendat,
1517 1021 1647 1056 ymmo
1672 1021 1715 1044 ea.
1741 1021 1810 1057 per

103 1066 347 1116 deputandos
377 1081 402 1103 a
434 1066 547 1103 nobis
580 1066 850 1115 gubernanda,
878 1066 1130 1104 custodienda
1162 1075 1195 1104 et
1227 1066 1491 1104 conservanda
1522 1066 1734 1104 liberaliter
1764 1081 1809 1103 ac

103 1126 230 1163 devote
258 1124 412 1163 dimisit
428 1125 455 1164 ².
487 1125 559 1163 Cui
589 1126 676 1164 loco
710 1126 832 1163 fidem
864 1126 1082 1164 conciliant
1112 1126 1212 1164 haec
1241 1126 1366 1164 verba
1392 1125 1593 1163 Albertini
1624 1125 1809 1172 Mussafi,

103 1184 171 1223 lib.
195 1185 270 1232 llI,
289 1199 376 1235 cap.
399 1199 426 1222 x
455 1185 683 1235 [Muratori,
709 1194 739 1223 t.
759 1200 800 1232 x,
819 1186 892 1224 col.
911 1185 1012 1235 378]
1028 1185 1087 1222 De
1104 1184 1220 1234 gestis
1238 1184 1405 1222 Henrici
1432 1185 1518 1222 VII
1535 1184 1782 1235 imperatoris
1796 1199 1809 1222 .-

103 1243 316 1294 Hujusque
344 1243 618 1294 inquisitionis
645 1252 679 1282 et
704 1244 981 1282 elucidationis
1011 1244 1241 1294 indaginem
1268 1244 1496 1282 attributam
1527 1252 1675 1281 constat
1701 1258 1808 1281 cons-

104 1303 221 1353 picuo
235 1303 442 1353 Philippo,
458 1303 540 1353 regi
555 1304 814 1351 Francorum,
826 1303 1065 1342 christianae
1079 1303 1171 1353 fidei
1183 1303 1330 1353 fervore
1342 1303 1637 1353 progenitorum
1647 1318 1810 1341 suorum

104 1362 269 1412 vestigia
289 1362 395 1400 clara
415 1362 603 1412 sequenti,
625 1363 690 1400 cui
719 1364 953 1400 horrendum
977 1363 1076 1400 illud
1094 1362 1254 1412 facinus
1287 1362 1513 1400 intimatum
1534 1362 1720 1409 extiterat,
1744 1376 1811 1399 nec

105 1416 222 1459 luaeus
245 1421 481 1460 avaritiaeve
505 1430 609 1472 typo,
625 1430 658 1460 et
673 1423 856 1460 nonnulli
871 1437 916 1460 ea:
942 1423 1099 1460 illorum
1122 1436 1320 1460 asseruere
1344 1421 1549 1468 consortio,
1575 1436 1662 1459 cum
1688 1421 1812 1460 nichil

106 1481 196 1518 inde
212 1481 254 1518 in
268 1481 334 1519 sui
348 1481 557 1531 proprium
573 1481 841 1529 vindicaverit,
857 1482 924 1520 sed
937 1481 987 1519 ab
1005 1481 1161 1519 intactis
1178 1482 1398 1518 eorumdem
1413 1481 1650 1518 substantiis
1667 1495 1810 1518 manus

105 1554 266 1590 prorsus
282 1541 467 1578 amoverit
483 1555 555 1578 sua
573 1549 709 1591 sponte
723 1541 914 1591 jussuque
932 1541 971 1578 in
989 1549 1211 1578 sacrosante
1227 1540 1411 1587 Ecclesie,
1427 1555 1450 1577 a
1464 1555 1538 1590 qua
1553 1541 1809 1590 defluxerant.

105 1599 391 1650 patrimonium
417 1600 672 1638 reservandis.
703 1601 805 1638 Eam
832 1608 1042 1650 praeterea
1072 1608 1251 1638 mentem
1269 1600 1390 1637 fuisse
1418 1599 1606 1650 Philippo
1633 1607 1811 1637 testatur

104 1658 213 1697 idem
238 1659 420 1697 Clemens
444 1659 486 1697 in
510 1659 681 1709 epistola
707 1660 859 1710 scripta
883 1660 935 1697 ad
961 1660 1164 1697 ,Iacobum
1188 1674 1323 1709 regem
1348 1659 1652 1708 Majoricarum,
1678 1673 1704 1696 x
1730 1659 1808 1696 kal.

106 1718 329 1756 decembris
362 1732 470 1756 anno
502 1719 625 1757 tertio
653 1719 716 1770 [22
740 1719 975 1757 novembris
998 1718 1130 1769 1308],
1163 1719 1204 1756 in
1231 1732 1310 1768 qua
1345 1719 1393 1756 dc
1426 1718 1568 1756 eodem
1595 1732 1685 1767 rege
1720 1718 1810 1755 Phi-

104 1776 216 1828 lippo
247 1777 326 1815 ista
348 1777 582 1827 leguntur:
609 1778 774 1828 Propter
806 1779 906 1828 quod
937 1778 1034 1815 idern
1067 1793 1132 1815 rea,=
1161 1778 1212 1815 ad
1240 1777 1533 1828 requisitionem
1565 1777 1812 1828 inquisitoris

106 1836 265 1874 heretice
293 1836 502 1887 pravitatis
533 1837 574 1874 in
611 1852 727 1886 regno
756 1852 827 1875 suo
861 1838 1089 1887 generaliter
1111 1853 1132 1875 a
1167 1837 1263 1875 Sede
1295 1837 1524 1886 lpostolica
1555 1836 1744 1888 deputati
1768 1837 1812 1873 de

106 1896 356 1946 prelatorum,
386 1896 589 1943 baronum,
611 1912 656 1934 ac
677 1897 847 1934 aliorum
873 1897 1116 1947 sapientium
1143 1896 1418 1934 deliberatione
1447 1896 1640 1947 solempni
1667 1895 1811 1959 magis-

107 1963 210 1992 trum
230 1955 417 2005 majorem
443 1963 477 1993 et
501 1928 604 1993 atids
629 1956 854 2005 singulares
885 1971 1074 2007 personas
1107 1955 1201 1993 dicti
1228 1955 1380 1992 ordinis
1417 1970 1487 2005 que
1517 1963 1608 1992 tunc:
1640 1963 1749 1992 erant
1771 1955 1812 1991 in

107 2028 224 2063 regno
241 2029 313 2052 suo
332 2029 413 2052 una
431 2014 493 2052 die
511 2029 598 2052 cum
618 2029 763 2063 magna
781 2015 995 2064 excogitata
1022 2014 1232 2063 diligentia
1259 2014 1350 2064 capi
1363 2014 1453 2063 fecit
1467 2014 1637 2051 Ecclesie
1662 2013 1812 2063 judicio

108 2074 402 2123 presentandas,
431 2082 464 2111 et
489 2088 622 2112 eorum
652 2075 753 2112 bona
780 2074 943 2112 mobilia
964 2083 996 2112 et
1033 2074 1254 2112 immobilia
1280 2074 1385 2111 salve
1419 2074 1590 2111 custodie
1611 2073 1812 2121 assignari

108 2147 178 2183 pro
200 2141 300 2170 terra
319 2141 468 2181 sancta,
489 2133 526 2170 si
548 2133 674 2171 dictus
695 2134 785 2171 ordo
808 2135 1054 2185 dampnetur,
1078 2133 1257 2183 alioquin
1279 2148 1350 2183 pro
1383 2133 1470 2182 ipso
1491 2133 1627 2169 ordine
1651 2132 1814 2181 fideliter

109 2193 385 2230 conservanda.
420 2193 667 2242 Quanquam
699 2201 839 2231 autem
878 2193 1049 2231 dubium
1085 2207 1167 2230 non
1207 2192 1260 2230 sit
1303 2192 1402 2242 quin
1438 2192 1650 2241 Philippus
1691 2191 1813 2228 fuerit

109 2259 253 2289 auctor
277 2251 467 2290 abolendi
493 2251 644 2290 ordinis
670 2252 1008 2302 Templariorum‚
1031 2267 1112 2289 non
1133 2252 1223 2289 ideo
1239 2259 1379 2289 tamen
1401 2251 1727 2288 existimandum
1752 2258 1813 2287 est

108 2309 196 2348 illos
217 2310 370 2360 injuste
391 2310 513 2349 fuisse
535 2311 768 2358 damnatos,
791 2325 882 2350 cum
905 2312 1042 2351 variae
1070 2311 1254 2360 ejusdem
1281 2309 1499 2348 Clementis
1532 2310 1665 2347 bullae
1691 2309 1813 2346 fidem

110 2369 373 2407 manifestam
408 2369 563 2408 faciant
608 2371 802 2409 scelerum
850 2378 890 2408 et
928 2370 1177 2420 flagitiorum
1215 2383 1319 2419 quae
1359 2384 1451 2407 eum
1482 2369 1707 2418 adegerunt
1747 2382 1812 2405 eos

111 2428 277 2467 omnino
307 2429 451 2467 delere.
482 2429 613 2477 Quare
650 2430 897 2468 credendum
930 2444 1011 2467 non
1046 2438 1107 2467 est
1131 2429 1318 2467 Alberico
1343 2443 1365 2466 a
1401 2428 1585 2466 Rosate³
1621 2426 1814 2464 scribenti

90 2487 436 2538 eTemplariorum
462 2487 644 2527 ordinem
680 2497 820 2527 contra
854 2488 1060 2538 justitiam
1096 2488 1297 2526 abolitum
1335 2502 1357 2525 a
1377 2488 1602 2525 -Clemente
1631 2486 1663 2522 V
1692 2485 1814 2523 fuisse

110 2555 158 2584 ut
204 2546 506 2596 gratificaretur
546 2547 747 2598 Philippo.
791 2549 901 2586 Ilaec
944 2555 1040 2585 sunt
1078 2547 1164 2597 ejus
1209 2548 1333 2585 verba
1383 2562 1389 2583 :
1448 2544 1665 2594 Templarii
1706 2553 1815 2582 erant

158 2659 192 2693 1.
212 2660 351 2693 Baluze
369 2661 526 2694 cherche
546 2661 766 2694 vaincment
784 2662 804 2693 a
824 2662 950 2705 placer
966 2673 1012 2694 en
1031 2661 1125 2694 belle
1144 2667 1299 2704 posture
1319 2659 1491 2702 Philippe
1509 2659 1542 2691 le
1561 2658 1637 2691 Bel.
1660 2658 1718 2691 Ur.
1737 2669 1817 2690 car·-

112 2714 227 2754 dinal,
246 2714 392 2748 devoue
410 2714 431 2746 a
447 2713 586 2757 Jayme
606 2715 642 2747 II
662 2715 866 2757 d'Aragon,
885 2714 937 2747 lui
957 2714 1000 2747 fit
1029 2715 1226 2747 connaitre
1255 2713 1306 2746 les
1335 2712 1479 2756 projets
1509 2717 1647 2744 seerets
1667 2711 1716 2743 du
1734 2711 1787 2743 roi
1807 2724 1814 2744 ε

111 2767 192 2811 quel
213 2778 276 2810 rey
298 2767 339 2800 de
361 2767 395 2799 F
396 2778 509 2800 ransa
531 2779 676 2801 cercava
699 2780 766 2811 que
788 2773 854 2800 tots
877 2768 926 2801 les
952 2767 1036 2800 bens
1061 2767 1116 2800 det
1141 2767 1299 2810 Temple,
1324 2777 1369 2798 en
1391 2765 1545 2808 qualque
1567 2769 1661 2797 terra
1681 2764 1815 2807 sossen,

111 2820 233 2863 sossen
246 2821 319 2853 dun
333 2831 398 2853 seu
408 2820 498 2863 seill,
512 2821 575 2864 qui
595 2821 651 2864 sos
663 2833 724 2864 νος]
737 2822 778 2854 de
790 2821 1022 2854 Jherusalem
1039 2820 1216 2864 (depeche
1231 2820 1281 2852 du
1295 2820 1340 2851 10
1354 2829 1452 2850 mars
1467 2817 1561 2850 1309
1575 2817 1668 2849 dans
1685 2817 1814 2858 Finke,

112 2873 364 2917 Papsttum‚t.
379 2885 417 2913 11,
435 2885 469 2917 p.
487 2874 585 2917 183).

162 2925 194 2960 2.
212 2924 375 2960 Clement
392 2926 435 2966 V,
453 2939 487 2960 n.
505 2928 612 2967 3584,
631 2928 730 2960 bulle
746 2927 904 2961 Faciens
920 2926 1220 2965 misericordiam,
1238 2925 1289 2957 du
1306 2925 1325 2958 8
1342 2925 1435 2957 aout
1449 2924 1556 2956 1308.

161 2979 195 3013 3.
214 2979 306 3012 Voir
320 2991 388 3012 son
404 2980 563 3014 Leoeicon
580 2992 627 3013 au
645 2987 725 3013 mot
745 2981 961 3024 Templarii.
980 2980 1118 3012 Baluze
1134 2978 1219 3012 lave
1236 2977 1458 3010 vainement
1475 2977 1519 3009 de
1535 2982 1622 3009 tout
1636 2977 1815 3019 reproche

114 3033 149 3065 la
169 3032 348 3066 conduite
370 3033 414 3066 de
437 3033 608 3077 Philippe
629 3034 661 3067 le
681 3034 758 3067 Bel.
781 3033 849 3066 Les
871 3032 1178 3076 contemporains
1200 3037 1267 3064 ont
1286 3030 1503 3074 conjecture
1525 3041 1616 3062 avec
1638 3029 1817 3062 xraisem—

115 3086 248 3119 blance
266 3085 358 3130 qu’il
375 3086 454 3129 agit
470 3098 539 3130 par
554 3087 722 3130 cupidite
744 3087 839 3130 (voir
855 3098 932 3119 mes
950 3086 1073 3129 Papes
1089 3084 1314 3127 d'Avignon,
1333 3095 1367 3126 p.
1389 3083 1470 3123 235,
1489 3082 1586 3125 236).
