<?xml version="1.0" encoding="UTF-8"?>
<!DOCTYPE html PUBLIC "-//W3C//DTD XHTML 1.0 Transitional//EN"
    "http://www.w3.org/TR/xhtml1/DTD/xhtml1-transitional.dtd">
<html xmlns="http://www.w3.org/1999/xhtml" xml:lang="en" lang="en">
 <head>
  <title>
</title>
<meta http-equiv="Content-Type" content="text/html;charset=utf-8" />
  <meta name='ocr-system' content='tesseract 3.04.00' />
  <meta name='ocr-capabilities' content='ocr_page ocr_carea ocr_par ocr_line ocrx_word'/>
</head>
<body>
  <div class='ocr_page' id='page_1' title='image "./vitaepaparumaven02balu_0114.png"; bbox 0 0 2083 3458; ppageno 0'>
   <div class='ocr_carea' id='block_1_1' title="bbox 258 195 1960 251">
    <p class='ocr_par' dir='ltr' id='par_1_1' title="bbox 258 195 1960 251">
     <span class='ocr_line' id='line_1_1' title="bbox 258 195 1960 251; baseline -0.008 -3"><span class='ocrx_word' id='word_1_1' title='bbox 258 208 334 248; x_wconf 68' lang='lat'>10²¹</span> <span class='ocrx_word' id='word_1_2' title='bbox 904 217 1055 242; x_wconf 76' lang='lat' dir='ltr'>NOTAE</span> <span class='ocrx_word' id='word_1_3' title='bbox 1091 216 1150 240; x_wconf 74' lang='lat' dir='ltr'>AD</span> <span class='ocrx_word' id='word_1_4' title='bbox 1186 214 1312 239; x_wconf 74' lang='lat' dir='ltr'>vlTAs</span> <span class='ocrx_word' id='word_1_5' title='bbox 1834 195 1960 251; x_wconf 62' lang='grc'><strong>[6241</strong></span> 
     </span>
    </p>
   </div>
   <div class='ocr_carea' id='block_1_2' title="bbox 257 295 1991 2247">
    <p class='ocr_par' dir='ltr' id='par_1_2' title="bbox 257 295 1991 474">
     <span class='ocr_line' id='line_1_2' title="bbox 257 295 1991 354; baseline -0.006 -11"><span class='ocrx_word' id='word_1_6' title='bbox 257 305 440 343; x_wconf 71' lang='lat' dir='ltr'>(lominus</span> <span class='ocrx_word' id='word_1_7' title='bbox 463 318 570 354; x_wconf 77' lang='lat' dir='ltr'>papa</span> <span class='ocrx_word' id='word_1_8' title='bbox 592 302 770 340; x_wconf 82' lang='lat' dir='ltr'><em>Clemens</em></span> <span class='ocrx_word' id='word_1_9' title='bbox 797 301 830 338; x_wconf 66' lang='grc' dir='ltr'><strong>Γ</strong></span> <span class='ocrx_word' id='word_1_10' title='bbox 851 308 931 338; x_wconf 81' lang='lat' dir='ltr'>erat</span> <span class='ocrx_word' id='word_1_11' title='bbox 951 298 1155 348; x_wconf 74' lang='lat' dir='ltr'>Lugduni,</span> <span class='ocrx_word' id='word_1_12' title='bbox 1178 306 1211 335; x_wconf 84' lang='lat' dir='ltr'>et</span> <span class='ocrx_word' id='word_1_13' title='bbox 1233 297 1417 335; x_wconf 78' lang='lat' dir='ltr'>dominus</span> <span class='ocrx_word' id='word_1_14' title='bbox 1440 312 1505 335; x_wconf 71' lang='lat' dir='ltr'>rea:</span> <span class='ocrx_word' id='word_1_15' title='bbox 1525 296 1709 343; x_wconf 81' lang='lat' dir='ltr'>Franeie,</span> <span class='ocrx_word' id='word_1_16' title='bbox 1734 295 1818 346; x_wconf 85' lang='lat' dir='ltr'>ipse</span> <span class='ocrx_word' id='word_1_17' title='bbox 1840 295 1962 333; x_wconf 82' lang='lat' dir='ltr'><em>domi-</em></span> <span class='ocrx_word' id='word_1_18' title='bbox 1988 316 1991 319; x_wconf 97' lang='lat'>·</span> 
     </span>
     <span class='ocr_line' id='line_1_3' title="bbox 259 354 1964 411; baseline -0.006 -9"><span class='ocrx_word' id='word_1_19' title='bbox 259 379 333 402; x_wconf 79' lang='lat' dir='ltr'>mis</span> <span class='ocrx_word' id='word_1_20' title='bbox 353 379 418 401; x_wconf 59' lang='lat' dir='ltr'>rea*</span> <span class='ocrx_word' id='word_1_21' title='bbox 436 362 605 400; x_wconf 75' lang='lat' dir='ltr'>Francie</span> <span class='ocrx_word' id='word_1_22' title='bbox 623 361 701 411; x_wconf 76' lang='lat' dir='ltr'>suit</span> <span class='ocrx_word' id='word_1_23' title='bbox 719 362 868 398; x_wconf 78' lang='lat' dir='ltr'>locutus</span> <span class='ocrx_word' id='word_1_24' title='bbox 886 374 1005 409; x_wconf 80' lang='lat' dir='ltr'>super</span> <span class='ocrx_word' id='word_1_25' title='bbox 1034 359 1102 396; x_wconf 84' lang='lat' dir='ltr'>lzoc</span> <span class='ocrx_word' id='word_1_26' title='bbox 1121 357 1279 395; x_wconf 82' lang='lat' dir='ltr'>domino</span> <span class='ocrx_word' id='word_1_27' title='bbox 1298 356 1380 406; x_wconf 80' lang='lat' dir='ltr'>regi</span> <span class='ocrx_word' id='word_1_28' title='bbox 1399 356 1705 406; x_wconf 77' lang='lat' dir='ltr'>M‘ajoricartim,</span> <span class='ocrx_word' id='word_1_29' title='bbox 1726 363 1760 393; x_wconf 85' lang='lat' dir='ltr'>et</span> <span class='ocrx_word' id='word_1_30' title='bbox 1778 354 1964 394; x_wconf 80' lang='lat' dir='ltr'>dominus</span> 
     </span>
     <span class='ocr_line' id='line_1_4' title="bbox 258 418 1246 474; baseline -0.008 -13"><span class='ocrx_word' id='word_1_31' title='bbox 258 439 364 474; x_wconf 76' lang='lat' dir='ltr'>papa</span> <span class='ocrx_word' id='word_1_32' title='bbox 391 423 469 472; x_wconf 82' lang='lat' dir='ltr'>ipsi</span> <span class='ocrx_word' id='word_1_33' title='bbox 495 421 651 459; x_wconf 80' lang='lat' dir='ltr'>domino</span> <span class='ocrx_word' id='word_1_34' title='bbox 675 420 757 469; x_wconf 80' lang='lat' dir='ltr'>regi</span> <span class='ocrx_word' id='word_1_35' title='bbox 781 419 1086 468; x_wconf 58' lang='lat' dir='ltr'>iIIajoricarum,</span> <span class='ocrx_word' id='word_1_36' title='bbox 1111 424 1175 455; x_wconf 88' lang='lat' dir='ltr'>etc</span> <span class='ocrx_word' id='word_1_37' title='bbox 1191 418 1246 454; x_wconf 72' lang='lat'>3¹...</span> 
     </span>
    </p>

    <p class='ocr_par' dir='ltr' id='par_1_3' title="bbox 258 472 1969 1006">
     <span class='ocr_line' id='line_1_5' title="bbox 313 472 1966 531; baseline -0.006 -11"><span class='ocrx_word' id='word_1_38' title='bbox 313 483 353 521; x_wconf 88' lang='grc' dir='ltr'>Ρ.</span> <span class='ocrx_word' id='word_1_39' title='bbox 373 481 515 531; x_wconf 76' lang='lat' dir='ltr'>60,lig.</span> <span class='ocrx_word' id='word_1_40' title='bbox 535 481 594 519; x_wconf 84' lang='lat'>27.</span> <span class='ocrx_word' id='word_1_41' title='bbox 628 480 885 518; x_wconf 70' lang='lat' dir='ltr'>CORONATUS</span> <span class='ocrx_word' id='word_1_42' title='bbox 915 491 958 516; x_wconf 75' lang='grc' dir='ltr'>ΙΝ</span> <span class='ocrx_word' id='word_1_43' title='bbox 992 477 1208 514; x_wconf 80' lang='lat' dir='ltr'>LUGDUNo</span> <span class='ocrx_word' id='word_1_44' title='bbox 1236 491 1258 515; x_wconf 94' lang='lat' dir='ltr'>a</span> <span class='ocrx_word' id='word_1_45' title='bbox 1287 475 1499 515; x_wconf 87' lang='lat' dir='ltr'>Matthaeo</span> <span class='ocrx_word' id='word_1_46' title='bbox 1526 475 1670 513; x_wconf 87' lang='lat' dir='ltr'>Rubeo</span> <span class='ocrx_word' id='word_1_47' title='bbox 1702 473 1849 512; x_wconf 84' lang='lat' dir='ltr'>Ursino</span> <span class='ocrx_word' id='word_1_48' title='bbox 1881 472 1966 511; x_wconf 91' lang='lat' dir='ltr'>dia-</span> 
     </span>
     <span class='ocr_line' id='line_1_6' title="bbox 259 532 1964 585; baseline -0.006 -5"><span class='ocrx_word' id='word_1_49' title='bbox 259 556 359 580; x_wconf 90' lang='lat' dir='ltr'>cono</span> <span class='ocrx_word' id='word_1_50' title='bbox 387 540 589 579; x_wconf 79' lang='lat' dir='ltr'>cardinale</span> <span class='ocrx_word' id='word_1_51' title='bbox 613 539 722 576; x_wconf 85' lang='lat' dir='ltr'>tituli</span> <span class='ocrx_word' id='word_1_52' title='bbox 747 538 783 576; x_wconf 21' lang='lat' dir='ltr'>S..</span> <span class='ocrx_word' id='word_1_53' title='bbox 810 536 960 576; x_wconf 87' lang='lat' dir='ltr'>Mariae</span> <span class='ocrx_word' id='word_1_54' title='bbox 987 536 1025 573; x_wconf 90' lang='lat' dir='ltr'>in</span> <span class='ocrx_word' id='word_1_55' title='bbox 1057 535 1236 582; x_wconf 86' lang='lat' dir='ltr'>Porticu,</span> <span class='ocrx_word' id='word_1_56' title='bbox 1259 543 1307 573; x_wconf 86' lang='lat' dir='ltr'>ut</span> <span class='ocrx_word' id='word_1_57' title='bbox 1329 534 1451 585; x_wconf 82' lang='lat' dir='ltr'>vulgo</span> <span class='ocrx_word' id='word_1_58' title='bbox 1475 533 1727 573; x_wconf 84' lang='lat' dir='ltr'>existimant.</span> <span class='ocrx_word' id='word_1_59' title='bbox 1754 533 1831 571; x_wconf 85' lang='lat' dir='ltr'>Sed</span> <span class='ocrx_word' id='word_1_60' title='bbox 1853 532 1964 570; x_wconf 85' lang='lat' dir='ltr'>istud</span> 
     </span>
     <span class='ocr_line' id='line_1_7' title="bbox 258 591 1965 649; baseline -0.005 -10"><span class='ocrx_word' id='word_1_61' title='bbox 258 601 384 639; x_wconf 87' lang='lat' dir='ltr'>habet</span> <span class='ocrx_word' id='word_1_62' title='bbox 406 600 586 649; x_wconf 79' lang='lat' dir='ltr'>aliquam</span> <span class='ocrx_word' id='word_1_63' title='bbox 622 597 919 635; x_wconf 85' lang='lat' dir='ltr'>difficultatem.</span> <span class='ocrx_word' id='word_1_64' title='bbox 959 594 1123 633; x_wconf 85' lang='lat' dir='ltr'>Etenim</span> <span class='ocrx_word' id='word_1_65' title='bbox 1160 593 1423 633; x_wconf 80' lang='lat' dir='ltr'>continuator</span> <span class='ocrx_word' id='word_1_66' title='bbox 1454 592 1603 643; x_wconf 78' lang='lat' dir='ltr'>Nangii</span> <span class='ocrx_word' id='word_1_67' title='bbox 1636 592 1679 633; x_wconf 88' lang='lat' dir='ltr'>in</span> <span class='ocrx_word' id='word_1_68' title='bbox 1716 591 1965 630; x_wconf 80' lang='lat' dir='ltr'>bibliotheca</span> 
     </span>
     <span class='ocr_line' id='line_1_8' title="bbox 260 652 1967 702; baseline -0.005 -4"><span class='ocrx_word' id='word_1_69' title='bbox 260 659 492 698; x_wconf 88' lang='lat' dir='ltr'>Colbertina</span> <span class='ocrx_word' id='word_1_70' title='bbox 526 657 666 696; x_wconf 82' lang='lat' dir='ltr'>scribit</span> <span class='ocrx_word' id='word_1_71' title='bbox 698 670 791 702; x_wconf 90' lang='lat' dir='ltr'>eum</span> <span class='ocrx_word' id='word_1_72' title='bbox 824 655 969 693; x_wconf 87' lang='lat' dir='ltr'>obiisse</span> <span class='ocrx_word' id='word_1_73' title='bbox 1004 653 1159 692; x_wconf 86' lang='lat' dir='ltr'>Perusii</span> <span class='ocrx_word' id='word_1_74' title='bbox 1190 667 1298 692; x_wconf 90' lang='lat' dir='ltr'>anno</span> <span class='ocrx_word' id='word_1_75' title='bbox 1341 653 1553 700; x_wconf 86' lang='lat' dir='ltr'>MCCCIV,</span> <span class='ocrx_word' id='word_1_76' title='bbox 1588 652 1651 691; x_wconf 88' lang='lat' dir='ltr'>die</span> <span class='ocrx_word' id='word_1_77' title='bbox 1685 659 1834 702; x_wconf 90' lang='lat' dir='ltr'>quarta</span> <span class='ocrx_word' id='word_1_78' title='bbox 1878 665 1967 701; x_wconf 90' lang='lat' dir='ltr'>sep-</span> 
     </span>
     <span class='ocr_line' id='line_1_9' title="bbox 260 711 1967 764; baseline -0.005 -8"><span class='ocrx_word' id='word_1_79' title='bbox 260 718 440 758; x_wconf 85' lang='lat' dir='ltr'>tembris.</span> <span class='ocrx_word' id='word_1_80' title='bbox 469 718 619 756; x_wconf 82' lang='lat' dir='ltr'>Verum</span> <span class='ocrx_word' id='word_1_81' title='bbox 651 724 861 754; x_wconf 77' lang='lat' dir='ltr'>auctorem</span> <span class='ocrx_word' id='word_1_82' title='bbox 892 714 1006 751; x_wconf 88' lang='lat' dir='ltr'>illum</span> <span class='ocrx_word' id='word_1_83' title='bbox 1029 727 1160 751; x_wconf 88' lang='lat' dir='ltr'>errare</span> <span class='ocrx_word' id='word_1_84' title='bbox 1192 712 1286 751; x_wconf 90' lang='lat' dir='ltr'>hinc</span> <span class='ocrx_word' id='word_1_85' title='bbox 1308 712 1438 762; x_wconf 89' lang='lat' dir='ltr'>liquet</span> <span class='ocrx_word' id='word_1_86' title='bbox 1462 713 1571 764; x_wconf 89' lang='lat' dir='ltr'>quod</span> <span class='ocrx_word' id='word_1_87' title='bbox 1595 719 1752 750; x_wconf 87' lang='lat' dir='ltr'>certum</span> <span class='ocrx_word' id='word_1_88' title='bbox 1774 718 1836 749; x_wconf 87' lang='lat' dir='ltr'>est</span> <span class='ocrx_word' id='word_1_89' title='bbox 1858 711 1967 749; x_wconf 85' lang='lat' dir='ltr'>hunc</span> 
     </span>
     <span class='ocr_line' id='line_1_10' title="bbox 260 771 1966 822; baseline -0.005 -6"><span class='ocrx_word' id='word_1_90' title='bbox 260 778 519 816; x_wconf 72' lang='lat' dir='ltr'>Matthaeum</span> <span class='ocrx_word' id='word_1_91' title='bbox 540 775 772 814; x_wconf 78' lang='lat' dir='ltr'>interfuisse</span> <span class='ocrx_word' id='word_1_92' title='bbox 803 773 990 812; x_wconf 86' lang='lat' dir='ltr'>electioni</span> <span class='ocrx_word' id='word_1_93' title='bbox 1021 772 1242 811; x_wconf 89' lang='lat' dir='ltr'>Clementis</span> <span class='ocrx_word' id='word_1_94' title='bbox 1274 772 1309 809; x_wconf 88' lang='lat' dir='ltr'>V</span> <span class='ocrx_word' id='word_1_95' title='bbox 1349 779 1390 810; x_wconf 91' lang='lat' dir='ltr'>et</span> <span class='ocrx_word' id='word_1_96' title='bbox 1422 771 1589 810; x_wconf 91' lang='lat' dir='ltr'>Perusio</span> <span class='ocrx_word' id='word_1_97' title='bbox 1618 771 1852 822; x_wconf 88' lang='lat' dir='ltr'>profectum</span> <span class='ocrx_word' id='word_1_98' title='bbox 1882 784 1966 808; x_wconf 87' lang='lat' dir='ltr'>esse</span> 
     </span>
     <span class='ocr_line' id='line_1_11' title="bbox 261 829 1969 887; baseline -0.006 -11"><span class='ocrx_word' id='word_1_99' title='bbox 261 837 507 887; x_wconf 76' lang='lat' dir='ltr'><strong>Lugdunum</strong></span> <span class='ocrx_word' id='word_1_100' title='bbox 527 849 618 873; x_wconf 88' lang='lat' dir='ltr'>cum</span> <span class='ocrx_word' id='word_1_101' title='bbox 641 834 729 872; x_wconf 89' lang='lat' dir='ltr'>aliis</span> <span class='ocrx_word' id='word_1_102' title='bbox 760 832 1048 879; x_wconf 82' lang='lat' dir='ltr'>cardinalibus,</span> <span class='ocrx_word' id='word_1_103' title='bbox 1071 839 1119 869; x_wconf 86' lang='lat' dir='ltr'>ut</span> <span class='ocrx_word' id='word_1_104' title='bbox 1142 832 1291 870; x_wconf 81' lang='lat' dir='ltr'>docent</span> <span class='ocrx_word' id='word_1_105' title='bbox 1315 831 1494 869; x_wconf 86' lang='lat' dir='ltr'>Joannes</span> <span class='ocrx_word' id='word_1_106' title='bbox 1518 830 1730 878; x_wconf 89' lang='lat' dir='ltr'>Villanius,</span> <span class='ocrx_word' id='word_1_107' title='bbox 1754 829 1823 868; x_wconf 85' lang='lat' dir='ltr'>lib.</span> <span class='ocrx_word' id='word_1_108' title='bbox 1848 829 1969 876; x_wconf 79' lang='lat' dir='ltr'>VIII,</span> 
     </span>
     <span class='ocr_line' id='line_1_12' title="bbox 261 888 1967 947; baseline -0.005 -13"><span class='ocrx_word' id='word_1_109' title='bbox 261 911 347 947; x_wconf 89' lang='lat' dir='ltr'>cap.</span> <span class='ocrx_word' id='word_1_110' title='bbox 374 910 505 943; x_wconf 80' lang='lat' dir='ltr'>Lxxx,</span> <span class='ocrx_word' id='word_1_111' title='bbox 540 908 671 931; x_wconf 79' lang='lat' dir='ltr'>Lxxxl</span> <span class='ocrx_word' id='word_1_112' title='bbox 706 892 934 944; x_wconf 74' lang='lat' dir='ltr'>[Murato-ri,</span> <span class='ocrx_word' id='word_1_113' title='bbox 955 899 984 930; x_wconf 93' lang='lat' dir='ltr'>t.</span> <span class='ocrx_word' id='word_1_114' title='bbox 1018 906 1103 938; x_wconf 85' lang='lat' dir='ltr'>xm,</span> <span class='ocrx_word' id='word_1_115' title='bbox 1138 891 1211 929; x_wconf 89' lang='lat' dir='ltr'>col.</span> <span class='ocrx_word' id='word_1_116' title='bbox 1234 890 1422 942; x_wconf 84' lang='lat'>417-420]</span> <span class='ocrx_word' id='word_1_117' title='bbox 1456 898 1498 929; x_wconf 89' lang='lat' dir='ltr'>et</span> <span class='ocrx_word' id='word_1_118' title='bbox 1529 889 1747 941; x_wconf 89' lang='lat' dir='ltr'>Pompeius</span> <span class='ocrx_word' id='word_1_119' title='bbox 1775 888 1967 936; x_wconf 86' lang='lat' dir='ltr'>Pellinus,</span> 
     </span>
     <span class='ocr_line' id='line_1_13' title="bbox 261 950 1039 1006; baseline -0.006 -13"><span class='ocrx_word' id='word_1_120' title='bbox 261 970 345 1006; x_wconf 89' lang='lat' dir='ltr'>par.</span> <span class='ocrx_word' id='word_1_121' title='bbox 367 956 381 992; x_wconf 92' lang='lat' dir='ltr'>I</span> <span class='ocrx_word' id='word_1_122' title='bbox 402 954 606 992; x_wconf 78' lang='lat' dir='ltr'>Historiae</span> <span class='ocrx_word' id='word_1_123' title='bbox 625 952 860 999; x_wconf 76' lang='lat' dir='ltr'>Perusinae,</span> <span class='ocrx_word' id='word_1_124' title='bbox 883 966 922 1002; x_wconf 88' lang='lat' dir='ltr'>p.</span> <span class='ocrx_word' id='word_1_125' title='bbox 948 950 1039 989; x_wconf 84' lang='lat'>339.</span> 
     </span>
    </p>

    <p class='ocr_par' dir='ltr' id='par_1_4' title="bbox 263 1007 1977 2247">
     <span class='ocr_line' id='line_1_14' title="bbox 314 1007 1970 1061; baseline -0.004 -10"><span class='ocrx_word' id='word_1_126' title='bbox 314 1015 465 1052; x_wconf 70' lang='lat' dir='ltr'>Yerum</span> <span class='ocrx_word' id='word_1_127' title='bbox 493 1013 586 1050; x_wconf 86' lang='lat' dir='ltr'>huic</span> <span class='ocrx_word' id='word_1_128' title='bbox 614 1011 840 1050; x_wconf 83' lang='lat' dir='ltr'>narrationi</span> <span class='ocrx_word' id='word_1_129' title='bbox 869 1025 918 1049; x_wconf 80' lang='lat' dir='ltr'>ex</span> <span class='ocrx_word' id='word_1_130' title='bbox 946 1010 1119 1061; x_wconf 89' lang='lat' dir='ltr'>adverso</span> <span class='ocrx_word' id='word_1_131' title='bbox 1147 1017 1351 1060; x_wconf 78' lang='lat' dir='ltr'>repugnat</span> <span class='ocrx_word' id='word_1_132' title='bbox 1380 1009 1675 1048; x_wconf 85' lang='lat' dir='ltr'>Franciscanus</span> <span class='ocrx_word' id='word_1_133' title='bbox 1704 1008 1769 1046; x_wconf 91' lang='lat' dir='ltr'>ille</span> <span class='ocrx_word' id='word_1_134' title='bbox 1799 1007 1869 1058; x_wconf 87' lang='lat' dir='ltr'>qui</span> <span class='ocrx_word' id='word_1_135' title='bbox 1897 1022 1970 1058; x_wconf 92' lang='lat' dir='ltr'>per</span> 
     </span>
     <span class='ocr_line' id='line_1_15' title="bbox 263 1067 1970 1123; baseline -0.004 -11"><span class='ocrx_word' id='word_1_136' title='bbox 263 1088 307 1112; x_wconf 89' lang='lat' dir='ltr'>ea</span> <span class='ocrx_word' id='word_1_137' title='bbox 326 1082 511 1123; x_wconf 86' lang='lat' dir='ltr'>tempora</span> <span class='ocrx_word' id='word_1_138' title='bbox 530 1071 690 1122; x_wconf 83' lang='lat' dir='ltr'>scripsit</span> <span class='ocrx_word' id='word_1_139' title='bbox 708 1070 931 1109; x_wconf 79' lang='lat' dir='ltr'>Chronicon</span> <span class='ocrx_word' id='word_1_140' title='bbox 948 1069 1056 1120; x_wconf 88' lang='lat' dir='ltr'>quod</span> <span class='ocrx_word' id='word_1_141' title='bbox 1077 1068 1332 1119; x_wconf 81' lang='lat' dir='ltr'>VVaddingus</span> <span class='ocrx_word' id='word_1_142' title='bbox 1350 1067 1529 1107; x_wconf 89' lang='lat' dir='ltr'>tribuere</span> <span class='ocrx_word' id='word_1_143' title='bbox 1548 1067 1775 1116; x_wconf 85' lang='lat' dir='ltr'>consuevit,</span> <span class='ocrx_word' id='word_1_144' title='bbox 1794 1068 1833 1107; x_wconf 89' lang='lat' dir='ltr'>b.</span> <span class='ocrx_word' id='word_1_145' title='bbox 1862 1067 1970 1105; x_wconf 87' lang='lat' dir='ltr'>Odo-</span> 
     </span>
     <span class='ocr_line' id='line_1_16' title="bbox 263 1126 1972 1181; baseline -0.004 -10"><span class='ocrx_word' id='word_1_146' title='bbox 263 1133 343 1171; x_wconf 86' lang='lat' dir='ltr'>rico</span> <span class='ocrx_word' id='word_1_147' title='bbox 374 1131 654 1181; x_wconf 84' lang='lat' dir='ltr'>Forojuliensi.</span> <span class='ocrx_word' id='word_1_148' title='bbox 686 1130 845 1180; x_wconf 78' lang='lat' dir='ltr'>Quippe</span> <span class='ocrx_word' id='word_1_149' title='bbox 881 1129 923 1167; x_wconf 92' lang='lat' dir='ltr'>in</span> <span class='ocrx_word' id='word_1_150' title='bbox 951 1144 996 1167; x_wconf 91' lang='lat' dir='ltr'>eo</span> <span class='ocrx_word' id='word_1_151' title='bbox 1026 1128 1220 1166; x_wconf 77' lang='lat' dir='ltr'>Chronico</span> <span class='ocrx_word' id='word_1_152' title='bbox 1239 1129 1267 1175; x_wconf 77' lang='lat'>2,</span> <span class='ocrx_word' id='word_1_153' title='bbox 1296 1135 1392 1179; x_wconf 91' lang='lat' dir='ltr'>post</span> <span class='ocrx_word' id='word_1_154' title='bbox 1426 1136 1660 1166; x_wconf 84' lang='lat' dir='ltr'>enarratam</span> <span class='ocrx_word' id='word_1_155' title='bbox 1689 1126 1907 1165; x_wconf 83' lang='lat' dir='ltr'>Clementis</span> <span class='ocrx_word' id='word_1_156' title='bbox 1937 1126 1972 1163; x_wconf 81' lang='lat' dir='ltr'>V</span> 
     </span>
     <span class='ocr_line' id='line_1_17' title="bbox 264 1186 1972 1238; baseline -0.004 -8"><span class='ocrx_word' id='word_1_157' title='bbox 264 1192 514 1237; x_wconf 72' lang='lat' dir='ltr'>electionem,</span> <span class='ocrx_word' id='word_1_158' title='bbox 538 1190 680 1228; x_wconf 86' lang='lat' dir='ltr'>statim</span> <span class='ocrx_word' id='word_1_159' title='bbox 704 1189 895 1227; x_wconf 86' lang='lat' dir='ltr'>additur:</span> <span class='ocrx_word' id='word_1_160' title='bbox 924 1188 1072 1226; x_wconf 80' lang='lat' dir='ltr'>Eodem</span> <span class='ocrx_word' id='word_1_161' title='bbox 1087 1195 1255 1238; x_wconf 81' lang='lat' dir='ltr'>tempore</span> <span class='ocrx_word' id='word_1_162' title='bbox 1282 1187 1380 1225; x_wconf 87' lang='lat' dir='ltr'>obiit</span> <span class='ocrx_word' id='word_1_163' title='bbox 1397 1187 1559 1225; x_wconf 74' lang='lat' dir='ltr'>Periisii</span> <span class='ocrx_word' id='word_1_164' title='bbox 1577 1186 1762 1225; x_wconf 80' lang='lat' dir='ltr'>dominus</span> <span class='ocrx_word' id='word_1_165' title='bbox 1784 1186 1972 1224; x_wconf 64' lang='lat' dir='ltr'>antheiis</span> 
     </span>
     <span class='ocr_line' id='line_1_18' title="bbox 263 1246 1973 1297; baseline -0.004 -9"><span class='ocrx_word' id='word_1_166' title='bbox 263 1251 423 1288; x_wconf 77' lang='lat' dir='ltr'>Riibeus</span> <span class='ocrx_word' id='word_1_167' title='bbox 457 1249 673 1288; x_wconf 79' lang='lat' dir='ltr'>cardinalis</span> <span class='ocrx_word' id='word_1_168' title='bbox 706 1249 749 1286; x_wconf 80' lang='lat' dir='ltr'>de</span> <span class='ocrx_word' id='word_1_169' title='bbox 780 1249 893 1286; x_wconf 80' lang='lat' dir='ltr'>domo</span> <span class='ocrx_word' id='word_1_170' title='bbox 932 1248 1136 1294; x_wconf 76' lang='lat' dir='ltr'>Ursornm,</span> <span class='ocrx_word' id='word_1_171' title='bbox 1171 1247 1238 1297; x_wconf 78' lang='lat' dir='ltr'>qui</span> <span class='ocrx_word' id='word_1_172' title='bbox 1268 1247 1348 1296; x_wconf 73' lang='lat' dir='ltr'>suit</span> <span class='ocrx_word' id='word_1_173' title='bbox 1379 1254 1566 1297; x_wconf 83' lang='lat' dir='ltr'>protector</span> <span class='ocrx_word' id='word_1_174' title='bbox 1598 1246 1751 1284; x_wconf 79' lang='lat' dir='ltr'>ordinis</span> <span class='ocrx_word' id='word_1_175' title='bbox 1783 1246 1973 1283; x_wconf 75' lang='lat' dir='ltr'>Fratrum</span> 
     </span>
     <span class='ocr_line' id='line_1_19' title="bbox 264 1305 1972 1357; baseline -0.003 -10"><span class='ocrx_word' id='word_1_176' title='bbox 264 1310 486 1357; x_wconf 60' lang='lat' dir='ltr'>Annorum,</span> <span class='ocrx_word' id='word_1_177' title='bbox 512 1310 650 1347; x_wconf 74' lang='lat' dir='ltr'>Sancte</span> <span class='ocrx_word' id='word_1_178' title='bbox 673 1307 787 1346; x_wconf 84' lang='lat' dir='ltr'>Clare</span> <span class='ocrx_word' id='word_1_179' title='bbox 801 1315 835 1345; x_wconf 83' lang='lat' dir='ltr'>et</span> <span class='ocrx_word' id='word_1_180' title='bbox 857 1307 993 1346; x_wconf 79' lang='lat' dir='ltr'>Sancti</span> <span class='ocrx_word' id='word_1_181' title='bbox 1017 1306 1195 1357; x_wconf 76' lang='lat' dir='ltr'>Spiritus</span> <span class='ocrx_word' id='word_1_182' title='bbox 1209 1307 1254 1344; x_wconf 85' lang='lat' dir='ltr'>de</span> <span class='ocrx_word' id='word_1_183' title='bbox 1274 1306 1388 1345; x_wconf 72' lang='lat' dir='ltr'>Urbe.</span> <span class='ocrx_word' id='word_1_184' title='bbox 1414 1306 1629 1346; x_wconf 89' lang='lat' dir='ltr'>Praeterea</span> <span class='ocrx_word' id='word_1_185' title='bbox 1653 1320 1703 1344; x_wconf 83' lang='lat' dir='ltr'>ex</span> <span class='ocrx_word' id='word_1_186' title='bbox 1723 1305 1826 1343; x_wconf 90' lang='lat' dir='ltr'>libro</span> <span class='ocrx_word' id='word_1_187' title='bbox 1851 1319 1972 1355; x_wconf 87' lang='lat' dir='ltr'>quem</span> 
     </span>
     <span class='ocr_line' id='line_1_20' title="bbox 264 1364 1972 1417; baseline -0.004 -10"><span class='ocrx_word' id='word_1_188' title='bbox 264 1377 415 1407; x_wconf 64' lang='lat' dir='ltr'>vocant</span> <span class='ocrx_word' id='word_1_189' title='bbox 442 1368 741 1417; x_wconf 76' lang='lat' dir='ltr'>obligationum</span> <span class='ocrx_word' id='word_1_190' title='bbox 767 1367 916 1405; x_wconf 67' lang='lat' dir='ltr'>archivi</span> <span class='ocrx_word' id='word_1_191' title='bbox 948 1366 1135 1404; x_wconf 85' lang='lat' dir='ltr'>Vaticani</span> <span class='ocrx_word' id='word_1_192' title='bbox 1163 1373 1327 1405; x_wconf 90' lang='lat' dir='ltr'>constat</span> <span class='ocrx_word' id='word_1_193' title='bbox 1353 1380 1446 1404; x_wconf 91' lang='lat' dir='ltr'>eum</span> <span class='ocrx_word' id='word_1_194' title='bbox 1474 1365 1619 1404; x_wconf 87' lang='lat' dir='ltr'>obiisse</span> <span class='ocrx_word' id='word_1_195' title='bbox 1646 1379 1754 1403; x_wconf 90' lang='lat' dir='ltr'>anno</span> <span class='ocrx_word' id='word_1_196' title='bbox 1782 1364 1972 1411; x_wconf 79' lang='lat' dir='ltr'>MCCCV,</span> 
     </span>
     <span class='ocr_line' id='line_1_21' title="bbox 266 1423 1968 1478; baseline -0.003 -12"><span class='ocrx_word' id='word_1_197' title='bbox 266 1429 328 1467; x_wconf 88' lang='lat' dir='ltr'>die</span> <span class='ocrx_word' id='word_1_198' title='bbox 358 1435 504 1478; x_wconf 87' lang='lat' dir='ltr'>quarta</span> <span class='ocrx_word' id='word_1_199' title='bbox 533 1426 681 1468; x_wconf 83' lang='lat' dir='ltr'>mensis</span> <span class='ocrx_word' id='word_1_200' title='bbox 711 1426 966 1477; x_wconf 82' lang='lat' dir='ltr'>septembris.</span> <span class='ocrx_word' id='word_1_201' title='bbox 998 1426 1075 1464; x_wconf 76' lang='lat' dir='ltr'>Sed</span> <span class='ocrx_word' id='word_1_202' title='bbox 1104 1425 1192 1464; x_wconf 91' lang='lat' dir='ltr'>heic</span> <span class='ocrx_word' id='word_1_203' title='bbox 1220 1439 1381 1463; x_wconf 89' lang='lat' dir='ltr'>rursum</span> <span class='ocrx_word' id='word_1_204' title='bbox 1410 1424 1539 1463; x_wconf 90' lang='lat' dir='ltr'>oritur</span> <span class='ocrx_word' id='word_1_205' title='bbox 1566 1424 1706 1474; x_wconf 84' lang='lat' dir='ltr'>ingens</span> <span class='ocrx_word' id='word_1_206' title='bbox 1737 1423 1968 1462; x_wconf 87' lang='lat' dir='ltr'>difficultas.</span> 
     </span>
     <span class='ocr_line' id='line_1_22' title="bbox 267 1483 1971 1535; baseline -0.003 -10"><span class='ocrx_word' id='word_1_207' title='bbox 267 1488 431 1526; x_wconf 86' lang='lat' dir='ltr'>Etenim</span> <span class='ocrx_word' id='word_1_208' title='bbox 456 1487 487 1525; x_wconf 90' lang='lat' dir='ltr'>si</span> <span class='ocrx_word' id='word_1_209' title='bbox 513 1486 748 1526; x_wconf 88' lang='lat' dir='ltr'>Matthaeus</span> <span class='ocrx_word' id='word_1_210' title='bbox 775 1485 877 1524; x_wconf 90' lang='lat' dir='ltr'>obiit</span> <span class='ocrx_word' id='word_1_211' title='bbox 902 1485 965 1523; x_wconf 89' lang='lat' dir='ltr'>die</span> <span class='ocrx_word' id='word_1_212' title='bbox 992 1493 1139 1535; x_wconf 89' lang='lat' dir='ltr'>quarta</span> <span class='ocrx_word' id='word_1_213' title='bbox 1161 1484 1310 1523; x_wconf 90' lang='lat' dir='ltr'>mensis</span> <span class='ocrx_word' id='word_1_214' title='bbox 1336 1483 1592 1535; x_wconf 80' lang='lat' dir='ltr'>septembris,</span> <span class='ocrx_word' id='word_1_215' title='bbox 1619 1491 1777 1522; x_wconf 88' lang='lat' dir='ltr'>certum</span> <span class='ocrx_word' id='word_1_216' title='bbox 1792 1491 1853 1522; x_wconf 90' lang='lat' dir='ltr'>est</span> <span class='ocrx_word' id='word_1_217' title='bbox 1878 1497 1971 1521; x_wconf 92' lang='lat' dir='ltr'>eum</span> 
     </span>
     <span class='ocr_line' id='line_1_23' title="bbox 266 1540 1971 1597; baseline -0.003 -13"><span class='ocrx_word' id='word_1_218' title='bbox 266 1561 348 1587; x_wconf 86' lang='lat' dir='ltr'>non</span> <span class='ocrx_word' id='word_1_219' title='bbox 376 1546 575 1597; x_wconf 80' lang='lat' dir='ltr'>peregisse</span> <span class='ocrx_word' id='word_1_220' title='bbox 598 1540 905 1584; x_wconf 87' lang='lat' dir='ltr'>coronationem</span> <span class='ocrx_word' id='word_1_221' title='bbox 927 1544 1145 1583; x_wconf 90' lang='lat' dir='ltr'>Clementis</span> <span class='ocrx_word' id='word_1_222' title='bbox 1168 1543 1298 1594; x_wconf 86' lang='lat' dir='ltr'>pridie</span> <span class='ocrx_word' id='word_1_223' title='bbox 1318 1543 1409 1582; x_wconf 88' lang='lat' dir='ltr'>idus</span> <span class='ocrx_word' id='word_1_224' title='bbox 1438 1542 1673 1585; x_wconf 85' lang='lat' dir='ltr'>novembris</span> <span class='ocrx_word' id='word_1_225' title='bbox 1694 1557 1799 1593; x_wconf 90' lang='lat' dir='ltr'>quae</span> <span class='ocrx_word' id='word_1_226' title='bbox 1827 1550 1971 1593; x_wconf 91' lang='lat' dir='ltr'>postea</span> 
     </span>
     <span class='ocr_line' id='line_1_24' title="bbox 267 1602 1971 1653; baseline -0.003 -9"><span class='ocrx_word' id='word_1_227' title='bbox 267 1614 406 1645; x_wconf 83' lang='lat' dir='ltr'>secuta</span> <span class='ocrx_word' id='word_1_228' title='bbox 445 1613 517 1645; x_wconf 89' lang='lat' dir='ltr'>est.</span> <span class='ocrx_word' id='word_1_229' title='bbox 560 1605 692 1653; x_wconf 84' lang='lat' dir='ltr'>Quare</span> <span class='ocrx_word' id='word_1_230' title='bbox 741 1604 898 1643; x_wconf 84' lang='lat' dir='ltr'>facilius</span> <span class='ocrx_word' id='word_1_231' title='bbox 948 1603 1188 1642; x_wconf 87' lang='lat' dir='ltr'>crediderim</span> <span class='ocrx_word' id='word_1_232' title='bbox 1235 1603 1276 1641; x_wconf 91' lang='lat' dir='ltr'>id</span> <span class='ocrx_word' id='word_1_233' title='bbox 1317 1603 1426 1653; x_wconf 90' lang='lat' dir='ltr'>quod</span> <span class='ocrx_word' id='word_1_234' title='bbox 1476 1603 1669 1641; x_wconf 88' lang='lat' dir='ltr'>observat</span> <span class='ocrx_word' id='word_1_235' title='bbox 1716 1602 1971 1652; x_wconf 79' lang='lat' dir='ltr'>Waddingus</span> 
     </span>
     <span class='ocr_line' id='line_1_25' title="bbox 266 1661 1972 1715; baseline -0.003 -12"><span class='ocrx_word' id='word_1_236' title='bbox 266 1680 330 1706; x_wconf 89' lang='lat' dir='ltr'>an.</span> <span class='ocrx_word' id='word_1_237' title='bbox 359 1664 472 1712; x_wconf 79' lang='lat'>1305,</span> <span class='ocrx_word' id='word_1_238' title='bbox 504 1665 520 1713; x_wconf 67' lang='grc' dir='ltr'><strong>ἓ</strong></span> <span class='ocrx_word' id='word_1_239' title='bbox 546 1664 567 1701; x_wconf 79' lang='lat'><strong>2</strong></span> <span class='ocrx_word' id='word_1_240' title='bbox 605 1664 648 1715; x_wconf 90' lang='lat' dir='ltr'>[t.</span> <span class='ocrx_word' id='word_1_241' title='bbox 676 1679 729 1711; x_wconf 79' lang='lat' dir='ltr'>vi,</span> <span class='ocrx_word' id='word_1_242' title='bbox 754 1679 792 1714; x_wconf 91' lang='lat' dir='ltr'>p.</span> <span class='ocrx_word' id='word_1_243' title='bbox 811 1663 890 1715; x_wconf 80' lang='grc'>64],</span> <span class='ocrx_word' id='word_1_244' title='bbox 916 1677 1009 1701; x_wconf 90' lang='lat' dir='ltr'>eum</span> <span class='ocrx_word' id='word_1_245' title='bbox 1033 1677 1115 1700; x_wconf 92' lang='lat' dir='ltr'>una</span> <span class='ocrx_word' id='word_1_246' title='bbox 1141 1677 1234 1701; x_wconf 89' lang='lat' dir='ltr'>cum</span> <span class='ocrx_word' id='word_1_247' title='bbox 1260 1663 1432 1710; x_wconf 84' lang='lat' dir='ltr'>Joanne,</span> <span class='ocrx_word' id='word_1_248' title='bbox 1459 1663 1560 1700; x_wconf 89' lang='lat' dir='ltr'>duce</span> <span class='ocrx_word' id='word_1_249' title='bbox 1577 1661 1829 1709; x_wconf 85' lang='lat' dir='ltr'>Britanniae,</span> <span class='ocrx_word' id='word_1_250' title='bbox 1853 1661 1972 1699; x_wconf 87' lang='lat' dir='ltr'>ruina</span> 
     </span>
     <span class='ocr_line' id='line_1_26' title="bbox 267 1720 1972 1774; baseline -0.002 -13"><span class='ocrx_word' id='word_1_251' title='bbox 267 1724 372 1762; x_wconf 86' lang='lat' dir='ltr'>muri</span> <span class='ocrx_word' id='word_1_252' title='bbox 408 1738 646 1774; x_wconf 88' lang='lat' dir='ltr'>oppressum</span> <span class='ocrx_word' id='word_1_253' title='bbox 681 1722 881 1761; x_wconf 88' lang='lat' dir='ltr'>interiisse</span> <span class='ocrx_word' id='word_1_254' title='bbox 916 1730 1011 1773; x_wconf 89' lang='lat' dir='ltr'>post</span> <span class='ocrx_word' id='word_1_255' title='bbox 1056 1722 1237 1760; x_wconf 89' lang='lat' dir='ltr'>solennia</span> <span class='ocrx_word' id='word_1_256' title='bbox 1274 1721 1548 1761; x_wconf 87' lang='lat' dir='ltr'>coronationis</span> <span class='ocrx_word' id='word_1_257' title='bbox 1594 1720 1791 1771; x_wconf 88' lang='lat' dir='ltr'>ejusdem.</span> <span class='ocrx_word' id='word_1_258' title='bbox 1830 1721 1972 1770; x_wconf 89' lang='lat' dir='ltr'>Neque</span> 
     </span>
     <span class='ocr_line' id='line_1_27' title="bbox 268 1779 1973 1834; baseline -0.002 -13"><span class='ocrx_word' id='word_1_259' title='bbox 268 1783 366 1821; x_wconf 91' lang='lat' dir='ltr'>mihi</span> <span class='ocrx_word' id='word_1_260' title='bbox 395 1784 552 1834; x_wconf 89' lang='lat' dir='ltr'>placere</span> <span class='ocrx_word' id='word_1_261' title='bbox 582 1783 665 1820; x_wconf 90' lang='lat' dir='ltr'>ullo</span> <span class='ocrx_word' id='word_1_262' title='bbox 694 1783 816 1820; x_wconf 90' lang='lat' dir='ltr'>modo</span> <span class='ocrx_word' id='word_1_263' title='bbox 846 1790 984 1833; x_wconf 87' lang='lat' dir='ltr'>potest</span> <span class='ocrx_word' id='word_1_264' title='bbox 1015 1781 1150 1832; x_wconf 89' lang='lat' dir='ltr'>opinio</span> <span class='ocrx_word' id='word_1_265' title='bbox 1181 1781 1401 1831; x_wconf 79' lang='lat' dir='ltr'>Augustini</span> <span class='ocrx_word' id='word_1_266' title='bbox 1431 1780 1595 1820; x_wconf 87' lang='lat' dir='ltr'>Oldoini</span> <span class='ocrx_word' id='word_1_267' title='bbox 1636 1780 1724 1831; x_wconf 92' lang='lat' dir='ltr'>[col.</span> <span class='ocrx_word' id='word_1_268' title='bbox 1757 1779 1872 1830; x_wconf 84' lang='grc'><strong>164],</strong></span> <span class='ocrx_word' id='word_1_269' title='bbox 1904 1779 1973 1829; x_wconf 88' lang='lat' dir='ltr'>qui</span> 
     </span>
     <span class='ocr_line' id='line_1_28' title="bbox 269 1839 1973 1892; baseline -0.002 -12"><span class='ocrx_word' id='word_1_270' title='bbox 269 1843 544 1892; x_wconf 53' lang='lat' dir='ltr'>NYaddingum</span> <span class='ocrx_word' id='word_1_271' title='bbox 570 1842 755 1880; x_wconf 83' lang='lat' dir='ltr'>refellens</span> <span class='ocrx_word' id='word_1_272' title='bbox 783 1841 842 1879; x_wconf 88' lang='lat' dir='ltr'>ait</span> <span class='ocrx_word' id='word_1_273' title='bbox 863 1842 1136 1888; x_wconf 78' lang='lat' dir='ltr'>Matthaeum,</span> <span class='ocrx_word' id='word_1_274' title='bbox 1153 1855 1261 1881; x_wconf 90' lang='lat' dir='ltr'>anno</span> <span class='ocrx_word' id='word_1_275' title='bbox 1289 1841 1501 1887; x_wconf 80' lang='lat' dir='ltr'>MCCCVI⁷</span> <span class='ocrx_word' id='word_1_276' title='bbox 1530 1839 1702 1887; x_wconf 90' lang='lat' dir='ltr'>Perusii,</span> <span class='ocrx_word' id='word_1_277' title='bbox 1730 1839 1838 1878; x_wconf 93' lang='lat' dir='ltr'>diem</span> <span class='ocrx_word' id='word_1_278' title='bbox 1866 1839 1973 1877; x_wconf 90' lang='lat' dir='ltr'>clau—</span> 
     </span>
     <span class='ocr_line' id='line_1_29' title="bbox 270 1899 1974 1951; baseline -0.002 -12"><span class='ocrx_word' id='word_1_279' title='bbox 270 1902 365 1940; x_wconf 82' lang='lat' dir='ltr'>sisse</span> <span class='ocrx_word' id='word_1_280' title='bbox 399 1910 641 1940; x_wconf 85' lang='lat' dir='ltr'>extremum.</span> <span class='ocrx_word' id='word_1_281' title='bbox 679 1901 837 1951; x_wconf 89' lang='lat' dir='ltr'>Quippe</span> <span class='ocrx_word' id='word_1_282' title='bbox 869 1900 1007 1950; x_wconf 82' lang='lat' dir='ltr'>negari</span> <span class='ocrx_word' id='word_1_283' title='bbox 1039 1914 1123 1939; x_wconf 89' lang='lat' dir='ltr'>non</span> <span class='ocrx_word' id='word_1_284' title='bbox 1153 1908 1292 1950; x_wconf 90' lang='lat' dir='ltr'>potest</span> <span class='ocrx_word' id='word_1_285' title='bbox 1325 1899 1425 1950; x_wconf 87' lang='lat' dir='ltr'>quin</span> <span class='ocrx_word' id='word_1_286' title='bbox 1455 1899 1659 1941; x_wconf 84' lang='lat' dir='ltr'>Arnaldus</span> <span class='ocrx_word' id='word_1_287' title='bbox 1693 1899 1742 1937; x_wconf 89' lang='lat' dir='ltr'>de</span> <span class='ocrx_word' id='word_1_288' title='bbox 1775 1899 1974 1948; x_wconf 82' lang='lat' dir='ltr'>Pelagrua</span> 
     </span>
     <span class='ocr_line' id='line_1_30' title="bbox 271 1957 1974 2005; baseline -0.002 -7"><span class='ocrx_word' id='word_1_289' title='bbox 271 1962 402 1999; x_wconf 80' lang='lat' dir='ltr'>faetus</span> <span class='ocrx_word' id='word_1_290' title='bbox 419 1961 472 1999; x_wconf 89' lang='lat' dir='ltr'>sit</span> <span class='ocrx_word' id='word_1_291' title='bbox 488 1961 682 1999; x_wconf 85' lang='lat' dir='ltr'>diaconus</span> <span class='ocrx_word' id='word_1_292' title='bbox 713 1959 928 1998; x_wconf 85' lang='lat' dir='ltr'>cardinalis</span> <span class='ocrx_word' id='word_1_293' title='bbox 944 1959 1056 1997; x_wconf 89' lang='lat' dir='ltr'>tituli</span> <span class='ocrx_word' id='word_1_294' title='bbox 1073 1960 1109 1998; x_wconf 86' lang='lat' dir='ltr'>S.</span> <span class='ocrx_word' id='word_1_295' title='bbox 1139 1958 1291 1999; x_wconf 88' lang='lat' dir='ltr'>Mariae</span> <span class='ocrx_word' id='word_1_296' title='bbox 1306 1959 1347 1998; x_wconf 92' lang='lat' dir='ltr'>in</span> <span class='ocrx_word' id='word_1_297' title='bbox 1379 1958 1545 1997; x_wconf 88' lang='lat' dir='ltr'>Porticu</span> <span class='ocrx_word' id='word_1_298' title='bbox 1573 1973 1680 1996; x_wconf 86' lang='lat' dir='ltr'>anno</span> <span class='ocrx_word' id='word_1_299' title='bbox 1698 1958 1886 2005; x_wconf 86' lang='lat' dir='ltr'>MCCCV‚</span> <span class='ocrx_word' id='word_1_300' title='bbox 1911 1957 1974 1995; x_wconf 87' lang='lat' dir='ltr'>die</span> 
     </span>
     <span class='ocr_line' id='line_1_31' title="bbox 272 2017 1975 2069; baseline -0.001 -13"><span class='ocrx_word' id='word_1_301' title='bbox 272 2035 326 2057; x_wconf 85' lang='lat' dir='ltr'>xv</span> <span class='ocrx_word' id='word_1_302' title='bbox 342 2020 579 2067; x_wconf 87' lang='lat' dir='ltr'>decembris,</span> <span class='ocrx_word' id='word_1_303' title='bbox 592 2019 633 2057; x_wconf 92' lang='lat' dir='ltr'>id</span> <span class='ocrx_word' id='word_1_304' title='bbox 647 2028 720 2067; x_wconf 86' lang='lat' dir='ltr'>est,</span> <span class='ocrx_word' id='word_1_305' title='bbox 736 2019 798 2057; x_wconf 87' lang='lat' dir='ltr'>die</span> <span class='ocrx_word' id='word_1_306' title='bbox 812 2019 1019 2069; x_wconf 78' lang='lat' dir='ltr'>trigesima</span> <span class='ocrx_word' id='word_1_307' title='bbox 1035 2018 1157 2058; x_wconf 89' lang='lat' dir='ltr'>tertia</span> <span class='ocrx_word' id='word_1_308' title='bbox 1170 2027 1265 2069; x_wconf 89' lang='lat' dir='ltr'>post</span> <span class='ocrx_word' id='word_1_309' title='bbox 1279 2018 1462 2057; x_wconf 86' lang='lat' dir='ltr'>solennia</span> <span class='ocrx_word' id='word_1_310' title='bbox 1476 2017 1763 2057; x_wconf 89' lang='lat' dir='ltr'>coronationis.</span> <span class='ocrx_word' id='word_1_311' title='bbox 1778 2017 1975 2066; x_wconf 88' lang='lat' dir='ltr'>Adeoque</span> 
     </span>
     <span class='ocr_line' id='line_1_32' title="bbox 272 2076 1975 2128; baseline -0.001 -13"><span class='ocrx_word' id='word_1_312' title='bbox 272 2094 430 2117; x_wconf 83' lang='lat' dir='ltr'>necesse</span> <span class='ocrx_word' id='word_1_313' title='bbox 454 2087 515 2117; x_wconf 89' lang='lat' dir='ltr'>est</span> <span class='ocrx_word' id='word_1_314' title='bbox 538 2078 707 2116; x_wconf 90' lang='lat' dir='ltr'>titulum</span> <span class='ocrx_word' id='word_1_315' title='bbox 729 2079 844 2116; x_wconf 90' lang='lat' dir='ltr'>illum</span> <span class='ocrx_word' id='word_1_316' title='bbox 865 2078 951 2128; x_wconf 85' lang='lat' dir='ltr'>jam</span> <span class='ocrx_word' id='word_1_317' title='bbox 974 2086 1065 2116; x_wconf 87' lang='lat' dir='ltr'>tum</span> <span class='ocrx_word' id='word_1_318' title='bbox 1088 2078 1210 2116; x_wconf 87' lang='lat' dir='ltr'>fuisse</span> <span class='ocrx_word' id='word_1_319' title='bbox 1234 2086 1467 2125; x_wconf 86' lang='lat' dir='ltr'>vacantem,</span> <span class='ocrx_word' id='word_1_320' title='bbox 1490 2092 1562 2128; x_wconf 89' lang='lat' dir='ltr'>per</span> <span class='ocrx_word' id='word_1_321' title='bbox 1583 2085 1759 2115; x_wconf 90' lang='lat' dir='ltr'>mortem</span> <span class='ocrx_word' id='word_1_322' title='bbox 1781 2076 1975 2114; x_wconf 88' lang='lat' dir='ltr'>nimirum</span> 
     </span>
     <span class='ocr_line' id='line_1_33' title="bbox 273 2135 1975 2187; baseline -0.002 -12"><span class='ocrx_word' id='word_1_323' title='bbox 273 2138 472 2178; x_wconf 84' lang='lat' dir='ltr'>Matthaei</span> <span class='ocrx_word' id='word_1_324' title='bbox 487 2140 514 2177; x_wconf 77' lang='lat'>³.</span> <span class='ocrx_word' id='word_1_325' title='bbox 536 2139 582 2177; x_wconf 89' lang='lat' dir='ltr'>In</span> <span class='ocrx_word' id='word_1_326' title='bbox 603 2138 746 2176; x_wconf 89' lang='lat' dir='ltr'>eodem</span> <span class='ocrx_word' id='word_1_327' title='bbox 769 2138 962 2175; x_wconf 82' lang='lat' dir='ltr'>Chronico</span> <span class='ocrx_word' id='word_1_328' title='bbox 977 2138 993 2161; x_wconf 77' lang='lat'>4</span> <span class='ocrx_word' id='word_1_329' title='bbox 1015 2138 1124 2187; x_wconf 90' lang='lat' dir='ltr'>quod</span> <span class='ocrx_word' id='word_1_330' title='bbox 1146 2137 1232 2186; x_wconf 83' lang='lat' dir='ltr'>jam</span> <span class='ocrx_word' id='word_1_331' title='bbox 1252 2137 1514 2175; x_wconf 88' lang='lat' dir='ltr'>laudavimus</span> <span class='ocrx_word' id='word_1_332' title='bbox 1527 2136 1602 2175; x_wconf 91' lang='lat' dir='ltr'>sub</span> <span class='ocrx_word' id='word_1_333' title='bbox 1625 2135 1788 2174; x_wconf 88' lang='lat' dir='ltr'>nomine</span> <span class='ocrx_word' id='word_1_334' title='bbox 1812 2135 1975 2175; x_wconf 86' lang='lat' dir='ltr'>Odoriei</span> 
     </span>
     <span class='ocr_line' id='line_1_34' title="bbox 273 2195 1977 2247; baseline -0.001 -13"><span class='ocrx_word' id='word_1_335' title='bbox 273 2197 426 2247; x_wconf 88' lang='lat' dir='ltr'>reperio</span> <span class='ocrx_word' id='word_1_336' title='bbox 441 2197 699 2237; x_wconf 83' lang='lat' dir='ltr'>Bonifacium</span> <span class='ocrx_word' id='word_1_337' title='bbox 714 2197 819 2235; x_wconf 86' lang='lat' dir='ltr'>VIII</span> <span class='ocrx_word' id='word_1_338' title='bbox 836 2205 1004 2247; x_wconf 84' lang='lat' dir='ltr'>captum</span> <span class='ocrx_word' id='word_1_339' title='bbox 1019 2197 1130 2247; x_wconf 91' lang='lat' dir='ltr'>apud</span> <span class='ocrx_word' id='word_1_340' title='bbox 1155 2196 1386 2246; x_wconf 80' lang='lat' dir='ltr'>Anagniam</span> <span class='ocrx_word' id='word_1_341' title='bbox 1411 2212 1434 2235; x_wconf 93' lang='lat' dir='ltr'>a</span> <span class='ocrx_word' id='word_1_342' title='bbox 1459 2195 1674 2234; x_wconf 89' lang='lat' dir='ltr'>Guillelmo</span> <span class='ocrx_word' id='word_1_343' title='bbox 1698 2196 1746 2234; x_wconf 87' lang='lat' dir='ltr'>de</span> <span class='ocrx_word' id='word_1_344' title='bbox 1770 2195 1977 2244; x_wconf 83' lang='lat' dir='ltr'>Nogareto</span> 
     </span>
    </p>
   </div>
   <div class='ocr_carea' id='block_1_3' title="bbox 278 2345 1982 3131">
    <p class='ocr_par' dir='ltr' id='par_1_5' title="bbox 323 2345 1004 2386">
     <span class='ocr_line' id='line_1_35' title="bbox 323 2345 1004 2386; baseline -0.001 -7"><span class='ocrx_word' id='word_1_345' title='bbox 323 2349 355 2379; x_wconf 56' lang='lat'>⁴1.</span> <span class='ocrx_word' id='word_1_346' title='bbox 376 2346 415 2379; x_wconf 85' lang='lat' dir='ltr'>B.</span> <span class='ocrx_word' id='word_1_347' title='bbox 438 2347 495 2386; x_wconf 87' lang='lat' dir='ltr'>N.‚</span> <span class='ocrx_word' id='word_1_348' title='bbox 516 2358 583 2379; x_wconf 88' lang='lat' dir='ltr'>ms.</span> <span class='ocrx_word' id='word_1_349' title='bbox 603 2346 698 2378; x_wconf 84' lang='lat' dir='ltr'>latin</span> <span class='ocrx_word' id='word_1_350' title='bbox 717 2346 823 2386; x_wconf 78' lang='grc'><strong><em>4270,</em></strong></span> <span class='ocrx_word' id='word_1_351' title='bbox 843 2345 867 2378; x_wconf 79' lang='lat' dir='ltr'>f.</span> <span class='ocrx_word' id='word_1_352' title='bbox 889 2346 933 2379; x_wconf 81' lang='lat'>88</span> <span class='ocrx_word' id='word_1_353' title='bbox 953 2349 1004 2378; x_wconf 62' lang='grc' dir='ltr'>ΥΟ.</span> 
     </span>
    </p>

    <p class='ocr_par' dir='ltr' id='par_1_6' title="bbox 326 2399 1004 2439">
     <span class='ocr_line' id='line_1_36' title="bbox 326 2399 1004 2439; baseline 0.001 -8"><span class='ocrx_word' id='word_1_354' title='bbox 326 2400 413 2432; x_wconf 55' lang='lat'>213.</span> <span class='ocrx_word' id='word_1_355' title='bbox 434 2400 491 2438; x_wconf 86' lang='lat' dir='ltr'>N.,</span> <span class='ocrx_word' id='word_1_356' title='bbox 510 2411 577 2432; x_wconf 93' lang='lat' dir='ltr'>ms.</span> <span class='ocrx_word' id='word_1_357' title='bbox 594 2399 689 2432; x_wconf 83' lang='lat' dir='ltr'>latin</span> <span class='ocrx_word' id='word_1_358' title='bbox 706 2399 812 2439; x_wconf 84' lang='lat'><em>5006,</em></span> <span class='ocrx_word' id='word_1_359' title='bbox 831 2399 855 2432; x_wconf 81' lang='lat' dir='ltr'>f.</span> <span class='ocrx_word' id='word_1_360' title='bbox 874 2400 943 2432; x_wconf 65' lang='lat'>‘170</span> <span class='ocrx_word' id='word_1_361' title='bbox 961 2403 1004 2433; x_wconf 86' lang='lat'>1·0.</span> 
     </span>
    </p>

    <p class='ocr_par' dir='ltr' id='par_1_7' title="bbox 278 2452 1982 3083">
     <span class='ocr_line' id='line_1_37' title="bbox 323 2452 1978 2496; baseline -0.001 -11"><span class='ocrx_word' id='word_1_362' title='bbox 323 2458 356 2485; x_wconf 69' lang='grc' dir='ltr'>ὅ.</span> <span class='ocrx_word' id='word_1_363' title='bbox 382 2453 537 2496; x_wconf 79' lang='lat' dir='ltr'>D&#39;apres</span> <span class='ocrx_word' id='word_1_364' title='bbox 558 2465 630 2486; x_wconf 90' lang='lat' dir='ltr'>une</span> <span class='ocrx_word' id='word_1_365' title='bbox 653 2453 816 2496; x_wconf 74' lang='lat' dir='ltr'>depeche</span> <span class='ocrx_word' id='word_1_366' title='bbox 839 2453 1056 2495; x_wconf 82' lang='lat' dir='ltr'>aragonaise</span> <span class='ocrx_word' id='word_1_367' title='bbox 1079 2465 1086 2485; x_wconf 73' lang='grc' dir='ltr'>ε</span> <span class='ocrx_word' id='word_1_368' title='bbox 1107 2453 1292 2486; x_wconf 81' lang='lat' dir='ltr'>Dominus</span> <span class='ocrx_word' id='word_1_369' title='bbox 1314 2453 1486 2486; x_wconf 59' lang='lat' dir='ltr'>iWatheiis</span> <span class='ocrx_word' id='word_1_370' title='bbox 1506 2452 1625 2485; x_wconf 81' lang='lat' dir='ltr'>Rubei</span> <span class='ocrx_word' id='word_1_371' title='bbox 1645 2452 1847 2484; x_wconf 81' lang='lat' dir='ltr'>cardinalis</span> <span class='ocrx_word' id='word_1_372' title='bbox 1867 2462 1978 2494; x_wconf 76' lang='lat' dir='ltr'>quon-</span> 
     </span>
     <span class='ocr_line' id='line_1_38' title="bbox 278 2504 1976 2550; baseline -0.001 -13"><span class='ocrx_word' id='word_1_373' title='bbox 278 2506 357 2538; x_wconf 73' lang='lat' dir='ltr'>dam</span> <span class='ocrx_word' id='word_1_374' title='bbox 380 2507 473 2539; x_wconf 81' lang='lat' dir='ltr'>diem</span> <span class='ocrx_word' id='word_1_375' title='bbox 491 2507 621 2539; x_wconf 80' lang='lat' dir='ltr'>clausit</span> <span class='ocrx_word' id='word_1_376' title='bbox 639 2512 832 2540; x_wconf 67' lang='lat' dir='ltr'>extremum</span> <span class='ocrx_word' id='word_1_377' title='bbox 852 2511 981 2549; x_wconf 74' lang='lat' dir='ltr'>quarta</span> <span class='ocrx_word' id='word_1_378' title='bbox 999 2507 1056 2539; x_wconf 82' lang='lat' dir='ltr'>die</span> <span class='ocrx_word' id='word_1_379' title='bbox 1076 2507 1232 2539; x_wconf 74' lang='lat' dir='ltr'>intrante</span> <span class='ocrx_word' id='word_1_380' title='bbox 1250 2507 1427 2550; x_wconf 82' lang='lat' dir='ltr'>presentis</span> <span class='ocrx_word' id='word_1_381' title='bbox 1446 2506 1581 2539; x_wconf 84' lang='lat' dir='ltr'>mensis</span> <span class='ocrx_word' id='word_1_382' title='bbox 1599 2505 1815 2549; x_wconf 85' lang='lat' dir='ltr'>septembris</span> <span class='ocrx_word' id='word_1_383' title='bbox 1834 2504 1976 2548; x_wconf 78' lang='lat' dir='ltr'>(Finke,</span> 
     </span>
     <span class='ocr_line' id='line_1_39' title="bbox 279 2557 1979 2603; baseline 0 -14"><span class='ocrx_word' id='word_1_384' title='bbox 279 2560 368 2592; x_wconf 56' lang='lat' dir='ltr'>Acta</span> <span class='ocrx_word' id='word_1_385' title='bbox 390 2559 657 2601; x_wconf 73' lang='lat' dir='ltr'>Aragonensia,</span> <span class='ocrx_word' id='word_1_386' title='bbox 680 2566 706 2592; x_wconf 86' lang='lat' dir='ltr'>t.</span> <span class='ocrx_word' id='word_1_387' title='bbox 726 2572 750 2599; x_wconf 83' lang='lat'>1,</span> <span class='ocrx_word' id='word_1_388' title='bbox 772 2571 807 2603; x_wconf 93' lang='lat' dir='ltr'>p.</span> <span class='ocrx_word' id='word_1_389' title='bbox 830 2560 927 2603; x_wconf 78' lang='lat'>198).</span> <span class='ocrx_word' id='word_1_390' title='bbox 951 2560 1019 2592; x_wconf 87' lang='lat' dir='ltr'>Les</span> <span class='ocrx_word' id='word_1_391' title='bbox 1039 2560 1148 2593; x_wconf 64' lang='lat' dir='ltr'>Brevi</span> <span class='ocrx_word' id='word_1_392' title='bbox 1168 2560 1312 2593; x_wconf 86' lang='lat' dir='ltr'>Annali</span> <span class='ocrx_word' id='word_1_393' title='bbox 1333 2560 1425 2593; x_wconf 84' lang='lat' dir='ltr'>della</span> <span class='ocrx_word' id='word_1_394' title='bbox 1444 2560 1530 2593; x_wconf 76' lang='lat' dir='ltr'>cilia</span> <span class='ocrx_word' id='word_1_395' title='bbox 1549 2559 1586 2592; x_wconf 82' lang='lat' dir='ltr'>di</span> <span class='ocrx_word' id='word_1_396' title='bbox 1606 2559 1769 2601; x_wconf 70' lang='lat' dir='ltr'>Per-ugia</span> <span class='ocrx_word' id='word_1_397' title='bbox 1793 2557 1979 2602; x_wconf 72' lang='lat' dir='ltr'>(Archivio</span> 
     </span>
     <span class='ocr_line' id='line_1_40' title="bbox 278 2610 1981 2656; baseline 0.001 -15"><span class='ocrx_word' id='word_1_398' title='bbox 278 2613 404 2644; x_wconf 65' lang='lat' dir='ltr'>scarico</span> <span class='ocrx_word' id='word_1_399' title='bbox 427 2613 590 2652; x_wconf 79' lang='lat' dir='ltr'>italiana,</span> <span class='ocrx_word' id='word_1_400' title='bbox 613 2619 639 2646; x_wconf 83' lang='lat' dir='ltr'>t.</span> <span class='ocrx_word' id='word_1_401' title='bbox 662 2611 746 2646; x_wconf 78' lang='lat' dir='ltr'>xvll</span> <span class='ocrx_word' id='word_1_402' title='bbox 770 2613 904 2656; x_wconf 79' lang='lat'>(1850),</span> <span class='ocrx_word' id='word_1_403' title='bbox 927 2625 962 2656; x_wconf 89' lang='lat' dir='ltr'>p.</span> <span class='ocrx_word' id='word_1_404' title='bbox 986 2614 1042 2656; x_wconf 88' lang='grc'>61)</span> <span class='ocrx_word' id='word_1_405' title='bbox 1067 2620 1104 2646; x_wconf 83' lang='lat' dir='ltr'>et</span> <span class='ocrx_word' id='word_1_406' title='bbox 1125 2614 1174 2646; x_wconf 88' lang='lat' dir='ltr'>les</span> <span class='ocrx_word' id='word_1_407' title='bbox 1195 2613 1306 2646; x_wconf 78' lang='lat' dir='ltr'>livi-es</span> <span class='ocrx_word' id='word_1_408' title='bbox 1328 2613 1599 2656; x_wconf 72' lang='lat' dir='ltr'>d&#39;Obligations</span> <span class='ocrx_word' id='word_1_409' title='bbox 1620 2613 1669 2645; x_wconf 87' lang='lat' dir='ltr'>du</span> <span class='ocrx_word' id='word_1_410' title='bbox 1690 2611 1853 2644; x_wconf 84' lang='lat' dir='ltr'>Vatican</span> <span class='ocrx_word' id='word_1_411' title='bbox 1889 2610 1981 2654; x_wconf 73' lang='lat' dir='ltr'>(Cle-</span> 
     </span>
     <span class='ocr_line' id='line_1_41' title="bbox 282 2664 1982 2710; baseline 0 -14"><span class='ocrx_word' id='word_1_412' title='bbox 282 2671 374 2697; x_wconf 66' lang='lat' dir='ltr'>mvnt</span> <span class='ocrx_word' id='word_1_413' title='bbox 399 2666 439 2704; x_wconf 70' lang='lat'>1⁷,</span> <span class='ocrx_word' id='word_1_414' title='bbox 457 2666 681 2709; x_wconf 74' lang='lat' dir='ltr'>Appendice‚</span> <span class='ocrx_word' id='word_1_415' title='bbox 704 2678 738 2710; x_wconf 94' lang='lat' dir='ltr'>p.</span> <span class='ocrx_word' id='word_1_416' title='bbox 763 2666 843 2709; x_wconf 84' lang='lat'>201)</span> <span class='ocrx_word' id='word_1_417' title='bbox 868 2672 1093 2710; x_wconf 86' lang='lat' dir='ltr'>rapportent</span> <span class='ocrx_word' id='word_1_418' title='bbox 1112 2667 1144 2699; x_wconf 90' lang='lat' dir='ltr'>le</span> <span class='ocrx_word' id='word_1_419' title='bbox 1165 2669 1285 2700; x_wconf 76' lang='lat' dir='ltr'>meme</span> <span class='ocrx_word' id='word_1_420' title='bbox 1306 2667 1387 2700; x_wconf 78' lang='lat' dir='ltr'>fait.</span> <span class='ocrx_word' id='word_1_421' title='bbox 1410 2666 1460 2700; x_wconf 88' lang='lat' dir='ltr'>Le</span> <span class='ocrx_word' id='word_1_422' title='bbox 1483 2666 1649 2699; x_wconf 83' lang='lat' dir='ltr'>cardinal</span> <span class='ocrx_word' id='word_1_423' title='bbox 1670 2666 1834 2709; x_wconf 86' lang='lat' dir='ltr'>Jacques</span> <span class='ocrx_word' id='word_1_424' title='bbox 1858 2664 1982 2697; x_wconf 81' lang='lat' dir='ltr'>Stefa-</span> 
     </span>
     <span class='ocr_line' id='line_1_42' title="bbox 283 2716 1979 2763; baseline 0.001 -14"><span class='ocrx_word' id='word_1_425' title='bbox 283 2719 418 2757; x_wconf 68' lang='grc' dir='ltr'><strong>11υ5ς111,</strong></span> <span class='ocrx_word' id='word_1_426' title='bbox 435 2720 526 2751; x_wconf 85' lang='lat' dir='ltr'>dans</span> <span class='ocrx_word' id='word_1_427' title='bbox 541 2731 607 2752; x_wconf 88' lang='lat' dir='ltr'>son</span> <span class='ocrx_word' id='word_1_428' title='bbox 622 2722 752 2763; x_wconf 75' lang='lat' dir='ltr'>poeme</span> <span class='ocrx_word' id='word_1_429' title='bbox 767 2719 953 2762; x_wconf 78' lang='lat' dir='ltr'>metrique</span> <span class='ocrx_word' id='word_1_430' title='bbox 967 2732 1030 2753; x_wconf 90' lang='lat' dir='ltr'>sur</span> <span class='ocrx_word' id='word_1_431' title='bbox 1042 2720 1077 2752; x_wconf 91' lang='lat' dir='ltr'>la</span> <span class='ocrx_word' id='word_1_432' title='bbox 1092 2720 1149 2753; x_wconf 84' lang='lat' dir='ltr'>vie</span> <span class='ocrx_word' id='word_1_433' title='bbox 1165 2721 1209 2753; x_wconf 89' lang='lat' dir='ltr'>de</span> <span class='ocrx_word' id='word_1_434' title='bbox 1225 2720 1386 2754; x_wconf 78' lang='lat' dir='ltr'>Celestin</span> <span class='ocrx_word' id='word_1_435' title='bbox 1400 2720 1431 2753; x_wconf 89' lang='lat' dir='ltr'>V</span> <span class='ocrx_word' id='word_1_436' title='bbox 1449 2719 1656 2763; x_wconf 83' lang='lat' dir='ltr'>(Muratori,</span> <span class='ocrx_word' id='word_1_437' title='bbox 1673 2725 1699 2752; x_wconf 88' lang='lat' dir='ltr'>t.</span> <span class='ocrx_word' id='word_1_438' title='bbox 1714 2716 1780 2758; x_wconf 83' lang='lat'>111¹,</span> <span class='ocrx_word' id='word_1_439' title='bbox 1797 2718 1864 2751; x_wconf 88' lang='lat' dir='ltr'>col.</span> <span class='ocrx_word' id='word_1_440' title='bbox 1881 2717 1979 2760; x_wconf 85' lang='lat'>660)⁷</span> 
     </span>
     <span class='ocr_line' id='line_1_43' title="bbox 282 2770 1980 2817; baseline 0.001 -16"><span class='ocrx_word' id='word_1_441' title='bbox 282 2782 366 2802; x_wconf 58' lang='lat' dir='ltr'>sans</span> <span class='ocrx_word' id='word_1_442' title='bbox 389 2772 563 2814; x_wconf 74' lang='lat' dir='ltr'>indiquer</span> <span class='ocrx_word' id='word_1_443' title='bbox 585 2773 615 2805; x_wconf 84' lang='lat' dir='ltr'>le</span> <span class='ocrx_word' id='word_1_444' title='bbox 639 2773 711 2805; x_wconf 84' lang='lat' dir='ltr'>lieu</span> <span class='ocrx_word' id='word_1_445' title='bbox 735 2773 772 2805; x_wconf 89' lang='lat' dir='ltr'>ni</span> <span class='ocrx_word' id='word_1_446' title='bbox 795 2773 830 2805; x_wconf 87' lang='lat' dir='ltr'>la</span> <span class='ocrx_word' id='word_1_447' title='bbox 854 2773 940 2806; x_wconf 82' lang='lat' dir='ltr'>date</span> <span class='ocrx_word' id='word_1_448' title='bbox 965 2774 1014 2806; x_wconf 91' lang='lat' dir='ltr'>du</span> <span class='ocrx_word' id='word_1_449' title='bbox 1038 2774 1156 2809; x_wconf 75' lang='lat' dir='ltr'>deces.</span> <span class='ocrx_word' id='word_1_450' title='bbox 1180 2780 1358 2817; x_wconf 83' lang='lat' dir='ltr'>rapporte</span> <span class='ocrx_word' id='word_1_451' title='bbox 1383 2773 1475 2817; x_wconf 78' lang='lat' dir='ltr'>qu’il</span> <span class='ocrx_word' id='word_1_452' title='bbox 1496 2773 1691 2806; x_wconf 76' lang='lat' dir='ltr'>s’effeetua</span> <span class='ocrx_word' id='word_1_453' title='bbox 1714 2784 1760 2805; x_wconf 87' lang='lat' dir='ltr'>en</span> <span class='ocrx_word' id='word_1_454' title='bbox 1784 2771 1904 2805; x_wconf 86' lang='lat' dir='ltr'>Italie.</span> <span class='ocrx_word' id='word_1_455' title='bbox 1930 2770 1980 2803; x_wconf 82' lang='lat' dir='ltr'>Le</span> 
     </span>
     <span class='ocr_line' id='line_1_44' title="bbox 287 2824 1980 2870; baseline 0.001 -16"><span class='ocrx_word' id='word_1_456' title='bbox 287 2826 403 2855; x_wconf 49' lang='lat' dir='ltr'>menis*</span> <span class='ocrx_word' id='word_1_457' title='bbox 435 2826 513 2857; x_wconf 55' lang='lat' dir='ltr'>(col.</span> <span class='ocrx_word' id='word_1_458' title='bbox 543 2826 623 2869; x_wconf 74' lang='lat'>618)</span> <span class='ocrx_word' id='word_1_459' title='bbox 654 2838 746 2858; x_wconf 87' lang='lat' dir='ltr'>nous</span> <span class='ocrx_word' id='word_1_460' title='bbox 774 2827 943 2870; x_wconf 86' lang='lat' dir='ltr'>apprend</span> <span class='ocrx_word' id='word_1_461' title='bbox 970 2838 1041 2869; x_wconf 90' lang='lat' dir='ltr'>que</span> <span class='ocrx_word' id='word_1_462' title='bbox 1071 2827 1266 2870; x_wconf 79' lang='lat' dir='ltr'>Napoleon</span> <span class='ocrx_word' id='word_1_463' title='bbox 1293 2827 1428 2866; x_wconf 70' lang='lat' dir='ltr'>Orsini,</span> <span class='ocrx_word' id='word_1_464' title='bbox 1457 2827 1604 2859; x_wconf 75' lang='lat' dir='ltr'>devenu</span> <span class='ocrx_word' id='word_1_465' title='bbox 1632 2826 1755 2869; x_wconf 83' lang='lat' dir='ltr'>doyen</span> <span class='ocrx_word' id='word_1_466' title='bbox 1782 2825 1832 2857; x_wconf 93' lang='lat' dir='ltr'>du</span> <span class='ocrx_word' id='word_1_467' title='bbox 1870 2824 1980 2857; x_wconf 62' lang='lat' dir='ltr'>Sacri*</span> 
     </span>
     <span class='ocr_line' id='line_1_45' title="bbox 286 2877 1978 2920; baseline 0.003 -15"><span class='ocrx_word' id='word_1_468' title='bbox 286 2878 439 2916; x_wconf 63' lang='lat' dir='ltr'>‹1‹›ll·‘»g‹—‚</span> <span class='ocrx_word' id='word_1_469' title='bbox 470 2880 629 2920; x_wconf 70' lang='lat' dir='ltr'>proceda</span> <span class='ocrx_word' id='word_1_470' title='bbox 660 2880 679 2911; x_wconf 78' lang='lat' dir='ltr'>a</span> <span class='ocrx_word' id='word_1_471' title='bbox 696 2880 730 2911; x_wconf 88' lang='lat' dir='ltr'>la</span> <span class='ocrx_word' id='word_1_472' title='bbox 748 2880 955 2912; x_wconf 77' lang='lat' dir='ltr'>ceremonie</span> <span class='ocrx_word' id='word_1_473' title='bbox 974 2880 1024 2912; x_wconf 92' lang='lat' dir='ltr'>du</span> <span class='ocrx_word' id='word_1_474' title='bbox 1041 2887 1350 2913; x_wconf 79' lang='lat' dir='ltr'>couronnement.</span> <span class='ocrx_word' id='word_1_475' title='bbox 1368 2899 1416 2902; x_wconf 81' lang='lat'>—</span> <span class='ocrx_word' id='word_1_476' title='bbox 1432 2880 1503 2913; x_wconf 88' lang='lat' dir='ltr'>Sur</span> <span class='ocrx_word' id='word_1_477' title='bbox 1520 2880 1677 2919; x_wconf 77' lang='lat' dir='ltr'>Matteo,</span> <span class='ocrx_word' id='word_1_478' title='bbox 1696 2878 1778 2911; x_wconf 87' lang='lat' dir='ltr'>voir</span> <span class='ocrx_word' id='word_1_479' title='bbox 1793 2879 1836 2911; x_wconf 95' lang='lat' dir='ltr'>A.</span> <span class='ocrx_word' id='word_1_480' title='bbox 1858 2877 1978 2920; x_wconf 84' lang='lat' dir='ltr'>Haag,</span> 
     </span>
     <span class='ocr_line' id='line_1_46' title="bbox 287 2930 1976 2983; baseline 0.001 -22"><span class='ocrx_word' id='word_1_481' title='bbox 287 2931 422 2962; x_wconf 73' lang='lat' dir='ltr'>Malleo</span> <span class='ocrx_word' id='word_1_482' title='bbox 442 2930 554 2983; x_wconf 52' lang='lat' dir='ltr'>Isos-sa</span> <span class='ocrx_word' id='word_1_483' title='bbox 573 2933 711 2972; x_wconf 75' lang='lat' dir='ltr'>Orsini,</span> <span class='ocrx_word' id='word_1_484' title='bbox 735 2932 1062 2967; x_wconf 65' lang='lat' dir='ltr'>Kardimzldialcon</span> <span class='ocrx_word' id='word_1_485' title='bbox 1090 2933 1277 2966; x_wconf 61' lang='lat' dir='ltr'>wonS.1)1.</span> <span class='ocrx_word' id='word_1_486' title='bbox 1301 2934 1337 2966; x_wconf 84' lang='lat' dir='ltr'>di</span> <span class='ocrx_word' id='word_1_487' title='bbox 1358 2933 1518 2973; x_wconf 71' lang='lat' dir='ltr'>Portica,</span> <span class='ocrx_word' id='word_1_488' title='bbox 1542 2931 1976 2976; x_wconf 84' lang='lat' dir='ltr'>Fribourg-en-Brisgau,</span> 
     </span>
     <span class='ocr_line' id='line_1_47' title="bbox 291 2983 1979 3027; baseline 0.002 -15"><span class='ocrx_word' id='word_1_489' title='bbox 291 2983 345 3013; x_wconf 66' lang='grc'>191</span> <span class='ocrx_word' id='word_1_490' title='bbox 360 2984 389 3021; x_wconf 71' lang='lat'>2,</span> <span class='ocrx_word' id='word_1_491' title='bbox 410 2990 446 3015; x_wconf 49' lang='lat'>011.</span> <span class='ocrx_word' id='word_1_492' title='bbox 468 2984 509 3016; x_wconf 77' lang='lat' dir='ltr'>H.</span> <span class='ocrx_word' id='word_1_493' title='bbox 532 2984 723 3027; x_wconf 69' lang='lat' dir='ltr'>Mol-ghen,</span> <span class='ocrx_word' id='word_1_494' title='bbox 745 2986 779 3018; x_wconf 91' lang='lat' dir='ltr'>Il</span> <span class='ocrx_word' id='word_1_495' title='bbox 796 2986 981 3018; x_wconf 80' lang='lat' dir='ltr'>cardinale</span> <span class='ocrx_word' id='word_1_496' title='bbox 1000 2986 1137 3019; x_wconf 62' lang='lat' dir='ltr'>Il‘Iatteo</span> <span class='ocrx_word' id='word_1_497' title='bbox 1156 2986 1269 3019; x_wconf 85' lang='lat' dir='ltr'>Rosso</span> <span class='ocrx_word' id='word_1_498' title='bbox 1281 2987 1408 3020; x_wconf 86' lang='lat' dir='ltr'>Orsini</span> <span class='ocrx_word' id='word_1_499' title='bbox 1429 2987 1521 3019; x_wconf 84' lang='lat' dir='ltr'>dans</span> <span class='ocrx_word' id='word_1_500' title='bbox 1540 2986 1714 3019; x_wconf 69' lang='lat' dir='ltr'>Archivio</span> <span class='ocrx_word' id='word_1_501' title='bbox 1726 2985 1818 3018; x_wconf 81' lang='lat' dir='ltr'>della</span> <span class='ocrx_word' id='word_1_502' title='bbox 1838 2984 1979 3017; x_wconf 63' lang='lat' dir='ltr'>Societcz</span> 
     </span>
     <span class='ocr_line' id='line_1_48' title="bbox 287 3028 1730 3083; baseline 0.006 -16"><span class='ocrx_word' id='word_1_503' title='bbox 287 3047 435 3067; x_wconf 66' lang='lat' dir='ltr'>immina</span> <span class='ocrx_word' id='word_1_504' title='bbox 455 3038 490 3068; x_wconf 83' lang='lat' dir='ltr'>(li</span> <span class='ocrx_word' id='word_1_505' title='bbox 506 3038 616 3069; x_wconf 76' lang='lat' dir='ltr'>storia</span> <span class='ocrx_word' id='word_1_506' title='bbox 637 3039 768 3081; x_wconf 75' lang='lat' dir='ltr'>patria,</span> <span class='ocrx_word' id='word_1_507' title='bbox 789 3045 814 3071; x_wconf 88' lang='lat' dir='ltr'>t.</span> <span class='ocrx_word' id='word_1_508' title='bbox 834 3051 924 3071; x_wconf 73' lang='lat' dir='ltr'>XLvi</span> <span class='ocrx_word' id='word_1_509' title='bbox 946 3039 1080 3082; x_wconf 80' lang='lat'>(1923),</span> <span class='ocrx_word' id='word_1_510' title='bbox 1099 3051 1133 3083; x_wconf 94' lang='lat' dir='ltr'>p.</span> <span class='ocrx_word' id='word_1_511' title='bbox 1154 3040 1322 3073; x_wconf 81' lang='lat'>271-372.</span> <span class='ocrx_word' id='word_1_512' title='bbox 1726 3028 1730 3037; x_wconf 43' lang='lat'><strong><em>¹</em></strong></span> 
     </span>
    </p>

    <p class='ocr_par' dir='ltr' id='par_1_8' title="bbox 336 3089 1017 3131">
     <span class='ocr_line' id='line_1_49' title="bbox 336 3089 1017 3131; baseline 0.007 -11"><span class='ocrx_word' id='word_1_513' title='bbox 336 3090 365 3120; x_wconf 59' lang='lat' dir='ltr'>si.</span> <span class='ocrx_word' id='word_1_514' title='bbox 387 3089 423 3121; x_wconf 65' lang='grc'>11.</span> <span class='ocrx_word' id='word_1_515' title='bbox 447 3090 501 3127; x_wconf 59' lang='grc' dir='ltr'>Ν,</span> <span class='ocrx_word' id='word_1_516' title='bbox 521 3102 585 3122; x_wconf 70' lang='lat' dir='ltr'>nis.</span> <span class='ocrx_word' id='word_1_517' title='bbox 605 3091 696 3122; x_wconf 75' lang='lat' dir='ltr'>latin</span> <span class='ocrx_word' id='word_1_518' title='bbox 716 3092 820 3131; x_wconf 77' lang='lat'>5006,</span> <span class='ocrx_word' id='word_1_519' title='bbox 839 3092 862 3124; x_wconf 82' lang='lat' dir='ltr'>f.</span> <span class='ocrx_word' id='word_1_520' title='bbox 885 3092 949 3125; x_wconf 82' lang='lat'>169</span> <span class='ocrx_word' id='word_1_521' title='bbox 968 3096 1017 3125; x_wconf 66' lang='grc' dir='ltr'>νο.</span> 
     </span>
    </p>
   </div>
  </div>
 </body>
</html>
