2083 3458
100 249 234 306 [964]
641 267 857 292 PAPARUM
892 265 1277 291 AVENIONENSIUM
1711 248 1794 290 479

101 365 147 389 eo
168 358 352 399 tempore
375 364 455 399 quo
477 350 610 388 factus
633 358 694 389 est
716 350 946 397 cardinalis,
969 358 1015 387 ut
1037 349 1287 386 adnotatum
1309 357 1370 387 est
1392 349 1431 386 in
1453 349 1556 386 libro
1579 348 1798 397 obligatio·

96 423 206 447 num.
243 409 330 457 Qua
363 417 612 458 tempestate
646 409 767 447 Petro
800 409 848 448 de
879 409 1073 446 Banhaco
1106 416 1248 458 postea
1290 408 1484 445 cardinali
1518 407 1798 445 commodavit

101 482 221 518 opera
243 468 294 507 M.
316 468 437 506 Tullii
457 468 672 507 Ciceronis.
695 469 890 506 Testatur
907 467 1018 506 istud
1038 467 1146 505 idem
1167 467 1311 505 Petrus
1331 467 1370 503 in
1391 481 1463 503 suo
1482 475 1735 505 testamento
1753 466 1768 488 1
1790 482 1797 504 :

102 527 198 564 Item
225 527 347 565 voluit
372 535 406 565 et
433 527 637 565 mandavit
663 527 818 565 restitui
844 536 878 565 et
904 527 1007 565 tradi
1034 526 1193 563 domino
1219 525 1388 574 Hugom'
1416 526 1633 563 cardinalis
1661 525 1797 563 Sancti

91 585 305 624 AIarhalis
344 587 522 624 Tullium
559 601 601 623 ιη
638 587 790 623 duobus
818 585 1101 633 voluminibus,
1139 599 1249 634 quem
1277 584 1356 621 sibi
1394 593 1637 622 mutuaverat
1672 585 1798 622 dictus

97 645 281 682 dominus
306 645 524 683 cardinalis
550 646 686 683 Sancti
706 646 914 683 Alartialis
941 645 1114 683 leolose.
1139 644 1238 682 Erat
1264 652 1404 681 autem
1430 651 1519 680 tum
1539 644 1796 693 praepositus

98 704 333 744 Duacensis.

151 764 319 802 Creatus
335 773 396 803 est
411 779 504 814 ergo
520 765 714 802 diaconus
731 764 946 802 cardinalis
962 778 1070 800 anno
1087 762 1340 809 MCCCLXI,
1357 762 1420 800 die
1437 777 1522 799 xvn
1538 761 1795 811 septembris,

97 823 255 862 absens.
288 823 330 860 In
358 824 461 861 libro
488 834 627 861 autem
655 823 955 872 Obligationum
982 822 1250 860 observatum
1276 829 1338 860 est
1364 835 1457 859 eum
1484 822 1614 871 primo
1642 821 1796 858 curiam

94 882 267 920 intrasse
296 883 360 921 die
389 891 537 932 quarta
567 884 775 932 sequentis
805 883 953 920 mensis
983 881 1230 920 novembris.
1261 881 1367 918 Tum
1395 895 1488 929 ergo
1517 880 1550 918 ei
1580 880 1795 917 commissa

95 950 156 980 est
176 942 227 979 ab
253 942 492 980 Innocentio
513 956 620 992 papa
643 942 830 980 diaconia
852 942 1027 979 Sanctae
1049 941 1200 978 Mariae
1220 941 1261 978 in
1283 940 1460 978 Porticu.

147 1001 266 1039 Anno
288 1001 589 1048 MCCCLXIII,
612 1016 705 1039 cum
727 1001 918 1039 Urbanus
942 1001 975 1037 V
998 1001 1197 1049 cogitaret
1219 1000 1267 1038 de
1288 999 1521 1037 reducendo
1542 999 1593 1035 ad
1617 998 1795 1035 officium

92 1060 334 1099 Bernabone
354 1061 602 1100 Vicecomite
632 1060 938 1107 Mediolanensi,
963 1060 1156 1109 dictaque
1185 1059 1267 1097 dies
1296 1059 1330 1097 ei
1358 1066 1476 1103 esset,
1498 1066 1537 1096 et
1564 1065 1795 1107 perempto-

93 1119 174 1158 rius
204 1121 402 1159 terminus
432 1121 592 1170 elapsus
623 1129 741 1167 esset,
772 1121 882 1158 missi
912 1127 1009 1157 sunt
1037 1119 1089 1155 ab
1118 1134 1164 1157 eo
1193 1119 1243 1155 ad
1274 1118 1378 1156 fores
1407 1117 1551 1167 palatii
1579 1115 1793 1166 apostolici

93 1178 326 1229 Stephanus
349 1180 507 1218 Alberti
530 1180 705 1218 Sanctae
728 1180 880 1218 Mariae
901 1180 942 1217 in
963 1178 1131 1227 Aquiro,
1155 1186 1195 1216 et
1214 1178 1334 1226 Hugo
1356 1177 1404 1215 de
1427 1176 1578 1214 Sancto
1595 1175 1794 1221 Martiale,

99 1237 273 1278 Sanctae
295 1239 446 1278 Mariae
468 1239 508 1276 in
533 1239 697 1277 Porticu
721 1239 881 1277 diaconi
903 1238 1142 1284 cardinales,
1163 1237 1229 1286 qui
1251 1229 1537 1274 Bernabonem
1554 1243 1599 1272 ut
1621 1250 1661 1272 se
1679 1248 1794 1283 apos-

91 1298 223 1336 tolicis
251 1299 451 1337 subselliis
479 1299 641 1337 sisteret
675 1299 951 1348 appellarent;
979 1297 1140 1335 Odoric.
1172 1295 1392 1345 Raynald,
1419 1309 1484 1333 an.
1516 1294 1629 1340 1363,
1663 1293 1679 1341 ἓ
1706 1293 1739 1331 2.

147 1357 303 1396 Eodem
327 1372 434 1396 anno
462 1358 581 1407 Hugo
609 1358 771 1407 Rogerii
796 1357 1012 1395 cardinalis
1038 1356 1267 1394 Tutelensis
1293 1369 1386 1393 eum
1411 1354 1628 1392 constituit
1652 1366 1794 1390 execu-

89 1423 223 1454 torem
272 1418 333 1455 sui
383 1418 636 1456 testamenti.
691 1418 778 1464 Qua
829 1416 1079 1454 auctoritate
1138 1415 1364 1452 instructus
1415 1427 1522 1450 anno
1582 1412 1795 1449 millesimo

86 1475 426 1524 CCCLXXXIV,
461 1477 523 1514 die
556 1476 720 1514 sabbati
752 1476 897 1514 ultima
936 1474 1175 1521 decembris,
1209 1474 1655 1522 fundationem'quam
1686 1471 1795 1508 idem

93 1535 212 1585 Hugo
244 1536 330 1575 fieri
360 1536 597 1574 decreverat
627 1536 737 1586 apud
758 1535 1078 1581 Villamnovam,
1102 1533 1398 1572 Avenionensis
1429 1532 1638 1578 dioecesis,
1661 1539 1794 1567 trans-

90 1595 187 1632 tulit
204 1596 256 1633 ad
274 1596 570 1646 parrochialem
589 1595 800 1634 ecclesiam
817 1594 956 1632 Sancti
973 1593 1164 1632 Germani
1185 1593 1233 1632 de
1249 1593 1390 1630 Manso
1407 1606 1547 1630 sereno
1565 1592 1602 1628 in
1622 1588 1793 1627 dioecesi

92 1653 371 1693 Lemovicensi
390 1653 416 1694 ².

144 1713 262 1753 Anno
280 1714 581 1753 MCCCLXVII
599 1714 821 1752 comitatus
840 1722 901 1752 est
920 1713 1135 1750 Urbanum
1154 1712 1187 1748 V
1205 1711 1535 1762 proficiscentem
1552 1710 1591 1747 in
1614 1708 1791 1746 Italiam.

143 1772 261 1812 Anno
297 1773 618 1812 MCCCLXXIV
654 1774 869 1822 Gregorius
907 1771 982 1818 XI,
1009 1771 1187 1809 condens
1223 1779 1537 1817 testamentum,
1576 1769 1793 1817 Hugonem

86 1831 266 1872 Sanctae
295 1833 446 1871 Mariae
472 1833 513 1870 in
541 1833 706 1871 Porticu
735 1833 954 1870 diaconum
981 1831 1231 1869 cardinalem
1257 1831 1491 1868 nominavit
1517 1830 1623 1866 inter
1650 1840 1792 1865 execu-

90 1900 197 1930 tores
217 1907 331 1935 suos;
351 1893 444 1931 vide
462 1900 492 1931 t.
517 1907 554 1929 VI
576 1892 787 1942 Spicilegii
803 1890 1061 1937 Daeheriani‚
1081 1905 1119 1940 p.
1142 1890 1229 1929 688.

142 1951 261 1990 Anno
292 1951 627 1999 MCCCLXXVI,
659 1951 802 1989 eodem
833 1950 1025 1999 Gregorio
1049 1950 1226 1988 Romam
1256 1950 1455 2000 profecto,
1480 1949 1565 1998 ipse
1594 1944 1793 1985 remansit

90 2010 303 2050 Avenioni.

143 2070 261 2108 Anno
293 2070 676 2118 MCCCLXXVIII,
708 2070 889 2108 conflato
920 2069 1181 2107 celeberrimo
1212 2069 1280 2107 illo
1311 2068 1531 2107 schismate
1562 2065 1671 2115 quod
1703 2062 1791 2101 uni-

90 2143 251 2168 versam
289 2130 484 2168 distraxit
524 2130 761 2177 Ecclesiam,
801 2129 887 2179 ipse
926 2142 1018 2166 cum
1054 2128 1248 2166 'omnibus
1289 2126 1564 2166 cardinalibus
1603 2121 1790 2162 adhaesit
1819 2120 1821 2123 ⁴

84 2188 288 2227 ¹Clementi
309 2189 404 2237 VII,
428 2203 549 2239 quem
570 2189 752 2240 plerique
771 2187 787 2210 3
808 2187 1031 2226 credebant
1052 2201 1195 2225 verum
1216 2201 1261 2225 ac
1282 2187 1512 2236 legitimum
1533 2197 1684 2235 papam
1706 2194 1789 2220 esse

90 2248 185 2298 quia
209 2248 333 2287 libere
358 2248 493 2287 fuerat
517 2250 681 2288 electus.
710 2248 768 2285 Ea
794 2255 1043 2297 tempestate
1069 2246 1314 2284 Laurentius
1339 2245 1668 2295 archiepiscopus
1691 2241 1788 2278 Bra-

90 2308 264 2346 carensis
290 2308 338 2346 de
363 2308 503 2346 multis
529 2308 778 2357 gravissimis
804 2306 1042 2344 criminibus
1067 2314 1283 2344 accusatus
1309 2319 1355 2343 ac
1380 2305 1594 2343 convietus
1619 2316 1640 2339 a
1667 2301 1788 2338 Petro

89 2366 262 2405 Tenorio
294 2376 385 2405 tum
417 2368 547 2406 electo
579 2367 884 2416 archiepiscopo
918 2365 1137 2412 Toletano,
1167 2365 1344 2402 Martino
1377 2364 1567 2413 episcopo
1601 2358 1786 2404 Silvensi,

88 2434 129 2464 et
157 2426 326 2465 Valesco
356 2435 522 2465 cantore
550 2425 803 2472 Bracarensi,
834 2439 934 2474 quos
965 2424 1180 2473 Gregorius
1213 2424 1274 2461 XI
1302 2423 1458 2473 judices
1488 2423 1529 2460 in
1558 2422 1633 2458 hac
1664 2430 1786 2455 causa

83 2485 271 2533 dederat,
294 2486 387 2524 sede
400 2500 471 2523 sua
493 2486 682 2536 privatus
705 2493 806 2531 erat,
823 2492 864 2521 et
886 2483 1031 2522 deinde
1051 2497 1072 2520 a
1096 2484 1303 2521 Clemente
1326 2483 1420 2528 VII,
1438 2479 1618 2530 Gregorii
1633 2490 1785 2516 succes·

66 2559 189 2592 sore,
211 2553 258 2582 ut
285 2545 441 2594 opinor,
462 2545 514 2582 ad
536 2545 786 2582 Tranensem
802 2543 1026 2581 Ecclesiam
1047 2543 1285 2580 translatus.
1313 2541 1427 2578 Istud
1457 2541 1521 2578 ille
1543 2537 1721 2589 graviter
1746 2541 1787 2572 et

84 2603 229 2653 iniquo
252 2605 390 2642 animo
413 2604 524 2651 tulit,
548 2612 678 2653 utque
702 2617 742 2641 se
765 2602 1043 2648 ulcisceretur,
1066 2601 1117 2638 ad
1137 2601 1353 2639 Urbanum
1372 2600 1427 2637 VI
1448 2597 1645 2647 confugit,
1671 2594 1785 2642 cujus

83 2663 337 2701 >auctoritate
359 2664 538 2701 joannes
559 2663 607 2701 de
629 2661 792 2700 Aurelia
813 2661 1029 2711 presbyter
1050 2660 1266 2698 cardinalis
1282 2659 1393 2697 tituli
1416 2658 1589 2695 Sanctae
1612 2653 1786 2693 Sabinae

89 2722 340 2761 sententiam
363 2722 550 2772 judicum
584 2736 606 2759 a
634 2721 827 2770 Gregorio
856 2720 916 2757 XI
952 2719 1234 2769 delegatorum
1273 2717 1464 2762 cassavit,
1483 2713 1785 2760 Laurentioque

86 2781 269 2820 restituit
302 2782 474 2831 gradum
506 2795 553 2818 ac
586 2780 843 2829 dignitatem.
881 2779 1013 2817 Facile
1047 2786 1188 2816 autem
1219 2778 1275 2815 illi
1308 2785 1397 2814 tum
1430 2775 1508 2813 fuit
1548 2784 1785 2822 recuperare

81 2841 328 2880 ⁴cathedram
364 2854 495 2887 suam,
535 2839 795 2877 Ferdinando
831 2853 922 2888 rege
962 2837 1197 2875 Lusitaniae
1235 2835 1419 2873 nondum
1456 2842 1707 2883 transgresso
1743 2829 1784 2866 in

85 2908 224 2951 partes
242 2899 461 2938 Clementis
479 2899 561 2936 VII
578 2898 688 2948 apud
706 2897 962 2935 Avenionem
980 2895 1285 2934 commorantis.
1307 2894 1383 2931 Sed
1402 2907 1493 2931 cuin
1512 2892 1625 2930 brevi
1642 2897 1783 2940 postea

134 3030 166 3062 1.
198 3029 235 3062 F.
266 3029 473 3068 Duchesne,
492 3028 654 3061 Histoire
669 3028 710 3061 de
725 3033 804 3061 toas
820 3027 868 3060 les
884 3026 1087 3060 cardinaucc
1102 3025 1270 3066 srancois,
1291 3031 1316 3057 t.
1334 3036 1370 3063 11,
1390 3035 1425 3067 p.
1445 3023 1524 3056 433.

135 3083 166 3115 2.
195 3082 342 3121 Baluze,
367 3088 394 3115 t.
417 3093 468 3121 1v,
493 3093 528 3125 p.
555 3081 634 3114 290.

131 3136 166 3168 3.
196 3134 454 3178 L’expression
482 3134 641 3178 plerique
668 3140 724 3166 est
752 3134 939 3176 exageree.
