2083 3458
284 204 366 246 348
934 218 1086 243 NOTAE
1121 219 1180 243 AD
1216 219 1343 244 vers
1864 203 1993 259 [840]

340 305 459 341 Anno
500 302 819 349 MCCCLXXII,
859 316 1020 340 rursum
1060 301 1206 340 missus
1249 310 1310 340 est
1357 302 1516 352 legatus
1564 301 1606 340 in
1647 301 1893 352 Hispaniam
1940 303 1993 341 ad

289 362 592 413 componendas
623 360 920 400 controversias
951 375 1055 410 quae
1080 369 1247 399 exortae
1269 369 1386 399 erant
1406 361 1513 400 inter
1534 376 1646 411 reges
1668 361 1683 384 ¹
1704 361 1811 399 illius
1828 361 1993 412 provin-

290 422 392 460 ciae:
418 423 558 469 Bzov„
585 435 649 460 an.
677 420 792 467 1372,
818 420 834 468 ἓ
859 420 921 467 31,
950 420 1063 467 1374,
1095 420 1111 468 ἓ
1139 419 1200 467 10,
1226 420 1387 459 Odoric.
1411 420 1631 470 Raynald.,
1656 435 1721 460 an.
1749 420 1864 468 1372,
1888 420 1904 469 ξ
1929 420 1995 469 27,

291 481 405 528 1373,
435 481 451 529 ἓ
475 480 536 528 23,
560 480 621 519 24.
646 479 747 518 Vide
771 479 896 517 etiam
918 479 1193 529 Appendicem
1215 479 1379 519 Maroae
1400 480 1663 530 Hispanicae,
1685 479 1752 518 tit.
1778 494 1930 519 DXXIX.

342 540 455 579 Obiit
487 539 642 578 Ilerdae
670 539 711 576 in
744 538 944 588 Hispania
973 538 1269 577 Tarraconensi
1297 553 1405 577 anno
1435 539 1780 586 MCCCLXXIII,
1800 538 1874 578 <die
1904 553 1994 577 xxv

286 598 534 638 novembris.
562 599 689 637 Fuere
715 597 784 648 qui
809 597 991 636 dicerent
1015 612 1174 636 veneno
1199 597 1432 637 extinctum
1456 613 1540 637 esse
1566 598 1676 648 quod
1701 598 1736 636 ei
1762 598 1909 637 datum
1932 606 1995 636 est

286 666 373 697 arte
400 658 541 696 Karoli
562 657 665 708 regis
690 657 920 703 Navarrae3
946 656 1107 696 Odoric.
1136 657 1355 706 Raynald.,
1380 671 1444 696 an.
1471 657 1584 705 1373,
1616 657 1632 706 ξ
1656 657 1718 704 24,
1744 657 1859 705 1374,
1889 657 1906 706 ἓ
1929 656 1991 696 21.

287 718 526 769 Sepulcrum
561 716 648 766 ejus
683 715 1032 766 elegantissimum
1067 731 1087 754 e
1122 730 1324 756 marmore
1360 716 1535 755 candido
1570 716 1718 755 visitur
1751 716 1793 754 in
1827 716 1993 755 ecclesia

286 776 524 815 monasterii
546 775 672 814 Vallis
694 775 853 814 lucidae
875 774 916 813 in
939 776 1117 814 Lemane
1140 775 1432 823 Arvernorum,
1455 776 1525 814 ubi
1546 775 1646 828 ipse,
1670 790 1762 815 cum
1785 775 1834 814 de
1855 790 1994 826 supre-

286 834 361 875 mis'
400 835 481 874 suis
520 835 768 881 decerneret,
809 849 954 885 corpus
993 849 1113 874 suum
1151 834 1310 885 sepeliri
1346 835 1481 885 jussit,
1522 843 1759 885 certamque
1796 834 1997 885 pecuniae⁴

286 909 493 934 summam
526 894 692 944 reliquit
727 909 777 932 ex
813 908 893 943 qua
929 893 1240 944 acquirerentur
1273 894 1429 933 reditus
1466 894 1535 944 qui
1570 894 1804 933 sufficerent
1838 894 1996 933 alendis

287 954 503 992 duodecim
533 953 744 992 monachis
777 953 1111 992 Cisterciensibus
1142 953 1341 992 addendis
1372 954 1424 991 ad
1456 968 1522 992 eos
1554 953 1623 1004 qui
1652 953 1738 1003 jam
1767 953 1848 991 illic
1879 968 1993 992 cons-

286 1013 403 1051 tituti
430 1021 561 1060 erant,
588 1021 635 1051 ut
662 1013 812 1051 docent
837 1021 978 1051 vetera
1004 1020 1240 1063 temporum
1261 1013 1423 1052 illorum
1447 1021 1717 1052 monumenta
1739 1012 1834 1051 hinc
1851 1012 1904 1051 ad
1921 1026 1997 1051 nos-

286 1073 422 1111 missa.
456 1072 587 1111 Hodie
617 1072 919 1111 monasterium*
942 1072 1043 1110 illud
1072 1080 1247 1111 vocatur
1276 1073 1329 1110 da
1358 1072 1562 1120 Boaschet,
1591 1071 1755 1122 illicque
1784 1072 1995 1122 sepultum

286 1132 412 1170 istum
436 1131 667 1171 Guidonem
690 1131 831 1170 scribit
854 1132 1031 1170 Savarus
1053 1131 1096 1170 in
1117 1131 1356 1181 Originibus
1377 1131 1711 1179 Claromontanis,
1733 1146 1773 1182 p.
1797 1130 1886 1170 213.

340 1191 519 1230 Multum
538 1191 734 1229 laudatur
756 1190 889 1229 Guido
908 1190 923 1214 2
961 1205 983 1229 a
1007 1191 1223 1229 Francisco
1246 1191 1482 1238 petrarcha,
1504 1191 1573 1230 lib.
1607 1191 1707 1228 XIV
1729 1191 1818 1229 Rer.
1849 1190 1996 1240 famil„

287 1250 405 1301 epist.
439 1265 508 1299 vn,
539 1250 608 1289 lib.
644 1250 764 1298 XIX,
796 1250 914 1301 epist.
948 1265 1018 1288 vm
1050 1258 1090 1289 et
1120 1250 1190 1290 lib.
1224 1250 1281 1288 VI
1307 1250 1396 1290 Rer.
1428 1250 1558 1298 senil„
1585 1249 1703 1301 epist.
1731 1264 1785 1298 VI,
1807 1249 1878 1288 lib.
1897 1248 1996 1297 VII,

288 1309 406 1360 epist.
428 1324 455 1357 1,
477 1318 519 1348 et
538 1310 608 1349 lib.
636 1310 651 1347 I
680 1309 852 1357 Variar.,
876 1309 994 1360 epist.
1018 1324 1130 1349 XLIII.

343 1368 546 1408 Habuisse
586 1383 680 1408 eum
718 1368 826 1407 inter
866 1368 1086 1407 familiares
1128 1377 1169 1407 et
1210 1368 1456 1407 domesticos
1497 1383 1590 1407 suos
1628 1368 1997 1406 Bartholomaeum

288 1428 641 1479 archiepiscopum
660 1429 896 1476 Barensem,
918 1428 987 1478 qui
1007 1436 1152 1479 postea
1172 1428 1248 1466 sub
1270 1427 1428 1466 Urbani
1448 1428 1505 1465 VI
1527 1427 1691 1467 nomine
1712 1427 1849 1466 tenuit
1867 1441 1997 1478 papa-

289 1496 378 1526 tum
405 1488 654 1534 Romanum,
680 1487 800 1526 docet
824 1487 987 1526 Garsias
1013 1487 1179 1525 Martini
1203 1488 1355 1526 electus
1381 1486 1588 1526 Auriensis
1611 1487 1654 1525 in
1677 1501 1751 1525 sua
1775 1486 1997 1537 depositio-

289 1547 400 1585 tione
417 1546 433 1569 3
457 1562 464 1584 ε
508 1547 605 1585 Item
626 1546 727 1584 dimit
747 1548 848 1597 quod
868 1554 955 1597 post
974 1561 1122 1597 paucos
1144 1547 1226 1584 dies
1246 1554 1334 1597 post
1353 1546 1575 1584 electionem
1596 1546 1747 1584 dixerat
1767 1546 1847 1584 sibi
1868 1545 1996 1584 cardi-

291 1606 395 1644 nalis
430 1606 698 1644 Gebennensis
727 1606 828 1656 qaod
857 1605 941 1656 ipse
968 1606 1165 1656 expediret
1188 1606 1337 1656 sactum
1358 1620 1477 1643 suum
1506 1620 1595 1643 cam
1625 1605 1697 1643 isto
1725 1605 1855 1656 primo
1883 1605 1999 1643 electo

290 1680 360 1715 pro
385 1680 426 1702 eo
452 1666 553 1716 quod
575 1665 704 1715 suerat
726 1665 946 1714 familiaris
971 1665 1189 1703 cardinalis
1213 1665 1401 1703 avunculi
1426 1665 1505 1712 sai,
1531 1673 1565 1703 et
1591 1665 1675 1715 ipse
1700 1664 1884 1702 voluisset
1907 1678 1998 1702 eum

289 1726 425 1762 ducere
448 1739 579 1762 secum
604 1725 758 1774 quando
783 1724 887 1762 venit
910 1725 961 1762 ad
990 1724 1166 1762 Ytaliam
1191 1725 1354 1774 legatus,
1379 1732 1413 1762 et
1437 1725 1538 1774 qaod
1561 1724 1629 1762 hoc
1652 1724 1837 1762 omiserat
1859 1738 1931 1774 pro
1954 1738 1999 1761 eo

290 1784 391 1834 qaod
412 1784 566 1833 regebat
592 1784 683 1821 bene
705 1784 994 1822 cancellariam.

347 1843 393 1881 In
419 1843 549 1881 veteri
576 1843 713 1881 codice
740 1857 814 1882 ms.
844 1843 1083 1881 monasterii
1110 1842 1384 1882 Cluniacensis
1412 1843 1589 1881 habetur
1615 1856 1740 1880 sermo
1768 1856 1880 1892 quem
1904 1841 1998 1892 fecit

290 1903 520 1940 reverendas
553 1902 671 1940 Pater
704 1902 745 1939 in
780 1902 941 1940 Christo
976 1902 1165 1941 dominus
1201 1901 1417 1940 cardinalis
1451 1901 1705 1941 Boloniensis
1738 1901 1780 1939 in
1814 1901 1995 1940 secunda

291 1961 494 2000 dominica
523 1961 873 2011 quadragesimae,
900 1961 1185 2012 praesentibus
1213 1961 1379 2000 domino
1405 1975 1514 2012 papa
1541 1969 1582 1999 et
1609 1960 1783 1999 dominis
1812 1960 1995 1999 cardina-

290 2021 395 2058 libus
421 2021 462 2058 in
489 2021 642 2071 capella
668 2035 812 2071 papae.

345 2080 387 2118 P.
415 2080 504 2127 242,
528 2079 594 2130 lig.
621 2079 682 2118 28.
711 2080 969 2119 AYMERICUS
997 2095 1052 2117 DE
1080 2081 1376 2127 CASTROLucu,
1402 2079 1457 2118 sic
1483 2079 1616 2118 dictus
1639 2093 1662 2117 a
1685 2080 1774 2117 1000
1791 2078 1808 2102 ⁴²
1832 2078 1998 2129 originis

339 2239 368 2270 1.
394 2238 508 2271 lintre
529 2239 578 2271 les
599 2238 670 2271 rois
693 2239 735 2271 de
758 2238 906 2271 Castille
927 2245 964 2271 et
985 2239 1028 2271 de
1051 2238 1218 2271 Navarre
1255 2239 1513 2282 (Delachenal,
1544 2251 1600 2283 op.
1623 2241 1694 2278 cit.,
1716 2246 1742 2273 t.
1763 2252 1814 2279 111,
1836 2252 1871 2283 p.
1893 2240 1993 2284 491).

293 2291 332 2324 E.
355 2292 479 2324 (jener
497 2303 517 2324 a
535 2291 606 2324 fait
624 2293 816 2324 connaitre
835 2292 885 2325 les
904 2291 1057 2324 recueils
1077 2293 1120 2325 de
1139 2293 1267 2325 lettres
1286 2292 1482 2336 expediees
1501 2305 1569 2336 par
1585 2293 1617 2326 le
1636 2293 1802 2326 cardinal
1821 2305 1869 2326 au
1887 2305 1995 2327 cours

293 2345 335 2377 de
356 2356 413 2378 ses
435 2345 533 2378 deux
552 2345 734 2388 legations
755 2357 799 2377 en
822 2345 993 2389 Espagne
1018 2345 1111 2388 (Ans
1130 2346 1190 2378 der
1208 2346 1365 2379 Kanzlei
1385 2346 1444 2379 der
1462 2346 1598 2390 Papsle
1619 2347 1694 2379 and
1713 2347 1807 2380 ihrer
1823 2346 1992 2390 Legaten,

291 2398 382 2431 dans
402 2398 550 2441 Quellen
570 2399 646 2431 und
661 2398 931 2441 Forschungen,
953 2405 978 2431 t.
999 2411 1024 2431 x
1047 2399 1180 2442 (1907),
1201 2411 1235 2442 p.
1256 2399 1442 2443 319-324).

341 2453 370 2484 2.
403 2451 473 2484 Sur
501 2452 531 2484 le
550 2452 728 2491 cardinal,
760 2452 840 2485 voir
870 2452 1047 2491 Daumet,
1078 2464 1112 2485 n.
1141 2453 1222 2492 856,
1251 2453 1331 2492 911,
1360 2453 1440 2491 923,
1465 2453 1570 2491 1535,
1608 2453 1717 2492 16543
1754 2453 1987 2494 Lecaeheux‚

291 2515 325 2537 n.
345 2505 424 2544 797,
447 2505 525 2545 798,
546 2506 625 2545 818,
645 2506 756 2545 1606;
783 2505 1021 2544 Delachenal,
1046 2505 1209 2539 Histoire
1231 2506 1273 2539 de
1296 2505 1443 2539 Charles
1463 2506 1504 2546 V,
1526 2512 1551 2539 t.
1568 2518 1618 2546 111,
1636 2518 1670 2550 p.
1693 2507 1774 2546 198,
1799 2507 1878 2550 265,
1906 2507 1993 2546 279;

294 2557 333 2590 E.
358 2558 583 2601 Vx‘erunsky,
607 2559 787 2602 Eoecerpta
813 2570 854 2591 ex
879 2559 1042 2601 registris
1069 2559 1264 2593 Clementis
1294 2560 1350 2592 VI
1375 2565 1406 2592 et
1433 2559 1640 2593 Innocentii
1672 2560 1737 2599 VI,
1769 2560 1991 2600 Innsbruck,

292 2611 396 2647 1885,
425 2623 458 2644 n.
486 2612 566 2651 338,
597 2612 677 2651 404,
705 2612 785 2651 454,
817 2613 896 2645 511.
926 2631 974 2634 —
1002 2612 1051 2644 Le
1080 2624 1190 2645 sceau
1220 2613 1263 2645 de
1294 2612 1364 2645 Gui
1395 2614 1437 2645 de
1458 2613 1648 2656 Boulogne
1669 2624 1690 2646 a
1709 2614 1767 2646 ete
1789 2613 1906 2647 decrit
1925 2625 1995 2657 par

292 2664 418 2696 Dou'et
448 2665 586 2708 d’Arcq
620 2664 826 2708 (Collection
856 2666 896 2698 de
921 2677 1063 2705 sceazw,
1090 2672 1115 2698 t.
1137 2664 1191 2705 111,
1216 2678 1250 2699 n.
1276 2666 1369 2699 6186
1395 2672 1432 2698 et
1453 2666 1573 2709 6187).
1595 2685 1643 2689 —
1662 2666 1697 2699 J.
1722 2665 1768 2699 H.
1788 2666 1952 2700 Albanas
1972 2678 1993 2700 a

291 2717 415 2759 public·
439 2718 623 2750 l'Oraison
643 2718 794 2760 funebre
819 2719 868 2752 da
890 2730 986 2762 pape
1015 2719 1159 2752 Urbain
1185 2719 1226 2758 V,
1249 2721 1448 2763 prononcee
1468 2720 1499 2752 le
1518 2718 1601 2762 jour
1622 2720 1662 2752 de
1682 2731 1737 2752 ses
1766 2719 1991 2762 sandrailles,

290 2769 334 2801 :21
357 2771 535 2803 decembre
557 2771 661 2810 1370,
684 2771 775 2804 dans
800 2771 936 2815 l’eglise
963 2772 1004 2804 de
1030 2772 1144 2805 N.-D.
1176 2772 1234 2805 des
1257 2772 1383 2811 Doms,
1413 2773 1434 2805 ὰ
1460 2772 1645 2815 Avignon,
1674 2784 1744 2816 par
1769 2773 1799 2806 le
1827 2773 1994 2806 cardinal

299 2823 378 2864 Gay
399 2824 438 2855 (Ie
454 2824 652 2866 Boulogne,
676 2824 868 2865 Marseille,
892 2826 996 2858 1870.
1017 2844 1065 2847 —
1084 2825 1133 2857 Le
1155 2825 1321 2858 cardinal
1345 2825 1387 2858 fit
1407 2837 1475 2858 son
1495 2831 1703 2859 testament
1723 2826 1744 2858 a
1762 2825 1940 2869 Avignon
1958 2826 1991 2859 le

293 2876 336 2908 16
357 2877 429 2907 mai
452 2878 560 2917 13723
582 2877 606 2909 il
624 2889 648 2920 y
670 2878 800 2920 ajouta
816 2889 867 2910 un
883 2878 1049 2911 codicille
1068 2879 1099 2911 le
1120 2879 1162 2911 27
1182 2878 1385 2911 novembre
1405 2879 1497 2913 1373
1515 2879 1554 2912 in
1568 2883 1681 2912 castro
1697 2879 1738 2912 de
1753 2878 1863 2922 Casp,
1884 2878 1992 2912 Cesa-

293 2935 513 2969 rauguslane
531 2930 680 2963 diocesis
699 2931 890 2971 (Archives
911 2931 1132 2970 nationales,
1156 2931 1193 2964 J.
1218 2931 1338 2975 1131).

342 2985 370 3013 ἐς.
397 2982 435 3014 Β.
464 2982 520 3022 Ν,
544 2994 610 3016 ms.
635 2983 729 3015 latin
751 2983 880 3023 11745,
903 2984 966 3017 fol.
991 2985 1059 3017 125
1083 2989 1133 3017 νο.

342 3036 371 3066 ·'1.
406 3035 432 3066 Il
461 3035 554 3067 etait
582 3036 776 3078 originaire
805 3037 848 3069 de
877 3036 1315 3071 Chatelus-le-Marcheix
1346 3037 1504 3082 (Creuse)
1536 3043 1573 3070 et
1600 3050 1675 3071 non
1703 3039 1752 3070 du
1781 3039 1916 3072 Chalus
1944 3040 1991 3072 οὐ

292 3086 344 3117 fut
375 3090 433 3119 tm}
465 3088 621 3120 ltu-hard
647 3088 756 3121 Coeur
779 3090 821 3122 de
846 3090 949 3123 Lion.
