2083 3458
290 265 340 305 42
744 296 750 301 ἱ
911 270 1062 295 NOTAE
1098 270 1158 294 AD
1193 270 1321 295 VITAs
1817 257 1970 313 [1327]

263 266 287 306 Ota

261 380 310 404 ex
329 361 513 401 oratione
534 372 659 409 quam
678 355 1009 406 archiepiscopus
1028 354 1069 391 in
1089 354 1229 392 sunere
1248 354 1335 404 ejus
1355 355 1518 402 habuit,
1537 370 1587 394 ex
1606 355 1754 406 quibus
1773 356 1972 407 intellige-

261 439 349 463 mus
379 430 419 460 et
449 418 712 457 nobilitatem
741 414 895 465 generis
935 423 976 452 et
1014 413 1194 464 egregias
1223 413 1400 452 virtutes
1431 415 1616 463 ejusdem
1645 414 1838 467 episcopi.
1869 416 1969 455 Ait¹

261 497 353 533 ergo
381 498 387 519 ε
416 477 645 523 Carissimi,
670 476 706 513 si
732 476 776 512 de
801 473 1024 512 conditione
1050 473 1217 523 generiS,
1243 473 1279 511 si
1305 474 1349 511 de
1372 474 1534 512 scientie
1559 475 1701 522 titulis,
1726 475 1762 512 si
1796 477 1840 513 de
1864 477 1970 527 suffi-

262 541 400 581 cientie
429 538 578 577 meritis
605 534 804 574 reverendi
834 533 875 570 in
904 533 1060 571 Christo
1087 533 1216 583 patris
1249 541 1283 570 et
1309 533 1427 583 fratri
1461 534 1585 571 nostri
1615 535 1790 572 carnalis
1818 535 1972 574 domini

263 598 472 640 Bertrandi
506 597 672 635 condam
703 593 881 644 episcopi
916 592 1228 640 Montisalbani,
1262 594 1378 642 cujus
1410 607 1553 644 corpus
1586 593 1629 632 in
1660 594 1832 644 presenti
1865 595 1974 634 adest

262 658 516 700 ecclesiastice
542 655 776 694 tradendum
799 653 1014 703 sepulture,
1042 652 1309 702 inquiramus,
1337 652 1452 690 nobis
1476 661 1666 703 tanquam
1687 654 1805 692 unico
1829 654 1915 692 testi
1939 663 1973 693 et
2007 654 2015 660 ἵ

262 719 442 759 carnalia
455 717 572 767 fiectu
584 722 763 765 suspecto
774 712 946 762 forsitan
958 713 1195 750 credendum
1208 726 1286 749 non
1298 720 1406 750 esset.
1422 712 1526 750 Cum
1537 727 1622 750 vero
1636 714 1681 751 de
1696 713 1774 763 fine
1791 727 1971 752 consum-

263 778 449 819 mationis
477 777 631 814 dierum
667 788 831 812 suorum
867 771 1065 810 laudabili
1100 772 1288 822 queritur,
1324 786 1407 819 nos,
1444 772 1511 822 qui
1549 787 1628 810 non
1664 781 1855 823 tanquam
1889 789 1971 812 car-

263 840 368 878 nalis
387 839 512 884 homo,
531 835 599 873 sed
617 842 658 871 ut
677 832 826 871 Christi
847 831 1040 879 minister,
1059 831 1186 869 eidem
1204 831 1287 869 dies
1305 845 1398 868 suos
1418 832 1575 881 finienti
1593 841 1841 870 sacramenta
1859 834 1970 871 eccle-

261 898 424 937 siastica
451 894 704 940 contulimus,
732 901 766 930 et
792 890 1127 929 consummationi
1155 891 1228 929 vite
1254 905 1324 928 sue
1351 891 1487 928 multis
1513 906 1703 942 perquam
1729 892 1973 931 continuatis

263 959 400 997 diebus
436 971 481 994 ac
518 954 698 992 noctibus
736 951 1005 1001 interfuimuS,
1046 950 1180 988 merito
1216 950 1342 988 eidem
1379 951 1639 989 indubietatis
1675 960 1708 989 et
1743 951 1973 1002 suspicione

262 1032 398 1057 carens
411 1013 681 1054 testimonium
694 1012 912 1049 secundum
934 1011 1004 1048 illa
1024 1025 1095 1062 que
1114 1010 1217 1048 dicta
1236 1018 1329 1047 sunt
1345 1011 1518 1060 proferre
1532 1012 1719 1049 valemus.
1737 1012 1791 1049 Et
1804 1011 1910 1050 infra
1933 1012 1948 1034 2
1964 1029 1971 1050 :

262 1079 400 1117 Audeo
431 1075 554 1113 dicere
585 1073 687 1124 quod
717 1086 924 1121 nunquam
954 1070 1262 1108 laudabiliorem
1293 1070 1414 1120 finem
1443 1070 1617 1108 hominis
1649 1071 1749 1118 vidi3
1781 1079 1816 1109 et
1839 1071 1908 1109 hoc
1936 1073 1971 1109 si

261 1137 551 1176 consideremus
579 1132 697 1174 totius
725 1131 798 1169 vite
824 1145 893 1168 sue
920 1130 1270 1176 examinationem,
1300 1129 1343 1167 in
1370 1144 1447 1180 qua
1473 1130 1588 1168 ambo
1614 1130 1690 1168 soli
1717 1131 1971 1169 discurrendo

263 1212 330 1248 per
358 1195 540 1244 singulos
572 1193 654 1230 dies
685 1191 759 1229 vite
789 1205 858 1228 sue
888 1198 922 1227 et
951 1198 1076 1227 status
1107 1189 1375 1227 examinando
1405 1189 1585 1227 stetimus
1617 1189 1763 1227 inclusi
1793 1190 1872 1240 fere
1903 1205 1973 1241 per

262 1257 433 1295 mediam
450 1254 564 1292 diem.
588 1253 693 1290 Item
711 1251 817 1289 infra
834 1249 850 1272 3
869 1266 875 1287 :
900 1250 1072 1299 Insuper
1099 1249 1134 1286 si
1163 1249 1455 1286 consideremus
1472 1264 1561 1287 cum
1575 1258 1723 1299 quanta
1741 1249 1973 1288 contritione

261 1324 417 1367 peccata
447 1328 522 1351 sua
554 1310 774 1361 recognovit
803 1318 838 1347 et
868 1309 1130 1360 penitentiam
1161 1317 1195 1346 et
1225 1309 1387 1358 plenam
1419 1309 1712 1358 indulgentiam
1743 1309 1973 1348 auctoritate

260 1374 476 1427 apostolica
497 1381 584 1423 post
605 1370 741 1408 omnia
762 1369 1024 1407 ecclesiastica
1045 1376 1293 1406 sacramenta
1315 1383 1373 1406 me
1394 1368 1585 1417 largiente
1606 1368 1761 1418 recepit.
1786 1368 1972 1420 Denique

261 1436 308 1474 de
330 1442 460 1474 morte
482 1434 569 1482 ejus
602 1431 657 1469 sic
690 1429 874 1479 loquitur
892 1428 907 1451 4
926 1445 933 1466 ε
957 1429 1007 1466 Et
1027 1436 1122 1466 certe
1145 1428 1237 1465 bene
1256 1429 1381 1465 audeo
1403 1428 1539 1475 dicere,
1560 1428 1663 1466 sicut
1683 1428 1747 1466 ille
1770 1428 1837 1478 qui
1860 1429 1972 1478 vidit,

261 1496 361 1545 quod
383 1494 425 1531 in
444 1493 516 1530 isto
532 1491 598 1542 qui
615 1489 798 1528 Christus
817 1497 871 1526 est
890 1487 1129 1526 venerabilis
1147 1496 1258 1538 pater
1277 1496 1404 1525 noster
1423 1496 1457 1525 et
1473 1487 1595 1536 frater
1615 1488 1748 1537 finivit
1767 1488 1850 1526 dies
1864 1502 1970 1529 suos.

262 1554 369 1592 Nam
384 1567 422 1590 re
438 1567 539 1598 vera,
557 1549 723 1596 domini,
741 1563 830 1586 cum
844 1556 1014 1586 astarem
1029 1547 1064 1584 ei
1083 1562 1172 1585 cum
1188 1547 1399 1594 ministris,
1415 1548 1591 1597 exemplo
1606 1546 1729 1595 Petri,
1748 1556 1788 1585 ut
1803 1548 1972 1586 viderem

262 1614 393 1664 finem,
420 1626 510 1650 curn
533 1610 747 1661 paululum
772 1607 886 1658 quasi
914 1608 956 1645 in
981 1608 1136 1657 hestasy
1160 1615 1301 1657 raptus
1323 1606 1478 1656 fuisset,
1507 1607 1549 1644 in
1573 1621 1644 1644 suo
1673 1607 1770 1644 bono
1793 1621 1913 1645 sensu
1938 1616 1972 1646 et

261 1673 449 1711 memoria
462 1672 581 1721 plena
595 1677 798 1707 attestatus
812 1676 867 1705 est
880 1681 919 1704 se
937 1667 1088 1704 beatam
1103 1666 1312 1716 virginem,
1330 1675 1492 1704 matrem
1507 1666 1671 1714 Christi,
1689 1666 1823 1717 ipsum
1838 1681 1968 1704 conso-

259 1735 405 1771 lantem
426 1730 584 1776 vidisse,
609 1743 727 1779 quam
751 1728 792 1765 in
815 1726 923 1764 omni
947 1727 1054 1773 liora,
1081 1726 1123 1763 in
1145 1726 1254 1764 omni
1284 1734 1431 1776 puncto
1463 1726 1680 1764 invocabat.
1716 1727 1770 1764 Et
1802 1741 1900 1764 mox
1921 1726 1936 1749 5
1961 1743 1969 1765 :

263 1794 434 1842 Insuper
454 1791 544 1827 bene
562 1789 695 1838 finivit
712 1788 754 1825 in
771 1788 843 1824 isto
861 1787 939 1836 fine
955 1786 1022 1836 qui
1038 1794 1093 1823 est
1108 1785 1305 1833 Christus,
1323 1785 1528 1823 Christum
1541 1800 1694 1836 semper
1710 1786 1970 1835 nominando,

261 1852 465 1890 Christum
493 1863 644 1898 semper
675 1847 905 1885 invocanda
943 1846 1084 1883 Ymmo
1116 1845 1227 1883 illam
1256 1845 1473 1883 orationem
1502 1860 1572 1895 que
1603 1845 1748 1895 incipit
1777 1862 1784 1883 :
1816 1845 1970 1884 Anima

261 1911 410 1949 Christi
430 1908 639 1958 sanctifica
662 1921 719 1945 me
742 1907 875 1944 dicens
897 1905 1084 1943 ultimum
1101 1905 1175 1943 vite
1195 1905 1387 1955 spiritum
1407 1905 1600 1942 estalando
1617 1905 1698 1942 dies
1713 1919 1806 1942 suos
1823 1905 1969 1954 finivit.

315 1972 413 2009 Post
446 1970 685 2007 funeratum
719 1966 844 2016 igitur
878 1965 1049 2003 fratrem
1081 1964 1123 2002 in
1160 1964 1324 2004 Italiam
1357 1964 1531 2002 tendens
1565 1978 1673 2002 anno
1708 1964 1969 2003 MCCCLXX

262 2031 478 2068 Urbanum
502 2041 657 2078 papam
682 2025 834 2077 reperit
859 2025 971 2075 apud
998 2024 1424 2071 Montemssasconem‚
1459 2023 1531 2061 ubi
1555 2038 1649 2062 eum
1679 2024 1881 2062 allocutus
1907 2033 1969 2063 est

261 2089 423 2127 nomine
443 2086 609 2125 Henrici
625 2086 727 2135 regis
745 2085 961 2131 Castellae,
979 2084 1333 2133 quemadmodum
1349 2097 1472 2133 supra
1490 2083 1757 2121 observatum
1773 2091 1849 2122 est.

316 2149 472 2186 Eodem
492 2161 599 2184 anno
622 2146 813 2183 Urbanus
836 2158 943 2195 papa
964 2158 1059 2181 eum
1079 2143 1192 2181 misit
1211 2144 1262 2180 ad
1285 2143 1481 2181 Senenses
1503 2151 1543 2181 et
1564 2142 1754 2181 Aretinos
1775 2157 1848 2193 pro
1868 2157 1968 2193 pace

261 2207 565 2246 constituenda.
590 2205 777 2243 Diximus
797 2203 910 2242 istud
929 2218 980 2241 ex
1000 2203 1137 2241 codice
1157 2202 1172 2225 6
1193 2202 1428 2241 orationum
1457 2202 1559 2252 ejus,
1590 2202 1630 2239 in
1657 2216 1737 2251 quo
1761 2202 1940 2240 habetur
1960 2218 1967 2240 :

261 2268 422 2316 Arenga
442 2281 510 2316 per
530 2266 708 2302 eumdem
726 2264 831 2313 facta
846 2264 1003 2313 quando
1018 2277 1089 2313 pro
1105 2277 1200 2312 pace
1216 2262 1457 2309 Senensium
1474 2276 1543 2311 per
1558 2261 1696 2299 Sedem
1710 2261 1970 2311 apostolicam

259 2327 338 2375 fuit
361 2326 523 2372 missus,
547 2326 646 2362 item
670 2324 830 2372 Arenga
853 2337 921 2360 seu
944 2322 1164 2372 propositio
1186 2336 1255 2371 per
1272 2322 1451 2359 eumdem
1465 2321 1571 2370 facta
1591 2321 1758 2371 quamdo
1780 2335 1851 2370 pro
1873 2335 1969 2371 pace

259 2386 517 2423 Aretinorum
541 2399 609 2433 per
634 2383 772 2421 Sedem
796 2382 1055 2432 apostolicam
1077 2381 1157 2430 fuit
1182 2381 1340 2419 missus

316 2446 412 2483 Fine
433 2444 619 2494 ejusdem
639 2442 737 2480 anni
759 2442 965 2488 Urbanus,
988 2441 1058 2491 qui
1078 2441 1256 2478 redierat
1276 2440 1318 2478 in
1339 2439 1528 2486 Galliam,
1550 2439 1758 2478 extinctus
1780 2447 1842 2477 est
1863 2439 1968 2478 Ave-

261 2504 393 2542 nione.
416 2504 533 2552 Quod
552 2502 623 2540 ubi
643 2501 853 2551 cognitum
874 2501 915 2538 in
939 2500 1072 2545 Italia,
1095 2501 1238 2538 Petrus
1260 2498 1476 2538 cardinalis
1497 2499 1545 2537 de
1566 2499 1721 2548 Stagno
1740 2497 1775 2536 ei
1793 2498 1966 2536 solenni-

263 2564 333 2600 bus
377 2562 558 2612 exequiis
601 2560 841 2612 parentavit
883 2560 994 2610 apud
1038 2560 1266 2609 Spoletum.
1311 2558 1552 2597 Orationem
1603 2572 1700 2596 vero
1754 2557 1968 2596 funebrem

260 2622 405 2659 habuit
430 2623 608 2659 Joannes
637 2619 967 2671 archiepiscopus
1004 2618 1279 2672 Bracavrensis.
1320 2617 1382 2656 Sic
1419 2617 1528 2656 enim
1565 2617 1715 2667 legitur
1749 2616 1791 2654 in
1822 2617 1967 2655 eodem

263 2795 292 2825 p.
314 2784 410 2825 347).
433 2782 569 2815 C’e'tait
589 2784 620 2815 le
640 2783 778 2815 second
796 2795 1015 2816 successeur
1033 2783 1077 2815 de
1097 2782 1286 2815 Bertrand
1305 2783 1349 2814 de
1370 2781 1580 2814 Cardaillac
1599 2780 1663 2824 qui
1676 2786 1834 2813 mourut
1846 2785 1966 2812 avant

260 2837 288 2866 10
308 2837 352 2868 16
369 2836 449 2877 juin
472 2836 557 2868 1361
584 2836 703 2874 (Albo,
722 2848 779 2879 op.
800 2837 871 2875 cil.y
892 2843 918 2869 t.
936 2849 959 2875 1,
980 2848 1014 2879 p.
1035 2836 1132 2879 220).

312 2890 338 2921 1.
374 2890 410 2920 Β.
432 2888 488 2924 N..
509 2900 573 2921 ms.
593 2889 687 2920 latin
704 2888 809 2928 3294,
828 2889 890 2922 fol.
911 2891 979 2922 213
998 2894 1047 2922 νο.

376 2943 421 2973 Ut
442 2954 482 2977 s.,
508 2942 568 2974 fol.
596 2943 662 2973 215
687 2947 728 2975 ΓΟ.

375 2995 524 3028 Ibidem.

310 3048 337 3079 [ι.
376 3048 657 3086 (Jt.s-.,s01.215
681 3053 729 3080 νο.

308 3103 336 3132 Γ).
374 3101 388 3131 l
397 3101 522 3133 bidem.

308 3155 336 3184 Γ),
374 3154 409 3184 m.
442 3154 494 3191 N„
524 3165 587 3185 ms.
614 3154 707 3185 latin
732 3154 837 3192 3294,
864 3155 925 3187 fol.
953 3155 1020 3189 243
1047 3160 1086 3187 v⁰
1109 3161 1147 3188 et
1172 3155 1240 3188 245
1263 3159 1307 3187 1¹⁰.

308 2996 325 3025 ιε
310 2945 337 2973 ει
