2083 3458
280 234 363 274 866
932 252 1083 277 NOTAE
1118 253 1178 277 AD
1213 253 1341 278 VITAs
1837 236 1991 291 [1352]

279 333 402 371 tionis
434 332 657 371 comitatus
690 333 985 382 Gebennensis,
1018 349 1122 385 quae
1153 335 1288 374 editae
1319 345 1417 374 sunt
1447 350 1470 373 a
1510 336 1698 375 Samuele
1731 335 1996 374 Guichenone

279 393 386 431 inter
407 392 667 430 Probationes
688 393 876 431 historiae
898 394 1162 443 sabaudicae,
1184 410 1224 446 p.
1248 395 1337 434 249.

334 453 452 490 Anno
471 452 702 500 MCCCCII,
720 467 814 491 cum
831 453 1059 493 cardinales
1079 454 1335 494 pictavensis
1353 463 1395 493 et
1412 455 1460 494 de
1479 455 1650 494 Saluciis
1667 454 1836 494 reduces
1852 463 1994 505 postu-

277 512 412 550 larent
435 526 457 548 a
481 526 572 561 rege
596 511 658 549 uti
683 512 919 551 obedientia
941 513 1168 552 Benedicto
1191 514 1494 563 restitueretur,
1518 514 1804 553 adversarium
1827 528 1995 564 gravem

278 570 438 621 experti
461 579 558 609 sunt
582 571 836 611 cardinalem
859 572 907 611 de
932 574 1144 623 Thurey03
1171 574 1241 624 qui
1261 583 1406 614 tamen
1428 583 1573 625 postea
1595 573 1765 613 transiit
1787 573 1830 611 in
1851 586 1993 613 eorum

279 630 528 681 opinionem,
552 639 600 668 ut
622 639 805 670 testatur
827 631 937 673 idem
960 633 1228 672 continuator
1253 633 1403 684 Nangii
1420 634 1448 673 1.

332 690 452 728 Anno
485 689 755 739 MCCCCVII,
789 706 928 731 mense
959 693 1165 743 januario,
1198 702 1288 732 erat
1319 694 1432 744 apud
1465 693 1690 733 Massiliam
1722 706 1817 733 cum
1848 692 1992 731 ceteris

281 749 351 800 qui
374 750 421 788 de
445 750 657 789 sarcienda
684 751 888 790 Ecclesiae
912 752 1131 791 concordia
1153 754 1412 793 tractabant.
1439 753 1545 792 Hinc
1568 753 1789 804 epistolam
1811 752 1860 791 de
1883 766 1929 791 ea
1951 766 1993 790 re

280 809 443 859 scripsit
472 810 525 847 ad
558 809 885 851 Universitatem
916 812 1203 861 parisiensem,
1235 827 1339 863 quae
1369 822 1488 852 extat
1517 813 1560 850 in
1588 812 1719 851 veteri
1749 812 1887 851 codice
1918 826 1993 850 ms.

279 868 554 908 bibliothecae
610 869 867 909 Harlaeanae
896 871 923 910 ².
969 872 1125 911 Aderat
1168 872 1253 923 ipse
1296 873 1545 911 Benedictus
1588 886 1699 923 papa
1744 872 1868 919 XIII,
1912 885 1994 921 quo

279 928 506 967 mandante
534 929 730 968 convenit
757 945 851 969 cum
876 931 1021 981 legatis
1051 932 1235 982 Gregorii
1263 933 1363 980 XII,
1389 932 1453 971 uti
1478 933 1531 970 ad
1558 933 1638 971 kal.
1672 931 1727 982 [1]
1757 930 1993 971 novembris

280 997 508 1027 conventus
525 989 745 1030 amborum
759 990 1009 1041 pontificum
1025 1000 1066 1030 et
1081 992 1355 1033 cardinalium
1369 992 1586 1042 utriusque
1601 991 1732 1043 partis
1750 991 1867 1030 fieret
1883 990 1994 1041 apud

280 1048 473 1095 saonam,
489 1057 536 1086 ut
558 1049 689 1088 tradit
707 1049 985 1100 Hieronymus
1003 1051 1157 1099 Surita‚
1171 1051 1242 1090 lib.
1261 1052 1300 1090 X
1319 1052 1470 1091 Annal.
1490 1052 1706 1101 Arragon„
1722 1065 1812 1102 cap.
1829 1065 1993 1088 Lxxxv.

334 1108 454 1145 Anno
482 1108 655 1148 tandem
685 1109 924 1149 MCCCCIX
953 1111 1121 1150 omnino
1150 1111 1317 1150 recessit
1346 1112 1398 1149 ab
1427 1112 1573 1150 eodem
1600 1111 1841 1158 Benedicto,
1871 1118 1913 1148 et
1941 1109 1994 1147 ad

281 1166 478 1206 Pisanum
497 1167 716 1209 concilium
735 1184 775 1208 se
795 1169 992 1218 contulit3
1011 1169 1084 1208 ubi
1103 1171 1300 1221 depositis
1319 1185 1512 1222 supremo
1529 1170 1685 1221 judicio
1703 1170 1849 1209 eodem
1865 1170 1994 1208 Bene-

280 1226 392 1265 dicto
414 1235 456 1265 et
479 1227 672 1278 Gregorio
698 1228 797 1277 XII,
821 1229 892 1280 qui
913 1239 1118 1281 papatum
1140 1230 1182 1268 vi
1203 1230 1379 1269 retinere
1403 1231 1615 1278 volebant,
1639 1229 1874 1269 Alexander
1896 1229 1931 1267 V
1951 1228 1994 1266 in

279 1300 420 1324 eorum
434 1287 523 1325 loco
536 1287 696 1337 positus
714 1297 775 1327 est
790 1289 974 1329 omnium
990 1290 1261 1328 cardinalium
1276 1291 1346 1341 qui
1360 1290 1535 1329 aderant
1549 1289 1759 1330 communi
1772 1303 1993 1336 consensu3

280 1345 375 1384 vide
398 1346 683 1396 Spondanum,
705 1362 771 1387 an.
796 1348 910 1397 1409,
932 1358 974 1388 et
996 1350 1220 1390 Odoricum
1243 1350 1523 1400 Raynaldum,
1544 1350 1634 1389 eod.
1657 1364 1739 1397 an.‚
1767 1350 1784 1399 ἓ
1806 1349 1869 1387 67.

336 1406 493 1446 Eodem
532 1420 640 1445 anno
676 1417 853 1447 exeunte
882 1408 898 1432 3
934 1408 1044 1448 idem
1080 1410 1314 1448 Alexander
1341 1411 1510 1449 Petrum
1535 1410 1584 1448 de
1616 1410 1809 1459 Thureyo
1836 1407 1993 1447 creavit

275 1464 481 1504 vvicarium
527 1467 759 1516 generalem
805 1476 846 1507 et
884 1469 1069 1519 legatum
1106 1469 1150 1508 in
1185 1469 1357 1508 civitate
1396 1469 1673 1508 Avenionensi
1710 1477 1752 1508 et
1788 1467 1992 1507 comitatu

280 1524 540 1574 Veneyssini3
568 1526 761 1575 Fantoni,
778 1542 866 1578 par.
890 1528 905 1566 I
922 1528 1031 1567 Hist.
1050 1529 1192 1577 Aven„
1209 1544 1249 1580 p.
1269 1529 1358 1568 293.

333 1584 451 1622 Anno
471 1586 686 1625 MCCCCX
701 1586 719 1610 4
743 1587 855 1637 apud
883 1588 1134 1638 Lugdunum
1151 1589 1333 1628 elevavit
1352 1603 1522 1640 corpora
1550 1597 1791 1627 sanctorum
1821 1586 1992 1635 Irenaei,

280 1643 474 1694 Epipodii
498 1653 539 1683 et
564 1646 803 1694 Alexandri,
827 1655 874 1686 ut
899 1647 1050 1687 docent
1073 1648 1161 1698 ejus
1198 1648 1340 1687 literae
1376 1649 1512 1687 editae
1548 1648 1660 1699 apud
1684 1647 1918 1687 Severtium
1949 1647 1992 1685 in

278 1703 604 1754 Archiepiscopis
628 1706 985 1755 Lugdunensibus,
1009 1722 1049 1758 p.
1070 1708 1167 1755 347,
1192 1707 1234 1746 in
1260 1708 1408 1759 quibus
1434 1707 1519 1759 ipse
1544 1723 1584 1747 se
1610 1716 1735 1747 vocat
1758 1707 1944 1757 legatum
1968 1720 1991 1744 a

276 1762 403 1801 latere
433 1778 527 1804 cum
554 1765 675 1815 plena
704 1774 914 1816 potestate
943 1766 985 1805 in
1015 1768 1281 1818 Lugdunensi
1308 1777 1350 1806 et
1379 1768 1498 1807 certis
1528 1767 1617 1806 aliis
1646 1767 1761 1817 regni
1791 1766 1989 1805 Franciae

275 1823 512 1872 provinciis.

330 1882 436 1920 Sunt
457 1882 527 1933 qui
548 1892 702 1934 putant
723 1884 839 1923 illum
860 1899 970 1924 anno
992 1886 1254 1925 MCCCCXII
1276 1886 1495 1926 excessisse
1516 1887 1531 1910 5
1552 1901 1604 1925 ex
1630 1886 1751 1925 rebus
1781 1884 1989 1924 humanis.

277 1941 532 1981 Contelorius
560 1943 614 1994 [p.
640 1944 732 1994 185]
757 1959 854 1983 Vero
875 1945 1019 1984 scribit
1040 1955 1229 1985 constare
1251 1962 1301 1985 ex
1322 1946 1449 1985 literis
1482 1945 1699 1986 Benedicti
1721 1945 1830 1983 XIII
1853 1945 1990 1984 adhuc

275 2000 424 2040 vixisse
452 2016 560 2040 anno
589 2002 903 2052 MCCCCXVII,
932 2005 995 2044 die
1024 2021 1096 2044 xv1
1119 2005 1271 2057 aprilis.
1304 2006 1410 2044 Illud
1430 2015 1591 2046 certum
1616 2014 1693 2053 est,
1722 2004 1869 2045 obiisse
1891 2013 1988 2043 ante

274 2074 431 2101 annum
467 2061 765 2112 MCCCCXIX,
801 2078 895 2104 cum
930 2064 972 2103 in
1006 2065 1243 2104 narratione
1278 2065 1410 2105 veteri
1444 2066 1492 2105 de
1529 2074 1661 2106 morte
1697 2073 1738 2104 et
1773 2065 1988 2115 sepultura

275 2120 446 2160 Amedei
475 2121 524 2160 de
556 2122 726 2161 Saluciis
758 2124 871 2174 apud
902 2124 1150 2173 Severtium,
1179 2140 1220 2176 p.
1252 2126 1342 2174 343,
1373 2126 1535 2176 legatur
1563 2140 1660 2165 eum
1689 2124 1849 2163 dedisse
1880 2123 1989 2162 inter

273 2187 408 2218 cetera
431 2181 622 2220 ecclesiae
646 2182 927 2233 Lugdunensi,
948 2183 991 2222 in
1013 2198 1094 2235 qua
1124 2185 1310 2236 sepultus
1333 2193 1409 2233 est,
1433 2186 1509 2223 duo
1529 2184 1722 2235 frontalia
1742 2199 1767 2222 a
1786 2198 1827 2222 se
1857 2192 1989 2234 empta

273 2238 317 2276 de
332 2240 556 2278 executione
572 2242 608 2279 d.
626 2242 848 2281 cardinalis
864 2244 908 2281 de
927 2243 1121 2295 Thureyo.

320 2389 351 2421 1.
385 2390 540 2423 Ibidem.

321 2443 350 2475 2.
382 2443 422 2477 B.
446 2444 503 2483 N„
531 2456 599 2478 ms.
619 2446 715 2478 latin
733 2446 863 2487 12544,
884 2448 946 2481 fol.
968 2449 1035 2481 171
1056 2453 1100 2489 r0,
1118 2455 1156 2482 et
1174 2461 1242 2482 ms.
1260 2449 1425 2491 franc-ais
1443 2449 1574 2489 23428,
1594 2449 1656 2482 fol.
1678 2449 1723 2482 92
1740 2453 1797 2488 v⁰;
1815 2447 1986 2480 Martene

272 2494 499 2537 (Thesaurus
522 2510 636 2531 novus
658 2501 926 2541 anecdotorum,
951 2507 977 2535 t.
1001 2514 1039 2542 11,
1065 2503 1132 2536 col.
1158 2503 1280 2547 1292).
1803 2532 1805 2534 >

317 2550 348 2582 3.
381 2549 430 2582 Le
460 2551 505 2584 16
542 2554 758 2595 septembre
796 2555 890 2587 1409
931 2555 1341 2598 (Albanes—Chevalier',
1380 2556 1504 2590 Gallia
1534 2557 1739 2589 christiana
1768 2555 1983 2594 novissima,

267 2607 292 2633 t.
325 2614 386 2642 vn,
417 2615 451 2636 n.
482 2605 604 2648 1670).

316 2656 347 2687 4.
380 2656 447 2689 Les
479 2664 581 2691 actes
612 2660 788 2706 notarios,
810 2667 1022 2695 contenant
1043 2663 1074 2696 le
1098 2664 1383 2707 proces-verbal
1406 2664 1450 2696 de
1473 2664 1509 2696 la
1532 2662 1742 2696 ceremonia
1764 2667 1853 2695 sont
1876 2661 1983 2694 dates

267 2707 316 2739 du
340 2710 358 2741 6
382 2710 475 2742 avril
499 2712 593 2744 1410
620 2712 666 2755 (J.
692 2714 868 2757 Beyssac,
892 2715 1041 2748 Ρνὲνόίε
1063 2717 1355 2757 άεἙοῑιννίένεε,
1380 2717 1501 2760 Lyon,
1526 2717 1632 2756 1908,
1657 2728 1691 2760 p.
1717 2715 1815 2759 153).

316 2762 347 2794 5.
373 2763 402 2794 11
431 2771 571 2797 rcssort
601 2766 664 2799 des
687 2767 913 2801 documents
943 2769 1034 2803 cites
1056 2781 1125 2813 par
1149 2770 1191 2803 N.
1216 2770 1343 2803 Valois
1367 2782 1438 2813 que
1463 2770 1586 2803 Pierre
1609 2770 1653 2802 de
1675 2770 1806 2812 Thury
1827 2773 1983 2801 mourut

269 2824 348 2846 vers
372 2815 402 2847 le
427 2816 445 2848 9
470 2817 667 2851 decembre
692 2820 786 2853 1410
814 2822 852 2864 (t.
876 2834 927 2862 1v,
953 2834 986 2865 p.
1013 2823 1095 2862 162,
1120 2829 1209 2856 note
1232 2824 1282 2867 3).
1306 2843 1355 2846 -—«
1376 2823 1468 2856 Voir
1489 2835 1553 2856 sur
1574 2823 1626 2855 lui
1651 2823 1694 2856 N.
1719 2821 1848 2856 Valois
1879 2821 1919 2865 (t.
1943 2833 1983 2862 11,

266 2877 299 2908 p.
320 2868 385 2899 511
405 2875 442 2901 ct
459 2875 553 2911 t.1v,
572 2883 606 2914 p.
627 2873 708 2916 605)
724 2887 730 2913 ;
749 2874 1136 2909 Albanes-Chevalier
1153 2877 1225 2920 (op.
1245 2878 1317 2916 cit,
1336 2883 1362 2910 t.
1383 2889 1445 2916 vn,
1465 2877 1532 2909 col.
1552 2875 1748 2919 478-482);
1769 2876 1807 2908 P.
1828 2874 1983 2907 Pansier

269 2919 335 2961 (Lu
357 2922 463 2954 liwree
485 2924 525 2956 cle
549 2925 675 2969 Thury
695 2928 717 2959 ἁ
737 2927 914 2970 Avignon
935 2941 1010 2962 aua·
1032 2935 1120 2961 XIVe
1137 2936 1175 2962 et
1196 2935 1268 2962 XV0
1290 2930 1426 2969 sidetes,
1448 2931 1541 2962 dans
1564 2929 1732 2962 Annales
1754 2928 1980 2971 d'Avignon,

265 2977 290 3004 t.
312 2985 348 3005 111
372 2974 621 3021 (lolli—1915),
644 2991 677 3022 p.
699 2981 888 3024 125-144).
910 2982 943 3015 J.
965 2983 1129 3025 Beyssac
1159 2983 1230 3016 fait
1256 2985 1378 3016 naitre
1405 2983 1527 3016 Pierre
1547 2983 1568 3015 a
1587 2983 1729 3026 Thury,
1750 2981 1916 3026 paroisse
1937 2981 1980 3013 de

264 3024 522 3069 l'archiprctre
543 3031 585 3063 dc
606 3032 770 3076 Brangcs
791 3046 838 3066 au
855 3035 1001 3068 diocese
1021 3036 1064 3068 de
1082 3036 1229 3076 Macon,
1248 3042 1286 3069 et
1304 3037 1355 3069 lui
1375 3036 1543 3069 attribue
1561 3048 1657 3080 pour
1672 3038 1758 3080 pere
1777 3047 1830 3067 un
1846 3035 1981 3067 cheva-

264 3077 343 3163 lior·i
365 3080 413 3111 du
438 3093 525 3114 nom
548 3084 591 3115 de
616 3085 770 3125 Gerard,
796 3087 867 3120 cite'
891 3100 959 3131 par
980 3089 1092 3122 Vidal
1119 3090 1166 3132 (n.
1192 3090 1295 3133 655);
1321 3090 1403 3122 voir
1424 3090 1493 3122 Les
1514 3090 1664 3122 Ρνὲνόἰε
1686 3090 1727 3122 de
1748 3089 1968 3121 Fourvieres

264 3142 297 3172 p.
354 3134 407 3165 55.
