2083 3458
46 175 170 231 [613]
578 188 796 213 PAPARUM
831 185 1218 213 AVENIONENSIUM
1683 168 1742 210 89

86 274 129 311 Ρ.
160 272 223 320 47,
252 271 318 321 lig.
349 271 384 309 3.
417 270 660 308 TUDERTIM.
696 270 727 308 Il
755 283 783 319 y
812 269 876 307 fut
906 271 927 306 a
956 269 995 306 la
1027 268 1084 307 fin
1113 268 1168 306 du
1197 267 1300 306 mois
1330 267 1474 305 d’aofit
1505 265 1741 317 (Schwalm,

31 347 70 371 11.
102 331 209 380 841).

86 391 128 429 P.
148 390 210 437 47,
227 389 294 439 lig.
314 388 348 427 6.
368 388 583 426 ARETIUM.
603 387 700 426 Voir
718 387 919 426 Schwalm
939 389 992 437 (n.
1011 385 1103 435 847)
1123 394 1213 424 acte
1232 386 1286 423 du
1305 385 1354 423 10
1371 384 1602 435 septembre
1621 383 1734 422 1312.

86 450 128 488 P‘.
177 448 241 496 47,
274 447 340 498 lig.
376 447 436 486 15.
472 447 672 485 LEGATUS
709 461 828 486 PAPE.
870 446 981 484 Duos
1020 453 1111 483 tum
1153 459 1287 495 papae
1326 443 1496 482 nuncios
1537 442 1659 481 fuisse
1696 442 1742 480 in.

33 507 178 559 Anglia
209 508 328 546 docet
357 505 689 556 Walsinghamus
732 505 776 556 [t.
808 520 835 553 1,
866 520 905 556 p.
930 503 1045 555 133],
1077 504 1306 542 Arnaldum
1336 501 1529 542 videlicet
1566 501 1736 548 Novelli,

32 567 317 619 presbyterum
341 565 590 604 cardinalem
611 564 724 602 tituli
763 566 937 604 Sanctae
960 563 1134 610 Priscae,
1157 570 1199 602 et
1233 562 1462 601 Arnaldum
1485 561 1534 600 de
1557 560 1691 598 Auxio
1711 562 1743 606 ¹,

33 627 268 678 episcopum
301 625 590 671 Albanensem,
624 631 848 674 utrumque
907 631 1048 661 autem
1101 637 1141 660 se
1194 620 1486 672 interposuisse
1530 619 1572 658 in
1616 619 1742 657 istam.

32 683 375 737 pacificationem.

87 745 129 782 P.
149 743 212 791 47,
230 743 296 793 lig.
317 742 378 781 22.
398 742 646 780 ANICISSAM.
667 741 781 780 Alius
800 741 930 780 codex
946 741 1074 780 habet
1101 740 1314 778 Aviritam.

87 804 129 841 P.
161 802 223 849 48,
252 802 318 852 lig.
349 801 385 840 3.
418 816 475 839 xv
507 803 584 840 Dm
619 815 839 840 DECEMBR.
879 800 1211 849 Walsinghamus
1244 799 1297 837 ad
1327 812 1483 837 annum
1511 796 1739 835 MCCCXII

46 862 90 914 [t.
109 877 135 910 1,
154 876 193 913 p.
216 860 315 911 135]
338 877 345 898 :
366 861 513 898 Eodem
531 875 651 907 anno,
665 859 727 897 die
742 859 846 909 jovis
865 859 908 896 in
926 859 1098 897 crastino
1115 866 1247 896 sancte
1264 857 1386 896 Lucie
1415 857 1481 907 [14
1500 855 1738 905 decembre]

35 920 217 971 virginis,
248 919 408 970 eclipsis
438 920 535 957 luna
567 918 714 969 incepit
745 919 787 956 in
819 920 941 957 noctis
971 918 1212 968 crepusculo,
1243 925 1278 955 et
1307 931 1376 967 per
1405 915 1527 954 trium
1557 915 1745 953 horarum

33 980 210 1031 spatium
246 978 486 1029 perduravit.

86 1039 129 1078 P.
148 1038 212 1086 48,
230 1038 298 1088 lig.
318 1037 353 1076 5.
385 1038 654 1076 REmmosos.
688 1037 719 1074 Il
746 1051 762 1075 s
768 1035 867 1087 ’agit
895 1036 964 1074 des
993 1036 1132 1074 Freres
1161 1034 1339 1073 Mineurs
1367 1014 1408 1073 et
1448 1034 1497 1072 de
1513 1034 1619 1072 leurs
1646 1046 1747 1082 que-

33 1098 145 1137 relles
169 1097 399 1144 intestines,
418 1096 508 1135 Voir
526 1096 686 1143 Archiv,
706 1104 736 1134 t.
757 1111 799 1143 11,
819 1111 857 1148 p.
884 1095 972 1143 138,
994 1095 1085 1133 140-
1091 1094 1164 1132 141
1185 1102 1274 1133 ett.
1293 1108 1350 1141 111,
1369 1108 1409 1144 p.
1430 1092 1492 1132 25.

88 1158 130 1195 P.
151 1156 214 1204 48,
234 1156 299 1207 lig.
323 1155 384 1194 12.
406 1156 590 1194 Ancmps
610 1156 831 1200 AQUENSIS
852 1152 1103 1193 Guillelmus
1112 1154 1161 1192 de
1181 1153 1446 1203 Mandagoto.

88 1217 130 1254 P.
149 1215 212 1264 48,
228 1215 295 1265 lig.
315 1215 376 1253 13.
393 1215 680 1252 BITERRENSIS
696 1213 965 1264 Berengarius
984 1212 1157 1252 Fredoli.

88 1275 131 1313 P.
153 1274 216 1322 48,
235 1274 302 1324 lig.
325 1274 386 1312 14.
408 1274 554 1312 ABBAs
576 1274 614 1312 S.
637 1273 795 1312 SEVERI
818 1273 1104 1322 Raymundus.

88 1334 131 1372 P.
157 1333 221 1381 48,
245 1333 311 1383 lig.
339 1332 400 1371 17.
429 1333 525 1371 Duo
545 1347 798 1371 FAMILIARES
828 1346 933 1371 PAPE
967 1331 1207 1370 Guillelmus
1231 1333 1353 1369 Testa
1388 1337 1428 1368 et
1461 1329 1665 1366 Arnaldus
1695 1328 1748 1365 de>

35 1392 181 1431 Auxio.

90 1452 148 1491 De
170 1451 232 1490 his
254 1450 438 1502 pluribus
462 1465 628 1501 agemus
652 1451 704 1489 ad
729 1450 903 1488 Tertiam
926 1450 1047 1488 vitam
1069 1448 1281 1487 Clementis
1308 1448 1343 1485 V
1365 1448 1475 1500 [t.1],
1499 1461 1536 1497 p.
1562 1446 1623 1485 57.

89 1511 131 1550 P.
154 1510 217 1559 48,
237 1510 303 1561 lig
326 1510 387 1549 18.
407 1510 741 1549 BAanLLAmUS
762 1509 935 1549 Michael
956 1509 1004 1547 de
1023 1509 1166 1547 Becco.

89 1571 133 1609 P.
158 1569 221 1619 48,
244 1569 310 1620 lig.
337 1569 398 1609 23.
426 1569 660 1608 Fssnmmss.
687 1569 872 1608 Clement
894 1568 929 1606 V
952 1582 1137 1607 annonce
1160 1567 1198 1605 la
1222 1566 1410 1605 nouvelle
1435 1579 1518 1603 aux
1542 1560 1744 1603 Ferrarais

34 1629 69 1668 le
87 1628 109 1667 5
125 1628 208 1667 mai
225 1637 266 1668 et
285 1628 442 1667 Robert
458 1643 541 1666 aux
558 1629 777 1666 Padouans
795 1636 836 1666 et
853 1642 935 1666 aux
952 1626 1162 1666 Venitiens
1179 1626 1215 1664 le
1233 1625 1281 1663 12
1300 1625 1513 1663 decembre
1544 1622 1745 1669 ‹Predelli‚

38 1688 61 1726 Ι
77 1688 171 1726 libri
189 1687 508 1735 commemoriali,
528 1688 552 1726 l.
578 1687 608 1735 Ι,
627 1702 666 1726 n.
688 1687 764 1725 549
783 1687 866 1726 etl.
892 1687 945 1734 II,
965 1701 1004 1725 n.
1026 1686 1094 1733 273
1116 1685 1259 1735 Lunig,
1279 1684 1422 1732 Codex,
1452 1692 1481 1722 t.
1501 1698 1558 1730 ιν,
1578 1697 1616 1721 11.
1637 1681 1744 1730 469).

37 1747 138 1786 Mais
158 1747 194 1786 le
214 1761 320 1798 pape
342 1746 481 1785 faisait
502 1746 676 1784 allusion
698 1761 750 1784 au
772 1745 946 1785 vicariat
967 1746 1016 1785 de
1041 1745 1198 1789 Robert
1222 1745 1256 1783 le
1279 1743 1329 1783 29
1350 1757 1458 1781 mars
1483 1741 1673 1791 (Clement
1699 1741 1751 1789 V,

34 1821 72 1846 n.
102 1806 234 1855 9283).

90 1866 133 1904 P.
157 1865 220 1913 48,
241 1864 307 1916 lig.
333 1864 394 1903 27.
419 1865 677 1903 MARCABON.
703 1865 777 1903 Les
801 1863 1011 1903 Venitiens
1034 1863 1330 1913 s’engagerent,
1353 1876 1403 1900 en
1425 1861 1535 1907 effet,
1559 1862 1581 1898 a
1603 1874 1652 1898 ne
1674 1873 1747 1909 pas

36 1924 221 1963 reedifier
242 1924 280 1964 la
303 1924 517 1963 forteresse
540 1924 589 1962 de
613 1924 820 1963 Marcamo
845 1924 907 1971 (G.
932 1923 1124 1969 Soranzo,
1147 1922 1207 1960 La
1229 1936 1370 1971 guerra
1390 1920 1454 1970 fra
1481 1919 1650 1957 Venezia
1670 1933 1688 1955 e
1710 1918 1748 1955 la

39 1984 79 2022 S.
111 1983 219 2031 Sede,
246 1998 287 2034 p.
317 1982 423 2032 275).

91 2043 134 2081 P.
158 2042 222 2090 49,
243 2042 309 2092 lig.
334 2042 369 2081 6.
394 2043 719 2080 ΡΒοΜιεΕΒΑΝΤ.
744 2042 819 2080 Les
842 2041 985 2079 Pisans
1007 2040 1175 2079 avaient
1196 2038 1349 2090 promis
1365 2039 1413 2077 de
1435 2052 1562 2089 payer
1577 2035 1751 2075 200.000=

41 2101 178 2140 ssorins
205 2103 228 2139 a
256 2101 383 2139 Henri
409 2101 491 2138 VII
516 2101 551 2140 le
578 2100 628 2138 26
654 2101 868 2140 decembre
888 2100 988 2139 1312
1014 2099 1245 2149 (Schwalm,
1267 2097 1590 2144 constitutiones,
1615 2104 1644 2134 t.
1671 2096 1746 2141 1v'2,

39 2175 78 2199 n.
107 2160 213 2209 900).

93 2220 136 2258 P.
153 2219 203 2257 49
209 2219 298 2270 ,lig.
315 2219 351 2258 8.
370 2219 491 2257 DUAS
515 2233 645 2257 FILIAS
669 2217 1149 2266 KAn0L1‚Catharinam,
1177 2217 1225 2255 de
1253 2230 1334 2267 qua
1357 2215 1515 2254 dictum
1539 2222 1601 2252 est
1625 2226 1749 2263 supra

40 2286 81 2317 et
113 2251 298 2317 Mariam.
334 2277 546 2329 Philippus
580 2292 673 2327 ergo
705 2277 882 2343 priorem
911 2276 1051 2324 duxit3
1085 2276 1209 2314 aliam
1243 2274 1358 2314 dedit
1390 2288 1561 2312 uxorem
1597 2271 1751 2310 Karolo-

42 2336 124 2376 filio
149 2352 237 2385 suo,
263 2337 296 2376 si
320 2351 417 2375 vera
446 2337 591 2376 fides2.
620 2337 749 2387 Cogor
774 2337 883 2375 enim
909 2336 1126 2375 observare
1151 2334 1275 2384 hujus
1304 2333 1445 2372 Karoli
1471 2346 1641 2370 uxorem
1667 2344 1750 2368 non

39 2395 162 2435 fuisse
188 2396 360 2434 Mariam
385 2395 605 2444 Valesiam,
631 2395 822 2446 quamvis
860 2395 1126 2435 continuator
1151 2393 1302 2444 Nangii
1337 2393 1382 2445 [t.
1407 2407 1434 2440 1,
1459 2406 1498 2442 p
1526 2390 1616 2439 396)
1644 2390 1750 2428 hanc

38 2454 320 2495 narrationem
355 2454 598 2494 confirmare
633 2454 839 2503 videatur,
876 2454 946 2493 sed
982 2454 1259 2505 Margaretam
1294 2450 1583 2497 Sabaudicam,
1623 2448 1749 2486 filiam

39 2513 218 2564 Philippi
247 2528 301 2554 ex
332 2513 635 2570 Isabella,2filia
666 2513 872 2553 Guillelmi
901 2513 951 2552 de
971 2511 1319 2559 Villa-Harduini,
1339 2509 1534 2562 principis
1556 2507 1750 2546 Achaiae.

89 2685 122 2718 1.
140 2684 299 2718 Arnaud
317 2683 443 2716 d'Aux
462 2683 599 2717 n'etait
616 2694 683 2726 pas
702 2693 834 2716 encore
853 2680 1022 2714 cardinal
1040 2680 1171 2724 quand
1187 2679 1212 2712 il
1229 2679 1290 2711 fut
1306 2679 1453 2721 envoye
1471 2689 1516 2710 en
1530 2677 1753 2719 Angleterre

42 2749 133 2771 avec
148 2738 307 2771 Arnaud
325 2736 484 2776 Novelli,
504 2748 522 2767 v
530 2736 584 2769 oir
600 2736 711 2779 infra,
728 2745 768 2767 ce
784 2745 885 2768 nom.

92 2792 124 2824 2.
144 2791 295 2824 Charles
315 2790 359 2823 de
378 2789 505 2822 Valois
524 2789 643 2822 maria
660 2801 717 2822 ses
738 2788 830 2821 filles
850 2787 1051 2821 Catherine
1069 2787 1090 2818 a
1110 2786 1283 2829 Philippe
1302 2785 1346 2817 de
1368 2784 1530 2816 Tarente
1549 2789 1586 2815 ct
1612 2782 1750 2814 Jeanne

43 2844 64 2876 a
87 2844 238 2877 Charles
262 2844 306 2877 de
327 2842 504 2882 Tarente,
531 2842 587 2875 fils
611 2843 655 2875 de
681 2841 864 2885 Philippo.
890 2841 1061 2873 Clement
1083 2839 1115 2872 V
1137 2838 1298 2872 accorda
1321 2837 1493 2880 dispense
1518 2836 1561 2868 de
1586 2835 1750 2878 mariage

43 2908 139 2941 pour
162 2904 261 2930 cette
286 2896 454 2929 derniere
478 2895 596 2928 union
619 2896 651 2928 le
675 2896 720 2928 19
745 2895 821 2926 mai
844 2895 938 2927 1313
966 2893 1141 2936 (Clement
1159 2892 1201 2931 V,
1228 2903 1263 2924 n.
1290 2891 1412 2932 9276).
1438 2889 1584 2922 Jeanne
1609 2890 1750 2931 epousa

44 2951 136 2983 dans
151 2951 186 2983 la
200 2950 298 2983 suite
315 2949 460 2982 Robert
474 2949 641 2982 d'Artois
657 2951 764 2992 apres
778 2948 810 2980 le
827 2948 934 2981 deces
949 2947 994 2980 de
1008 2957 1077 2979 son
1091 2944 1186 2978 mari
1204 2944 1268 2988 qui
1283 2949 1438 2976 mourut
1451 2942 1528 2975 fort
1540 2943 1664 2985 jeune.
1682 2941 1750 2974 Les

43 3004 142 3037 deux
162 3015 281 3036 soeurs
302 3003 446 3036 etaient
469 3001 560 3035 filles
582 3002 626 3035 de
649 3001 849 3034 Catherine
871 3001 915 3033 de
937 2999 1166 3041 Courtenay,
1190 2997 1293 3030 niece
1314 2997 1359 3029 de
1379 2995 1577 3029 Beaudoin
1598 2995 1648 3035 ΙΙ,
1671 2995 1752 3027 der-

42 3057 121 3090 nier
136 3068 333 3100 empereur
346 3055 501 3097 latinwde
519 3055 833 3098 Constantinople
853 3053 900 3097 (J.
916 3052 1030 3092 Petit,
1048 3051 1197 3085 Charles
1213 3051 1254 3083 de
1272 3050 1410 3089 Valois,
1427 3061 1463 3093 p.
1481 3049 1538 3089 53,
1556 3048 1638 3087 244,
1653 3046 1754 3090 245).
