<?xml version="1.0" encoding="UTF-8"?>
<!DOCTYPE html PUBLIC "-//W3C//DTD XHTML 1.0 Transitional//EN"
    "http://www.w3.org/TR/xhtml1/DTD/xhtml1-transitional.dtd">
<html xmlns="http://www.w3.org/1999/xhtml" xml:lang="en" lang="en">
 <head>
  <title>
</title>
<meta http-equiv="Content-Type" content="text/html;charset=utf-8" />
  <meta name='ocr-system' content='tesseract 3.04.00' />
  <meta name='ocr-capabilities' content='ocr_page ocr_carea ocr_par ocr_line ocrx_word'/>
</head>
<body>
  <div class='ocr_page' id='page_1' title='image "./vitaepaparumaven02balu_0589.png"; bbox 0 0 2083 3458; ppageno 0'>
   <div class='ocr_carea' id='block_1_1' title="bbox 98 234 1776 291">
    <p class='ocr_par' dir='ltr' id='par_1_1' title="bbox 98 234 1776 291">
     <span class='ocr_line' id='line_1_1' title="bbox 98 234 1776 291; baseline -0.002 -14"><span class='ocrx_word' id='word_1_1' title='bbox 98 237 247 291; x_wconf 81' lang='lat'>[1060]</span> <span class='ocrx_word' id='word_1_2' title='bbox 615 253 829 277; x_wconf 70' lang='lat' dir='ltr'>PAPARUM</span> <span class='ocrx_word' id='word_1_3' title='bbox 866 252 1248 277; x_wconf 73' lang='lat' dir='ltr'>AVENIONENSIUM</span> <span class='ocrx_word' id='word_1_4' title='bbox 1697 234 1776 275; x_wconf 74' lang='grc'><em>579</em></span> 
     </span>
    </p>
   </div>
   <div class='ocr_carea' id='block_1_2' title="bbox 73 333 1787 2388">
    <p class='ocr_par' dir='ltr' id='par_1_2' title="bbox 83 333 1781 502">
     <span class='ocr_line' id='line_1_2' title="bbox 86 333 1781 384; baseline -0.002 -12"><span class='ocrx_word' id='word_1_5' title='bbox 86 335 211 383; x_wconf 38' lang='lat' dir='ltr'><em>Petri,</em></span> <span class='ocrx_word' id='word_1_6' title='bbox 235 335 451 373; x_wconf 84' lang='lat' dir='ltr'><em>cardinalis</em></span> <span class='ocrx_word' id='word_1_7' title='bbox 496 335 671 372; x_wconf 76' lang='lat' dir='ltr'>Sanctae</span> <span class='ocrx_word' id='word_1_8' title='bbox 704 335 854 373; x_wconf 79' lang='lat' dir='ltr'><em>Mariae</em></span> <span class='ocrx_word' id='word_1_9' title='bbox 888 335 1042 381; x_wconf 70' lang='lat' dir='ltr'><em>Novae,</em></span> <span class='ocrx_word' id='word_1_10' title='bbox 1076 344 1218 384; x_wconf 79' lang='lat' dir='ltr'><em>postea</em></span> <span class='ocrx_word' id='word_1_11' title='bbox 1250 334 1431 384; x_wconf 76' lang='lat' dir='ltr'>Gregorii</span> <span class='ocrx_word' id='word_1_12' title='bbox 1466 333 1525 370; x_wconf 76' lang='lat' dir='ltr'><em>XI</em></span> <span class='ocrx_word' id='word_1_13' title='bbox 1557 347 1702 383; x_wconf 84' lang='lat' dir='ltr'><em>papae,</em></span> <span class='ocrx_word' id='word_1_14' title='bbox 1735 339 1781 368; x_wconf 86' lang='lat' dir='ltr'><em>ut</em></span> 
     </span>
     <span class='ocr_line' id='line_1_3' title="bbox 83 392 1780 442; baseline -0.002 -11"><span class='ocrx_word' id='word_1_15' title='bbox 83 393 162 431; x_wconf 89' lang='lat' dir='ltr'><em>illic</em></span> <span class='ocrx_word' id='word_1_16' title='bbox 181 394 430 431; x_wconf 87' lang='lat' dir='ltr'><em>adnotatum</em></span> <span class='ocrx_word' id='word_1_17' title='bbox 450 401 511 431; x_wconf 87' lang='lat' dir='ltr'><em>est</em></span> <span class='ocrx_word' id='word_1_18' title='bbox 530 407 552 430; x_wconf 91' lang='lat' dir='ltr'><em>a</em></span> <span class='ocrx_word' id='word_1_19' title='bbox 572 407 697 430; x_wconf 90' lang='lat' dir='ltr'><em>manu</em></span> <span class='ocrx_word' id='word_1_20' title='bbox 718 394 904 442; x_wconf 82' lang='lat' dir='ltr'><em>antiqua.</em></span> <span class='ocrx_word' id='word_1_21' title='bbox 930 394 1001 431; x_wconf 84' lang='lat' dir='ltr'><em>lllo</em></span> <span class='ocrx_word' id='word_1_22' title='bbox 1022 395 1161 442; x_wconf 79' lang='lat' dir='ltr'><em>itaque</em></span> <span class='ocrx_word' id='word_1_23' title='bbox 1181 408 1277 431; x_wconf 89' lang='lat' dir='ltr'><em>usus</em></span> <span class='ocrx_word' id='word_1_24' title='bbox 1297 401 1358 431; x_wconf 85' lang='lat' dir='ltr'><em>est</em></span> <span class='ocrx_word' id='word_1_25' title='bbox 1378 392 1594 441; x_wconf 81' lang='lat' dir='ltr'>Gregorius</span> <span class='ocrx_word' id='word_1_26' title='bbox 1614 406 1660 429; x_wconf 91' lang='lat' dir='ltr'><em>eo</em></span> <span class='ocrx_word' id='word_1_27' title='bbox 1679 399 1780 428; x_wconf 86' lang='lat' dir='ltr'><em>tem-</em></span> 
     </span>
     <span class='ocr_line' id='line_1_4' title="bbox 83 452 1054 502; baseline 0.001 -12"><span class='ocrx_word' id='word_1_28' title='bbox 83 466 179 502; x_wconf 87' lang='lat' dir='ltr'><em>pore</em></span> <span class='ocrx_word' id='word_1_29' title='bbox 204 466 284 501; x_wconf 79' lang='lat' dir='ltr'><em>quo</em></span> <span class='ocrx_word' id='word_1_30' title='bbox 309 452 437 490; x_wconf 88' lang='lat' dir='ltr'><em>dabat</em></span> <span class='ocrx_word' id='word_1_31' title='bbox 462 465 628 502; x_wconf 80' lang='lat' dir='ltr'>operam</span> <span class='ocrx_word' id='word_1_32' title='bbox 652 452 789 489; x_wconf 86' lang='lat' dir='ltr'><em>studio</em></span> <span class='ocrx_word' id='word_1_33' title='bbox 813 452 1054 501; x_wconf 80' lang='lat' dir='ltr'><em>theologico.</em></span> 
     </span>
    </p>

    <p class='ocr_par' dir='ltr' id='par_1_3' title="bbox 73 509 1787 1906">
     <span class='ocr_line' id='line_1_5' title="bbox 138 509 1781 561; baseline -0.002 -13"><span class='ocrx_word' id='word_1_34' title='bbox 138 511 180 549; x_wconf 88' lang='lat' dir='ltr'><em>P.</em></span> <span class='ocrx_word' id='word_1_35' title='bbox 204 511 293 557; x_wconf 81' lang='lat'><em>416,</em></span> <span class='ocrx_word' id='word_1_36' title='bbox 315 512 382 561; x_wconf 77' lang='lat' dir='ltr'><em>lig.</em></span> <span class='ocrx_word' id='word_1_37' title='bbox 407 511 467 549; x_wconf 85' lang='lat'><em>13.</em></span> <span class='ocrx_word' id='word_1_38' title='bbox 492 511 655 548; x_wconf 82' lang='lat' dir='ltr'>MULTIS</span> <span class='ocrx_word' id='word_1_39' title='bbox 679 525 933 548; x_wconf 70' lang='lat' dir='ltr'><em>VIRTurissus</em></span> <span class='ocrx_word' id='word_1_40' title='bbox 958 525 1164 548; x_wconf 68' lang='lat' dir='ltr'><em>DOTATUS.</em></span> <span class='ocrx_word' id='word_1_41' title='bbox 1190 511 1337 548; x_wconf 78' lang='lat' dir='ltr'><em>Lucius</em></span> <span class='ocrx_word' id='word_1_42' title='bbox 1361 511 1546 547; x_wconf 78' lang='lat' dir='ltr'><em>Colucius</em></span> <span class='ocrx_word' id='word_1_43' title='bbox 1570 509 1781 547; x_wconf 78' lang='lat' dir='ltr'><em>Salutatus</em></span> 
     </span>
     <span class='ocr_line' id='line_1_6' title="bbox 85 568 1779 619; baseline -0.002 -13"><span class='ocrx_word' id='word_1_44' title='bbox 85 569 133 608; x_wconf 91' lang='lat' dir='ltr'><em>de</em></span> <span class='ocrx_word' id='word_1_45' title='bbox 155 569 368 619; x_wconf 83' lang='lat' dir='ltr'><em>Stigmano</em></span> <span class='ocrx_word' id='word_1_46' title='bbox 388 570 427 607; x_wconf 89' lang='lat' dir='ltr'><em>in</em></span> <span class='ocrx_word' id='word_1_47' title='bbox 450 569 624 619; x_wconf 89' lang='lat' dir='ltr'><em>epistola</em></span> <span class='ocrx_word' id='word_1_48' title='bbox 643 568 657 591; x_wconf 82' lang='lat'>¹</span> <span class='ocrx_word' id='word_1_49' title='bbox 678 569 730 606; x_wconf 88' lang='lat' dir='ltr'><em>ad</em></span> <span class='ocrx_word' id='word_1_50' title='bbox 762 569 1025 607; x_wconf 85' lang='lat' dir='ltr'><em>Franciscum</em></span> <span class='ocrx_word' id='word_1_51' title='bbox 1052 570 1193 616; x_wconf 85' lang='lat' dir='ltr'><em>Bruni,</em></span> <span class='ocrx_word' id='word_1_52' title='bbox 1222 570 1325 607; x_wconf 84' lang='lat' dir='ltr'><em>libro</em></span> <span class='ocrx_word' id='word_1_53' title='bbox 1351 570 1410 606; x_wconf 81' lang='grc' dir='ltr'><em>ΙΙΙ</em></span> <span class='ocrx_word' id='word_1_54' title='bbox 1434 569 1779 605; x_wconf 64' lang='grc' dir='ltr'><em>ᾹΙίεεθΗαηεονιιιη</em></span> 
     </span>
     <span class='ocr_line' id='line_1_7' title="bbox 84 626 1779 678; baseline -0.002 -12"><span class='ocrx_word' id='word_1_55' title='bbox 84 637 332 676; x_wconf 87' lang='lat' dir='ltr'><em>nostrorum,</em></span> <span class='ocrx_word' id='word_1_56' title='bbox 365 643 402 678; x_wconf 89' lang='lat' dir='ltr'><em>p.</em></span> <span class='ocrx_word' id='word_1_57' title='bbox 439 628 513 666; x_wconf 76' lang='lat'><em>108</em></span> <span class='ocrx_word' id='word_1_58' title='bbox 547 644 553 666; x_wconf 93' lang='lat'>:</span> <span class='ocrx_word' id='word_1_59' title='bbox 584 628 643 665; x_wconf 88' lang='lat' dir='ltr'><em>De</em></span> <span class='ocrx_word' id='word_1_60' title='bbox 675 628 851 664; x_wconf 88' lang='lat' dir='ltr'><em>moribus</em></span> <span class='ocrx_word' id='word_1_61' title='bbox 882 642 987 665; x_wconf 80' lang='lat' dir='ltr'><em>enim</em></span> <span class='ocrx_word' id='word_1_62' title='bbox 1019 628 1105 676; x_wconf 84' lang='lat' dir='ltr'><em>ejus</em></span> <span class='ocrx_word' id='word_1_63' title='bbox 1137 643 1182 665; x_wconf 88' lang='lat' dir='ltr'><em>ne</em></span> <span class='ocrx_word' id='word_1_64' title='bbox 1214 643 1357 678; x_wconf 85' lang='lat' dir='ltr'><em>parum</em></span> <span class='ocrx_word' id='word_1_65' title='bbox 1389 628 1530 674; x_wconf 77' lang='lat' dir='ltr'><em>(licam,</em></span> <span class='ocrx_word' id='word_1_66' title='bbox 1572 626 1779 664; x_wconf 84' lang='lat' dir='ltr'><em>consilium</em></span> 
     </span>
     <span class='ocr_line' id='line_1_8' title="bbox 83 685 1783 737; baseline -0.001 -13"><span class='ocrx_word' id='word_1_67' title='bbox 83 696 176 736; x_wconf 88' lang='lat' dir='ltr'><em>puto</em></span> <span class='ocrx_word' id='word_1_68' title='bbox 202 687 359 725; x_wconf 83' lang='lat' dir='ltr'><em>silentio</em></span> <span class='ocrx_word' id='word_1_69' title='bbox 385 695 637 737; x_wconf 79' lang='lat' dir='ltr'><em>pertranstre,</em></span> <span class='ocrx_word' id='word_1_70' title='bbox 665 686 874 724; x_wconf 77' lang='lat' dir='ltr'><em>dummodo</em></span> <span class='ocrx_word' id='word_1_71' title='bbox 900 702 1029 736; x_wconf 86' lang='lat' dir='ltr'><em>pauca</em></span> <span class='ocrx_word' id='word_1_72' title='bbox 1055 687 1169 724; x_wconf 63' lang='lat' dir='ltr'><em>verba</em></span> <span class='ocrx_word' id='word_1_73' title='bbox 1194 687 1432 724; x_wconf 83' lang='lat' dir='ltr'><em>subnectam.</em></span> <span class='ocrx_word' id='word_1_74' title='bbox 1462 686 1574 735; x_wconf 73' lang='lat' dir='ltr'><em>Quod</em></span> <span class='ocrx_word' id='word_1_75' title='bbox 1599 694 1699 723; x_wconf 90' lang='lat' dir='ltr'><em>totus</em></span> <span class='ocrx_word' id='word_1_76' title='bbox 1725 685 1783 722; x_wconf 63' lang='lat' dir='ltr'><em>vir</em></span> 
     </span>
     <span class='ocr_line' id='line_1_9' title="bbox 84 744 1781 796; baseline -0.002 -12"><span class='ocrx_word' id='word_1_77' title='bbox 84 746 166 794; x_wconf 85' lang='lat' dir='ltr'><em>iste,</em></span> <span class='ocrx_word' id='word_1_78' title='bbox 196 761 302 784; x_wconf 87' lang='lat' dir='ltr'><em>nunc</em></span> <span class='ocrx_word' id='word_1_79' title='bbox 328 755 487 796; x_wconf 88' lang='lat' dir='ltr'><em>patrum</em></span> <span class='ocrx_word' id='word_1_80' title='bbox 514 754 635 796; x_wconf 88' lang='lat' dir='ltr'><em>pater,</em></span> <span class='ocrx_word' id='word_1_81' title='bbox 665 745 890 795; x_wconf 85' lang='lat' dir='ltr'><em>prudentia,</em></span> <span class='ocrx_word' id='word_1_82' title='bbox 920 746 1227 795; x_wconf 75' lang='lat' dir='ltr'><em>circumspectio,</em></span> <span class='ocrx_word' id='word_1_83' title='bbox 1257 745 1456 789; x_wconf 81' lang='lat' dir='ltr'><em>modestia,</em></span> <span class='ocrx_word' id='word_1_84' title='bbox 1487 745 1595 794; x_wconf 76' lang='lat' dir='ltr'><em>sicleS,</em></span> <span class='ocrx_word' id='word_1_85' title='bbox 1624 744 1781 791; x_wconf 78' lang='lat' dir='ltr'><em>caritas,</em></span> 
     </span>
     <span class='ocr_line' id='line_1_10' title="bbox 83 803 1783 855; baseline -0.001 -13"><span class='ocrx_word' id='word_1_86' title='bbox 83 819 204 852; x_wconf 82' lang='lat' dir='ltr'><em>amor,</em></span> <span class='ocrx_word' id='word_1_87' title='bbox 222 805 459 854; x_wconf 75' lang='lat' dir='ltr'><em>benignitas,</em></span> <span class='ocrx_word' id='word_1_88' title='bbox 475 813 509 842; x_wconf 89' lang='lat' dir='ltr'><em>et</em></span> <span class='ocrx_word' id='word_1_89' title='bbox 525 805 625 855; x_wconf 82' lang='lat' dir='ltr'><em>quod</em></span> <span class='ocrx_word' id='word_1_90' title='bbox 642 804 684 841; x_wconf 87' lang='lat' dir='ltr'><em>in</em></span> <span class='ocrx_word' id='word_1_91' title='bbox 701 804 884 854; x_wconf 77' lang='lat' dir='ltr'><em>principe</em></span> <span class='ocrx_word' id='word_1_92' title='bbox 896 805 967 841; x_wconf 84' lang='lat' dir='ltr'><em>tali</em></span> <span class='ocrx_word' id='word_1_93' title='bbox 982 805 1354 853; x_wconf 81' lang='lat' dir='ltr'><em>splendidissimum</em></span> <span class='ocrx_word' id='word_1_94' title='bbox 1371 804 1627 853; x_wconf 75' lang='lat' dir='ltr'><em>approbatur,</em></span> <span class='ocrx_word' id='word_1_95' title='bbox 1643 803 1783 841; x_wconf 67' lang='lat' dir='ltr'><em>veritas</em></span> 
     </span>
     <span class='ocr_line' id='line_1_11' title="bbox 82 862 1782 913; baseline -0.002 -11"><span class='ocrx_word' id='word_1_96' title='bbox 82 872 117 901; x_wconf 78' lang='lat' dir='ltr'><em>et</em></span> <span class='ocrx_word' id='word_1_97' title='bbox 143 864 365 902; x_wconf 84' lang='lat' dir='ltr'><em>constantia</em></span> <span class='ocrx_word' id='word_1_98' title='bbox 384 864 575 901; x_wconf 79' lang='lat' dir='ltr'><em>dictorum</em></span> <span class='ocrx_word' id='word_1_99' title='bbox 594 864 880 912; x_wconf 75' lang='lat' dir='ltr'><em>sactorumque3</em></span> <span class='ocrx_word' id='word_1_100' title='bbox 902 878 972 913; x_wconf 80' lang='lat' dir='ltr'><em>que</em></span> <span class='ocrx_word' id='word_1_101' title='bbox 992 878 1076 900; x_wconf 83' lang='lat' dir='ltr'><em>cum</em></span> <span class='ocrx_word' id='word_1_102' title='bbox 1109 863 1148 899; x_wconf 87' lang='lat' dir='ltr'><em>in</em></span> <span class='ocrx_word' id='word_1_103' title='bbox 1170 864 1296 900; x_wconf 81' lang='lat' dir='ltr'><em>eodem</em></span> <span class='ocrx_word' id='word_1_104' title='bbox 1318 863 1445 900; x_wconf 80' lang='lat' dir='ltr'><em>adhuc</em></span> <span class='ocrx_word' id='word_1_105' title='bbox 1473 862 1669 899; x_wconf 71' lang='lat' dir='ltr'><em>cardinali</em></span> <span class='ocrx_word' id='word_1_106' title='bbox 1693 862 1782 899; x_wconf 83' lang='lat' dir='ltr'><em>cele-</em></span> 
     </span>
     <span class='ocr_line' id='line_1_12' title="bbox 87 921 1784 970; baseline -0.002 -10"><span class='ocrx_word' id='word_1_107' title='bbox 87 923 203 960; x_wconf 88' lang='lat' dir='ltr'><em>briter</em></span> <span class='ocrx_word' id='word_1_108' title='bbox 219 924 424 970; x_wconf 87' lang='lat' dir='ltr'><em>elucerent,</em></span> <span class='ocrx_word' id='word_1_109' title='bbox 447 922 503 960; x_wconf 90' lang='lat' dir='ltr'><em>ita</em></span> <span class='ocrx_word' id='word_1_110' title='bbox 523 931 564 960; x_wconf 91' lang='lat' dir='ltr'><em>ut</em></span> <span class='ocrx_word' id='word_1_111' title='bbox 581 937 627 960; x_wconf 72' lang='lat' dir='ltr'><em>ex</em></span> <span class='ocrx_word' id='word_1_112' title='bbox 655 922 706 959; x_wconf 85' lang='lat' dir='ltr'><em>iis</em></span> <span class='ocrx_word' id='word_1_113' title='bbox 725 922 860 959; x_wconf 70' lang='lat' dir='ltr'><em>divino</em></span> <span class='ocrx_word' id='word_1_114' title='bbox 890 922 1081 959; x_wconf 84' lang='lat' dir='ltr'><em>miraculo</em></span> <span class='ocrx_word' id='word_1_115' title='bbox 1107 923 1150 958; x_wconf 75' lang='lat' dir='ltr'><em>(Ie</em></span> <span class='ocrx_word' id='word_1_116' title='bbox 1179 931 1256 959; x_wconf 85' lang='lat' dir='ltr'><em>tam</em></span> <span class='ocrx_word' id='word_1_117' title='bbox 1284 921 1453 970; x_wconf 66' lang='lat' dir='ltr'><em>juvenili</em></span> <span class='ocrx_word' id='word_1_118' title='bbox 1481 930 1576 958; x_wconf 79' lang='lat' dir='ltr'><em>etate</em></span> <span class='ocrx_word' id='word_1_119' title='bbox 1607 921 1784 958; x_wconf 66' lang='lat' dir='ltr'><em>videatur</em></span> 
     </span>
     <span class='ocr_line' id='line_1_13' title="bbox 82 980 1784 1032; baseline -0.002 -13"><span class='ocrx_word' id='word_1_120' title='bbox 82 982 134 1019; x_wconf 87' lang='lat' dir='ltr'><em>ad</em></span> <span class='ocrx_word' id='word_1_121' title='bbox 164 982 317 1031; x_wconf 79' lang='lat' dir='ltr'><em>apicem</em></span> <span class='ocrx_word' id='word_1_122' title='bbox 350 983 593 1032; x_wconf 86' lang='lat' dir='ltr'><em>apostolatus</em></span> <span class='ocrx_word' id='word_1_123' title='bbox 625 989 868 1031; x_wconf 89' lang='lat' dir='ltr'><em>assumptus,</em></span> <span class='ocrx_word' id='word_1_124' title='bbox 903 981 999 1031; x_wconf 58' lang='lat' dir='ltr'><em>quid</em></span> <span class='ocrx_word' id='word_1_125' title='bbox 1029 981 1210 1018; x_wconf 79' lang='lat' dir='ltr'><em>debemus</em></span> <span class='ocrx_word' id='word_1_126' title='bbox 1245 996 1349 1018; x_wconf 87' lang='lat' dir='ltr'><em>nunc</em></span> <span class='ocrx_word' id='word_1_127' title='bbox 1381 981 1425 1017; x_wconf 82' lang='lat' dir='ltr'><em>de</em></span> <span class='ocrx_word' id='word_1_128' title='bbox 1458 981 1524 1017; x_wconf 82' lang='lat' dir='ltr'><em>illo</em></span> <span class='ocrx_word' id='word_1_129' title='bbox 1557 981 1607 1017; x_wconf 79' lang='lat' dir='ltr'><em>acl</em></span> <span class='ocrx_word' id='word_1_130' title='bbox 1635 980 1784 1017; x_wconf 78' lang='lat' dir='ltr'><em>Christi</em></span> 
     </span>
     <span class='ocr_line' id='line_1_14' title="bbox 83 1039 1782 1090; baseline -0.002 -12"><span class='ocrx_word' id='word_1_131' title='bbox 83 1040 184 1078; x_wconf 70' lang='lat' dir='ltr'><em>vices</em></span> <span class='ocrx_word' id='word_1_132' title='bbox 210 1049 329 1079; x_wconf 87' lang='lat' dir='ltr'><em>erecto</em></span> <span class='ocrx_word' id='word_1_133' title='bbox 356 1055 444 1078; x_wconf 87' lang='lat' dir='ltr'><em>cum</em></span> <span class='ocrx_word' id='word_1_134' title='bbox 471 1049 581 1079; x_wconf 87' lang='lat' dir='ltr'><em>tanta</em></span> <span class='ocrx_word' id='word_1_135' title='bbox 609 1041 797 1078; x_wconf 75' lang='lat' dir='ltr'><em>virtutum</em></span> <span class='ocrx_word' id='word_1_136' title='bbox 824 1040 1063 1090; x_wconf 64' lang='lat' dir='ltr'><em>supellectile</em></span> <span class='ocrx_word' id='word_1_137' title='bbox 1088 1039 1291 1088; x_wconf 66' lang='lat' dir='ltr'><em>judicare?</em></span> <span class='ocrx_word' id='word_1_138' title='bbox 1314 1039 1431 1079; x_wconf 87' lang='lat' dir='ltr'><em>Illum</em></span> <span class='ocrx_word' id='word_1_139' title='bbox 1453 1039 1782 1088; x_wconf 65' lang='lat' dir='ltr'><em>VValsinghamus</em></span> 
     </span>
     <span class='ocr_line' id='line_1_15' title="bbox 94 1097 1784 1150; baseline -0.002 -13"><span class='ocrx_word' id='word_1_140' title='bbox 94 1100 111 1149; x_wconf 84' lang='lat'><em>[.</em></span> <span class='ocrx_word' id='word_1_141' title='bbox 135 1108 164 1138; x_wconf 89' lang='lat' dir='ltr'><em>t.</em></span> <span class='ocrx_word' id='word_1_142' title='bbox 195 1114 235 1146; x_wconf 82' lang='lat'><em>11,</em></span> <span class='ocrx_word' id='word_1_143' title='bbox 267 1115 304 1150; x_wconf 88' lang='lat' dir='ltr'><em>p.</em></span> <span class='ocrx_word' id='word_1_144' title='bbox 337 1099 437 1150; x_wconf 78' lang='lat'>362]</span> <span class='ocrx_word' id='word_1_145' title='bbox 468 1107 592 1138; x_wconf 75' lang='lat' dir='ltr'><em>vocat</em></span> <span class='ocrx_word' id='word_1_146' title='bbox 622 1100 778 1137; x_wconf 87' lang='lat' dir='ltr'><em>bonum</em></span> <span class='ocrx_word' id='word_1_147' title='bbox 808 1100 937 1137; x_wconf 75' lang='lat' dir='ltr'><em>viruir</em></span> <span class='ocrx_word' id='word_1_148' title='bbox 972 1107 1010 1136; x_wconf 83' lang='lat' dir='ltr'><em>et</em></span> <span class='ocrx_word' id='word_1_149' title='bbox 1036 1099 1209 1148; x_wconf 83' lang='lat' dir='ltr'><em>justum,</em></span> <span class='ocrx_word' id='word_1_150' title='bbox 1242 1099 1489 1136; x_wconf 83' lang='lat' dir='ltr'><em>Trithemius</em></span> <span class='ocrx_word' id='word_1_151' title='bbox 1519 1099 1560 1135; x_wconf 87' lang='lat' dir='ltr'><em>in</em></span> <span class='ocrx_word' id='word_1_152' title='bbox 1591 1097 1784 1135; x_wconf 79' lang='lat' dir='ltr'><em>Chronico</em></span> 
     </span>
     <span class='ocr_line' id='line_1_16' title="bbox 73 1157 1783 1208; baseline -0.002 -12"><span class='ocrx_word' id='word_1_153' title='bbox 73 1159 385 1208; x_wconf 66' lang='lat' dir='ltr'><em>,Hirsaugiensi,</em></span> <span class='ocrx_word' id='word_1_154' title='bbox 411 1167 440 1198; x_wconf 87' lang='lat' dir='ltr'><em>t.</em></span> <span class='ocrx_word' id='word_1_155' title='bbox 466 1174 507 1206; x_wconf 91' lang='lat'><em>11,</em></span> <span class='ocrx_word' id='word_1_156' title='bbox 533 1174 572 1208; x_wconf 92' lang='lat' dir='ltr'><em>p.</em></span> <span class='ocrx_word' id='word_1_157' title='bbox 598 1158 687 1205; x_wconf 80' lang='grc'>259,</span> <span class='ocrx_word' id='word_1_158' title='bbox 714 1159 847 1196; x_wconf 84' lang='lat' dir='ltr'><em>virum</em></span> <span class='ocrx_word' id='word_1_159' title='bbox 874 1159 918 1195; x_wconf 72' lang='lat' dir='ltr'><em>bo</em></span> <span class='ocrx_word' id='word_1_160' title='bbox 930 1173 952 1194; x_wconf 64' lang='grc' dir='ltr'><em>ιν</em></span> <span class='ocrx_word' id='word_1_161' title='bbox 965 1172 1042 1204; x_wconf 84' lang='lat' dir='ltr'><em>um,</em></span> <span class='ocrx_word' id='word_1_162' title='bbox 1069 1158 1252 1204; x_wconf 85' lang='lat' dir='ltr'><em>doctum,</em></span> <span class='ocrx_word' id='word_1_163' title='bbox 1279 1166 1318 1195; x_wconf 79' lang='lat' dir='ltr'><em>et</em></span> <span class='ocrx_word' id='word_1_164' title='bbox 1346 1165 1623 1203; x_wconf 80' lang='lat' dir='ltr'><em>mansuetum,</em></span> <span class='ocrx_word' id='word_1_165' title='bbox 1651 1157 1783 1194; x_wconf 90' lang='lat' dir='ltr'><em>Claro-</em></span> 
     </span>
     <span class='ocr_line' id='line_1_17' title="bbox 84 1215 1782 1267; baseline -0.001 -13"><span class='ocrx_word' id='word_1_166' title='bbox 84 1219 279 1265; x_wconf 86' lang='lat' dir='ltr'><em>montius,</em></span> <span class='ocrx_word' id='word_1_167' title='bbox 312 1218 353 1255; x_wconf 90' lang='lat' dir='ltr'><em>in</em></span> <span class='ocrx_word' id='word_1_168' title='bbox 386 1218 569 1255; x_wconf 73' lang='lat' dir='ltr'><em>Historia</em></span> <span class='ocrx_word' id='word_1_169' title='bbox 601 1217 811 1263; x_wconf 86' lang='lat' dir='ltr'><em>Caesenae,</em></span> <span class='ocrx_word' id='word_1_170' title='bbox 845 1232 883 1267; x_wconf 89' lang='lat' dir='ltr'><em>p.</em></span> <span class='ocrx_word' id='word_1_171' title='bbox 918 1217 1005 1263; x_wconf 43' lang='lat'><em>(³⁶34,</em></span> <span class='ocrx_word' id='word_1_172' title='bbox 1039 1231 1224 1254; x_wconf 85' lang='lat' dir='ltr'><em>summae</em></span> <span class='ocrx_word' id='word_1_173' title='bbox 1267 1217 1434 1266; x_wconf 79' lang='lat' dir='ltr'><em>pietatis</em></span> <span class='ocrx_word' id='word_1_174' title='bbox 1467 1230 1512 1253; x_wconf 84' lang='lat' dir='ltr'><em>ac</em></span> <span class='ocrx_word' id='word_1_175' title='bbox 1554 1215 1782 1253; x_wconf 73' lang='lat' dir='ltr'><em>sanctitatis</em></span> 
     </span>
     <span class='ocr_line' id='line_1_18' title="bbox 82 1275 1784 1327; baseline -0.002 -12"><span class='ocrx_word' id='word_1_176' title='bbox 82 1285 304 1327; x_wconf 72' lang='lat' dir='ltr'><em>pastorem,</em></span> <span class='ocrx_word' id='word_1_177' title='bbox 330 1277 526 1326; x_wconf 79' lang='lat' dir='ltr'><em>quicquid</em></span> <span class='ocrx_word' id='word_1_178' title='bbox 551 1277 697 1326; x_wconf 82' lang='lat' dir='ltr'><em>Pogius</em></span> <span class='ocrx_word' id='word_1_179' title='bbox 722 1277 911 1314; x_wconf 79' lang='lat' dir='ltr'><em>blateret.</em></span> <span class='ocrx_word' id='word_1_180' title='bbox 938 1278 1089 1314; x_wconf 83' lang='lat' dir='ltr'><em>Contra</em></span> <span class='ocrx_word' id='word_1_181' title='bbox 1112 1276 1153 1313; x_wconf 89' lang='lat' dir='ltr'><em>in</em></span> <span class='ocrx_word' id='word_1_182' title='bbox 1176 1289 1267 1313; x_wconf 89' lang='lat' dir='ltr'><em>eum</em></span> <span class='ocrx_word' id='word_1_183' title='bbox 1291 1275 1549 1313; x_wconf 77' lang='lat' dir='ltr'><em>acerbissime</em></span> <span class='ocrx_word' id='word_1_184' title='bbox 1575 1275 1784 1312; x_wconf 82' lang='lat' dir='ltr'><em>invehitur</em></span> 
     </span>
     <span class='ocr_line' id='line_1_19' title="bbox 81 1333 1783 1386; baseline -0.002 -12"><span class='ocrx_word' id='word_1_185' title='bbox 81 1344 226 1374; x_wconf 86' lang='lat' dir='ltr'><em>auctor</em></span> <span class='ocrx_word' id='word_1_186' title='bbox 247 1337 444 1386; x_wconf 85' lang='lat' dir='ltr'><em>epistolae</em></span> <span class='ocrx_word' id='word_1_187' title='bbox 471 1335 762 1374; x_wconf 85' lang='lat' dir='ltr'><em>Universitatis</em></span> <span class='ocrx_word' id='word_1_188' title='bbox 787 1335 1029 1373; x_wconf 81' lang='lat' dir='ltr'><em>Oxoniensis</em></span> <span class='ocrx_word' id='word_1_189' title='bbox 1053 1335 1105 1372; x_wconf 89' lang='lat' dir='ltr'><em>ad</em></span> <span class='ocrx_word' id='word_1_190' title='bbox 1130 1335 1375 1383; x_wconf 77' lang='lat' dir='ltr'><em>Pragensem</em></span> <span class='ocrx_word' id='word_1_191' title='bbox 1398 1334 1531 1372; x_wconf 80' lang='lat' dir='ltr'><em>editae</em></span> <span class='ocrx_word' id='word_1_192' title='bbox 1555 1333 1606 1371; x_wconf 87' lang='lat' dir='ltr'><em>ab</em></span> <span class='ocrx_word' id='word_1_193' title='bbox 1632 1333 1783 1371; x_wconf 90' lang='lat' dir='ltr'><em>Hulde-</em></span> 
     </span>
     <span class='ocr_line' id='line_1_20' title="bbox 83 1391 1782 1444; baseline -0.003 -11"><span class='ocrx_word' id='word_1_194' title='bbox 83 1395 194 1433; x_wconf 85' lang='lat' dir='ltr'><em>richo</em></span> <span class='ocrx_word' id='word_1_195' title='bbox 216 1395 404 1433; x_wconf 86' lang='lat' dir='ltr'><em>Hutteno</em></span> <span class='ocrx_word' id='word_1_196' title='bbox 426 1411 432 1432; x_wconf 91' lang='lat'>:</span> <span class='ocrx_word' id='word_1_197' title='bbox 461 1395 646 1444; x_wconf 78' lang='lat' dir='ltr'><em>Gregorio</em></span> <span class='ocrx_word' id='word_1_198' title='bbox 666 1395 789 1443; x_wconf 80' lang='lat' dir='ltr'><em>igitur</em></span> <span class='ocrx_word' id='word_1_199' title='bbox 807 1394 874 1431; x_wconf 83' lang='lat' dir='ltr'><em>XI</em></span> <span class='ocrx_word' id='word_1_200' title='bbox 892 1394 941 1431; x_wconf 92' lang='lat' dir='ltr'><em>ab</em></span> <span class='ocrx_word' id='word_1_201' title='bbox 961 1394 1120 1431; x_wconf 84' lang='lat' dir='ltr'><em>ineunte</em></span> <span class='ocrx_word' id='word_1_202' title='bbox 1139 1402 1261 1431; x_wconf 88' lang='lat' dir='ltr'><em>aetate</em></span> <span class='ocrx_word' id='word_1_203' title='bbox 1281 1408 1400 1442; x_wconf 77' lang='lat' dir='ltr'><em>usque</em></span> <span class='ocrx_word' id='word_1_204' title='bbox 1419 1393 1469 1429; x_wconf 79' lang='lat' dir='ltr'><em>ad</em></span> <span class='ocrx_word' id='word_1_205' title='bbox 1486 1391 1782 1430; x_wconf 77' lang='lat' dir='ltr'><em>adolescentiam</em></span> 
     </span>
     <span class='ocr_line' id='line_1_21' title="bbox 82 1450 1784 1503; baseline -0.002 -12"><span class='ocrx_word' id='word_1_206' title='bbox 82 1454 321 1491; x_wconf 69' lang='lat' dir='ltr'><em>suavissime</em></span> <span class='ocrx_word' id='word_1_207' title='bbox 354 1454 514 1501; x_wconf 84' lang='lat' dir='ltr'><em>nutrito,</em></span> <span class='ocrx_word' id='word_1_208' title='bbox 535 1453 655 1491; x_wconf 72' lang='lat' dir='ltr'><em>nihil</em></span> <span class='ocrx_word' id='word_1_209' title='bbox 686 1453 892 1503; x_wconf 80' lang='lat' dir='ltr'><em>penuriae,</em></span> <span class='ocrx_word' id='word_1_210' title='bbox 923 1453 1028 1490; x_wconf 80' lang='lat' dir='ltr'><em>nihil</em></span> <span class='ocrx_word' id='word_1_211' title='bbox 1057 1452 1318 1502; x_wconf 78' lang='lat' dir='ltr'><em>paupertatis.</em></span> <span class='ocrx_word' id='word_1_212' title='bbox 1355 1451 1458 1488; x_wconf 78' lang='lat' dir='ltr'><em>nihil</em></span> <span class='ocrx_word' id='word_1_213' title='bbox 1487 1450 1784 1496; x_wconf 75' lang='lat' dir='ltr'><em>sollicitudinis,</em></span> 
     </span>
     <span class='ocr_line' id='line_1_22' title="bbox 85 1510 1784 1562; baseline -0.002 -13"><span class='ocrx_word' id='word_1_214' title='bbox 85 1513 190 1550; x_wconf 70' lang='lat' dir='ltr'><em>nillil</em></span> <span class='ocrx_word' id='word_1_215' title='bbox 217 1513 432 1551; x_wconf 75' lang='lat' dir='ltr'><em>anxietatis</em></span> <span class='ocrx_word' id='word_1_216' title='bbox 460 1513 715 1551; x_wconf 83' lang='lat' dir='ltr'><em>scholasticae</em></span> <span class='ocrx_word' id='word_1_217' title='bbox 753 1521 921 1562; x_wconf 59' lang='lat' dir='ltr'><em>experto,</em></span> <span class='ocrx_word' id='word_1_218' title='bbox 955 1512 1042 1561; x_wconf 86' lang='lat' dir='ltr'><em>ipso</em></span> <span class='ocrx_word' id='word_1_219' title='bbox 1074 1512 1114 1548; x_wconf 86' lang='lat' dir='ltr'><em>in</em></span> <span class='ocrx_word' id='word_1_220' title='bbox 1147 1511 1324 1549; x_wconf 81' lang='lat' dir='ltr'><em>cathedra</em></span> <span class='ocrx_word' id='word_1_221' title='bbox 1356 1525 1386 1548; x_wconf 91' lang='lat' dir='ltr'><em>s.</em></span> <span class='ocrx_word' id='word_1_222' title='bbox 1420 1511 1528 1548; x_wconf 82' lang='lat' dir='ltr'><em>Petri</em></span> <span class='ocrx_word' id='word_1_223' title='bbox 1558 1510 1784 1556; x_wconf 80' lang='lat' dir='ltr'><em>sublimato,</em></span> 
     </span>
     <span class='ocr_line' id='line_1_23' title="bbox 83 1568 1784 1622; baseline -0.003 -13"><span class='ocrx_word' id='word_1_224' title='bbox 83 1587 129 1609; x_wconf 66' lang='lat' dir='ltr'><em>ea·</em></span> <span class='ocrx_word' id='word_1_225' title='bbox 152 1572 221 1610; x_wconf 86' lang='lat' dir='ltr'><em>siti</em></span> <span class='ocrx_word' id='word_1_226' title='bbox 237 1572 430 1621; x_wconf 85' lang='lat' dir='ltr'><em>pecuniae</em></span> <span class='ocrx_word' id='word_1_227' title='bbox 454 1587 646 1622; x_wconf 86' lang='lat' dir='ltr'><em>sponsam</em></span> <span class='ocrx_word' id='word_1_228' title='bbox 666 1586 782 1609; x_wconf 88' lang='lat' dir='ltr'><em>suam</em></span> <span class='ocrx_word' id='word_1_229' title='bbox 808 1580 970 1609; x_wconf 85' lang='lat' dir='ltr'><em>matrem</em></span> <span class='ocrx_word' id='word_1_230' title='bbox 988 1579 1161 1608; x_wconf 85' lang='lat' dir='ltr'><em>nostram</em></span> <span class='ocrx_word' id='word_1_231' title='bbox 1178 1570 1505 1608; x_wconf 74' lang='lat' dir='ltr'><em>tribulationibus</em></span> <span class='ocrx_word' id='word_1_232' title='bbox 1521 1578 1553 1606; x_wconf 83' lang='lat' dir='ltr'><em>et</em></span> <span class='ocrx_word' id='word_1_233' title='bbox 1573 1568 1784 1618; x_wconf 86' lang='lat' dir='ltr'><em>pressuris,</em></span> 
     </span>
     <span class='ocr_line' id='line_1_24' title="bbox 82 1627 1785 1680; baseline -0.003 -12"><span class='ocrx_word' id='word_1_234' title='bbox 82 1631 415 1680; x_wconf 66' lang='lat' dir='ltr'><em>fluctuationibus</em></span> <span class='ocrx_word' id='word_1_235' title='bbox 441 1640 475 1669; x_wconf 87' lang='lat' dir='ltr'><em>et</em></span> <span class='ocrx_word' id='word_1_236' title='bbox 500 1630 862 1680; x_wconf 85' lang='lat' dir='ltr'><em>periclitationibus</em></span> <span class='ocrx_word' id='word_1_237' title='bbox 888 1630 1082 1679; x_wconf 63' lang='lat' dir='ltr'><em>exposuit,</em></span> <span class='ocrx_word' id='word_1_238' title='bbox 1106 1630 1154 1667; x_wconf 86' lang='lat' dir='ltr'><em>ab</em></span> <span class='ocrx_word' id='word_1_239' title='bbox 1174 1628 1513 1678; x_wconf 81' lang='lat' dir='ltr'><em>oppressionibus,</em></span> <span class='ocrx_word' id='word_1_240' title='bbox 1538 1628 1586 1665; x_wconf 90' lang='lat' dir='ltr'><em>ab</em></span> <span class='ocrx_word' id='word_1_241' title='bbox 1605 1627 1785 1676; x_wconf 85' lang='lat' dir='ltr'><em>injuriis,</em></span> 
     </span>
     <span class='ocr_line' id='line_1_25' title="bbox 82 1687 1787 1737; baseline -0.003 -10"><span class='ocrx_word' id='word_1_242' title='bbox 82 1698 117 1727; x_wconf 88' lang='lat' dir='ltr'><em>et</em></span> <span class='ocrx_word' id='word_1_243' title='bbox 145 1690 195 1727; x_wconf 87' lang='lat' dir='ltr'><em>ab</em></span> <span class='ocrx_word' id='word_1_244' title='bbox 224 1690 496 1728; x_wconf 69' lang='lat' dir='ltr'><em>exactionibus</em></span> <span class='ocrx_word' id='word_1_245' title='bbox 528 1704 607 1727; x_wconf 90' lang='lat' dir='ltr'><em>non</em></span> <span class='ocrx_word' id='word_1_246' title='bbox 637 1704 794 1727; x_wconf 88' lang='lat' dir='ltr'><em>cessans</em></span> <span class='ocrx_word' id='word_1_247' title='bbox 824 1689 1069 1727; x_wconf 82' lang='lat' dir='ltr'><em>subditorum</em></span> <span class='ocrx_word' id='word_1_248' title='bbox 1104 1689 1276 1737; x_wconf 77' lang='lat' dir='ltr'><em>filiorum</em></span> <span class='ocrx_word' id='word_1_249' title='bbox 1324 1697 1364 1725; x_wconf 92' lang='lat' dir='ltr'><em>ut</em></span> <span class='ocrx_word' id='word_1_250' title='bbox 1404 1688 1578 1732; x_wconf 85' lang='lat' dir='ltr'><em>barones,</em></span> <span class='ocrx_word' id='word_1_251' title='bbox 1610 1687 1725 1723; x_wconf 83' lang='lat' dir='ltr'><em>duces</em></span> <span class='ocrx_word' id='word_1_252' title='bbox 1754 1695 1787 1722; x_wconf 82' lang='lat' dir='ltr'><em>et</em></span> 
     </span>
     <span class='ocr_line' id='line_1_26' title="bbox 82 1746 1786 1798; baseline -0.003 -12"><span class='ocrx_word' id='word_1_253' title='bbox 82 1749 240 1787; x_wconf 81' lang='lat' dir='ltr'><em>comites</em></span> <span class='ocrx_word' id='word_1_254' title='bbox 255 1749 397 1798; x_wconf 73' lang='lat' dir='ltr'><em>jaceret</em></span> <span class='ocrx_word' id='word_1_255' title='bbox 413 1757 596 1797; x_wconf 82' lang='lat' dir='ltr'><em>cognatos</em></span> <span class='ocrx_word' id='word_1_256' title='bbox 612 1763 704 1786; x_wconf 88' lang='lat' dir='ltr'><em>suos</em></span> <span class='ocrx_word' id='word_1_257' title='bbox 721 1757 754 1786; x_wconf 90' lang='lat' dir='ltr'><em>et</em></span> <span class='ocrx_word' id='word_1_258' title='bbox 772 1757 940 1798; x_wconf 85' lang='lat' dir='ltr'><em>nepotes,</em></span> <span class='ocrx_word' id='word_1_259' title='bbox 960 1757 1167 1797; x_wconf 85' lang='lat' dir='ltr'><em>parentum</em></span> <span class='ocrx_word' id='word_1_260' title='bbox 1188 1747 1295 1785; x_wconf 88' lang='lat' dir='ltr'><em>Petri</em></span> <span class='ocrx_word' id='word_1_261' title='bbox 1313 1747 1475 1795; x_wconf 73' lang='lat' dir='ltr'><em>Begerii</em></span> <span class='ocrx_word' id='word_1_262' title='bbox 1494 1760 1569 1783; x_wconf 84' lang='lat' dir='ltr'><em>non</em></span> <span class='ocrx_word' id='word_1_263' title='bbox 1588 1746 1786 1782; x_wconf 88' lang='lat' dir='ltr'><em>attendens</em></span> 
     </span>
     <span class='ocr_line' id='line_1_27' title="bbox 83 1802 1785 1857; baseline -0.003 -12"><span class='ocrx_word' id='word_1_264' title='bbox 83 1808 352 1857; x_wconf 85' lang='lat' dir='ltr'><em>abjectionem,</em></span> <span class='ocrx_word' id='word_1_265' title='bbox 383 1817 423 1846; x_wconf 85' lang='lat' dir='ltr'><em>et</em></span> <span class='ocrx_word' id='word_1_266' title='bbox 449 1816 583 1846; x_wconf 86' lang='lat' dir='ltr'><em>cetera</em></span> <span class='ocrx_word' id='word_1_267' title='bbox 609 1807 847 1857; x_wconf 88' lang='lat' dir='ltr'><em>hujusmodi</em></span> <span class='ocrx_word' id='word_1_268' title='bbox 874 1802 1154 1845; x_wconf 81' lang='lat' dir='ltr'><em>inimicissimo</em></span> <span class='ocrx_word' id='word_1_269' title='bbox 1174 1807 1283 1855; x_wconf 83' lang='lat' dir='ltr'><em>stylo</em></span> <span class='ocrx_word' id='word_1_270' title='bbox 1309 1805 1540 1855; x_wconf 82' lang='lat' dir='ltr'><em>conscripta</em></span> <span class='ocrx_word' id='word_1_271' title='bbox 1566 1804 1617 1841; x_wconf 87' lang='lat' dir='ltr'><em>ab</em></span> <span class='ocrx_word' id='word_1_272' title='bbox 1642 1804 1785 1853; x_wconf 80' lang='lat' dir='ltr'><em>Anglo,</em></span> 
     </span>
     <span class='ocr_line' id='line_1_28' title="bbox 86 1867 635 1906; baseline 0.004 -2"><span class='ocrx_word' id='word_1_273' title='bbox 86 1867 229 1905; x_wconf 82' lang='lat' dir='ltr'><em>Gallici</em></span> <span class='ocrx_word' id='word_1_274' title='bbox 255 1867 430 1906; x_wconf 89' lang='lat' dir='ltr'><em>nominis</em></span> <span class='ocrx_word' id='word_1_275' title='bbox 456 1867 635 1906; x_wconf 89' lang='lat' dir='ltr'><em>inimico.</em></span> 
     </span>
    </p>

    <p class='ocr_par' dir='ltr' id='par_1_4' title="bbox 80 1923 1785 2388">
     <span class='ocr_line' id='line_1_29' title="bbox 137 1923 1785 1973; baseline -0.004 -9"><span class='ocrx_word' id='word_1_276' title='bbox 137 1926 258 1964; x_wconf 87' lang='lat' dir='ltr'><em>Varia</em></span> <span class='ocrx_word' id='word_1_277' title='bbox 280 1940 373 1964; x_wconf 89' lang='lat' dir='ltr'><em>eum</em></span> <span class='ocrx_word' id='word_1_278' title='bbox 393 1926 623 1965; x_wconf 86' lang='lat' dir='ltr'><em>sacerdotia</em></span> <span class='ocrx_word' id='word_1_279' title='bbox 644 1940 714 1964; x_wconf 87' lang='lat' dir='ltr'><em>seu</em></span> <span class='ocrx_word' id='word_1_280' title='bbox 735 1926 935 1964; x_wconf 83' lang='lat' dir='ltr'><em>beneficia</em></span> <span class='ocrx_word' id='word_1_281' title='bbox 955 1925 970 1947; x_wconf 78' lang='lat'><strong>²</strong></span> <span class='ocrx_word' id='word_1_282' title='bbox 990 1925 1180 1963; x_wconf 86' lang='lat' dir='ltr'><em>habuisse</em></span> <span class='ocrx_word' id='word_1_283' title='bbox 1201 1932 1297 1962; x_wconf 88' lang='lat' dir='ltr'><em>ante</em></span> <span class='ocrx_word' id='word_1_284' title='bbox 1320 1937 1444 1973; x_wconf 88' lang='lat' dir='ltr'><em>quam</em></span> <span class='ocrx_word' id='word_1_285' title='bbox 1468 1923 1582 1961; x_wconf 87' lang='lat' dir='ltr'><em>fieret</em></span> <span class='ocrx_word' id='word_1_286' title='bbox 1603 1935 1785 1959; x_wconf 86' lang='lat' dir='ltr'><em>summus</em></span> 
     </span>
     <span class='ocr_line' id='line_1_30' title="bbox 80 1981 1784 2035; baseline -0.004 -12"><span class='ocrx_word' id='word_1_287' title='bbox 80 1985 271 2035; x_wconf 77' lang='lat' dir='ltr'><em>pontifex</em></span> <span class='ocrx_word' id='word_1_288' title='bbox 296 1993 454 2024; x_wconf 86' lang='lat' dir='ltr'><em>certum</em></span> <span class='ocrx_word' id='word_1_289' title='bbox 479 1993 553 2033; x_wconf 73' lang='lat' dir='ltr'><em>est,</em></span> <span class='ocrx_word' id='word_1_290' title='bbox 580 1999 631 2023; x_wconf 85' lang='lat' dir='ltr'><em>ex</em></span> <span class='ocrx_word' id='word_1_291' title='bbox 654 1999 765 2023; x_wconf 90' lang='lat' dir='ltr'><em>more</em></span> <span class='ocrx_word' id='word_1_292' title='bbox 791 1984 985 2022; x_wconf 90' lang='lat' dir='ltr'><em>nimirum</em></span> <span class='ocrx_word' id='word_1_293' title='bbox 1010 1985 1170 2021; x_wconf 89' lang='lat' dir='ltr'><em>illorum</em></span> <span class='ocrx_word' id='word_1_294' title='bbox 1205 1991 1454 2033; x_wconf 86' lang='lat' dir='ltr'><em>temporum,</em></span> <span class='ocrx_word' id='word_1_295' title='bbox 1482 1981 1628 2031; x_wconf 86' lang='lat' dir='ltr'><em>quibus</em></span> <span class='ocrx_word' id='word_1_296' title='bbox 1655 1981 1784 2019; x_wconf 86' lang='lat' dir='ltr'><em>multa</em></span> 
     </span>
     <span class='ocr_line' id='line_1_31' title="bbox 84 2040 1783 2094; baseline -0.004 -12"><span class='ocrx_word' id='word_1_297' title='bbox 84 2044 403 2082; x_wconf 88' lang='lat' dir='ltr'><em>conferebantur</em></span> <span class='ocrx_word' id='word_1_298' title='bbox 415 2044 691 2082; x_wconf 78' lang='lat' dir='ltr'><em>cardinalibus</em></span> <span class='ocrx_word' id='word_1_299' title='bbox 706 2052 751 2081; x_wconf 91' lang='lat' dir='ltr'><em>ut</em></span> <span class='ocrx_word' id='word_1_300' title='bbox 764 2051 1009 2094; x_wconf 87' lang='lat' dir='ltr'><em>supportare</em></span> <span class='ocrx_word' id='word_1_301' title='bbox 1022 2051 1190 2093; x_wconf 77' lang='lat' dir='ltr'><em>possent</em></span> <span class='ocrx_word' id='word_1_302' title='bbox 1204 2056 1323 2080; x_wconf 87' lang='lat' dir='ltr'><em>onera</em></span> <span class='ocrx_word' id='word_1_303' title='bbox 1338 2055 1505 2079; x_wconf 80' lang='lat' dir='ltr'><em>suarum</em></span> <span class='ocrx_word' id='word_1_304' title='bbox 1519 2040 1783 2089; x_wconf 79' lang='lat' dir='ltr'><em>dignitatum.</em></span> 
     </span>
     <span class='ocr_line' id='line_1_32' title="bbox 84 2098 1785 2153; baseline -0.004 -13"><span class='ocrx_word' id='word_1_305' title='bbox 84 2103 146 2140; x_wconf 80' lang='lat' dir='ltr'><em>Ex</em></span> <span class='ocrx_word' id='word_1_306' title='bbox 168 2103 349 2153; x_wconf 88' lang='lat' dir='ltr'><em>epistolis</em></span> <span class='ocrx_word' id='word_1_307' title='bbox 372 2103 458 2152; x_wconf 90' lang='lat' dir='ltr'><em>ejus</em></span> <span class='ocrx_word' id='word_1_308' title='bbox 482 2111 523 2141; x_wconf 89' lang='lat' dir='ltr'><em>et</em></span> <span class='ocrx_word' id='word_1_309' title='bbox 545 2118 595 2141; x_wconf 80' lang='lat' dir='ltr'><em>ex</em></span> <span class='ocrx_word' id='word_1_310' title='bbox 615 2102 769 2151; x_wconf 79' lang='lat' dir='ltr'><em>Magno</em></span> <span class='ocrx_word' id='word_1_311' title='bbox 790 2102 972 2140; x_wconf 78' lang='lat' dir='ltr'><em>chronico</em></span> <span class='ocrx_word' id='word_1_312' title='bbox 992 2101 1151 2148; x_wconf 78' lang='lat' dir='ltr'><em>Belgica</em></span> <span class='ocrx_word' id='word_1_313' title='bbox 1171 2101 1302 2150; x_wconf 85' lang='lat' dir='ltr'><em>liquet</em></span> <span class='ocrx_word' id='word_1_314' title='bbox 1339 2101 1453 2138; x_wconf 88' lang='lat' dir='ltr'><em>illum</em></span> <span class='ocrx_word' id='word_1_315' title='bbox 1476 2100 1598 2137; x_wconf 84' lang='lat' dir='ltr'><em>fuisse</em></span> <span class='ocrx_word' id='word_1_316' title='bbox 1623 2098 1785 2136; x_wconf 83' lang='lat' dir='ltr'><em>canoni-</em></span> 
     </span>
     <span class='ocr_line' id='line_1_33' title="bbox 81 2157 1785 2210; baseline -0.005 -10"><span class='ocrx_word' id='word_1_317' title='bbox 81 2175 174 2200; x_wconf 88' lang='lat' dir='ltr'><em>cum</em></span> <span class='ocrx_word' id='word_1_318' title='bbox 223 2162 547 2210; x_wconf 85' lang='lat' dir='ltr'><em>Narbonensem,</em></span> <span class='ocrx_word' id='word_1_319' title='bbox 594 2162 931 2200; x_wconf 84' lang='lat' dir='ltr'><em>archidiaconum</em></span> <span class='ocrx_word' id='word_1_320' title='bbox 980 2161 1370 2210; x_wconf 78' lang='lat' dir='ltr'><em>Rothomagenseni,</em></span> <span class='ocrx_word' id='word_1_321' title='bbox 1418 2167 1458 2197; x_wconf 86' lang='lat' dir='ltr'><em>et</em></span> <span class='ocrx_word' id='word_1_322' title='bbox 1505 2157 1785 2208; x_wconf 83' lang='lat' dir='ltr'><em>praepositum</em></span> 
     </span>
     <span class='ocr_line' id='line_1_34' title="bbox 81 2216 1785 2270; baseline -0.004 -12"><span class='ocrx_word' id='word_1_323' title='bbox 81 2220 221 2259; x_wconf 81' lang='lat' dir='ltr'><em>Sancti</em></span> <span class='ocrx_word' id='word_1_324' title='bbox 268 2221 492 2259; x_wconf 85' lang='lat' dir='ltr'><em>Salvatoris</em></span> <span class='ocrx_word' id='word_1_325' title='bbox 529 2221 815 2270; x_wconf 83' lang='lat' dir='ltr'><em>Trajectensis.</em></span> <span class='ocrx_word' id='word_1_326' title='bbox 854 2220 1203 2258; x_wconf 82' lang='lat' dir='ltr'><em>Archidiaconum</em></span> <span class='ocrx_word' id='word_1_327' title='bbox 1249 2232 1412 2268; x_wconf 87' lang='lat' dir='ltr'><em>quoque</em></span> <span class='ocrx_word' id='word_1_328' title='bbox 1449 2216 1785 2255; x_wconf 85' lang='lat' dir='ltr'><em>Cantuariensem</em></span> 
     </span>
     <span class='ocr_line' id='line_1_35' title="bbox 81 2276 1784 2328; baseline -0.004 -11"><span class='ocrx_word' id='word_1_329' title='bbox 81 2280 205 2319; x_wconf 86' lang='lat' dir='ltr'><em>fuisse</em></span> <span class='ocrx_word' id='word_1_330' title='bbox 233 2280 353 2318; x_wconf 86' lang='lat' dir='ltr'><em>docet</em></span> <span class='ocrx_word' id='word_1_331' title='bbox 380 2279 579 2318; x_wconf 78' lang='lat' dir='ltr'><em>Chronica</em></span> <span class='ocrx_word' id='word_1_332' title='bbox 605 2280 796 2318; x_wconf 78' lang='lat' dir='ltr'><em>Willelmi</em></span> <span class='ocrx_word' id='word_1_333' title='bbox 824 2279 975 2326; x_wconf 88' lang='lat' dir='ltr'><em>Thorn,</em></span> <span class='ocrx_word' id='word_1_334' title='bbox 1004 2294 1041 2328; x_wconf 90' lang='lat' dir='ltr'><em>p.</em></span> <span class='ocrx_word' id='word_1_335' title='bbox 1072 2278 1187 2325; x_wconf 77' lang='lat'><em>2084,</em></span> <span class='ocrx_word' id='word_1_336' title='bbox 1213 2285 1253 2315; x_wconf 85' lang='lat' dir='ltr'><em>et</em></span> <span class='ocrx_word' id='word_1_337' title='bbox 1278 2277 1576 2314; x_wconf 84' lang='lat' dir='ltr'><em>Bituricensem</em></span> <span class='ocrx_word' id='word_1_338' title='bbox 1606 2276 1784 2311; x_wconf 75' lang='lat' dir='ltr'><em>Joannes</em></span> 
     </span>
     <span class='ocr_line' id='line_1_36' title="bbox 82 2325 1784 2388; baseline -0.004 -12"><span class='ocrx_word' id='word_1_339' title='bbox 82 2339 220 2377; x_wconf 90' lang='lat' dir='ltr'><em>Chenu</em></span> <span class='ocrx_word' id='word_1_340' title='bbox 243 2340 283 2376; x_wconf 91' lang='lat' dir='ltr'><em>in</em></span> <span class='ocrx_word' id='word_1_341' title='bbox 307 2338 573 2388; x_wconf 81' lang='lat' dir='ltr'><em>Clironologia</em></span> <span class='ocrx_word' id='word_1_342' title='bbox 606 2338 993 2388; x_wconf 80' lang='lat' dir='ltr'><em>archiepiscoporum</em></span> <span class='ocrx_word' id='word_1_343' title='bbox 1018 2325 1345 2375; x_wconf 69' lang='lat' dir='ltr'><em>Bitia-icensz&#39;um.</em></span> <span class='ocrx_word' id='word_1_344' title='bbox 1371 2336 1535 2372; x_wconf 80' lang='lat' dir='ltr'><em>Carolus</em></span> <span class='ocrx_word' id='word_1_345' title='bbox 1561 2333 1784 2377; x_wconf 82' lang='lat' dir='ltr'><em>Sausseius‚</em></span> 
     </span>
    </p>
   </div>
   <div class='ocr_carea' id='block_1_3' title="bbox 81 2475 1786 3153">
    <p class='ocr_par' dir='ltr' id='par_1_5' title="bbox 130 2475 715 2519">
     <span class='ocr_line' id='line_1_37' title="bbox 130 2475 715 2519; baseline 0.003 -12"><span class='ocrx_word' id='word_1_346' title='bbox 130 2475 162 2509; x_wconf 90' lang='lat'><em>1.</em></span> <span class='ocrx_word' id='word_1_347' title='bbox 194 2475 260 2508; x_wconf 90' lang='lat' dir='ltr'><em>Ed.</em></span> <span class='ocrx_word' id='word_1_348' title='bbox 293 2475 444 2515; x_wconf 80' lang='lat' dir='ltr'><em>Novati,</em></span> <span class='ocrx_word' id='word_1_349' title='bbox 472 2482 498 2508; x_wconf 82' lang='lat' dir='ltr'><em>t.</em></span> <span class='ocrx_word' id='word_1_350' title='bbox 523 2488 547 2516; x_wconf 88' lang='lat'><em>1,</em></span> <span class='ocrx_word' id='word_1_351' title='bbox 574 2487 608 2519; x_wconf 93' lang='lat' dir='ltr'><em>p.</em></span> <span class='ocrx_word' id='word_1_352' title='bbox 635 2476 715 2509; x_wconf 81' lang='lat'><em>413.</em></span> 
     </span>
    </p>

    <p class='ocr_par' dir='ltr' id='par_1_6' title="bbox 81 2522 1786 3153">
     <span class='ocr_line' id='line_1_38' title="bbox 131 2522 1784 2571; baseline -0.004 -11"><span class='ocrx_word' id='word_1_353' title='bbox 131 2529 161 2561; x_wconf 83' lang='lat'><em>2.</em></span> <span class='ocrx_word' id='word_1_354' title='bbox 185 2528 305 2561; x_wconf 86' lang='lat' dir='ltr'><em>Pierre</em></span> <span class='ocrx_word' id='word_1_355' title='bbox 328 2529 451 2571; x_wconf 87' lang='lat' dir='ltr'><em>Roger</em></span> <span class='ocrx_word' id='word_1_356' title='bbox 469 2528 529 2561; x_wconf 77' lang='lat' dir='ltr'><em>fut</em></span> <span class='ocrx_word' id='word_1_357' title='bbox 547 2531 697 2562; x_wconf 80' lang='lat' dir='ltr'><em>nomme</em></span> <span class='ocrx_word' id='word_1_358' title='bbox 718 2529 945 2562; x_wconf 86' lang='lat' dir='ltr'><em>archidiacre</em></span> <span class='ocrx_word' id='word_1_359' title='bbox 967 2528 1010 2559; x_wconf 88' lang='lat' dir='ltr'><em>de</em></span> <span class='ocrx_word' id='word_1_360' title='bbox 1031 2527 1264 2568; x_wconf 77' lang='lat' dir='ltr'><em>Cantorbery</em></span> <span class='ocrx_word' id='word_1_361' title='bbox 1283 2526 1313 2557; x_wconf 87' lang='lat' dir='ltr'><em>le</em></span> <span class='ocrx_word' id='word_1_362' title='bbox 1336 2526 1380 2557; x_wconf 80' lang='lat'><em>26</em></span> <span class='ocrx_word' id='word_1_363' title='bbox 1398 2524 1479 2567; x_wconf 89' lang='lat' dir='ltr'><em>juin</em></span> <span class='ocrx_word' id='word_1_364' title='bbox 1499 2523 1590 2556; x_wconf 82' lang='lat'><em>1343</em></span> <span class='ocrx_word' id='word_1_365' title='bbox 1615 2522 1784 2566; x_wconf 80' lang='lat' dir='ltr'><em>(Deprez,</em></span> 
     </span>
     <span class='ocr_line' id='line_1_39' title="bbox 83 2575 1782 2625; baseline -0.004 -12"><span class='ocrx_word' id='word_1_366' title='bbox 83 2593 117 2614; x_wconf 92' lang='lat' dir='ltr'><em>n.</em></span> <span class='ocrx_word' id='word_1_367' title='bbox 142 2582 222 2624; x_wconf 79' lang='lat'><em>246)</em></span> <span class='ocrx_word' id='word_1_368' title='bbox 246 2588 283 2614; x_wconf 88' lang='lat' dir='ltr'><em>et</em></span> <span class='ocrx_word' id='word_1_369' title='bbox 305 2581 532 2614; x_wconf 88' lang='lat' dir='ltr'><em>archidiacre</em></span> <span class='ocrx_word' id='word_1_370' title='bbox 555 2582 598 2614; x_wconf 88' lang='lat' dir='ltr'><em>de</em></span> <span class='ocrx_word' id='word_1_371' title='bbox 620 2581 724 2625; x_wconf 85' lang='lat' dir='ltr'><em>Sully</em></span> <span class='ocrx_word' id='word_1_372' title='bbox 745 2594 790 2615; x_wconf 87' lang='lat' dir='ltr'><em>en</em></span> <span class='ocrx_word' id='word_1_373' title='bbox 811 2581 947 2625; x_wconf 79' lang='lat' dir='ltr'><em>l’eglise</em></span> <span class='ocrx_word' id='word_1_374' title='bbox 970 2580 1165 2613; x_wconf 78' lang='lat' dir='ltr'><em>d’Orleans</em></span> <span class='ocrx_word' id='word_1_375' title='bbox 1187 2579 1217 2611; x_wconf 89' lang='lat' dir='ltr'><em>le</em></span> <span class='ocrx_word' id='word_1_376' title='bbox 1239 2579 1259 2610; x_wconf 86' lang='lat'><strong>4</strong></span> <span class='ocrx_word' id='word_1_377' title='bbox 1282 2577 1475 2610; x_wconf 77' lang='lat' dir='ltr'><em>decembre</em></span> <span class='ocrx_word' id='word_1_378' title='bbox 1497 2576 1589 2609; x_wconf 56' lang='lat'><em>&lt;1344</em></span> <span class='ocrx_word' id='word_1_379' title='bbox 1615 2575 1782 2619; x_wconf 56' lang='lat' dir='ltr'><em>(Defiprez,</em></span> 
     </span>
     <span class='ocr_line' id='line_1_40' title="bbox 82 2628 1783 2677; baseline -0.004 -11"><span class='ocrx_word' id='word_1_380' title='bbox 82 2646 117 2668; x_wconf 85' lang='lat' dir='ltr'><em>n.</em></span> <span class='ocrx_word' id='word_1_381' title='bbox 137 2635 257 2677; x_wconf 83' lang='lat'><em>1298).</em></span> <span class='ocrx_word' id='word_1_382' title='bbox 280 2635 308 2667; x_wconf 94' lang='lat' dir='ltr'><em>Il</em></span> <span class='ocrx_word' id='word_1_383' title='bbox 325 2635 420 2668; x_wconf 81' lang='lat' dir='ltr'><em>etait</em></span> <span class='ocrx_word' id='word_1_384' title='bbox 437 2634 535 2667; x_wconf 86' lang='lat' dir='ltr'><em>aussi</em></span> <span class='ocrx_word' id='word_1_385' title='bbox 553 2634 781 2668; x_wconf 87' lang='lat' dir='ltr'><em>archidiacre</em></span> <span class='ocrx_word' id='word_1_386' title='bbox 800 2635 843 2667; x_wconf 91' lang='lat' dir='ltr'><em>de</em></span> <span class='ocrx_word' id='word_1_387' title='bbox 861 2634 960 2667; x_wconf 87' lang='lat' dir='ltr'><em>Blois</em></span> <span class='ocrx_word' id='word_1_388' title='bbox 982 2633 1149 2676; x_wconf 68' lang='lat' dir='ltr'><em>(Depre-z,</em></span> <span class='ocrx_word' id='word_1_389' title='bbox 1169 2644 1203 2664; x_wconf 90' lang='lat' dir='ltr'><em>n.</em></span> <span class='ocrx_word' id='word_1_390' title='bbox 1222 2631 1303 2669; x_wconf 78' lang='lat'><em>387,</em></span> <span class='ocrx_word' id='word_1_391' title='bbox 1324 2631 1392 2663; x_wconf 82' lang='grc'><em>596</em></span> <span class='ocrx_word' id='word_1_392' title='bbox 1409 2636 1447 2662; x_wconf 80' lang='lat' dir='ltr'><em>et</em></span> <span class='ocrx_word' id='word_1_393' title='bbox 1463 2629 1583 2672; x_wconf 80' lang='lat'><em>1064),</em></span> <span class='ocrx_word' id='word_1_394' title='bbox 1603 2628 1783 2661; x_wconf 84' lang='lat' dir='ltr'><em>chanoine</em></span> 
     </span>
     <span class='ocr_line' id='line_1_41' title="bbox 82 2681 1786 2730; baseline -0.005 -10"><span class='ocrx_word' id='word_1_395' title='bbox 82 2687 270 2730; x_wconf 77' lang='lat' dir='ltr'><em>prebende</em></span> <span class='ocrx_word' id='word_1_396' title='bbox 301 2688 344 2720; x_wconf 87' lang='lat' dir='ltr'><em>de</em></span> <span class='ocrx_word' id='word_1_397' title='bbox 363 2687 614 2727; x_wconf 87' lang='lat' dir='ltr'><em>Saint-Omer,</em></span> <span class='ocrx_word' id='word_1_398' title='bbox 634 2699 682 2720; x_wconf 87' lang='lat' dir='ltr'><em>au</em></span> <span class='ocrx_word' id='word_1_399' title='bbox 708 2688 852 2721; x_wconf 78' lang='lat' dir='ltr'><em>diocese</em></span> <span class='ocrx_word' id='word_1_400' title='bbox 871 2688 914 2720; x_wconf 89' lang='lat' dir='ltr'><em>de</em></span> <span class='ocrx_word' id='word_1_401' title='bbox 933 2687 1180 2719; x_wconf 83' lang='lat' dir='ltr'><em>Therouanne</em></span> <span class='ocrx_word' id='word_1_402' title='bbox 1203 2685 1255 2727; x_wconf 87' lang='lat'><em>(31</em></span> <span class='ocrx_word' id='word_1_403' title='bbox 1277 2684 1350 2715; x_wconf 88' lang='lat' dir='ltr'><em>mai</em></span> <span class='ocrx_word' id='word_1_404' title='bbox 1370 2683 1480 2721; x_wconf 84' lang='lat'><strong>1342;</strong></span> <span class='ocrx_word' id='word_1_405' title='bbox 1501 2682 1566 2714; x_wconf 92' lang='lat' dir='ltr'><em>Ph.</em></span> <span class='ocrx_word' id='word_1_406' title='bbox 1586 2681 1670 2713; x_wconf 87' lang='lat' dir='ltr'><em>Van</em></span> <span class='ocrx_word' id='word_1_407' title='bbox 1688 2681 1786 2713; x_wconf 88' lang='lat' dir='ltr'><em>Isac-</em></span> 
     </span>
     <span class='ocr_line' id='line_1_42' title="bbox 82 2733 1785 2779; baseline -0.005 -6"><span class='ocrx_word' id='word_1_408' title='bbox 82 2740 232 2773; x_wconf 85' lang='lat' dir='ltr'><em>cker-U.</em></span> <span class='ocrx_word' id='word_1_409' title='bbox 254 2740 423 2779; x_wconf 81' lang='lat' dir='ltr'><em>Berliere‚</em></span> <span class='ocrx_word' id='word_1_410' title='bbox 444 2740 577 2773; x_wconf 85' lang='lat' dir='ltr'><em>Lettres</em></span> <span class='ocrx_word' id='word_1_411' title='bbox 605 2741 645 2773; x_wconf 88' lang='lat' dir='ltr'><em>de</em></span> <span class='ocrx_word' id='word_1_412' title='bbox 663 2740 822 2774; x_wconf 75' lang='lat' dir='ltr'><em>Clement</em></span> <span class='ocrx_word' id='word_1_413' title='bbox 844 2741 909 2779; x_wconf 82' lang='lat' dir='ltr'><em>VJ,</em></span> <span class='ocrx_word' id='word_1_414' title='bbox 932 2740 1062 2777; x_wconf 85' lang='lat' dir='ltr'><em>Rome,</em></span> <span class='ocrx_word' id='word_1_415' title='bbox 1087 2738 1187 2777; x_wconf 78' lang='lat'><em>1924,</em></span> <span class='ocrx_word' id='word_1_416' title='bbox 1208 2749 1242 2770; x_wconf 86' lang='lat' dir='ltr'><em>n.</em></span> <span class='ocrx_word' id='word_1_417' title='bbox 1264 2737 1335 2779; x_wconf 84' lang='lat'><em>89),</em></span> <span class='ocrx_word' id='word_1_418' title='bbox 1357 2736 1400 2768; x_wconf 90' lang='lat' dir='ltr'><em>de</em></span> <span class='ocrx_word' id='word_1_419' title='bbox 1421 2735 1522 2767; x_wconf 84' lang='lat' dir='ltr'><em>Paris</em></span> <span class='ocrx_word' id='word_1_420' title='bbox 1541 2740 1579 2767; x_wconf 82' lang='lat' dir='ltr'><em>et</em></span> <span class='ocrx_word' id='word_1_421' title='bbox 1595 2735 1637 2766; x_wconf 90' lang='lat' dir='ltr'><em>de</em></span> <span class='ocrx_word' id='word_1_422' title='bbox 1653 2733 1785 2766; x_wconf 86' lang='lat' dir='ltr'><em>Rouen</em></span> 
     </span>
     <span class='ocr_line' id='line_1_43' title="bbox 87 2786 1786 2836; baseline -0.005 -10"><span class='ocrx_word' id='word_1_423' title='bbox 87 2793 144 2835; x_wconf 92' lang='lat' dir='ltr'><em>(U.</em></span> <span class='ocrx_word' id='word_1_424' title='bbox 166 2793 336 2833; x_wconf 80' lang='lat' dir='ltr'><em>Berliere‚</em></span> <span class='ocrx_word' id='word_1_425' title='bbox 360 2793 582 2836; x_wconf 82' lang='lat' dir='ltr'><em>Suppliques</em></span> <span class='ocrx_word' id='word_1_426' title='bbox 602 2794 643 2826; x_wconf 86' lang='lat' dir='ltr'><em>de</em></span> <span class='ocrx_word' id='word_1_427' title='bbox 661 2793 822 2827; x_wconf 75' lang='lat' dir='ltr'><em>Clement</em></span> <span class='ocrx_word' id='word_1_428' title='bbox 844 2793 910 2832; x_wconf 83' lang='lat' dir='ltr'><em>VI,</em></span> <span class='ocrx_word' id='word_1_429' title='bbox 935 2793 1064 2830; x_wconf 76' lang='lat' dir='ltr'><em>Rome,</em></span> <span class='ocrx_word' id='word_1_430' title='bbox 1090 2791 1191 2829; x_wconf 83' lang='lat'><em>1906,</em></span> <span class='ocrx_word' id='word_1_431' title='bbox 1214 2802 1247 2822; x_wconf 92' lang='lat' dir='ltr'><em>n.</em></span> <span class='ocrx_word' id='word_1_432' title='bbox 1271 2789 1342 2831; x_wconf 77' lang='lat'><em>29),</em></span> <span class='ocrx_word' id='word_1_433' title='bbox 1364 2789 1408 2821; x_wconf 88' lang='lat' dir='ltr'><em>de</em></span> <span class='ocrx_word' id='word_1_434' title='bbox 1429 2788 1537 2831; x_wconf 76' lang='lat' dir='ltr'><em>Liege</em></span> <span class='ocrx_word' id='word_1_435' title='bbox 1557 2793 1595 2819; x_wconf 83' lang='lat' dir='ltr'><em>et</em></span> <span class='ocrx_word' id='word_1_436' title='bbox 1615 2787 1658 2819; x_wconf 88' lang='lat' dir='ltr'><em>de</em></span> <span class='ocrx_word' id='word_1_437' title='bbox 1679 2786 1786 2819; x_wconf 89' lang='lat' dir='ltr'><em>Cam-</em></span> 
     </span>
     <span class='ocr_line' id='line_1_44' title="bbox 81 2839 1784 2885; baseline -0.004 -7"><span class='ocrx_word' id='word_1_438' title='bbox 81 2846 174 2885; x_wconf 86' lang='lat' dir='ltr'><em>brai‚</em></span> <span class='ocrx_word' id='word_1_439' title='bbox 202 2846 375 2880; x_wconf 81' lang='lat' dir='ltr'><em>tresorier</em></span> <span class='ocrx_word' id='word_1_440' title='bbox 401 2846 444 2879; x_wconf 87' lang='lat' dir='ltr'><em>de</em></span> <span class='ocrx_word' id='word_1_441' title='bbox 472 2846 874 2885; x_wconf 79' lang='lat' dir='ltr'><em>Chalons-sur-Marne‚</em></span> <span class='ocrx_word' id='word_1_442' title='bbox 903 2844 1130 2878; x_wconf 79' lang='lat' dir='ltr'><em>archidiacre</em></span> <span class='ocrx_word' id='word_1_443' title='bbox 1159 2844 1201 2875; x_wconf 83' lang='lat' dir='ltr'><em>de</em></span> <span class='ocrx_word' id='word_1_444' title='bbox 1228 2842 1398 2874; x_wconf 85' lang='lat' dir='ltr'><em>Brabant</em></span> <span class='ocrx_word' id='word_1_445' title='bbox 1423 2847 1460 2873; x_wconf 81' lang='lat' dir='ltr'><em>et</em></span> <span class='ocrx_word' id='word_1_446' title='bbox 1487 2840 1714 2872; x_wconf 85' lang='lat' dir='ltr'><em>archidiacre</em></span> <span class='ocrx_word' id='word_1_447' title='bbox 1742 2839 1784 2871; x_wconf 83' lang='lat' dir='ltr'><em>de</em></span> 
     </span>
     <span class='ocr_line' id='line_1_45' title="bbox 83 2892 1784 2942; baseline -0.004 -11"><span class='ocrx_word' id='word_1_448' title='bbox 83 2898 255 2932; x_wconf 85' lang='lat' dir='ltr'><em>Cambrai</em></span> <span class='ocrx_word' id='word_1_449' title='bbox 281 2899 338 2941; x_wconf 92' lang='lat' dir='ltr'><em>(U.</em></span> <span class='ocrx_word' id='word_1_450' title='bbox 362 2899 532 2938; x_wconf 82' lang='lat' dir='ltr'><em>Berliere‚</em></span> <span class='ocrx_word' id='word_1_451' title='bbox 556 2898 779 2942; x_wconf 84' lang='lat' dir='ltr'><em>Suppliques</em></span> <span class='ocrx_word' id='word_1_452' title='bbox 799 2899 1013 2932; x_wconf 83' lang='lat' dir='ltr'><em>d&#39;Innocent</em></span> <span class='ocrx_word' id='word_1_453' title='bbox 1036 2897 1102 2936; x_wconf 88' lang='lat' dir='ltr'><em>VI,</em></span> <span class='ocrx_word' id='word_1_454' title='bbox 1127 2896 1256 2934; x_wconf 86' lang='lat' dir='ltr'><em>Rome,</em></span> <span class='ocrx_word' id='word_1_455' title='bbox 1280 2895 1384 2933; x_wconf 82' lang='lat'><em>1911,</em></span> <span class='ocrx_word' id='word_1_456' title='bbox 1406 2905 1441 2937; x_wconf 88' lang='lat' dir='ltr'><em>p.</em></span> <span class='ocrx_word' id='word_1_457' title='bbox 1465 2893 1560 2936; x_wconf 81' lang='grc'>941).</span> <span class='ocrx_word' id='word_1_458' title='bbox 1582 2912 1630 2915; x_wconf 29' lang='grc' dir='ltr'><em>-Α</em></span> <span class='ocrx_word' id='word_1_459' title='bbox 1648 2892 1784 2924; x_wconf 85' lang='lat' dir='ltr'><em>Baluze</em></span> 
     </span>
     <span class='ocr_line' id='line_1_46' title="bbox 81 2947 1784 2995; baseline -0.005 -10"><span class='ocrx_word' id='word_1_460' title='bbox 81 2952 210 2995; x_wconf 84' lang='lat' dir='ltr'><em>ajoute</em></span> <span class='ocrx_word' id='word_1_461' title='bbox 227 2964 234 2984; x_wconf 90' lang='lat'>:</span> <span class='ocrx_word' id='word_1_462' title='bbox 253 2952 449 2984; x_wconf 88' lang='lat' dir='ltr'><em>Decanum</em></span> <span class='ocrx_word' id='word_1_463' title='bbox 462 2951 648 2985; x_wconf 86' lang='lat' dir='ltr'><em>Ecclesiae</em></span> <span class='ocrx_word' id='word_1_464' title='bbox 659 2952 874 2995; x_wconf 86' lang='lat' dir='ltr'><em>Bajocensis</em></span> <span class='ocrx_word' id='word_1_465' title='bbox 890 2951 1003 2984; x_wconf 82' lang='lat' dir='ltr'><em>fuisse</em></span> <span class='ocrx_word' id='word_1_466' title='bbox 1018 2950 1138 2993; x_wconf 89' lang='lat' dir='ltr'><em>liquet</em></span> <span class='ocrx_word' id='word_1_467' title='bbox 1159 2959 1205 2981; x_wconf 84' lang='lat' dir='ltr'><em>ex</em></span> <span class='ocrx_word' id='word_1_468' title='bbox 1222 2947 1339 2981; x_wconf 86' lang='lat' dir='ltr'><em>veteri</em></span> <span class='ocrx_word' id='word_1_469' title='bbox 1356 2947 1480 2980; x_wconf 86' lang='lat' dir='ltr'><em>codice</em></span> <span class='ocrx_word' id='word_1_470' title='bbox 1509 2952 1638 2978; x_wconf 85' lang='lat' dir='ltr'><em>nostro</em></span> <span class='ocrx_word' id='word_1_471' title='bbox 1653 2956 1784 2978; x_wconf 88' lang='lat' dir='ltr'><em>manu-</em></span> 
     </span>
     <span class='ocr_line' id='line_1_47' title="bbox 83 2998 1785 3048; baseline -0.005 -10"><span class='ocrx_word' id='word_1_472' title='bbox 83 3004 224 3048; x_wconf 86' lang='lat' dir='ltr'><em>scripto</em></span> <span class='ocrx_word' id='word_1_473' title='bbox 256 3005 294 3038; x_wconf 87' lang='lat' dir='ltr'><em>in</em></span> <span class='ocrx_word' id='word_1_474' title='bbox 328 3016 402 3048; x_wconf 94' lang='lat' dir='ltr'><em>quo</em></span> <span class='ocrx_word' id='word_1_475' title='bbox 436 3004 652 3037; x_wconf 82' lang='lat' dir='ltr'><em>continetur</em></span> <span class='ocrx_word' id='word_1_476' title='bbox 672 3004 936 3038; x_wconf 77' lang='lat' dir='ltr'><em>formularium</em></span> <span class='ocrx_word' id='word_1_477' title='bbox 967 3003 1324 3038; x_wconf 81' lang='lat' dir='ltr'><em>instrumentorum;</em></span> <span class='ocrx_word' id='word_1_478' title='bbox 1350 3011 1416 3043; x_wconf 82' lang='lat' dir='ltr'><em>pro</em></span> <span class='ocrx_word' id='word_1_479' title='bbox 1449 3006 1555 3043; x_wconf 84' lang='lat' dir='ltr'><em>parte</em></span> <span class='ocrx_word' id='word_1_480' title='bbox 1590 2998 1715 3031; x_wconf 88' lang='lat' dir='ltr'><em>dilecti</em></span> <span class='ocrx_word' id='word_1_481' title='bbox 1748 3004 1785 3030; x_wconf 84' lang='lat' dir='ltr'><em>et</em></span> 
     </span>
     <span class='ocr_line' id='line_1_48' title="bbox 88 3051 1785 3100; baseline -0.004 -11"><span class='ocrx_word' id='word_1_482' title='bbox 88 3057 205 3090; x_wconf 82' lang='lat' dir='ltr'><em>fidelis</em></span> <span class='ocrx_word' id='word_1_483' title='bbox 227 3057 346 3091; x_wconf 88' lang='lat' dir='ltr'><em>nostri</em></span> <span class='ocrx_word' id='word_1_484' title='bbox 369 3057 470 3091; x_wconf 86' lang='lat' dir='ltr'><em>Petri</em></span> <span class='ocrx_word' id='word_1_485' title='bbox 494 3057 642 3100; x_wconf 87' lang='lat' dir='ltr'><em>Rogerii</em></span> <span class='ocrx_word' id='word_1_486' title='bbox 664 3057 863 3091; x_wconf 82' lang='lat' dir='ltr'><em>cardinalis</em></span> <span class='ocrx_word' id='word_1_487' title='bbox 885 3055 1086 3089; x_wconf 71' lang='lat' dir='ltr'><em>Belliforiis</em></span> <span class='ocrx_word' id='word_1_488' title='bbox 1110 3067 1151 3087; x_wconf 87' lang='lat' dir='ltr'><em>ac</em></span> <span class='ocrx_word' id='word_1_489' title='bbox 1174 3053 1353 3097; x_wconf 79' lang='lat' dir='ltr'><em>prepositi</em></span> <span class='ocrx_word' id='word_1_490' title='bbox 1377 3051 1606 3084; x_wconf 75' lang='lat' dir='ltr'><em>Brivarensis</em></span> <span class='ocrx_word' id='word_1_491' title='bbox 1630 3052 1675 3083; x_wconf 60' lang='lat'><em>‘14</em></span> <span class='ocrx_word' id='word_1_492' title='bbox 1697 3051 1785 3083; x_wconf 85' lang='lat' dir='ltr'><em>maii</em></span> 
     </span>
     <span class='ocr_line' id='line_1_49' title="bbox 88 3110 936 3153; baseline -0.001 -10"><span class='ocrx_word' id='word_1_493' title='bbox 88 3111 175 3143; x_wconf 88' lang='lat'><em>1351</em></span> <span class='ocrx_word' id='word_1_494' title='bbox 208 3111 310 3153; x_wconf 79' lang='lat' dir='ltr'><em>(Reg.</em></span> <span class='ocrx_word' id='word_1_495' title='bbox 337 3111 386 3143; x_wconf 87' lang='lat' dir='ltr'><em>du</em></span> <span class='ocrx_word' id='word_1_496' title='bbox 412 3110 631 3153; x_wconf 80' lang='lat' dir='ltr'><em>parlement,</em></span> <span class='ocrx_word' id='word_1_497' title='bbox 662 3122 727 3150; x_wconf 73' lang='grc' dir='ltr'><em>ΧΠ,</em></span> <span class='ocrx_word' id='word_1_498' title='bbox 751 3110 813 3143; x_wconf 83' lang='lat' dir='ltr'><em>fol.</em></span> <span class='ocrx_word' id='word_1_499' title='bbox 841 3110 936 3151; x_wconf 85' lang='lat'><em>191).</em></span> 
     </span>
    </p>
   </div>
  </div>
 </body>
</html>
