2083 3458
137 263 288 318 [1196]
665 277 881 302 PAPARUM
916 277 1300 302 AVENIONENSIUM
1750 259 1829 301 715

126 361 360 400 viterbium
380 361 421 398 in
440 368 696 410 potestatem
716 374 834 399 suam
853 358 1023 409 redegit.
1048 359 1288 398 Franciscus
1309 374 1418 409 ergo,
1441 359 1510 409 qui
1531 367 1572 397 et
1592 359 1677 409 ipse
1699 358 1832 397 Viter-

127 421 242 460 bium
266 420 463 466 habebat,
490 420 643 458 bellum
669 419 800 456 movit
825 419 1021 457 adversus
1045 419 1252 456 Romanos
1273 418 1455 468 Gregorii
1480 419 1540 455 XI
1565 418 1831 469 pontificatu.

131 480 242 518 Inter
270 488 404 518 cetera
432 493 527 517 vero
556 493 659 528 quae
690 478 867 517 Romani
893 478 1089 515 adversus
1117 492 1212 517 eum
1237 486 1514 527 patraverunt
1540 477 1641 515 illud
1669 492 1833 527 quoque

129 539 251 577 fuisse
270 546 452 577 testatur
471 538 512 575 in
530 552 603 575 sua
624 537 879 588 depositione
901 537 1140 574 Franciscus
1168 537 1387 584 Fernandi,
1413 545 1557 575 cantor
1578 536 1833 583 Palentinus,

129 599 239 648 quod
276 598 539 648 depinxerunt
575 598 788 647 prefectum
823 597 874 633 ad
909 604 1063 646 portam
1099 596 1294 645 Capitolii
1338 596 1466 646 capite
1502 610 1622 634 verso.
1661 596 1835 633 Videtur

129 666 270 696 autem
291 656 529 694 Franciscus
551 657 598 694 de
619 656 716 693 Vico
737 656 784 693 de
803 670 848 693 ea
868 670 908 693 rc
929 656 1138 704 querelam
1156 670 1274 694 suam
1293 655 1487 693 detulisse
1507 655 1559 692 ad
1579 655 1834 704 Gregorium.

132 718 262 755 Extat
291 716 400 755 enim
428 715 602 766 epistola
631 715 818 764 ejusdem
847 728 977 764 papae
1016 714 1069 751 ad
1098 729 1192 752 eum
1230 715 1329 752 data
1368 714 1595 763 Anagniae,
1634 714 1697 751 die
1728 729 1836 751 xxix

130 775 389 826 septembris,
407 775 448 812 in
466 788 546 824 qua
565 774 624 811 ait
640 774 838 824 recepisse
855 789 894 811 se
913 774 999 823 ejus
1017 773 1259 823 scriptiones
1278 788 1399 823 super
1414 773 1619 811 nonnullis
1639 773 1837 811 adversus

129 843 290 874 statum
319 848 440 872 suum
470 833 633 871 noviter
659 849 730 884 per
758 833 927 871 dilectos
963 833 1065 869 filios
1098 833 1331 871 Romanum
1360 833 1561 882 populum
1601 832 1838 870 attentatis.

134 894 272 933 Rediit
296 908 390 943 ergo
423 893 464 930 in
499 893 675 942 gratiam
709 907 803 931 cum
838 891 1029 941 Gregorio
1064 906 1201 931 mense
1236 891 1484 930 novembril
1514 900 1560 929 ut
1585 891 1690 929 infra
1722 892 1754 941 [t
1792 891 1840 940 1],

130 969 169 1004 p.
197 953 287 1000 429,
313 953 514 1003 scriptum
531 961 606 990 est.
627 953 779 991 Verum
803 966 851 989 ex
879 951 1048 988 laudata
1076 951 1251 1001 epistola
1279 959 1457 1000 apparet
1474 951 1589 989 illum
1616 965 1698 988 non
1716 950 1840 988 fuisse

131 1012 344 1052 inimicum
361 1026 492 1062 papae
509 1026 646 1050 mense
669 1010 892 1061 septenbri.
922 1010 985 1047 Ad
1008 1010 1238 1049 tollendam
1263 1025 1357 1059 ergo
1374 1010 1499 1049 istam
1520 1009 1841 1059 ambiguitatem

132 1072 210 1110 dici
226 1080 366 1122 posset
382 1070 621 1109 convenisse
646 1085 713 1108 eos
734 1071 782 1108 de
804 1070 963 1108 iciendo
980 1070 1141 1107 foedere
1158 1077 1254 1107 ante
1272 1084 1456 1108 mensem
1471 1069 1755 1116 novembrem,
1771 1069 1842 1106 sed

130 1140 222 1170 tum
246 1139 416 1169 tantum
442 1129 564 1168 fuisse
590 1130 733 1168 ictum.
764 1129 929 1167 Etenim
954 1142 1062 1179 papa
1088 1128 1130 1165 in
1149 1129 1294 1167 eadem
1319 1128 1492 1178 epistola
1520 1128 1634 1167 illum
1650 1129 1843 1165 hortatur

132 1205 180 1228 ne
205 1198 375 1241 propter
398 1197 611 1227 attentata
636 1189 703 1226 illa
728 1188 870 1239 populi
898 1187 1073 1227 Romani
1096 1188 1292 1225 turbetur
1315 1196 1389 1225 aut
1413 1200 1441 1224 a*
1460 1187 1648 1225 veritatis
1672 1187 1843 1226 tramite

132 1250 318 1287 retrahat
348 1249 496 1299 pedem
526 1263 660 1293 suum,
691 1248 761 1286 sed
791 1247 953 1297 rejectis
984 1247 1122 1297 potius
1154 1247 1311 1285 cunctis
1347 1246 1704 1293 fluctuationibus,
1734 1261 1843 1296 spre-

131 1309 267 1358 tisque
313 1322 667 1358 quorumcumque
713 1307 861 1345 dolosis
906 1306 1236 1355 suggestionibus
1280 1306 1516 1356 impiorum,
1561 1305 1601 1343 in
1645 1305 1845 1343 laudabili

133 1368 258 1418 pacis,
280 1367 444 1417 quietis,
466 1376 506 1405 et
526 1367 670 1405 salutis
691 1380 787 1404 suae
807 1366 1020 1416 proposito
1041 1365 1250 1403 constanti
1278 1365 1417 1402 animo
1446 1373 1692 1415 perseveret.
1717 1365 1844 1402 Facta

134 1442 227 1475 ergo
257 1441 370 1477 pace,
400 1427 510 1464 idem
538 1441 646 1476 papa
688 1425 922 1476 baptizavit
954 1424 1081 1463 iiliam
1112 1424 1317 1462 Francisci
1348 1432 1492 1463 natam
1523 1424 1709 1470 Viterbii,
1740 1437 1845 1473 quae

134 1495 351 1537 propterea
385 1487 560 1524 Romam
591 1486 728 1523 delata
759 1485 851 1531 fuit,
881 1492 928 1521 ut
957 1484 1106 1533 legitur
1134 1484 1253 1522 infra.
1285 1484 1442 1521 Vocata
1479 1492 1540 1521 est
1578 1492 1719 1520 autem
1750 1483 1845 1520 Gre-

135 1546 244 1595 goria
276 1561 325 1584 ex
356 1545 519 1584 nomine
551 1559 697 1595 papae,
728 1552 774 1581 ut
805 1544 926 1582 docet
956 1543 1160 1593 depositio
1205 1543 1350 1581 Didaci
1395 1542 1562 1580 Martini
1592 1543 1640 1580 de
1675 1542 1845 1580 Urduna

135 1605 320 1643 canonici
339 1604 527 1642 Toletani
545 1621 552 1642 :
573 1604 642 1654 qui
660 1603 936 1652 interrogatus
960 1617 981 1640 3
1000 1602 1198 1651 delegatis
1216 1602 1319 1652 regis
1338 1602 1538 1640 Castellae
1563 1600 1845 1639 de'iuimicitia

139 1664 294 1702 Urbani
320 1664 375 1701 VI
403 1672 444 1701 et
474 1663 678 1701 Francisci
706 1663 753 1700 de
779 1662 892 1708 Vico,
912 1662 1110 1712 praefecti
1140 1661 1275 1709 Urbis,
1298 1661 1512 1712 respondit
1530 1660 1545 1683 ‘2
1571 1676 1611 1698 se
1639 1660 1845 1697 audivisse

137 1724 247 1774 quod
281 1724 471 1761 Urbanus
503 1731 655 1773 ceperat
685 1737 844 1760 umorem
873 1736 1002 1765 suam,
1035 1736 1105 1771 que
1136 1729 1227 1758 tuuc
1258 1729 1340 1758 erat
1370 1721 1505 1767 Rome,
1546 1728 1580 1757 et
1616 1719 1846 1768 Gregoriam

138 1783 266 1832 filiam
293 1797 422 1829 suam,
452 1790 485 1819 et
513 1796 558 1820 ex
586 1783 653 1819 hoc
684 1781 899 1818 insurrexit
928 1781 1140 1818 discordia.
1173 1780 1341 1818 Erravit
1369 1794 1464 1829 ergo
1495 1780 1640 1817 Petrus
1672 1778 1846 1824 Alfonsi,

138 1841 357 1880 canonicus
392 1841 660 1891 Hispalensis,
693 1841 829 1879 dicens
861 1840 900 1877 in
933 1840 1188 1890 depositione
1220 1854 1292 1877 sua
1324 1840 1430 1877 hanc
1461 1839 1617 1889 prolem
1646 1837 1846 1888 praefecti

138 1901 260 1939 fuisse
285 1901 526 1947 masculam,
551 1900 626 1937 nisi
651 1901 755 1938 forte
779 1899 972 1949 intelligit
989 1900 1036 1937 de
1061 1899 1240 1937 secundo
1265 1907 1413 1949 partu:
1435 1899 1705 1946 Interrogatus
1727 1911 1848 1946 super

137 1961 249 1998 tertia
281 1960 483 1998 additione
515 1959 717 2009 respondit
762 1960 862 2009 quod
894 1959 1033 1996 civitas
1085 1958 1346 1996 Viterbiensis
1379 1957 1498 1995 distat
1542 1971 1610 2007 per
1643 1956 1848 1994 duodecim

137 2021 267 2057 leucas
285 2035 309 2057 α
328 2020 467 2065 Roma,
486 2028 519 2056 et
537 2020 638 2069 quod
655 2019 860 2067 regebatur
880 2018 946 2055 illo
965 2027 1133 2067 tempore
1151 2032 1220 2067 per
1238 2017 1452 2067 prefectum
1479 2017 1522 2053 de
1547 2016 1654 2054 Vico.
1681 2016 1845 2053 Interro-

139 2088 252 2128 gatus
268 2077 284 2100 3
307 2078 342 2115 si
368 2087 449 2116 erat
485 2078 640 2116 amicus
665 2079 722 2115 wel
760 2077 951 2115 inimicus
976 2077 1099 2127 primi
1134 2077 1240 2114 electi
1267 2076 1368 2114 dimit
1393 2077 1495 2125 quod
1519 2075 1654 2121 nescit,
1679 2075 1747 2112 sed
1775 2073 1846 2111 scit

137 2139 239 2188 quod
260 2146 470 2187 antequam
494 2145 703 2175 moreretur
732 2137 945 2185 Gregorius
967 2145 1048 2174 erat
1070 2151 1150 2186 pasr
1172 2136 1383 2184 reformata
1407 2135 1507 2172 inter
1528 2148 1618 2171 eum
1639 2142 1673 2171 et
1695 2147 1846 2183 papam

145 2198 204 2245 G.,
227 2205 260 2235 et
282 2198 383 2246 quod
401 2197 480 2246 suit
505 2196 726 2246 baptizatus
748 2210 853 2233 unus
886 2196 996 2245 filius
1016 2209 1116 2232 Situs
1139 2195 1180 2232 in
1202 2194 1354 2244 palatio
1375 2208 1491 2243 pape.
1525 2194 1672 2230 Postea
1696 2193 1845 2241 Grego-

138 2256 219 2295 rius
251 2256 353 2293 obiit
383 2255 445 2293 die
476 2271 594 2293 xxvn
624 2255 777 2302 martii,
806 2263 847 2293 et
888 2255 928 2292 in
958 2255 1046 2293 loco
1087 2254 1175 2303 ejus
1206 2255 1358 2292 electus
1388 2261 1450 2291 est
1495 2252 1684 2290 Urbanus
1727 2250 1847 2289 istius

140 2315 315 2355 nominis
336 2323 491 2353 sextus.
514 2315 619 2353 Tum
639 2329 736 2353 vero
756 2329 919 2352 rursum
940 2313 1194 2360 inimicitiae,
1216 2321 1256 2350 et
1277 2326 1374 2350 mox
1395 2312 1562 2357 bellum,
1584 2311 1699 2359 cujus
1722 2323 1844 2348 causa

141 2374 219 2412 suit
239 2374 348 2413 idem
371 2375 575 2412 Urbanus.
600 2373 706 2413 Nam
727 2388 820 2412 cum
839 2388 943 2411 uxor
963 2372 1161 2423 praefecti
1182 2386 1345 2410 rursum
1366 2370 1590 2420 peperisset
1613 2370 1783 2415 Romae,
1804 2376 1845 2407 et

138 2442 282 2484 postea
314 2434 459 2472 urbem
490 2433 716 2482 relinquere
749 2432 963 2482 cogitaret,
989 2431 1197 2482 prohibita
1230 2439 1292 2468 est
1323 2430 1376 2467 ab
1411 2429 1592 2467 Urbano.
1625 2428 1730 2466 Hinc
1762 2427 1845 2465 irae

129 2492 349 2543 praefecti.
387 2493 433 2529 In
465 2491 752 2541 depositione4
783 2491 920 2529 fratris
955 2490 1126 2529 Ferrarii
1159 2490 1207 2528 de
1241 2490 1407 2538 Vergos,
1440 2487 1591 2525 ordinis
1626 2486 1846 2533 Minorum‚

141 2551 326 2601 magistri
357 2551 398 2588 in
428 2551 635 2600 theologia
667 2559 708 2589 et
738 2550 900 2589 lectoris
936 2548 1228 2588 Universitatis
1266 2547 1494 2594 llerdemis,
1530 2546 1679 2595 legitur
1709 2545 1846 2596 ipsum

140 2611 442 2660 interrogatum
464 2609 635 2659 juridice
659 2618 801 2647 utrum
824 2609 945 2647 sciret
971 2607 1234 2646 Franciseum
1259 2607 1306 2644 de
1332 2606 1430 2644 Vico
1454 2620 1538 2644 esse
1569 2604 1749 2643 amicum
1772 2611 1846 2641 aut

140 2669 353 2708 inimicum
389 2668 544 2706 Urbani
576 2668 832 2718 respondisse
867 2667 965 2706 scire
999 2682 1039 2705 se
1074 2667 1184 2716 quod
1219 2664 1434 2715 Gregorius
1471 2664 1532 2701 XI
1566 2664 1722 2713 quando
1765 2663 1848 2700 ibat

142 2730 309 2767 Romam
335 2728 378 2765 de
404 2728 582 2774 Corneto,
606 2728 777 2765 voluerat
803 2727 858 2764 ire
883 2741 951 2776 per
976 2735 1118 2764 terram
1143 2726 1194 2762 ad
1222 2725 1380 2771 Urbem,
1406 2731 1440 2761 et
1466 2738 1544 2760 non
1567 2723 1697 2772 suerat
1722 2736 1846 2759 ausus

193 2883 224 2915 1.
246 2881 294 2914 Le
313 2882 358 2914 30
377 2881 529 2914 octobre
546 2881 639 2914 1377
660 2880 878 2923 (Antonelli,
900 2880 1057 2912 Vicende
1069 2862 1163 2912 dell'a
1178 2878 1432 2911 dominazione
1446 2876 1641 2920 pontificia
1653 2876 1711 2908 nel
1725 2875 1849 2908 Patri-

143 2935 276 2974 monio,
307 2935 399 2967 dans
426 2934 601 2967 Archivio
628 2934 720 2966 della
745 2933 788 2966 R.
817 2934 949 2966 societc't
982 2943 1135 2965 romana
1162 2932 1199 2964 di
1233 2931 1346 2964 storia
1372 2931 1506 2974 patria,
1535 2935 1562 2962 t.
1591 2941 1691 2962 xxm
1722 2927 1843 2972 (1908)

143 3000 179 3032 p.
195 2988 301 3074 2157Β)
326 3040 382 3079 N.‚
411 3052 477 3073 ms.
506 3039 601 3072 latin
627 3038 756 3078 11745,
785 3039 847 3072 fol.
876 3039 944 3071 132
971 3043 1015 3071 ΓΟ.

193 3095 226 3127 3.
256 3093 323 3126 Ms.
353 3093 436 3135 cite,
466 3092 528 3126 fol.
557 3093 626 3125 113
654 3097 697 3125 r0.

194 3147 227 3179 4.
253 3146 319 3179 Ms.
346 3146 430 3185 cite,
456 3146 518 3178 fol.
544 3145 614 3177 110
638 3149 689 3178 νο.
