2083 3458
262 167 341 217 110
909 182 1059 207 NOTAE
1095 181 1154 205 AD
1193 179 1317 204 VITAS
1842 163 1969 217 [630]

256 266 403 316 quinto
451 266 515 316 [14
533 265 636 303 avril
657 265 802 315 1310];
823 265 1076 314 VVaddingus
1096 265 1123 311 ¹,
1152 277 1215 301 an.
1247 262 1361 309 1310,
1387 262 1459 310 §2,
1479 262 1502 300 3
1532 263 1577 313 [t.
1608 277 1661 310 vl,
1690 277 1729 312 p.
1753 261 1964 312 167-171]

312 326 450 363 Fuisse
485 333 624 363 autem
658 325 773 362 illum
806 339 852 362 eo
885 332 1069 374 tempore
1103 322 1214 373 apud
1249 322 1500 360 Clementem
1533 336 1687 372 papam
1720 321 1762 360 in
1796 321 1969 360 civitate

258 384 532 423 Avenionensi
555 384 685 433 liquet
708 398 758 422 ex
782 382 1017 421 collectione
1041 389 1228 420 actorum
1253 380 1412 419 discidii
1436 381 1546 431 quod
1570 381 1649 419 fuit
1671 381 1779 419 inter
1800 380 1966 419 Bonifa-

254 444 364 481 cium
388 444 490 481 VIII
513 452 553 481 et
576 443 810 493 Philippum
833 442 1068 489 Pulchrum,
1089 456 1128 491 p.
1152 440 1243 487 406,
1264 440 1335 477 ubi
1355 440 1589 479 referuntur
1609 448 1703 478 acta
1726 440 1837 490 apud
1858 440 1968 478 hunc

232 532 236 535 -
256 503 496 552 pontificem
517 517 624 540 anno
645 502 838 548 MCCCX,
859 501 921 539 die
943 500 1146 538 dominica
1167 514 1271 537 xxm
1300 499 1448 538 mensis
1469 500 1620 550 aprilis,
1646 500 1687 537 in
1707 513 1829 537 causa
1849 513 1966 538 accu-

256 562 426 600 sationis
447 562 641 600 adversus
662 560 901 599 memoriam
921 560 1106 609 ejusdem
1125 559 1340 598 Bonifacii.

310 622 429 659 Anno
448 621 650 659 MCCCXI
669 635 805 658 mense
823 627 998 669 augusto
1017 620 1068 656 ab
1095 619 1239 657 eodem
1258 618 1447 668 Philippo
1468 633 1559 669 rege
1582 618 1764 657 obtinuit
1781 618 1966 668 amplum

256 680 513 730 privilegium
540 695 612 730 pro
640 679 881 717 fundatione
903 678 1093 717 ecclesiae
1114 677 1365 728 collegiatae,
1388 692 1513 728 quam
1534 678 1706 716 fundare
1728 677 1966 715 decreverat

255 741 298 777 in
323 739 418 777 villa
447 740 495 777 de
513 740 689 789 Capella,
718 740 805 776 loco
833 753 929 777 suae
956 737 1133 788 originis,
1161 752 1207 775 ac
1233 737 1398 788 proprio
1425 745 1466 775 et
1492 737 1621 777 natali
1657 737 1742 775 solo
1761 737 1787 775 ².
1818 737 1965 775 Postea

256 799 438 836 construi
466 799 561 837 fecit
588 798 797 836 ecclesiam
830 812 955 847 quam
982 797 1175 847 perficere
1201 811 1285 835 non
1309 796 1462 847 potuit,
1491 811 1584 835 cum
1611 797 1840 835 etiamnum
1866 795 1967 833 nihil

256 873 305 896 cx
328 872 373 896 ea
396 858 661 898 aedificatum
683 858 735 895 sit
755 865 916 907 praeter
938 857 1118 894 chorum.
1140 856 1331 894 Statutus
1352 855 1497 894 deinde
1519 864 1653 894 certus
1676 855 1966 893 canonicorum

253 926 297 955 et
329 918 656 967 praebendarum
688 931 894 954 numerus.
930 916 1082 954 Verum
1111 930 1197 954 non
1224 915 1282 953 ita
1317 916 1448 953 multo
1472 923 1567 965 post
1600 915 1800 964 majorem
1833 915 1965 952 multo

254 976 544 1015 canonicorum
602 990 819 1014 numerum
876 975 1146 1022 admiserunt,
1170 1019 1177 1026 ἱ
1198 975 1351 1025 partim
1409 983 1526 1013 motu
1577 974 1756 1025 proprio,
1812 974 1965 1024 partim

255 1036 505 1074 auctoritate
541 1035 699 1075 romani
734 1035 956 1085 pontificis,
996 1035 1083 1083 Quo
1120 1034 1278 1072 factum
1313 1042 1375 1072 est
1419 1042 1467 1071 ut
1504 1034 1612 1072 intra
1646 1048 1799 1084 paucos
1835 1048 1964 1072 annos

253 1094 377 1133 iidem
414 1095 597 1133 canonici
624 1095 737 1144 gravi
764 1095 1001 1132 laborarent
1032 1094 1184 1144 inopia.
1213 1094 1331 1132 Hanc
1360 1094 1411 1131 ob
1450 1107 1616 1132 causam
1642 1094 1890 1144 congregati,
1917 1101 1965 1131 ut

258 1154 380 1192 finem
404 1154 582 1204 aliquem
604 1162 805 1204 ponerent
828 1153 944 1191 malis
970 1153 1065 1201 suis,
1097 1153 1271 1203 Rogerio
1297 1153 1409 1191 Forti
1434 1153 1625 1203 episcopo
1655 1161 1746 1190 tum
1777 1152 1964 1191 Lemovi-

253 1213 376 1260 censi,
406 1221 549 1263 postea
580 1228 675 1251 vero
706 1212 1011 1263 archiepiscopo
1039 1213 1299 1259 Bituricensi,
1331 1212 1400 1262 qui
1425 1212 1530 1250 filius
1560 1220 1649 1251 erat
1677 1212 1823 1250 sororis
1853 1211 1964 1250 Petri

253 1273 303 1310 de
329 1273 506 1323 Capella,
530 1281 783 1323 potestatem
815 1273 1018 1311 dederunt
1047 1272 1293 1310 instituendi
1310 1280 1350 1310 et
1384 1271 1559 1310 faciendi
1590 1280 1751 1310 statuta
1782 1280 1824 1310 et
1858 1271 1963 1310 ordi-

255 1331 441 1370 nationes
500 1332 542 1370 in
599 1332 709 1370 dicta
763 1332 944 1379 ecclesia,
1006 1346 1178 1382 eamque
1234 1345 1351 1369 suam
1414 1331 1753 1369 deliberationem
1811 1331 1965 1369 firmari

252 1399 450 1428 curarunt
484 1391 685 1429 auctorite
720 1391 958 1441 apostolica.
996 1392 1157 1429 Extant
1191 1391 1299 1429 enim
1332 1391 1474 1429 literae
1496 1390 1716 1430 Clementis
1740 1391 1810 1438 VI,
1840 1391 1964 1429 datae

256 1465 312 1487 xv
344 1451 421 1488 kal.
454 1450 606 1501 aprilis,
633 1465 740 1489 anno
768 1451 945 1489 secundo
977 1451 1041 1501 [18
1071 1465 1178 1489 mars
1211 1451 1342 1501 1344]‚
1367 1465 1472 1500 quae
1500 1449 1542 1487 id
1575 1458 1797 1488 testantur.
1830 1450 1963 1488 Verba

252 1518 394 1547 autem
414 1509 703 1549 canonicorum
721 1510 779 1548 ita
798 1510 1074 1549 statuentium
1092 1524 1200 1548 anno
1220 1509 1520 1557 MCCCXLIII,
1540 1509 1603 1548 die
1622 1509 1781 1548 veneris
1799 1509 1842 1549 in
1858 1510 1964 1547 festo

252 1569 546 1619 assumptionis
571 1570 616 1608 Β.
653 1569 818 1617 Mariae,
852 1569 911 1607 ita
946 1570 1102 1607 habent
1137 1585 1144 1607 ε
1181 1569 1393 1618 cogitantes
1413 1570 1514 1620 qaod
1540 1583 1610 1620 per
1643 1569 1966 1619 circumspectam

255 1629 508 1678 prudentiam
554 1630 750 1667 reverendi
798 1631 924 1681 patris
965 1630 1006 1668 in
1050 1630 1205 1668 Christo
1250 1630 1401 1668 domini
1440 1630 1599 1680 Rogerii
1640 1629 1656 1651 3
1676 1628 1965 1667 Lemovicensis

254 1689 439 1739 episcopi,
463 1690 529 1739 qai
559 1690 609 1727 ad
639 1690 783 1727 dictam
804 1690 1021 1728 Ecclesiam
1047 1690 1353 1728 consideratione
1382 1690 1608 1739 fundatoris
1639 1690 1818 1740 predicti,
1849 1689 1964 1738 cujas

254 1763 373 1799 nepos
395 1749 515 1786 extitit
545 1758 577 1786 et
610 1750 812 1787 alumnus.
846 1750 1054 1800 specialem
1076 1748 1188 1787 habet
1216 1750 1411 1799 affectum,
1445 1749 1534 1800 ipsa
1553 1748 1734 1787 Ecclesia
1761 1749 1804 1786 in
1838 1748 1964 1786 omni-

259 1809 330 1845 bas
351 1809 486 1858 poterit
509 1809 727 1857 reformari,
751 1809 985 1847 instituendi
1015 1818 1047 1847 et
1071 1809 1246 1858 jaciendi
1275 1817 1422 1847 statuta
1450 1817 1482 1847 et
1507 1809 1773 1846 ordinationes
1796 1808 1839 1846 in
1861 1808 1965 1848 clieta

256 1867 445 1915 Ecclesia,
467 1876 549 1907 etc..
566 1869 809 1905 committunt
831 1869 990 1919 plenam
1010 1869 1052 1906 in
1070 1869 1242 1906 Domino
1257 1877 1495 1919 potestatem,
1510 1869 1554 1906 de
1576 1868 1761 1906 omnibns
1779 1868 1965 1919 predictis

253 1927 341 1976 ejus
371 1928 649 1965 conscientiam
682 1936 897 1974 onerantes,
939 1937 971 1965 et
1000 1943 1119 1979 snper
1147 1923 1215 1966 hoc
1244 1929 1402 1966 domino
1433 1937 1561 1966 nostro
1590 1942 1743 1966 summo
1782 1927 1965 1978 pontifici

256 1986 518 2036 promiserant
548 1996 580 2024 et
616 1987 897 2025 ordinaverant
924 1988 1153 2038 supplicare
1183 1988 1283 2038 quod
1318 1988 1361 2025 in
1392 1987 1623 2038 hujusmodi
1652 1987 1900 2025 ordinatione
1932 1995 1964 2024 et

253 2046 528 2084 commissione
556 2061 623 2097 per
654 2047 760 2097 ipsos
788 2047 904 2096 jactis
931 2048 1081 2098 prefato
1111 2048 1268 2085 domino
1298 2047 1465 2097 Rogerio
1490 2046 1758 2085 Lemovieensi
1785 2046 1965 2097 episcopo

254 2105 439 2154 dignetur
484 2106 606 2143 eidem
645 2106 802 2143 domino
854 2107 1020 2156 Rogerio
1058 2107 1326 2145 cizietoritatem
1365 2107 1621 2157 apostolicam
1664 2106 1964 2144 misericorditer

258 2163 464 2214 impertiri,
503 2172 578 2201 etc.
600 2164 668 2201 Vir
686 2164 930 2202 clarissimus
949 2165 1152 2215 Josephus
1175 2165 1302 2202 Maria
1323 2165 1547 2212 Suaresius,
1565 2164 1634 2202 lib.
1659 2165 1711 2212 II,
1735 2167 1963 2204 Praenestes

253 2222 454 2272 antiquae,
504 2237 590 2273 cap.
623 2237 708 2270 XIV,
747 2238 785 2273 p.
818 2223 906 2271 238,
949 2232 1128 2262 testatur
1163 2224 1311 2262 vidisse
1342 2239 1381 2262 se
1419 2224 1514 2263 olim
1551 2223 1594 2262 in
1627 2223 1794 2262 archivo
1818 2223 1964 2274 palatii

257 2281 552 2319 Avenionensis
597 2282 875 2320 inventarium
906 2283 1108 2322 bonorum
1145 2283 1329 2321 omnium
1377 2283 1487 2322 Petri
1522 2283 1587 2323 bo.
1637 2297 1714 2322 me.
1752 2283 1963 2333 quondam

254 2341 435 2390 episcopi
454 2341 719 2389 Praenestini,
737 2356 841 2391 quae
858 2343 1011 2380 decano
1029 2351 1070 2381 et
1091 2343 1272 2393 capitulo
1289 2343 1479 2382 ecclesiae
1495 2357 1627 2381 novae
1642 2343 1797 2381 Beatae
1812 2341 1965 2381 Mariae

256 2400 306 2437 de
340 2400 501 2449 Capella
525 2400 824 2439 Lemovicensis
852 2401 1043 2441 dioecesis
1065 2402 1333 2449 obvenerant,
1356 2416 1542 2452 quaeque
1569 2401 1612 2440 in
1643 2401 1786 2440 eadem
1808 2401 1963 2451 capella

258 2459 482 2508 perquisita
509 2468 752 2509 repertaque
780 2460 944 2498 fuerant
970 2475 991 2498 a
1020 2461 1306 2499 commissariis
1334 2461 1505 2500 Joannis
1534 2461 1664 2498 XXII
1688 2460 1804 2510 jussu
1831 2459 1962 2498 missis

255 2531 365 2556 anno
397 2518 717 2557 MCCCXXVII.

309 2631 340 2662 1.
364 2631 493 2670 Eubel‚
511 2631 554 2664 Β.
584 2633 642 2671 F.,
662 2638 687 2664 t.
708 2644 742 2671 v,
761 2644 795 2675 p.
816 2634 872 2672 65,
891 2645 925 2665 n.
948 2634 1027 2666 158.

308 2684 339 2715 2.
367 2683 515 2724 Baluze,
542 2691 568 2717 t.
593 2697 644 2724 111,
671 2697 705 2729 p.
734 2686 911 2727 228‚229.
938 2706 985 2709 —
1009 2687 1080 2719 Sur
1104 2688 1139 2719 la
1162 2687 1363 2720 fondation
1389 2688 1433 2721 de
1461 2687 1583 2721 Pierre
1609 2687 1691 2720 voir
1715 2687 1750 2720 J.
1777 2687 1821 2720 de
1849 2687 1964 2719 Font-

261 2736 404 2776 ineam,
432 2737 481 2769 Le
505 2737 666 2781 chapitre
691 2739 731 2771 de
755 2739 791 2771 ta
816 2739 947 2772 Chatre
971 2745 1002 2772 et
1027 2740 1075 2773 les
1100 2741 1283 2784 paroisses
1301 2741 1342 2774 de
1366 2741 1590 2774 Fresselines
1615 2746 1646 2773 et
1671 2741 1712 2773 de
1737 2741 1773 2773 la
1793 2739 1965 2783 chapelle

261 2789 442 2832 'sames-er,
469 2791 560 2823 dans
585 2791 782 2824 Memoires
805 2793 846 2825 de
868 2793 903 2825 la
927 2793 1061 2826 Societe
1084 2794 1143 2826 des
1164 2795 1321 2827 sciences
1343 2795 1537 2827 naturelles
1558 2800 1589 2827 et
1611 2794 1901 2836 archeologiqaes
1923 2794 1965 2827 de

256 2843 294 2873 la
312 2843 453 2882 (lt-ease,
475 2850 498 2876 t.
519 2856 586 2876 xxx
608 2845 742 2887 (1920),
762 2857 796 2888 p.
815 2847 986 2879 302-310.
1009 2847 1065 2879 En
1082 2848 1176 2880 1332
1192 2848 1290 2880 Jcan
1308 2848 1427 2880 XXII
1446 2848 1606 2881 accorda
1623 2847 1746 2881 divers
1764 2847 1962 2890 privileges

262 2895 418 2935 (Mollat,
438 2908 470 2928 n.
491 2896 757 2938 57831-57833,
776 2892 1064 2943 57964-57965).1
1505 2934 1507 2938 .

308 2950 340 2980 3.
362 2948 411 2980 Lo
431 2962 496 2982 ms.
518 2951 598 2990 206,
619 2951 642 2983 i'.
665 2952 733 2984 272
751 2956 794 2991 ΓΟ,
816 2953 859 2985 de
877 2953 912 2985 la
931 2953 1129 2986 collection
1146 2954 1298 2994 Baluzv„
1319 2955 1339 2986 a
1357 2955 1393 2987 la
1410 2954 1451 2987 B.
1474 2954 1532 2994 N.,
1554 2954 1725 2987 contient
1743 2965 1795 2986 un
1821 2953 1964 2986 extrait

259 3002 323 3032 ‹lcs
343 3008 484 3034 statuts
505 3004 646 3046 rediges
667 3016 711 3035 cn
732 3006 824 3038 1344
844 3018 912 3049 par
934 3006 1066 3050 Roger,
1088 3007 1322 3051 archcchue
1343 3008 1387 3040 de
1406 3008 1573 3051 Bourges
1603 3007 1734 3051 depuis
1753 3007 1785 3040 le
1805 3007 1850 3040 18
1871 3006 1965 3039 aofit

263 3055 364 3086 1:343.
