2083 3458
105 190 258 248 [1222]
625 205 841 230 PAPARUM
877 205 1260 231 AVENIONENSIUM
1709 190 1786 231 741

28 302 30 305 ’
91 287 149 327 illi
180 288 250 338 qui
280 289 437 327 occulte
460 298 578 327 erant
608 288 761 327 inimici
785 288 940 327 Urbani
962 278 1101 327 0030ῑῖ
1115 297 1212 327 sunt
1243 288 1416 327 transire
1445 289 1485 326 in
1518 297 1654 339 partes
1687 288 1789 338 ejus.

96 348 212 386 Istud
233 348 437 398 colligitur
457 363 508 386 ex
527 349 671 386 eadem
700 348 893 398 epistola3
924 347 994 385 ubi
1022 348 1171 397 legitur
1199 348 1364 386 eosdem
1393 348 1547 386 nobiles
1582 348 1788 386 Romanos

90 406 132 444 in
164 422 209 446 ea
243 421 401 458 semper
436 407 557 445 fuisse
590 407 795 446 sententia
830 421 950 456 usque
982 407 1033 445 ad
1065 407 1167 445 diem
1199 407 1409 445 occisionis
1441 407 1712 445 Romanorum
1743 414 1790 443 ut

91 466 379 504 existimarent
432 466 647 504 Urbanum
697 480 781 504 esse
831 465 1090 515 antipapam,
1132 465 1193 503 uti
1241 481 1364 516 supra
1405 482 1445 516 p.
1490 465 1588 503 1212
1631 465 1790 504 dictum

91 533 168 564 est.

148 585 186 621 Ρ.
216 584 304 631 438,
337 585 401 633 lig.
424 584 484 622 16.
516 585 801 622 CARmNALEs.
826 584 878 622 Le
905 583 1177 632 chroniqueur
1207 589 1396 633 exagere2
1424 586 1459 622 la
1489 599 1627 623 source
1650 583 1789 633 qu’ilva

92 645 302 693 employee
333 653 394 682 est
427 644 547 682 l⁷acte
586 643 733 681 officiel
758 643 811 679 du
843 643 864 679 2
886 645 985 680 aout
1021 643 1120 680 1378
1148 644 1326 691 (Babae,
1349 652 1377 681 t.
1412 659 1465 689 ιν,
1495 658 1533 694 p.
1567 643 1676 691 174),
1704 643 1792 680 voir

93 716 187 739 mon
218 695 345 740 Etude
371 701 533 754 critique
553 717 622 739 sur
647 703 700 739 les
731 702 842 738 Vitae
866 716 1067 751 paparum
1093 702 1447 749 Avenionensium,
1468 717 1505 752 p.
1530 702 1660 740 73-74.

147 762 188 800 Ρ.
221 761 309 808 440,
339 761 405 811 lig.
437 761 498 800 29.
530 762 705 800 CONTRA
736 775 1027 799 VOLUNTATEM
1056 760 1147 799 Dm.
1177 762 1326 799 Contra
1347 761 1536 799 Urbanus
1568 761 1623 798 Vl
1654 761 1794 799 aiebat

90 820 207 858 illum
230 821 387 859 venisse
415 821 662 859 Romam-ex
678 821 894 858 voluntate
922 819 1007 858 Dei.
1033 820 1096 858 Sic
1119 820 1228 859 enim
1250 829 1430 859 testatur
1453 821 1630 858 Thomas
1656 821 1793 867 Petra,

91 880 207 929 cujus
237 881 336 919 haec
364 888 462 918 sunt
491 880 616 918 verba
636 879 650 902 1
681 896 688 917 :
722 880 820 917 Item
847 879 986 916 audivi
1015 888 1106 917 tunc
1134 879 1257 917 asseri
1286 894 1355 930 per
1382 879 1588 917 dominum
1617 888 1794 917 nostrum

92 939 310 990 predictum
341 940 442 989 quod
472 938 670 976 discordia
703 939 861 976 illorum
891 946 983 976 tune
1014 938 1283 976 cardinalium
1311 938 1391 988 fuit
1421 938 1516 989 quia
1546 938 1796 989 requirebant

90 1013 180 1036 eum
197 1000 298 1049 quod
316 999 386 1036 iret
404 999 506 1036 ultra
524 1006 671 1036 montes
687 1006 721 1035 et
738 998 822 1048 ipse
839 998 999 1047 penitus
1024 998 1218 1035 recusavit
1233 1012 1411 1035 asserens
1428 998 1529 1048 quod
1551 998 1739 1036 Urbanus
1761 997 1795 1034 V

90 1066 125 1095 et
159 1057 370 1107 Gregorius
400 1066 584 1095 venerant
611 1071 656 1095 ex
685 1058 880 1095 voluntate
906 1056 982 1093 Dei
1011 1057 1063 1094 ad
1088 1052 1416 1106 fructificandum
1443 1057 1616 1095 Ecclesia
1644 1054 1794 1094 Christi

91 1125 125 1154 et
157 1117 456 1167 pacificandum
496 1116 672 1154 Ytaliam
705 1124 739 1154 et
771 1117 823 1154 ad
855 1116 1169 1165 recuperandum
1202 1125 1324 1154 terras
1358 1116 1543 1164 Ecclesie,
1577 1124 1611 1154 et
1645 1115 1793 1153 modico

90 1176 222 1225 fructu
257 1184 383 1214 secuto
419 1176 503 1226 ipse
544 1175 733 1214 Urbanus
767 1183 972 1212 recesserat
1006 1183 1139 1212 contra
1174 1176 1266 1212 velle
1297 1175 1373 1212 Dei
1407 1176 1580 1225 predicto
1612 1175 1693 1213 sibi
1728 1188 1794 1225 per

95 1236 246 1273 beatam
269 1235 482 1284 Brigidam
505 1236 548 1273 de
573 1234 726 1282 Suetia,
749 1242 908 1284 propter
931 1235 1033 1284 quod
1055 1234 1135 1272 vita
1158 1235 1339 1284 privatus
1360 1234 1453 1283 fuit,
1478 1235 1546 1272 hoc
1567 1234 1686 1272 etiam
1710 1247 1795 1284 pre-

92 1295 193 1332 dicto
212 1295 292 1332 sibi
314 1309 382 1343 per
401 1296 590 1341 eamdem,
611 1302 645 1332 et
664 1294 766 1344 quod
794 1294 912 1331 etiam
939 1293 1152 1342 Gregorius
1171 1309 1281 1343 papa
1301 1294 1536 1342 cogitaverat
1556 1294 1600 1331 de
1628 1307 1795 1339 recessu,

94 1362 134 1391 ut
159 1368 282 1404 supra
309 1353 466 1401 dicitur,
493 1362 527 1392 et
549 1353 635 1403 jam
661 1353 821 1391 miserat
846 1367 917 1403 pro
940 1353 1077 1402 galeiS,
1104 1367 1193 1390 cum
1219 1353 1416 1390 modicum
1440 1361 1474 1390 et
1499 1352 1613 1402 quasi
1640 1352 1797 1390 nullum

90 1413 264 1462 fructum
291 1413 462 1462 fecisset3
494 1421 652 1463 propter
681 1413 783 1463 quod
810 1412 866 1450 ad'
889 1411 1110 1450 evidentius
1140 1412 1299 1461 insigne
1328 1413 1430 1462 quod
1457 1412 1525 1449 hoc
1553 1420 1634 1449 erat
1663 1419 1797 1449 contra

92 1473 184 1509 velle
204 1472 293 1518 Dei,
319 1473 361 1509 in
384 1472 550 1522 propria
572 1473 658 1510 sede
681 1473 905 1510 decesserat.
931 1471 1009 1509 Sed
1032 1486 1105 1520 ego
1130 1471 1217 1509 heic
1239 1479 1280 1509 te
1304 1470 1525 1520 interrogo,
1552 1471 1731 1509 Urbane.
1757 1469 1798 1508 Si

90 1540 307 1582 propterea
340 1531 555 1581 Gregorius
588 1531 649 1569 XI
679 1530 720 1568 in
742 1530 906 1581 propria
929 1530 1022 1568 sede
1054 1530 1227 1568 decessit
1256 1530 1351 1580 quia
1383 1530 1638 1569 Avenionem
1668 1528 1797 1567 redire

92 1590 259 1629 volebat
287 1598 430 1629 contra
459 1591 561 1629 velle
593 1590 680 1637 Dei,
709 1604 803 1630 cum
834 1590 1023 1627 Urbanus
1053 1589 1237 1639 quintus,
1267 1603 1390 1639 quem
1425 1597 1471 1627 tu
1499 1589 1556 1627 ais
1586 1589 1799 1639 privatum

92 1649 214 1688 fuisse
239 1649 325 1687 vita
350 1649 446 1699 quia
470 1650 522 1687 ab
549 1650 657 1688 Urbe
682 1657 904 1688 recesserat
927 1657 1071 1687 contra
1096 1649 1198 1687 velle
1226 1648 1313 1695 Dei,
1337 1648 1379 1686 in
1411 1648 1575 1699 propria
1599 1648 1692 1687 sede
1717 1661 1799 1685 non

91 1708 292 1748 decessit?
325 1710 419 1749 Jam
446 1709 477 1747 si
504 1717 671 1748 tantum
697 1708 845 1746 tlibuis
873 1707 1195 1747 revelationibus
1224 1707 1405 1755 incertis,
1427 1722 1500 1757 ego
1527 1716 1568 1746 te
1596 1707 1678 1745 tuis
1709 1705 1798 1744 telis

92 1768 296 1807 confodio.
316 1768 466 1806 Narrat
481 1768 590 1806 enim
603 1767 665 1806 vir
678 1767 847 1817 insignis
863 1775 904 1806 et
919 1767 1064 1805 doctus
1082 1768 1261 1805 ,Joannes
1278 1767 1326 1805 de
1343 1767 1609 1813 Cardalhaco‚
1624 1765 1798 1816 patriar-

90 1828 166 1866 cha
182 1827 499 1874 Alexandrinus‚
514 1827 555 1865 in
569 1827 827 1878 depositione
841 1841 913 1865 sua
938 1834 1122 1866 atrocem
1136 1827 1184 1865 de
1207 1835 1247 1865 te
1270 1841 1316 1865 ac
1331 1826 1580 1876 pontificatu
1600 1833 1673 1863 tuo
1686 1839 1798 1863 reve·
1862 1836 1866 1839 ’

93 1885 305 1933 lationem,
326 1899 459 1936 'quam
485 1887 572 1936 ejus
600 1886 734 1925 verbis
763 1886 988 1924 describere
1005 1886 1113 1924 malo
1130 1900 1255 1935 quam
1271 1885 1394 1924 meis:
1420 1885 1518 1923 Item
1544 1884 1675 1922 (lioeit2
1701 1884 1802 1934 quod

94 1946 301 1984 audiverat
314 1961 338 1984 a
354 1946 523 1996 quodam
538 1946 722 1995 religioso
739 1945 893 1983 ordinis
910 1945 1135 1992 Minorum,
1152 1945 1219 1995 qui
1235 1953 1290 1982 est
1305 1946 1462 1982 devotus
1477 1945 1589 1982 homo
1605 1952 1639 1981 et
1654 1943 1800 1992 magis-

94 2013 149 2042 ter
162 2005 204 2042 in
216 2005 410 2054 theologia
421 2013 454 2043 et
476 2004 690 2043 notabilior
710 2019 879 2054 persona
903 2005 945 2041 in
968 2005 1035 2042 illo
1048 2004 1182 2041 ordine
1195 2005 1238 2042 de
1260 2004 1445 2041 omnibus
1457 2018 1549 2053 quos
1574 2003 1658 2053 ipse
1681 2001 1801 2049 novit,

96 2065 197 2114 quod
214 2064 364 2102 viderat
380 2072 549 2114 tempore
574 2064 754 2113 Gregorii
772 2078 876 2114 pape
895 2064 1015 2101 Rome
1033 2065 1205 2113 quadam
1223 2063 1284 2101 die
1303 2063 1469 2113 qualiter
1489 2063 1552 2100 ille
1578 2063 1621 2100 G.
1643 2062 1803 2099 miserat

95 2124 147 2161 ad
171 2125 384 2173 quamdam
409 2124 584 2161 devotam
610 2123 813 2161 dominam
839 2124 940 2173 quod
962 2123 1143 2172 funderet
1167 2137 1298 2172 preces
1322 2136 1393 2172 pro
1422 2122 1488 2159 illo
1513 2130 1546 2159 et
1571 2121 1803 2170 certificaret

95 2197 185 2220 eum
209 2184 254 2220 de
279 2183 392 2235 certis
417 2183 568 2229 dubiiS,
594 2191 629 2220 et
653 2191 861 2232 postquam
889 2182 953 2219 ille
978 2182 1210 2231 capellanus
1234 2196 1338 2231 pape
1363 2181 1518 2219 recessit
1542 2181 1592 2218 ab
1617 2194 1673 2227 60,
1700 2179 1802 2229 quod

95 2241 258 2279 accessit
279 2242 343 2279 ille
362 2242 483 2291 frater
506 2242 646 2279 Minor
665 2242 717 2279 ad
737 2242 975 2291 loquendum
990 2256 1078 2279 curn
1101 2241 1170 2278 illa
1192 2241 1366 2287 domina,
1383 2248 1417 2277 et
1438 2240 1528 2289 ipsa
1549 2240 1701 2277 disserat
1720 2237 1800 2287 sibi

97 2301 198 2350 quod
220 2301 384 2351 quidam
406 2301 744 2350 archiepiscopus,
770 2301 837 2350 qui
861 2308 943 2338 erat
968 2300 1025 2337 ibi
1051 2300 1093 2337 in
1117 2308 1325 2349 conspectu
1348 2314 1434 2346 suo,
1461 2299 1524 2336 ille
1549 2298 1698 2335 deberet
1721 2306 1800 2335 tur-

101 2360 189 2398 bare
214 2361 409 2398 mundum
433 2368 466 2398 et
492 2360 710 2398 Ecclesiam
733 2359 823 2405 Dei,
849 2360 916 2397 sed
939 2360 991 2397 ad
1025 2359 1212 2397 ultimum
1239 2359 1323 2408 ipse
1351 2359 1442 2396 bene
1471 2357 1742 2406 castigaretur,
1768 2364 1804 2393 et

99 2419 200 2468 quod
217 2419 307 2468 ipsa
326 2419 493 2457 ostendit
514 2419 574 2456 illi
594 2419 778 2467 religioso
791 2419 905 2456 illum
919 2418 1263 2468 arehiepiscopum
1278 2417 1415 2466 digito,
1428 2425 1461 2454 et
1472 2424 1554 2453 erat
1570 2417 1639 2453 iste
1651 2416 1801 2453 Baren-

98 2478 167 2516 sis.
192 2478 291 2515 Vide
313 2478 439 2516 etiam
462 2478 560 2528 quid
583 2477 799 2528 Gregorius
824 2477 884 2514 Xl
906 2491 1029 2527 papa,
1052 2491 1174 2526 quem
1200 2485 1247 2513 tu
1269 2490 1431 2526 quoque
1454 2483 1643 2513 sanctum
1666 2474 1800 2512 virum

100 2537 222 2575 fuisse
251 2537 472 2586 agnovisti,
502 2537 550 2575 de
579 2545 619 2575 te
658 2536 922 2586 moribusque
960 2536 1041 2573 tuis
1072 2535 1246 2573 moriens
1286 2534 1476 2573 cecinerit
1505 2548 1551 2572 ac
1580 2534 1802 2584 propheta-

100 2595 219 2634 verit.
249 2596 439 2634 Refertur
463 2596 549 2646 ejus
574 2596 791 2646 prophetia
816 2595 939 2645 paulo
962 2594 1068 2632 infra
1093 2609 1143 2633 ex
1174 2593 1429 2644 depositione
1465 2592 1648 2643 Hugonis
1673 2591 1802 2630 cardi-

102 2654 202 2692 nalis
237 2655 286 2693 de
319 2654 549 2693 Britannia.
586 2655 777 2693 Ceterum
810 2654 938 2693 etiam
971 2653 1047 2691 illis
1083 2653 1336 2703 temporibus
1372 2652 1481 2690 fuere
1517 2651 1586 2701 qui
1621 2651 1804 2689 dicerent

102 2714 352 2752 credendum
377 2728 458 2751 non
483 2728 568 2752 esse
594 2712 829 2752 istiusmodi
852 2711 1115 2752 testimoniis.
1146 2713 1251 2749 Nam
1277 2726 1370 2750 cum
1396 2710 1569 2760 Anglici,
1595 2718 1641 2748 ut
1668 2718 1803 2748 osten-

102 2773 246 2811 derent
277 2787 445 2811 causam
478 2772 634 2810 Urbani
664 2787 749 2810 esse
781 2771 1004 2818 meliorem,
1036 2771 1230 2809 afferrent
1260 2770 1555 2809 revelationem
1586 2769 1804 2819 eujusdam

101 2831 295 2871 eremitae
319 2831 453 2881 Angli,
477 2831 546 2881 qui
568 2831 732 2869 dicebat
754 2832 855 2881 quod
876 2830 964 2880 ipso
984 2830 1198 2867 celebrante
1219 2838 1417 2866 ostensum
1436 2837 1491 2866 est
1510 2829 1590 2865 sibi
1613 2829 1655 2865 in
1676 2827 1804 2865 hostia

102 2899 351 2929 sacrosancta
379 2890 698 2928 Bartholomeum
726 2890 941 2935 Barensem
968 2903 1049 2926 esse
1081 2903 1213 2926 verum
1241 2903 1404 2938 papam,
1433 2888 1485 2925 ad
1513 2901 1558 2925 ea
1588 2887 1717 2925 nostri
1745 2887 1804 2925 ita

153 3021 184 3053 1.
216 3021 255 3053 B.
288 3021 343 3071 Ν.ἶ
372 3032 439 3054 ms.
466 3020 563 3053 latin
590 3019 719 3060 11746,
747 3021 809 3054 fol.
838 3021 882 3053 97
909 3025 952 3054 r0.

154 3075 185 3106 2.
217 3073 283 3108 Ms.
308 3074 392 3112 cite,
415 3073 478 3107 fol.
502 3074 546 3107 43
570 3078 620 3107 νο.
