2083 3458
81 236 205 291 [832]
607 252 823 278 PAPARUM
859 249 1242 277 AVENIONENSIUM
1682 236 1765 276 339

69 336 309 376 Catherinae
330 337 377 375 de
397 336 547 383 Garda,
567 336 711 374 sororis
735 337 917 386 Hugonis
937 337 1145 375 Ademarii
1163 336 1317 376 domini
1336 336 1511 374 Montilii
1529 344 1570 375 et
1589 336 1761 384 Gardae,

69 411 119 435 ex
138 403 256 446 gente
276 409 380 445 quae
400 403 507 432 nunc
527 409 689 444 quoque
710 395 854 434 nobilis
875 396 1064 446 claraque
1084 396 1260 434 habetur
1277 395 1318 433 in
1339 395 1566 434 Provincia.
1590 395 1762 434 Unicam

68 455 222 506 prolem
238 454 405 492 sustulit
419 468 469 492 ex
486 453 718 500 Camerina,
737 454 1032 503 Raymundum
1050 455 1241 493 videlicet
1255 454 1539 493 vicecomitem
1551 455 1761 494 Valernae.

122 514 246 551 Porro
281 520 443 563 praeter
476 512 624 550 liberos
655 527 705 550 ex
737 513 931 551 uxoribus
962 521 1173 564 susceptos
1207 513 1390 564 spurium
1427 527 1589 564 quoque
1617 514 1763 551 habuit

68 572 328 612 nominatum
343 571 591 610 Tristanum.
609 571 802 610 Testatur
815 572 916 610 illud
929 572 971 610 in
986 572 1238 622 depositione
1250 572 1263 594 ¹
1279 586 1351 610 sua
1368 573 1547 611 Joannes
1562 573 1762 621 Columbi,

69 631 234 670 clericus
258 630 551 668 Avenionensis
571 630 811 678 dioeceseos,
828 631 889 669 his
909 631 1042 669 verbis
1059 647 1066 668 :
1085 631 1200 669 Dixit
1217 646 1257 669 se
1276 631 1374 669 scire
1389 632 1490 681 quod
1508 631 1762 670 Camerarius

71 690 230 728 intravit
256 689 401 728 dictum
428 697 597 727 castrum
624 703 705 726 una
731 689 792 726 die
817 697 1025 739 antequam
1051 690 1271 728 cardinales
1298 690 1488 728 intrarent
1513 691 1700 738 conclave,
1729 699 1762 729 et

71 748 188 787 credit
220 748 321 799 quod
353 747 550 786 intrarunt
581 762 669 785 cum
702 748 788 797 ipso
820 748 965 786 dictum
997 757 1167 786 castrum
1198 749 1323 799 aliqui
1355 749 1399 786 de
1430 749 1629 799 parentela
1660 764 1763 800 pape

76 807 268 856 Gregorii,
296 807 469 845 videlicet
495 806 679 844 dominus
712 806 840 844 Guido
866 808 910 844 de
936 808 1132 854 Pastellis‚
1159 815 1194 845 et
1218 808 1402 845 dominus
1428 807 1549 856 Hugo
1570 809 1614 845 de
1635 808 1762 858 Rupe,

71 875 105 905 et
127 866 311 904 dominus
340 866 529 904 Geraldus
552 865 637 915 ejus
661 865 783 915 filim,
807 873 840 903 et
863 866 1046 904 dominus
1071 867 1280 904 Tristanus
1301 867 1420 915 frater
1445 867 1648 904 bastardus
1670 868 1762 905 dicti

75 940 177 976 pape
198 925 387 974 Gregorii,
402 933 436 963 et
449 925 632 962 dominus
646 925 690 962 de
704 924 827 963 Ruac.
846 924 1023 963 Vivebat
1038 926 1172 963 adhuc
1191 939 1299 964 anno
1320 926 1674 973 MCCCLXXXV,
1696 926 1760 965 die

70 984 247 1023 secunda
266 983 473 1031 februarii,
492 992 539 1021 ut
556 991 673 1034 patet
691 998 742 1021 ex
756 983 899 1021 Diario
917 983 931 1006 ²
951 984 1120 1022 Joannis
1142 984 1261 1021 Fabri
1279 984 1456 1035 episcopi
1475 985 1733 1023 Carnotensis
1753 1001 1760 1023 τ

70 1043 122 1081 Ce
136 1043 226 1093 jour
242 1044 274 1080 le
290 1043 468 1080 viscomte
483 1043 528 1080 de
546 1043 727 1080 Turenne
742 1043 880 1080 envoia
895 1057 966 1080 son
980 1042 1078 1092 frere
1094 1044 1125 1080 le
1145 1043 1300 1081 bastard
1313 1051 1347 1080 et
1362 1044 1462 1081 deux
1476 1044 1619 1081 aultres
1634 1058 1762 1094 reque-

69 1102 126 1140 rir
146 1102 335 1140 Affadame
357 1101 413 1152 (id
435 1110 510 1149 est,
533 1101 704 1140 Mariam
724 1101 907 1151 reginam
929 1101 1100 1148 Siciliae,
1124 1116 1227 1152 quae
1248 1109 1347 1140 tunc
1369 1110 1457 1141 erat
1477 1103 1587 1152 apud
1610 1103 1763 1153 Aptam

70 1161 238 1210 Juliam)
264 1175 334 1211 que
355 1161 423 1198 elle
444 1161 476 1198 le
498 1160 628 1198 aidast
649 1161 778 1198 devers
800 1161 833 1198 le
855 1161 929 1198 duc
951 1161 994 1198 de
1017 1160 1143 1207 Berri,
1168 1161 1234 1210 qui
1256 1161 1360 1198 avoit
1382 1161 1456 1199 mis
1478 1161 1517 1198 la
1539 1162 1650 1199 main
1671 1176 1695 1199 a
1718 1176 1764 1199 sa

71 1228 176 1260 terre.
200 1220 395 1270 Ejusdem
414 1219 569 1258 mentio
588 1220 764 1258 habetur
781 1219 823 1257 in
843 1219 1090 1269 quibusdam
1110 1219 1316 1258 veteribus
1335 1220 1436 1258 actis
1458 1234 1560 1269 quae
1581 1221 1762 1259 Andreas

73 1278 325 1318 Duchesnius
361 1278 490 1317 edidit
523 1278 630 1317 inter
664 1279 922 1316 Probationes
957 1278 1142 1316 historiae
1176 1278 1360 1316 comitum
1408 1279 1762 1320 Valentinensium,

69 1353 107 1389 p.
126 1338 188 1386 58,
206 1353 256 1376 ex
272 1337 419 1388 quibus
435 1337 564 1387 liquet
580 1338 695 1376 illum
710 1338 832 1387 vulgo
849 1345 1044 1375 vocatum
1062 1337 1182 1376 fuisse
1199 1337 1251 1375 Le
1267 1338 1437 1375 Bastard
1452 1338 1495 1375 de
1511 1338 1708 1387 Beausort.

123 1397 360 1435 Guillelmus
390 1397 443 1443 ΙΙ,
469 1397 573 1434 filius
599 1396 801 1435 Guillelmi
830 1397 843 1433 I
868 1404 909 1434 et
932 1396 1082 1434 Mariae
1107 1397 1155 1434 de
1184 1397 1450 1443 Chambonio,
1478 1397 1556 1434 fuit
1589 1398 1763 1435 emanci-

69 1463 191 1506 patus
207 1470 230 1494 a
247 1464 362 1506 patre
379 1463 475 1494 ante
491 1470 645 1494 annum
663 1455 847 1502 MCCCL,
868 1470 949 1505 quo
973 1455 1309 1494 vicecomitatum
1324 1455 1627 1495 Turennensem
1651 1456 1762 1503 emit,

70 1515 293 1564 eodemque
315 1529 421 1553 anno
443 1515 562 1552 duxit
582 1529 751 1553 uxorem
771 1514 1023 1553 Alienordim
1044 1515 1091 1553 de
1107 1514 1320 1553 Convenis.
1339 1515 1509 1565 Propter
1528 1514 1638 1552 istud
1663 1530 1762 1565 opus

70 1574 334 1621 Bertrandus,
368 1573 580 1624 episcopus
614 1573 931 1619 Lumbariensis,
952 1588 1083 1624 papae
1115 1574 1407 1620 thesaurarius,
1440 1588 1547 1611 anno
1577 1574 1763 1624 proximo

72 1633 215 1671 missus
240 1633 373 1671 fuerat
395 1633 435 1670 in
459 1633 733 1678 Cataloniam3
758 1641 805 1670 ut
827 1641 945 1683 patet
966 1647 1017 1671 ex
1045 1632 1181 1671 codice
1207 1631 1281 1670 764
1312 1632 1582 1671 bibliothecae
1605 1633 1763 1671 Colber-

72 1692 181 1730 tinae
200 1691 228 1740 3,
257 1692 298 1730 in
327 1706 406 1742 quo
434 1691 511 1730 ista
540 1692 756 1741 leguntur:
787 1692 1012 1742 Sequuntur
1038 1706 1203 1742 expense
1223 1692 1321 1741 facte
1343 1692 1386 1728 in
1406 1699 1439 1729 et
1462 1706 1532 1741 pro
1554 1706 1763 1741 prosequu-

72 1751 174 1788 tione
204 1766 249 1788 ae
278 1751 521 1800 expeditione
551 1759 784 1788 tractatuum
810 1750 1054 1788 matrimonii
1085 1750 1236 1788 domini
1265 1750 1467 1788 Guillelmi
1497 1751 1541 1788 de
1564 1751 1764 1800 Belloforti

71 1810 305 1847 vicecomitis
323 1818 356 1848 et
374 1809 584 1860 emptionis
602 1810 889 1847 vicecomitatus
910 1810 1091 1847 Turenne
1109 1818 1143 1847 et
1169 1824 1239 1860 pro
1266 1810 1515 1859 reformanda
1537 1824 1630 1859 pace
1668 1810 1766 1847 inter

72 1869 246 1907 comitem
269 1868 573 1906 Convennarum
595 1877 629 1906 et
651 1869 891 1911 comitissam
920 1869 1081 1918 [jv-gelli,
1105 1877 1139 1906 et
1159 1869 1280 1906 solute
1303 1883 1371 1919 per
1394 1883 1451 1906 me
1477 1868 1765 1906 thesaurarium

71 1928 343 1978 supradictum
365 1928 408 1966 de
430 1928 614 1965 mandato
636 1928 728 1965 dicti
751 1928 902 1966 domini
925 1928 1047 1965 nostri
1068 1943 1184 1978 pape,
1207 1942 1312 1965 anno
1334 1943 1357 1965 a
1380 1927 1580 1965 nativitate
1599 1928 1763 1965 Domini

73 1987 279 2024 millesimo
308 1986 571 2034 CCCXLIX,
601 1987 856 2037 pontificatus
884 1987 976 2024 dicti
1005 1987 1156 2024 domini
1185 1987 1306 2024 nostri
1334 1986 1544 2024 Clementis
1571 2000 1674 2036 pape
1707 1987 1764 2023 Vl

73 2060 178 2083 anno
211 2045 387 2096 septimo.
427 2046 573 2084 Postea
609 2060 716 2084 anno
752 2046 936 2093 MCCCL‚
978 2060 1114 2084 mense
1149 2045 1312 2093 martio,
1347 2045 1455 2084 idem
1489 2045 1764 2083 thesaurarius

72 2104 279 2155 profectus
306 2113 368 2143 est
395 2104 685 2155 perpinianum
712 2119 782 2155 pro
809 2105 1037 2155 complenda
1062 2105 1305 2154 expeditione
1330 2104 1541 2154 emptionis
1568 2104 1764 2142 vicecomi-

77 2171 178 2202 tatus
196 2164 377 2201 Turenne
391 2172 424 2201 et
438 2164 608 2201 aliorum
624 2164 865 2213 negotiorum
879 2163 1240 2214 supradictorum⁴¹3
1260 2163 1487 2213 habuitque
1502 2171 1591 2200 turn
1612 2163 1764 2200 socium

74 2222 228 2261 itineris
254 2230 294 2261 et
318 2223 551 2272 adjutorem
578 2223 793 2273 Hugonem
817 2223 865 2261 de
892 2223 1022 2273 Rupe,
1047 2223 1359 2261 mareschallum
1383 2222 1515 2260 curiae
1542 2222 1764 2260 Romanae.

128 2281 364 2320 Guillelmus
395 2282 432 2319 II
460 2296 509 2320 ex
535 2281 764 2329 Alienorde,
790 2296 916 2320 uxore
942 2296 1014 2320 sua
1041 2282 1182 2331 (quarn
1208 2281 1355 2319 vixisse
1381 2281 1535 2331 reperio
1560 2294 1687 2330 usque
1713 2281 1764 2318 ad

75 2355 230 2379 annum
251 2341 396 2379 saltem
418 2341 713 2379 MCCCXCVII
734 2349 775 2379 et
795 2340 902 2379 diem
923 2349 1115 2380 octavam
1135 2340 1288 2391 aprilis)
1310 2339 1450 2389 genuit
1473 2339 1765 2388 Raymundum

77 2399 268 2437 comitem
288 2399 506 2437 Bellifortis
529 2408 570 2438 et
591 2399 876 2438 vicecomitem
894 2400 1210 2446 Turennemem,
1231 2399 1486 2442 Eleonoram⁷
1503 2397 1764 2447 Margaritam

75 2466 250 2508 nuptam
271 2472 379 2496 anno
402 2458 727 2496 MCCCLXXIX
749 2459 958 2497 Armando
979 2457 1210 2496 vicecomiti
1232 2456 1536 2507 Podompniaci‚
1561 2457 1765 2505 Joannam

76 2524 252 2567 nuptam
268 2517 447 2567 primum
466 2518 714 2567 Raymundo
733 2518 781 2556 de
798 2518 965 2564 Baucio,
983 2525 1125 2567 postea
1144 2531 1239 2554 vero
1258 2516 1434 2554 Guidoni
1453 2516 1501 2553 de
1520 2514 1764 2556 Calviniaco,

77 2584 118 2614 et
141 2575 357 2614 Caeciliam
380 2590 548 2614 uxorem
574 2576 771 2615 Ludovici
798 2577 837 2614 ΙΙ
861 2577 910 2614 de
936 2575 1120 2614 Pictavia
1145 2574 1304 2613 comitis
1328 2573 1637 2612 Valentinensis.

132 2635 402 2683 Raymundus
428 2649 598 2674 uxorem
624 2635 771 2673 habuit
798 2635 970 2673 Mariam
997 2635 1044 2672 de
1070 2633 1239 2672 Bolonia
1267 2641 1432 2683 neptem
1460 2632 1655 2670 Guidonis
1683 2646 1766 2670 car-

78 2693 223 2731 dinalis
241 2693 507 2741 Boloniensis,
529 2694 814 2733 consobrinam
835 2708 1070 2744 germanam
1085 2692 1302 2730 Clementis
1317 2692 1397 2729 VII
1417 2705 1561 2741 papae,
1576 2698 1624 2728 ut
1641 2698 1766 2728 testa-

78 2760 145 2790 tur
166 2752 291 2790 etiam
311 2752 556 2791 Benedictus
580 2752 688 2790 XIII
710 2752 751 2790 in
771 2753 881 2790 bulla
900 2752 1010 2791 edita
1027 2752 1133 2790 inter
1148 2750 1403 2788 Probationes
1420 2750 1603 2787 historiae
1620 2749 1767 2787 Turen-

80 2811 212 2848 nensis
237 2812 291 2861 [p.
317 2811 435 2861 137];
459 2826 509 2849 ex
529 2825 608 2861 qua
641 2819 730 2850 orta
753 2820 815 2849 est
846 2811 1025 2849 Antonia
1057 2809 1263 2848 comitissa
1293 2808 1512 2847 Bellifortis
1544 2816 1584 2847 et
1614 2808 1767 2846 viceco-

127 2953 158 2987 1.
187 2953 230 2987 B.
255 2953 317 2993 N.‚
340 2964 407 2986 ms.
430 2953 525 2986 latin
546 2953 675 2994 11745,
698 2953 760 2987 fol.
785 2954 853 2987 168
874 2957 918 2986 r⁰.

128 3007 159 3040 2.
192 3005 259 3039 Ed.
292 3006 523 3046 Moranville‚
556 3018 590 3053 p.
624 3007 704 3040 234.

127 3060 160 3093 3.
189 3059 230 3092 B.
257 3059 315 3099 N.‚
339 3071 406 3092 ms.
431 3059 526 3092 latin
548 3059 654 3099 4191,
679 3060 741 3093 fol.
766 3059 811 3093 64
834 3063 877 3092 r0.

65 3140 70 3151 ⁸
127 3112 160 3145 4.
191 3112 238 3145 Ut
259 3124 300 3152 s.,
326 3112 388 3145 fol.
414 3113 458 3145 65
481 3117 525 3146 r0.
