2083 3458
266 219 347 260 706
918 234 1070 260 NOTAE
1104 234 1165 259 AD
1200 235 1328 260 virAs
1827 221 1980 277 [1187]

264 319 474 369 Aragonia
511 320 613 370 quod
650 319 835 357 dominus
871 334 970 357 suus
1008 319 1227 357 cardinalis
1261 320 1392 369 suerat
1429 321 1496 371 qui
1533 322 1625 372 plus
1662 322 1908 361 laboraverat
1943 327 1985 360 ut

263 379 587 429 archiepiscopus
611 379 803 416 Barensis
828 388 924 417 esset
947 394 1068 429 papa.

317 439 380 477 Sic
404 439 546 489 itaque
570 439 700 477 electo
725 439 908 486 Urbano,
933 439 974 476 id
998 447 1074 485 est,
1100 438 1536 490 circumstrepentibus
1562 449 1603 479 et
1626 441 1983 480 tumultuantibus

262 499 409 545 turbis,
446 498 593 548 egressi
629 498 855 537 cardinales
892 514 912 536 e
949 499 1134 537 conclavi
1170 513 1210 537 se
1247 499 1512 538 contulerunt
1547 500 1587 540 in
1625 510 1807 539 castrum
1843 501 1983 540 Sancti

262 558 406 608 Angeli
435 567 508 596 aut
537 558 579 596 in
608 558 686 596 alia
716 558 804 596 loca
834 567 952 596 extra
982 558 1151 606 Urbem,
1182 559 1352 608 quidam
1381 559 1435 596 ad
1463 560 1604 598 domos
1635 574 1727 599 suas
1757 560 1982 599 redierunt.

265 618 423 656 Horum
443 632 548 656 unus
570 617 649 656 fuit
670 618 814 656 Petrus
837 618 885 656 de
907 618 1036 656 Luna.
1060 618 1148 666 Qua
1170 618 1218 656 de
1238 634 1278 657 re
1298 618 1355 657 sic
1374 619 1522 669 legitur
1541 619 1584 657 in
1611 620 1732 658 Facto
1762 620 1919 658 Urbani
1937 619 1951 642 1
1974 636 1981 658 :

262 677 364 715 Cum
381 678 600 715 cardinalis
618 686 710 715 tunc
727 678 770 715 cle
787 678 906 715 Luna
921 692 1041 728 super
1057 678 1321 728 equitaturam
1333 679 1554 729 propriam,
1567 680 1619 717 ad
1631 679 1852 729 hospitium
1866 694 1986 717 suum

261 738 414 784 rediret,
440 737 520 786 fuit
544 746 624 775 tam
649 737 862 787 honorifice
887 745 921 775 et·
945 753 970 774 a
994 746 1074 775 tam
1100 738 1236 775 multis
1261 738 1415 776 civibus
1440 739 1634 776 Romanis
1660 739 1926 777 circumdatus
1951 747 1984 777 et

261 805 462 835 assecutus
491 798 592 847 quod
618 812 706 834 cum
734 797 947 835 transitum
973 797 1116 846 jaceret
1140 797 1255 847 juscta
1282 806 1454 836 castrum
1482 798 1619 836 Sancti
1647 799 1809 848 Angeli,
1840 799 1883 836 in
1911 813 1983 849 quo

260 865 341 894 erat
364 865 456 894 tunc
478 857 734 904 camerarius,
761 857 863 894 idem
886 857 1128 894 camerarius
1151 865 1185 895 et
1207 857 1280 895 alii
1305 857 1348 895 in
1371 858 1471 895 dicto
1495 867 1618 896 castro
1635 859 1847 897 existentes
1868 867 1984 909 puta—

262 925 398 955 verunt
432 917 565 967 ipsum
598 917 642 954 de
674 916 793 954 Luna
826 916 916 954 duci
950 916 1164 967 captivum,
1198 926 1232 955 et
1263 926 1355 955 tunc
1388 918 1599 968 quamdam
1631 926 1786 968 portam
1816 918 1984 968 ferream

260 991 385 1026 supra
421 984 580 1026 pontem
615 990 738 1026 prope
776 977 911 1026 ipsum
949 985 1133 1024 castrum,
1171 991 1241 1027 per
1277 992 1395 1027 quam
1432 977 1601 1015 transire
1638 978 1811 1025 debebat,
1850 978 1984 1016 claudi

259 1036 445 1085 fecerunt,
477 1036 532 1074 ita
561 1044 602 1073 ut
631 1036 766 1086 ipsum
794 1044 887 1074 tunc
915 1036 1158 1074 cardi-nalem
1188 1037 1231 1074 de
1259 1037 1447 1074 manibus
1475 1038 1747 1075 Romanorum
1775 1037 1982 1088 eriperent,

260 1095 524 1145 prohicientes
549 1095 668 1133 etiam
695 1095 850 1146 lapides
875 1104 909 1133 et
932 1096 1069 1145 jacula
1094 1105 1128 1134 et
1152 1096 1320 1145 sagittas
1346 1105 1479 1134 contra
1505 1097 1706 1134 Romanos
1732 1106 1821 1135 ante
1850 1097 1984 1147 ipsum

260 1163 432 1193 castrum
460 1164 718 1193 transeuntes.
749 1155 800 1193 Et
827 1170 873 1193 ea:
900 1155 968 1193 hoc
996 1170 1130 1193 rumor
1159 1156 1330 1194 invaluit
1359 1156 1402 1193 in
1436 1157 1538 1194 Urbe
1566 1165 1600 1194 et
1626 1157 1775 1207 populo
1803 1157 1983 1194 Roma-no

260 1216 362 1265 quod
392 1215 452 1253 illi
483 1216 527 1253 a'e
557 1223 681 1253 castro
710 1215 883 1265 predicto
911 1215 1112 1264 faciebant
1143 1216 1332 1253 novitates
1362 1224 1496 1254 contra
1524 1216 1738 1254 Romanos.
1769 1217 1983 1267 Propterea

260 1283 352 1313 tunc
374 1275 529 1325 pulsate
550 1275 712 1324 fuerunt
735 1289 927 1325 campane
960 1275 1097 1313 Sancti
1121 1275 1230 1313 Petri
1261 1276 1314 1313 ad
1334 1276 1480 1313 stornie
1503 1277 1555 1313 ad
1576 1277 1816 1314 reddendum
1850 1284 1983 1314 cautos

261 1334 370 1384 ipsos
391 1335 591 1372 Romanos
613 1335 663 1372 ab
687 1334 768 1372 illis
791 1335 834 1372 (le
857 1343 980 1372 castro
1002 1334 1188 1385 predicto.
1213 1335 1290 1373 Sed
1309 1336 1558 1385 postmodum
1578 1336 1861 1386 perpendentes
1883 1336 1984 1386 quod

261 1394 387 1432 dictus
411 1403 503 1432 tunc
527 1394 745 1432 cardinalis
771 1395 815 1432 cle
838 1394 956 1432 Luna
980 1409 1060 1432 non
1084 1395 1297 1432 ducebatur
1321 1395 1514 1445 captivus,
1538 1396 1606 1433 sed
1629 1396 1783 1433 honeste
1807 1404 1840 1433 et
1864 1395 1982 1432 hono-

258 1454 369 1503 rifice
389 1454 674 1502 associabatur,
697 1454 800 1492 (licta
820 1454 1024 1492 commotio
1044 1463 1078 1492 et
1097 1454 1188 1492 rista
1207 1455 1341 1492 sedata
1360 1455 1451 1504 fuit.
1472 1455 1624 1493 Contra
1644 1463 1825 1493 testatur
1848 1455 1980 1493 Rode-

260 1513 366 1552 ricus
389 1514 594 1552 Fernandi
622 1514 900 1564 portionarius
934 1514 1137 1553 Ecclesiae
1162 1507 1415 1565 Hispalensis
1432 1514 1446 1536 2
1468 1530 1475 1552 :
1498 1515 1549 1552 Et
1568 1529 1656 1552 cum
1676 1515 1808 1562 exiret,
1829 1514 1979 1564 inquit,

260 1573 479 1611 cardinalis
507 1574 551 1611 de
579 1574 697 1611 Luna
726 1574 770 1611 de
798 1574 986 1621 conclavi,
1018 1574 1130 1611 ibant
1158 1574 1285 1624 aliqui
1313 1574 1487 1612 Romani
1516 1589 1603 1612 cum
1631 1589 1673 1612 eo
1701 1589 1790 1612 cum
1818 1574 1981 1611 ensibus

261 1633 381 1670 nudis
402 1633 444 1670 in
464 1633 632 1671 circuitu
652 1633 784 1683 ipsius
803 1642 836 1671 et
855 1633 1107 1671 associabant
1125 1648 1227 1681 eum,
1247 1642 1281 1672 et
1300 1634 1451 1671 dicebat
1470 1648 1575 1671 unus
1594 1648 1728 1671 eorum
1748 1650 1755 1672 z
1777 1634 1982 1671 Moriatur

259 1693 491 1731 cardinalis.
514 1693 565 1730 Et
585 1701 677 1730 tunc
698 1693 758 1730 illi
781 1693 847 1743 qui
868 1701 979 1730 erant
1000 1693 1043 1730 in
1064 1701 1187 1730 castro
1209 1693 1514 1743 Sancti‘Angeli
1536 1694 1728 1731 credentes
1749 1694 1850 1744 quod
1869 1694 1982 1731 duce-

263 1752 355 1790 bant
372 1767 460 1790 eum
479 1761 651 1802 captum,
672 1753 828 1802 quando
845 1752 924 1801 fuit
942 1752 1127 1790 dominus
1146 1753 1365 1790 cardinalis
1385 1753 1485 1791 inter
1504 1754 1603 1790 duas
1621 1762 1755 1803 portas
1774 1753 1982 1802 contiguas

260 1820 396 1859 castro,
425 1827 513 1849 cum
539 1812 720 1849 viderunt
744 1827 833 1849 eum
858 1813 1131 1862 depresserunt
1155 1821 1289 1862 portas
1314 1812 1590 1863 appendicias,
1617 1821 1651 1850 et
1674 1813 1732 1850 sic
1759 1813 1829 1850 ivit
1854 1813 1981 1850 dictus

260 1872 479 1909 cardinalis
501 1873 553 1909 acl
574 1872 733 1909 domum
754 1886 883 1910 suam.
908 1872 959 1910 Et
981 1881 1073 1910 tunc
1096 1872 1269 1909 Romani
1294 1872 1525 1922 inceperunt
1549 1872 1787 1922 impugnare
1809 1881 1981 1910 castrum

260 1940 294 1969 et
326 1931 385 1969 illi
419 1932 462 1969 de
494 1940 619 1969 castro
650 1946 726 1970 eos.
761 1931 959 1981 Ejusdem
991 1931 1048 1970 rei
1079 1932 1334 1971 mentionem
1365 1932 1423 1970 ita
1457 1931 1557 1970 facit
1590 1932 1752 1970 Garsias
1788 1931 1899 1970 Petri
1931 1931 1979 1970 de

260 1991 433 2029 Tassara
466 1991 675 2029 Navarrus
706 1991 749 2028 in
788 2005 861 2029 sua
904 1990 1192 2041 depositione3
1224 2008 1231 2029 :
1259 1991 1376 2029 Diaeit
1406 1992 1507 2041 quod
1539 1991 1758 2029 cardinalis
1788 1992 1833 2029 de
1861 1991 1981 2028 Luna

260 2051 342 2089 ibat
366 2051 408 2088 in
429 2065 501 2088 suo
524 2059 678 2101 roqueto
700 2059 734 2088 et
757 2051 799 2087 in
824 2051 1006 2088 mantello
1029 2066 1117 2088 cum
1139 2065 1210 2088 suo
1233 2051 1381 2101 capello
1403 2051 1597 2101 equitans,
1621 2059 1655 2089 et
1677 2051 1791 2101 quasi
1814 2051 1981 2100 triginta

259 2110 431 2148 Romani
460 2125 549 2148 cum
570 2125 616 2148 eo
644 2110 860 2160 equitantes
888 2110 1121 2148 associando
1148 2125 1250 2158 eum,
1281 2111 1381 2148 inter
1408 2125 1502 2161 quos
1531 2111 1613 2148 ibat
1640 2125 1745 2148 unus
1773 2110 1885 2148 miles
1912 2109 1979 2160 qui

259 2178 433 2208 moratur
468 2171 519 2207 ad
553 2170 695 2207 turrim
729 2170 1008 2219 sanguineam.
1046 2170 1097 2208 Et
1132 2171 1288 2220 quando
1323 2178 1567 2208 accesserunt
1610 2171 1662 2207 ad
1695 2179 1849 2220 portam
1885 2169 1978 2207 dicti

260 2230 391 2277 castri,
413 2230 533 2267 exivit
553 2229 738 2267 dominus
759 2230 901 2267 Petrus
922 2230 965 2267 de
986 2231 1022 2267 Za
1047 2230 1188 2278 Sagra,
1210 2238 1244 2267 et
1264 2230 1407 2280 recepit
1427 2229 1682 2277 cardinalem,
1704 2230 1861 2267 credens
1879 2229 1980 2280 quod

259 2289 431 2326 Romani
473 2289 665 2327 (lucebant
705 2303 793 2326 eum
835 2297 1006 2339 captum.
1049 2289 1100 2326 Et
1140 2289 1314 2327 Romani
1356 2297 1595 2327 recesserunt
1635 2303 1780 2336 omnes,
1823 2296 1978 2338 excepto

261 2349 327 2386 illo
369 2349 493 2386 milite
534 2349 577 2386 de
618 2357 722 2386 turre
771 2349 1009 2397 sanguinea,
1052 2348 1119 2398 qui
1171 2349 1242 2386 ivit
1290 2363 1379 2386 cum
1428 2348 1626 2386 cardinali
1670 2349 1722 2386 acl
1760 2347 1980 2398 hospitium

259 2422 390 2446 suum.

314 2467 466 2506 Mansit
498 2467 578 2506 illic
612 2468 757 2506 Petrus
792 2467 839 2505 de
874 2468 992 2505 Luna
1024 2482 1153 2517 usque
1186 2467 1238 2505 ad
1272 2467 1377 2505 diem
1411 2467 1771 2505 inthronizationis
1806 2466 1977 2505 Urbani.

260 2527 363 2564 Tum
401 2542 498 2565 vero
534 2527 599 2565 ille
636 2526 688 2564 ad
724 2542 764 2565 se
801 2541 953 2565 vocans
992 2527 1232 2574 cardinales,
1269 2527 1397 2565 etiam
1431 2526 1558 2565 istum
1594 2526 1732 2565 venire
1769 2527 1978 2565 nolentem

262 2586 393 2636 coegit
427 2586 521 2624 huic
556 2586 808 2624 ceremoniae
842 2586 1051 2624 interesse.
1088 2587 1151 2623 Ex
1185 2600 1266 2635 quo
1301 2586 1484 2635 colligere
1520 2586 1579 2624 fas
1614 2594 1676 2624 est
1710 2586 1856 2624 falsum
1893 2600 1978 2623 esse

260 2646 369 2695 quod
400 2646 578 2684 Thomas
610 2646 732 2684 Petra
762 2654 802 2683 et
832 2646 1025 2683 Alfonsus
1056 2645 1225 2683 eremita
1256 2645 1374 2683 aiunt
1403 2646 1451 2683 de
1482 2645 1589 2683 bona
1619 2645 1836 2683 voluntate
1867 2644 1978 2683 Petri

261 2706 309 2743 de
338 2705 452 2742 Luna
480 2719 572 2755 erga
601 2705 831 2752 Urbanum,
859 2713 932 2742 aut
958 2705 1175 2743 fatendum
1201 2713 1264 2743 est
1290 2704 1551 2743 simulatione
1578 2713 1743 2742 tantum
1771 2704 1811 2742 id
1837 2712 1976 2742 totum

260 2765 311 2802 ab
341 2779 386 2802 eo
415 2765 570 2802 factum
601 2779 699 2811 esse,
729 2764 920 2803 nimirum
950 2773 1119 2814 propter
1145 2764 1337 2802 timorem
1365 2764 1523 2811 mortis,
1552 2763 1613 2801 uti
1641 2763 1803 2814 publice
1831 2771 1996 2814 postea,

260 2824 430 2874 professi
454 2832 551 2861 sunt
575 2824 814 2862 cardinales.
841 2824 1006 2861 Certum
1030 2823 1139 2861 enim
1162 2832 1224 2861 est
1246 2823 1362 2861 illum
1385 2823 1543 2861 venisse
1566 2823 1745 2862 invitum
1769 2822 1976 2862 adUrba-

261 2897 372 2921 num.
407 2884 518 2921 Haec
548 2882 719 2921 historia
750 2883 806 2921 sie
836 2891 1052 2921 enarratur
1081 2883 1122 2920 in
1153 2882 1409 2933 depositione
1443 2882 1646 2921 Fernandi
1678 2882 1801 2930 Petri,
1834 2880 1977 2920 decani

308 3016 339 3049 Ἰ.
371 3015 438 3048 Ms.
469 3015 553 3054 cite,
583 3015 645 3048 fol.
677 3015 720 3047 25
748 3020 791 3048 ΓΟ.

309 3071 339 3102 2.
371 3069 438 3102 ΜΞ.
468 3069 551 3108 cite,
580 3068 642 3101 fol.
672 3069 740 3101 103
768 3073 818 3101 v0.

308 3124 339 3156 3.
372 3123 437 3155 ΜΞ.
467 3122 551 3161 cite,
580 3121 642 3154 fol.
672 3122 740 3154 229
768 3126 818 3155 νο.
