2083 3458
246 218 325 260 576
897 228 1048 253 NOTAE
1082 228 1142 252 AD
1177 227 1304 252 VITAs
1802 209 1954 265 [1058]

243 333 331 356 rum
361 317 658 367 deputabuntur
686 316 736 353 ab
767 315 854 364 ipso
883 314 1114 351 Raimunclo
1144 321 1311 363 quatuor
1340 312 1544 362 magistris
1573 311 1772 361 theologie,
1805 310 1959 348 duobus

243 378 468 420 decretistis,
499 391 566 413 sea:
595 375 799 423 magistris
828 374 977 411 artium
1006 372 1247 419 liberalium,
1278 381 1312 410 et
1340 372 1494 409 duobus
1524 371 1796 421 grammaticis
1825 384 1958 419 regen-

242 436 349 474 tibus
374 436 522 483 Tolose,
547 450 618 485 que
640 434 867 472 dividentur
888 433 957 470 hoc
979 432 1102 470 modo.
1128 431 1294 481 Singuli
1325 432 1606 480 magistrorum
1628 430 1816 479 theologie
1843 428 1958 466 habe-

245 495 341 533 bunt
371 495 548 543 singulis
581 493 703 531 annis
737 491 1032 542 quinquaginta
1065 490 1245 529 marchas
1280 504 1401 540 usque
1434 490 1486 528 ad
1518 490 1765 537 decennium,
1802 497 1959 538 uterque

244 556 525 603 magistrorum
560 554 799 590 decretorum
834 550 1035 588 habebunt
1070 550 1237 600 triginta
1273 550 1454 587 marchas
1486 564 1606 600 usque
1641 550 1693 587 ad
1722 547 1957 586 decennium

241 614 418 663 singulis
441 614 575 660 annis,
601 612 757 660 singuli
782 611 966 660 magistri
990 610 1139 647 artium
1163 609 1364 647 habebunt
1387 609 1532 658 viginti
1557 608 1737 647 marchas
1762 621 1883 657 usque
1907 606 1959 643 acl

242 673 476 710 decennium
518 672 705 709 similiter
746 670 972 708 annuatim.
1026 669 1193 719 Uterque
1236 669 1518 717 magistrorum
1561 669 1659 706 artis
1704 665 1959 717 grammatice

242 732 400 770 habebit
417 731 603 769 similiter
621 730 835 768 annuatim
854 730 982 767 decem
1002 728 1182 766 marchas
1203 742 1323 777 usque
1342 728 1394 765 acl
1411 726 1657 766 decennium.
1682 727 1802 765 Hunc
1822 727 1957 764 locuni

242 806 314 842 ego
340 791 535 840 descripsi
560 805 610 828 ex
643 790 780 828 codice
806 788 1061 827 authentico.
1092 788 1167 825 Est
1192 788 1300 825 enim
1326 787 1446 825 valde
1471 787 1691 825 mendosus
1716 801 1763 825 ac
1787 784 1958 823 mutilus

204 875 207 882 -
242 851 283 888 in
307 850 533 901 exemplari
557 864 638 900 quo
662 850 724 888 vir
747 848 995 888 clarissimus
1021 848 1262 886 Guillelmus
1287 847 1466 885 Catellus
1490 846 1689 885 utebatur
1713 858 1842 896 quum
1864 843 1957 882 scri-

243 910 358 949 beret
378 909 604 948 Historiam
624 904 811 947 comitum
835 908 1134 945 Tolosanorum.
1159 906 1213 943 Et
1242 920 1339 944 sane
1360 906 1587 945 necessaria
1608 914 1670 944 est
1689 905 1811 944 lectio
1833 916 1958 954 quam

243 984 314 1008 nos
336 969 595 1019 proferimus.
621 968 788 1006 Etenim
811 975 992 1017 quatuor
1013 966 1138 1004 millia
1162 966 1425 1005 marcharum
1447 980 1518 1015 per
1540 965 1785 1004 decennium
1807 962 1958 1001 consti-

242 1037 420 1067 tuuntur
439 1043 513 1078 pro
535 1028 692 1066 salariis
715 1027 1022 1076 magistrorum,
1040 1026 1099 1063 ita
1121 1035 1168 1063 ut
1189 1025 1473 1075 unusquisque
1495 1025 1781 1074 theologorum
1803 1022 1958 1061 habeat

243 1088 461 1127 annuatim
498 1087 803 1138 quinquaginta
840 1080 1046 1132 marchasg
1079 1085 1121 1122 id
1157 1093 1232 1125 est,
1270 1084 1351 1122 duo
1387 1085 1514 1122 millia
1550 1084 1811 1122 marcharum
1848 1083 1958 1120 intra

243 1148 500 1194 decennium,
523 1147 697 1197 quilibet
717 1145 939 1184 decretista
959 1145 1130 1195 triginta
1152 1144 1354 1188 marchas,
1375 1144 1416 1181 id
1437 1152 1511 1191 est,
1533 1151 1748 1181 sexcentas
1770 1141 1958 1180 marchas

241 1208 349 1245 intra
372 1207 630 1253 decennium,
653 1205 828 1256 quilibet
847 1205 995 1243 artista
1016 1204 1164 1253 viginti
1185 1203 1387 1246 marchas,
1408 1203 1449 1241 id
1470 1211 1545 1250 est,
1567 1202 1676 1241 mille
1697 1211 1737 1240 et
1758 1202 1958 1240 ducentas

242 1266 429 1305 marchas
457 1267 566 1304 intra
596 1265 855 1312 decennium,
886 1263 1060 1314 quilibet
1088 1263 1383 1313 grammaticus
1413 1263 1553 1301 decem
1581 1262 1784 1309 marchas,
1812 1261 1854 1298 id
1881 1267 1958 1306 est,

244 1326 442 1364 ducentas
462 1325 651 1364 marchas
670 1325 779 1362 intra
801 1323 1058 1362 decennium.
1083 1323 1145 1359 Ex
1165 1322 1314 1372 quibus
1335 1322 1545 1371 consurgit
1563 1335 1758 1359 numerus
1779 1328 1959 1370 quatuor

244 1385 417 1423 millium
442 1385 717 1427 marcharum.
747 1383 865 1431 Quod
890 1398 975 1421 esse
1000 1397 1079 1420 non
1108 1389 1262 1429 posset,
1289 1382 1320 1419 si
1346 1382 1428 1419 duo
1451 1389 1621 1419 tantum
1645 1380 1827 1429 theologi
1852 1379 1959 1417 dice-

242 1453 385 1484 rentur
406 1444 639 1491 constituti⁹
662 1451 710 1481 ut
729 1443 880 1493 legitur
898 1443 941 1480 in
962 1442 1142 1480 editione
1165 1441 1321 1479 Catelli.
1348 1440 1514 1480 Etenim
1536 1440 1801 1489 deducendae
1823 1446 1959 1477 essent

244 1519 294 1542 ex
316 1518 362 1542 eo
386 1518 556 1542 numero
581 1503 690 1542 mille
713 1502 918 1541 marchae.
945 1501 1070 1539 Porro
1095 1500 1421 1539 existimandum
1444 1508 1506 1538 est
1527 1500 1641 1538 illam
1664 1499 1958 1549 magistrorum

242 1563 565 1610 institutionem,
607 1563 756 1601 saltem
798 1561 935 1611 quoad
975 1560 1241 1609 theologiam,
1285 1559 1450 1598 desiisse
1490 1568 1585 1609 post
1626 1558 1871 1604 decennium
1911 1570 1958 1595 ac

244 1622 418 1661 fortasse
443 1623 576 1661 citius.
604 1622 706 1660 Vide
731 1621 923 1659 eumdem
949 1620 1153 1658 Catellum
1181 1620 1222 1657 in
1248 1618 1463 1656 Memor-tis
1488 1617 1676 1656 historiae
1698 1616 1960 1663 Occitanicae‚

244 1697 281 1732 p.
314 1681 403 1729 230,
434 1690 475 1721 et
505 1681 723 1719 Nicolaum
752 1680 974 1718 Bertrandi
1002 1680 1044 1717 in
1075 1694 1195 1729 opere
1221 1678 1281 1716 De
1313 1678 1601 1715 Tolosanorum
1631 1678 1762 1726 gestis,
1794 1677 1862 1715 fol.
1893 1676 1960 1723 34,

243 1742 353 1791 apud
385 1755 507 1791 quem
536 1741 686 1791 legitur
716 1740 880 1779 decreta
911 1754 995 1777 esse
1026 1738 1233 1788 stipendia
1265 1746 1446 1787 quatuor
1474 1737 1681 1787 magistris
1711 1736 1957 1785 theologiae.

300 1801 371 1839 His
409 1800 469 1840 ita
508 1799 724 1847 enarratis,
766 1813 871 1849 quae
910 1807 1094 1836 veterem
1132 1798 1349 1835 historiam
1388 1797 1613 1835 emendant
1652 1804 1693 1834 et
1730 1797 1958 1840 illustrant,

244 1861 457 1898 redeamus
492 1860 544 1897 ad
577 1859 888 1898 institutionem
924 1857 1051 1896 studii
1086 1857 1305 1906 theologici
1339 1857 1381 1894 in
1415 1856 1628 1894 academia
1664 1855 1880 1893 Tolosana.
1919 1853 1958 1891 Si

244 1934 336 1968 ergo
354 1922 509 1969 primus
529 1919 714 1957 omnium
734 1918 926 1956 Urbanus
946 1917 979 1954 V
996 1917 1248 1966 theologiam
1265 1916 1307 1953 in
1333 1930 1378 1954 ea
1397 1916 1532 1953 doceri
1556 1915 1756 1962 instituit,
1776 1926 1958 1964 quonam

245 1979 366 2016 modo
403 1979 679 2028 intelligemus
718 1991 765 2016 ea
804 1991 908 2027 quae
945 1978 986 2015 in
1025 1976 1207 2025 antiquis
1246 1976 1417 2013 statutis
1456 1975 1692 2013 academiae
1731 1973 1958 2011 Tolosanae

242 2040 450 2088 leguntur,
474 2038 517 2076 in
542 2037 691 2087 quibus
717 2045 828 2075 certo
853 2035 1198 2086 deprehendimus
1224 2035 1442 2084 magistros
1467 2043 1508 2072 et
1530 2035 1702 2072 lectores
1727 2032 1959 2081 theologiae

243 2098 322 2135 illic
342 2098 465 2135 fuisse
484 2112 556 2147 per
574 2111 702 2135 annos
724 2095 918 2143 MCCCX‚
940 2094 1197 2142 MCCCXIV,
1218 2093 1516 2132 MCCCXXHI
1535 2101 1576 2131 et
1594 2090 1957 2131 MCCCXXVIII?

247 2156 426 2194 Rursum
444 2170 626 2206 quonam
642 2156 765 2193 modo
780 2156 1057 2204 intelligemus
1073 2154 1113 2192 id
1131 2154 1241 2203 quod
1259 2153 1443 2191 Clemens
1461 2153 1518 2190 VI
1534 2153 1645 2202 apud
1662 2151 1956 2200 Waddingum,

244 2224 272 2254 t.
302 2230 368 2263 vn,
393 2231 431 2266 p.
458 2215 548 2263 314,
573 2215 737 2265 scripsit
755 2214 769 2237 1
805 2208 914 2252 anno
939 2213 1219 2252 MCCCXLIV
1242 2213 1294 2250 ad
1327 2212 1683 2261 archiepiscopum
1707 2211 1957 2248 Tolosanum

250 2275 296 2313 de
333 2275 548 2313 Guillelmo
580 2274 775 2312 Farinerii
803 2273 1085 2323 promovendo
1111 2272 1163 2309 ad
1187 2272 1383 2309 honorem
1412 2270 1635 2320 magisterii
1660 2270 1702 2308 in
1728 2269 1957 2319 theologica

248 2334 471 2371 facultate?
507 2335 684 2371 Rursum
712 2347 762 2371 ex
788 2333 961 2382 epistola
986 2332 1171 2382 ejusdem
1200 2330 1418 2369 Clementis
1446 2331 1599 2380 scripta
1623 2344 1730 2367 anno
1762 2328 1957 2368 MCCCLI

247 2394 298 2431 ad
322 2393 471 2431 fratem
504 2393 769 2443 Radulphum
803 2391 850 2429 de
881 2391 1075 2439 Cornaco,
1107 2390 1340 2428 ministrum
1369 2390 1662 2439 provincialem
1693 2388 1956 2438 Aquitaniae,

248 2466 373 2501 quam
411 2453 519 2489 idem
554 2452 812 2501 Waddingus
850 2450 980 2489 edidit
1012 2450 1054 2488 in
1091 2451 1254 2498 Regesto
1287 2449 1502 2499 pontificio
1535 2448 1638 2486 tomi
1668 2463 1752 2495 vm,
1789 2463 1827 2498 p.
1867 2446 1955 2493 425,

246 2512 394 2561 legitur
418 2512 567 2549 fratem
593 2512 795 2549 Joannem
826 2511 874 2548 de
899 2510 1012 2547 Buco
1031 2510 1087 2547 sic
1107 2509 1312 2547 studendo
1336 2517 1377 2545 et
1403 2509 1575 2558 legendo
1600 2508 1642 2545 in
1666 2522 1779 2554 sacra
1800 2507 1957 2545 theolo-

248 2571 333 2619 gica
357 2571 556 2608 facultate
572 2570 790 2620 profecisse
806 2570 848 2607 in
867 2569 1005 2608 studio
1020 2569 1225 2607 Tolosano
1240 2576 1281 2605 et
1297 2567 1393 2605 alibi
1411 2568 1520 2617 quod
1539 2567 1708 2617 dignum
1724 2582 1764 2605 se
1778 2565 1958 2605 reddidit

248 2630 299 2665 ad
330 2629 599 2667 obtinendum
637 2630 835 2667 honorem
871 2628 1109 2678 magisterii.
1145 2627 1278 2676 Quam
1315 2627 1365 2664 ob
1402 2640 1567 2665 causam
1599 2626 1746 2676 jubet2
1768 2625 1957 2676 pontifex

246 2689 361 2726 illum
378 2690 610 2738 promoveri
628 2689 679 2726 ad
702 2689 812 2726 idem
834 2687 1131 2738 magisterium,
1145 2687 1309 2724 servatis
1325 2686 1430 2724 alias
1451 2686 1594 2723 ciebitis
1609 2685 1958 2735 solempnitatibus

246 2841 295 2872 les
321 2841 483 2873 Mincurs
507 2848 545 2873 ct
567 2843 617 2874 los
644 2842 846 2875 Precheurs
872 2841 1066 2875 ouvrirent
1090 2841 1110 2873 a
1134 2840 1318 2873 Toulouse
1344 2840 1406 2872 des
1431 2841 1548 2873 ecoles
1572 2840 1636 2883 qui
1660 2839 1860 2872 attirerent
1882 2850 1954 2882 peu

248 2894 491 2927 d'etudiants.
527 2895 578 2927 La
618 2896 716 2928 bullo
750 2895 977 2928 d’Innocent
1008 2894 1072 2934 VI,
1107 2895 1157 2926 du
1188 2894 1240 2926 1⁰¹·
1278 2893 1430 2927 octobre
1463 2894 1568 2933 1360,
1600 2892 1766 2926 remedia
1804 2892 1825 2924 a
1856 2898 1954 2925 cette

249 2947 432 2979 situation
464 2948 667 2989 (Fournier,
699 2954 736 2981 ut
761 2960 802 2988 s.‚
831 2960 866 2982 n.
897 2947 1001 2991 641);
1022 2960 1085 2980 sur
1111 2948 1147 2980 la
1173 2947 1313 2980 faculte
1345 2947 1590 2986 toulousaine,
1620 2946 1701 2979 voir
1726 2945 1890 2979 Histoire
1917 2945 1957 2978 de

251 2999 466 3042 Langueaeloc
493 3001 531 3043 (Ι.
558 2999 635 3041 vul,
662 3001 783 3041 Notes,
808 3002 875 3034 col.
902 3001 1087 3044 592-598).

301 3052 328 3084 1.
367 3054 492 3092 lssubcl,
516 3054 557 3087 B.
582 3054 638 3094 F.‚
662 3061 686 3087 t.
712 3066 760 3094 VI,
783 3066 816 3087 n.
842 3055 921 3087 257.

299 3107 327 3137 2.
366 3106 491 3145 Euboi,
515 3107 557 3139 Β.
585 3107 637 3146 Π,
661 3114 686 3140 t.
711 3119 759 3147 vi,
782 3119 816 3150 p.
842 3108 921 3147 263,
944 3119 978 3140 n.
1003 3107 1083 3140 604.
