2083 3458
277 259 361 300 524
915 270 1067 295 NOTAE
1101 269 1163 294 AD
1197 269 1324 294 VITAs
1829 254 1982 312 [1006]

279 355 356 393 imo
380 357 490 394 misit
512 371 581 404 pro
604 355 737 403 sigillo
763 354 880 391 istius
903 352 1136 400 cardinalis,
1161 361 1196 390 et
1218 352 1302 401 ipse
1324 352 1477 390 remisit
1497 352 1589 391 sibi,
1615 353 1665 391 Et
1687 354 1848 403 quidam
1872 355 1983 392 miles

279 416 322 453 dc
339 416 479 464 lingua
499 414 689 461 (weitaim,
710 413 776 462 qui
794 421 875 450 erat
892 421 974 449 tum
995 412 1113 448 Rome
1133 412 1175 448 in
1191 411 1353 460 familia
1373 411 1489 449 istius
1507 412 1739 460 cardinalis,
1760 414 1984 452 mittebatur

280 490 364 512 cum
388 476 552 524 quodam
576 473 854 522 Νθαροίῐῐαηο.
878 472 929 509 Et
950 472 1013 509 ille
1033 471 1201 521 quesivit
1218 470 1268 508 ab
1290 471 1362 508 isto
1382 471 1584 508 cardinale
1605 480 1736 509 utrum
1756 481 1853 510 esset
1871 487 1984 511 verus

279 549 386 583 papa
412 535 474 571 ille
496 532 699 570 Bar-ensis.
724 531 775 569 Et
796 531 998 580 respondit
1017 530 1098 567 sibi
1122 531 1191 568 iste
1213 530 1432 567 cardinalis
1454 531 1556 580 quod
1577 545 1656 567 non
1677 540 1828 569 curaret
1850 541 1982 570 utrum

279 602 375 631 esset
394 607 505 630 verus
524 606 634 641 papa
654 592 711 628 vel
730 605 822 638 non,
844 590 938 640 quia
960 590 1044 640 ipse
1063 598 1213 639 poterat
1231 589 1371 626 habere
1390 589 1548 639 aliquas
1566 591 1759 639 pecunias
1779 606 1800 628 a
1822 592 1983 640 regibus

280 661 486 702 antequam
516 652 679 689 sciretur
709 650 814 687 istud
842 649 1055 698 negotium,
1084 658 1118 686 et
1146 663 1224 686 non
1252 657 1405 686 curaret
1431 649 1475 686 de
1502 649 1593 688 alio.
1628 649 1713 686 Irno
1741 650 1894 689 di'aterat
1921 651 1982 689 illi

280 712 400 749 militi
428 711 528 760 quod
555 711 694 747 diceret
720 709 802 758 regi
830 709 1061 757 Portugalie
1088 717 1122 746 et
1148 708 1231 757 regi
1262 707 1439 745 Ncnnrre
1466 709 1567 758 quod
1594 723 1673 745 non
1700 709 1837 747 darent
1865 710 1983 759 sidem

281 772 361 808 illis
390 771 525 812 literis,
557 770 651 819 quia
680 769 763 818 ipse
794 783 872 805 non
900 768 1156 817 sigillaverat,
1189 782 1256 804 nec
1284 767 1492 817 reputabat
1520 782 1652 805 verum
1680 783 1830 818 papam
1861 769 1981 807 istum

278 830 488 867 Bar-ensem
510 838 667 878 propter
687 828 940 876 manifestam
961 828 1273 876 impressionem,
1295 836 1327 864 et
1347 827 1448 876 quod
1466 836 1636 865 tenerent
1653 837 1801 867 secrete.

333 890 579 938 Quanquam
618 902 710 937 ergo
750 887 886 925 omnia
924 887 1164 925 viderentur
1203 901 1286 924 esse
1325 887 1563 936 tranquilla,
1603 887 1800 932 manebat
1838 896 1979 927 tamen

276 950 317 986 in
341 948 548 987 mentibus
574 947 844 985 cardinalium
868 955 1001 985 metus
1026 961 1075 985 ex
1101 946 1311 984 Romanis.
1351 945 1496 995 Itaque
1533 946 1775 995 cogitabant
1798 961 1978 997 quonam

278 1009 399 1046 modo
430 1015 598 1057 possent
629 1021 679 1045 ex
708 1007 797 1044 loco
827 1006 978 1044 infesto
1010 1014 1051 1044 et
1080 1000 1451 1043 inimicoevadere
1483 1005 1525 1043 in
1555 1006 1691 1043 locum
1721 1014 1876 1055 tutum,
1908 1007 1979 1045 ubi

277 1076 317 1105 et
337 1068 486 1105 sentire
508 1080 611 1116 quae
632 1066 785 1104 vellent
805 1074 845 1104 et
867 1080 971 1115 quae
992 1065 1192 1103 sentirent
1213 1065 1347 1114 eloqui
1367 1073 1547 1114 possent.
1572 1065 1678 1114 Ergo
1697 1067 1978 1115 pretendentes,

276 1135 323 1164 ut
346 1127 404 1164 ait
428 1126 607 1164 [lacobus
633 1125 681 1163 de
705 1125 823 1172 Seva,
849 1125 950 1174 quod
970 1139 1036 1162 aer
1059 1125 1265 1161 Romanus
1290 1124 1333 1161 in
1353 1124 1574 1173 fervoribus
1596 1125 1730 1162 estatis
1752 1134 1834 1171 erat
1856 1126 1978 1163 nimis

275 1187 429 1223 calidus
446 1194 478 1223 et
496 1185 791 1234 intemperatus,
810 1184 1043 1234 Anagniam
1057 1199 1097 1222 se
1116 1184 1395 1231 contulerunt,
1408 1184 1550 1233 pavidi
1568 1183 1727 1234 Semper
1744 1184 1975 1224 formidine.

277 1246 393 1293 Quod
414 1245 516 1283 adeo
537 1258 680 1282 verum
701 1252 789 1282 erat
808 1252 856 1281 ut
876 1258 969 1282 cum
988 1243 1163 1294 praelati
1184 1251 1225 1281 et
1245 1243 1313 1280 alii
1334 1243 1546 1281 Romanae
1568 1244 1702 1282 curiae
1722 1258 1915 1293 sequaces
1935 1245 1976 1282 in

274 1305 464 1343 eumdem
485 1306 621 1342 locum
644 1318 683 1342 se
707 1303 952 1351 conferrent,
977 1303 1099 1341 multi
1120 1317 1170 1341 ex
1192 1303 1260 1350 eis,
1284 1310 1331 1339 ut
1352 1302 1501 1351 legitur
1522 1303 1563 1340 in
1585 1303 1908 1351 Allegationibus
1930 1318 1974 1343 ea

272 1372 522 1414 tempestate
539 1363 657 1401 factis
674 1363 899 1410 Avenione‚
916 1377 1068 1412 semper
1083 1362 1210 1399 adhuc
1225 1362 1390 1399 durante
1404 1361 1676 1399 Romanorum
1689 1362 1833 1411 surore,
1850 1364 1978 1401 eundo

272 1425 382 1473 apud
401 1423 637 1472 Anagniam
658 1422 701 1459 in
721 1422 785 1459 via
805 1422 936 1470 occisi,
959 1422 1146 1469 mutilati,
1167 1431 1201 1459 et
1223 1421 1335 1458 bonis
1354 1421 1441 1458 suis
1461 1421 1663 1470 depredati
1680 1421 1854 1471 suerunt,
1875 1423 1978 1462 sicut

273 1484 428 1532 infiniti
457 1483 524 1532 qui
552 1482 797 1520 transierunt
826 1481 883 1519 ibi
911 1482 1102 1531 pericula,
1133 1490 1167 1519 et
1196 1481 1296 1519 inter
1324 1489 1463 1518 ceteros
1491 1481 1644 1518 domini
1673 1478 1915 1520 Sarlatensis
1943 1491 1977 1521 et

271 1542 598 1592 Pampilonensis
619 1541 809 1590 episcopi,
832 1541 899 1591 qui
920 1542 1045 1579 multa
1065 1541 1242 1590 dampna
1261 1548 1296 1578 et
1314 1540 1491 1589 pericula
1512 1549 1546 1578 et
1565 1549 1724 1578 mortem
1743 1542 1975 1580 servitorum

272 1602 417 1639 ibidem
439 1602 695 1651 pertulerunt.
721 1601 992 1649 Allegatz'ones
1013 1600 1105 1638 illae
1129 1607 1277 1646 extant
1297 1600 1340 1637 in
1372 1599 1509 1638 codice
1532 1598 1611 1637 843
1632 1600 1773 1639 Sancti
1797 1601 1973 1640 Victoris

271 1662 506 1701 Parisiensis
526 1660 552 1700 1.

323 1721 548 1759 Constituti
577 1720 703 1769 igitur
732 1719 843 1769 apud
874 1719 1107 1769 Anagniam
1138 1719 1363 1757 cardinales
1395 1719 1458 1757 die
1489 1732 1597 1756 nona
1627 1720 1776 1758 mensis
1807 1721 1973 1770 augusti

267 1781 405 1819 literas
430 1780 655 1829 encyclicas
680 1780 931 1829 scripserunt
954 1779 1150 1817 adversus
1175 1779 1416 1816 electionem
1438 1778 1641 1825 Emensis,
1668 1793 1792 1829 quam
1816 1781 1971 1819 nullam

268 1848 308 1878 et
328 1840 487 1878 irritam
510 1854 593 1877 esse
615 1839 745 1885 aiunt,
768 1846 916 1888 utpote
938 1838 1094 1877 factam
1116 1846 1258 1876 contra
1282 1851 1445 1876 omnem
1464 1837 1565 1887 juris
1589 1838 1785 1877 ordinem.
1810 1839 1970 1878 Literae

268 1900 360 1937 illae
382 1899 642 1949 reperiuntur
663 1898 705 1936 in
728 1898 869 1936 multis
887 1897 1096 1936 codicibus
1117 1897 1312 1947 antiquis.
1338 1896 1558 1935 Habentur
1575 1905 1716 1936 autem
1732 1912 1855 1948 supra
1880 1899 1923 1949 [t.
1941 1898 1968 1950 ι]

269 1974 305 2008 p.
329 1958 417 2005 450,
437 1959 478 1996 in
500 1958 682 1995 Secunda
701 1957 781 1994 vita
806 1956 986 2005 Gregorii
1004 1956 1075 1994 XI
1088 1965 1129 1995 et
1149 1956 1258 1995 alibi.
1280 1956 1465 2006 Denique
1482 1956 1713 1994 Robertum
1730 1957 1969 1996 Gebennen-

268 2032 351 2056 sein
375 2017 583 2067 elegerunt
605 2017 646 2055 in
667 2017 756 2055 loco
780 2016 962 2066 Gregorii
986 2016 1047 2053 XI
1071 2024 1112 2054 et
1135 2016 1387 2054 Clementem
1410 2015 1491 2052 VH
1514 2025 1782 2055 vocaverunt.
1809 2017 1969 2055 Extant

266 2079 407 2115 literae
428 2077 441 2099 ²
486 2076 756 2115 cardinalium
799 2076 847 2114 de
882 2090 928 2114 ea
963 2076 1173 2123 electione,
1207 2076 1249 2113 in
1284 2075 1432 2124 quibus
1467 2075 1646 2113 secundo
1678 2076 1767 2114 loco
1800 2077 1970 2126 ponitur

268 2137 506 2175 Guillelmus
525 2136 572 2174 de
591 2135 787 2185 Agrifolio
804 2135 1021 2185 presbyter
1038 2135 1254 2173 cardinalis
1271 2134 1384 2172 tituli
1401 2134 1542 2172 Sancti
1560 2134 1759 2185 Stephani
1774 2135 1816 2173 in
1834 2136 1967 2174 Coelio

266 2204 417 2234 monte.

319 2256 356 2293 Si
379 2256 476 2293 [ides
496 2254 685 2293 habenda
705 2262 811 2292 esset
828 2254 1147 2292 Bartholomaeo
1166 2253 1350 2291 Zabricio
1368 2253 1464 2291 testi
1482 2253 1622 2302 jurato
1639 2268 1713 2303 pro
1732 2254 1966 2293 defensione

266 2315 435 2362 Urbani,
458 2322 666 2351 constaret
686 2313 791 2351 lianc
813 2313 1033 2351 Clementis
1055 2312 1297 2351 electionem
1317 2327 1399 2350 non
1420 2327 1504 2350 esse
1524 2313 1816 2362 imputandam
1836 2314 1965 2352 amori

264 2374 449 2411 veritatis
468 2382 508 2411 et
524 2373 725 2422 justitiae,
745 2372 813 2410 sed
831 2372 1021 2421 ignaviae
1040 2372 1310 2409 cardinalium
1330 2372 1377 2410 de
1396 2371 1592 2421 Agrifolio
1611 2380 1652 2410 et
1669 2372 1717 2410 de
1736 2372 1963 2421 Malesicco,

263 2435 330 2483 qui
353 2433 574 2471 maluerint
595 2432 889 2470 conscientiam
910 2445 1028 2469 suam
1048 2432 1207 2469 laedere
1230 2445 1354 2480 quam
1377 2431 1587 2480 displicere
1607 2431 1690 2480 regi
1713 2431 1963 2470 Francorum

262 2502 302 2531 et
327 2493 418 2530 duci
444 2491 745 2541 Andegavensi.
775 2491 887 2529 Haec
911 2499 1008 2528 sunt
1032 2490 1158 2528 verba
1182 2490 1490 2528 Bartholomaei
1516 2490 1689 2528 Zabricii
1705 2506 1723 2528 -:
1750 2490 1840 2528 Scio
1864 2492 1966 2541 quod

262 2553 446 2589 (lominus
475 2552 517 2588 cle
552 2551 716 2587 serneio
744 2559 777 2587 et
805 2549 990 2587 dominus
1019 2550 1063 2587 cle
1090 2549 1322 2596 Britannia,
1353 2549 1420 2598 qui
1449 2548 1569 2587 michi
1599 2549 1640 2586 in
1673 2550 1867 2598 Anagnia
1895 2550 1964 2589 hoc

262 2612 455 2657 diret-unt,
484 2611 584 2659 quod
608 2610 723 2647 timor
748 2609 852 2657 regis
877 2608 1048 2646 Francie
1073 2617 1107 2646 et
1132 2608 1244 2646 ducis
1268 2608 1570 2656 Andegavensis
1593 2608 1794 2657 jaciebant
1819 2610 1962 2647 moveri

261 2671 415 2706 animos
448 2670 557 2706 illius
588 2670 632 2705 de
662 2668 863 2717 ,lgrifolio
893 2676 926 2706 et
956 2667 1205 2705 Pictavensis
1235 2676 1269 2704 et
1293 2667 1517 2716 aliquorum
1541 2668 1608 2717 qui
1632 2668 1724 2717 plus
1743 2668 1962 2717 diligebant

258 2729 398 2777 fratres
419 2744 462 2765 ac
484 2737 639 2777 nepotes
661 2742 778 2777 quam
798 2727 958 2764 animas
979 2741 1138 2775 eorum;
1158 2735 1192 2764 et
1210 2727 1290 2764 scio
1312 2727 1413 2776 quod
1431 2726 1468 2763 si
1490 2741 1568 2763 non
1589 2726 1815 2764 timuissent
1834 2742 1960 2776 regem

260 2788 441 2834 lv'rsmm'e,
488 2788 547 2824 nil
589 2787 842 2824 innovassent
884 2800 1033 2836 quoquo
1077 2786 1199 2823 modo.
1245 2785 1367 2835 Apud
1412 2785 1633 2823 odoricum
1679 2786 1958 2835 Raynaldum,

260 2861 321 2883 an.
351 2847 458 2887 15178,
485 2847 579 2893 ξ41ἆ.

312 2906 516 2942 Adversus
546 2906 621 2942 hoc
650 2904 935 2942 testimonium
963 2912 1066 2954 puto
1095 2918 1212 2953 posse
1240 2904 1381 2953 reponi
1418 2918 1499 2940 non
1528 2904 1748 2953 incongrue
1777 2904 1817 2941 id
1848 2905 1956 2953 quod

258 2965 407 3001 lssaldus
431 2965 467 3001 in
490 2964 682 3001 Secundis
702 2963 1009 3012 allegationibus
1028 2977 1101 3012 pro
1123 2962 1290 3000 Urbano
1311 2962 1416 3000 dixit
1435 2962 1631 3000 adversus
1651 2971 1732 3000 tres
1752 2971 1956 3001 tractatus

312 3092 337 3124 1..
369 3092 406 3124 lss.
437 3092 491 3131 N„
519 3104 584 3125 ms.
611 3093 703 3125 latin
728 3091 859 3131 14644,
886 3091 947 3124 fol.
974 3092 1042 3125 167
1068 3096 1111 3124 1¹⁰.

306 3148 334 3177 2.
371 3146 512 3184 nalum,
541 3153 564 3178 t.
591 3157 641 3185 lv,
668 3157 701 3189 p.
729 3146 808 3178 186.
