2083 3458
94 227 244 283 [1172]
612 242 829 267 PAPARUM
864 242 1249 268 AVENIONENSIUM
1697 227 1776 268 691

81 334 187 363 extra
216 325 371 363 Urbem.
397 324 448 362 Et
471 324 535 361 hec
559 324 802 373 contigerunt
825 325 980 374 quando
1004 325 1198 362 recedebat
1223 324 1286 361 ille
1320 324 1504 362 dominus
1533 324 1782 362 Vivariensis

81 399 105 422 a
125 385 263 422 Roma.
291 384 395 421 Item
416 383 458 421 in
480 383 733 434 depositione
756 383 892 421 fratris
916 383 1086 421 Joannis
1118 383 1297 433 episcopi
1327 383 1550 421 Castrensis
1569 383 1583 406 1
1607 399 1614 421 :
1639 384 1779 421 Postea

82 443 176 481 dicit
203 443 273 481 iste
299 442 405 480 testis
432 443 534 492 quod
561 443 644 492 ipse
673 442 743 480 ivit
769 443 1003 491 Anagniam
1029 451 1063 480 et
1090 442 1225 492 petivit
1251 458 1276 480 a
1303 442 1460 480 domino
1494 442 1718 480 Vivariensi
1745 451 1782 480 et

81 502 318 549 Pictavensi,
346 502 604 548 Gebennensi,
625 502 904 549 Ambianensi,
925 510 958 539 et
977 502 1027 539 ab
1045 502 1248 551 aliquibus
1267 502 1373 549 aliis,
1394 510 1427 539 et
1447 516 1577 539 omnes
1597 501 1780 539 dixerunt

81 562 116 600 ei
143 562 244 612 quod
271 575 349 598 non
375 569 455 598 erat
481 575 602 610 papa.
633 561 863 610 Specialiter
889 561 1073 598 dominus
1106 560 1352 598 Vivariensis
1379 561 1479 598 discit
1504 560 1539 598 ei
1569 576 1576 598 :
1607 560 1699 598 Non
1725 569 1780 598 est

82 621 209 670 magis
228 635 336 671 papa
355 634 472 670 quam
491 620 616 657 cauda
636 628 752 657 vestre
772 620 885 658 mule.

136 681 183 718 In
209 679 405 718 relatione
435 679 623 717 Roderici
649 679 846 717 Bernardi
875 693 1011 717 coram
1040 679 1198 716 Joanne
1226 693 1315 728 rege
1344 679 1541 716 Castellae
1568 678 1646 716 ista
1674 678 1785 716 inter

81 747 213 778 cetera
231 739 422 789 leguntur
439 738 487 776 de
507 738 707 787 colloquio
725 738 811 787 ejus
831 752 923 776 cum
943 738 1110 775 Urbano
1128 746 1168 775 et
1187 738 1234 775 de
1253 737 1375 775 variis
1391 737 1780 786 interrogationibus

81 798 212 837 eidem
235 798 353 836 factis
377 797 429 835 ab
452 797 595 835 eodem
620 797 819 835 Roderico
837 796 851 818 ²
881 813 889 835 ;
911 797 1007 834 Item
1036 797 1072 833 si
1102 797 1374 834 recordabatur
1402 811 1471 846 que
1489 796 1603 834 verba
1621 796 1783 834 dixisset

80 857 159 895 sibi
190 857 374 895 dominus
404 857 621 894 cardinalis
657 856 903 893 l⁷1'‹’ariensis
934 856 1088 905 quando
1121 855 1256 893 ultimo
1286 855 1439 892 recessit
1469 856 1518 892 ab
1548 869 1603 902 eo,
1634 855 1674 892 id
1706 863 1786 902 est,

81 917 132 954 ab
156 917 337 963 Urbano,
360 916 560 965 respondit
581 916 682 965 quod
703 930 781 952 non
802 915 1075 952 recordabatur
1096 923 1198 952 tunc.
1223 915 1307 963 Ego
1328 914 1412 951 dixi
1434 914 1514 951 sibi
1536 915 1637 963 quod
1657 914 1783 952 dictus

81 976 265 1013 dominus
292 975 538 1013 Vivariensis
560 975 603 1011 in
624 989 773 1012 recessu
793 989 864 1011 suo
885 974 1054 1011 avisavii
1075 974 1209 1023 ipsum
1229 982 1365 1010 secrete
1387 974 1488 1023 quod
1508 988 1586 1010 non
1607 981 1785 1011 tractaret

81 1036 180 1073 male
199 1035 431 1082 cardinales,
453 1034 547 1084 quia
567 1034 693 1071 adhuc
713 1034 915 1082 indigebat
934 1033 1003 1080 eis,
1025 1041 1058 1070 et
1076 1033 1112 1069 si
1134 1033 1217 1082 ipse
1238 1033 1344 1069 vellet
1362 1041 1485 1069 tenere
1509 1032 1625 1069 bonos
1646 1046 1785 1079 mores,

82 1095 165 1144 ipse
189 1094 406 1132 cardinalis
429 1094 621 1131 laboraret
644 1108 714 1143 pro
737 1093 893 1130 servitio
916 1107 987 1129 suo
1009 1092 1123 1141 juxta
1146 1106 1258 1141 posse
1281 1092 1436 1141 quando
1460 1100 1554 1128 esset
1577 1106 1665 1128 cum
1688 1091 1783 1128 aliis

80 1153 253 1191 dominis
271 1154 357 1191 suis
377 1153 662 1199 cardinalibus,
682 1153 749 1189 sed
769 1159 912 1189 caveret
931 1152 1032 1201 quod
1060 1165 1138 1188 non
1164 1151 1345 1188 scriberet
1373 1151 1519 1188 litteras
1547 1150 1785 1199 apostolicas

81 1227 148 1251 nec
162 1213 302 1262 jaceret
318 1212 470 1262 aliquos
486 1221 594 1250 actus
611 1212 721 1261 apud
742 1212 885 1249 Urbem
902 1224 1098 1260 quousque
1116 1210 1200 1259 ipse
1217 1210 1357 1247 videret
1374 1217 1516 1246 mentes
1533 1209 1781 1246 dominorum

79 1287 242 1310 suorum
265 1272 543 1310 cardinalium.
565 1271 672 1308 Nam
695 1271 760 1308 hec
783 1271 932 1308 dixerat
955 1269 1074 1306 michi
1097 1269 1294 1319 predictus
1316 1268 1500 1305 dominus
1520 1268 1779 1306 Vivariensis.

79 1331 146 1369 Ad
169 1332 275 1369 istud
297 1331 497 1381 respondit
522 1331 621 1368 idern
646 1330 802 1380 primus
825 1330 963 1366 electus
987 1329 1088 1378 quod
1123 1328 1213 1365 bene
1248 1342 1379 1364 verum
1412 1335 1491 1364 erat
1524 1328 1624 1376 quod
1656 1327 1780 1364 dictus

85 1391 331 1428 Vivariensis
358 1391 508 1428 dixerat
533 1390 612 1427 sibi
639 1389 775 1439 aliqua
801 1389 915 1426 verba
941 1402 1012 1438 que
1037 1387 1246 1437 sapiebant
1273 1395 1435 1424 mentem
1461 1386 1684 1435 aliquorum
1711 1400 1785 1435 que

79 1465 147 1499 ego
168 1450 356 1497 dicebam,
378 1450 479 1487 sicut
499 1457 647 1499 poterat
668 1448 874 1494 recordari,
895 1448 963 1484 sed
982 1455 1073 1484 tunc
1094 1461 1173 1483 non
1193 1445 1439 1495 presumebat
1459 1446 1510 1482 ad
1530 1459 1640 1495 quem
1662 1445 1780 1494 finem

80 1510 229 1556 diceret,
252 1509 345 1559 quia
365 1509 493 1558 magis
513 1509 671 1546 obscure
691 1508 918 1557 loquebatur
939 1507 1027 1553 ista,
1047 1507 1115 1543 sed
1131 1505 1224 1555 quia
1239 1505 1427 1553 diligebat
1444 1504 1555 1541 illum
1576 1504 1779 1541 ⁴Vivarien-

79 1583 171 1616 sem,
203 1569 377 1606 credebat
406 1569 507 1618 quod
535 1568 579 1605 in
611 1568 710 1604 bona
739 1575 848 1616 parte
878 1566 1104 1615 loquebatur
1132 1565 1225 1611 sibi,
1254 1565 1322 1601 sed
1349 1572 1481 1613 postea
1522 1563 1605 1612 ipse
1637 1571 1670 1600 et
1706 1563 1779 1600 alii

79 1628 236 1677 fuerant
259 1628 431 1665 conversi
456 1628 499 1665 in
522 1642 656 1665 arcum
681 1641 859 1676 pravum.
890 1625 1000 1662 Tunc
1022 1639 1090 1674 ego
1114 1624 1197 1661 (timi
1222 1623 1322 1673 quod
1345 1623 1428 1672 ipse
1452 1622 1635 1659 dominus
1664 1622 1779 1659 Viva—

81 1687 224 1724 riensis
257 1687 406 1725 dixerat
439 1687 558 1724 michi
591 1687 692 1736 quod
724 1686 936 1736 protulerat
969 1684 1038 1721 illa
1071 1683 1197 1728 verba,
1231 1682 1325 1732 quia
1357 1681 1626 1719 considerabat
1656 1681 1784 1730 facere·

79 1746 382 1796 possibilitatem
403 1761 491 1784 cum
515 1745 688 1783 dominis
711 1745 796 1782 suis
819 1744 920 1794 quod
943 1744 1082 1781 iterum
1105 1742 1360 1791 reeligeretur.
1386 1740 1493 1778 Nam
1514 1740 1659 1777 sciebat
1681 1741 1781 1789 quod

81 1820 212 1843 omnes
236 1806 471 1843 dubitabant
494 1806 538 1843 de
562 1805 742 1842 electione
764 1818 851 1850 sua,
877 1812 954 1841 etc.
984 1803 1074 1852 Ipse
1098 1802 1198 1839 dixit
1222 1801 1322 1850 quod
1344 1814 1476 1837 omnes
1498 1814 1538 1836 se
1561 1799 1782 1836 habuerunt

81 1865 193 1912 male,
221 1873 254 1902 et
282 1865 387 1903 istud
412 1872 647 1915 processerat
673 1864 724 1901 ad
748 1862 1036 1912 suggestionem
1063 1860 1279 1898 cardinalis
1311 1858 1568 1896 Vivariensis.

134 1925 263 1962 Extat
286 1924 327 1962 in
352 1924 487 1963 codice
510 1923 589 1962 815
612 1923 882 1961 bibliothecae
916 1918 1202 1959 Colbertinae3
1232 1918 1440 1969 responsio
1472 1917 1557 1966 ejus
1582 1917 1634 1954 ad
1658 1917 1781 1954 inter-

80 1983 310 2033 rogationes
354 1983 569 2022 cardinalis
614 1981 837 2020 Florentini
878 1989 918 2019 et
961 1978 1271 2017 Mediolanensis
1313 1977 1355 2014 in
1396 1990 1516 2015 causa
1558 1976 1779 2022 electionis,

81 2042 438 2083 inthronizationis
465 2051 505 2080 et
531 2041 804 2080 coronationis
832 2039 1001 2086 Urbani,
1029 2053 1131 2088 quae
1159 2037 1293 2076 onmia
1319 2037 1428 2074 facta
1453 2050 1536 2073 esse
1562 2035 1781 2085 profitetur

81 2110 248 2152 propter
268 2110 425 2140 metum
446 2102 603 2147 mortis,
626 2115 729 2150 quae
751 2100 849 2137 alias
873 2100 981 2137 facta
1003 2112 1084 2135 non
1106 2097 1290 2135 fuissent.

133 2161 252 2199 Anno
276 2161 653 2209 MCCCLXXXW,
677 2160 739 2197 die
762 2159 907 2196 ultima
932 2156 1138 2203 februarii,
1156 2155 1257 2193 obiit
1275 2155 1394 2203 Hugo
1417 2153 1465 2191 de
1489 2152 1782 2201 Montelegum,

81 2219 294 2270 episcopus
318 2220 564 2258 Sabinensis.
588 2220 690 2256 Turn
715 2233 810 2256 vero
833 2218 1015 2255 Clemens
1037 2229 1144 2266 papa
1166 2214 1450 2264 episcopatum
1470 2211 1584 2250 illum
1606 2210 1780 2249 contulit

83 2279 203 2318 Petro
225 2279 421 2317 cardinali
443 2278 684 2325 Vivariensi,
708 2292 789 2315 non
810 2291 905 2314 vero
928 2276 1132 2320 Urbanus,
1156 2282 1202 2311 ut
1224 2273 1325 2310 falso
1347 2270 1600 2309 existimavit
1622 2270 1777 2319 Augus-

81 2337 191 2376 tinus
211 2339 263 2375 ab
284 2338 476 2377 Ecclesia.
502 2338 536 2376 Is
556 2337 663 2375 enim
684 2336 932 2375 cardinalem
952 2333 1231 2371 Vivariensem
1249 2332 1334 2381 jam
1353 2328 1778 2367 anathematizaverat

83 2406 121 2436 et
144 2397 401 2435 cardinalatu
422 2397 671 2447 privaverat,
694 2404 838 2446 utpote
860 2403 1158 2443 transgressum
1178 2391 1219 2428 in
1240 2398 1375 2440 partes
1398 2387 1614 2426 Clementis
1636 2387 1779 2424 adver-

83 2456 176 2494 sarii
199 2456 273 2494 sui.

134 2516 253 2553 Anno
282 2514 690 2553 MCCCLXXXVIII
718 2528 768 2551 ex
795 2511 1047 2561 delegatione
1075 2507 1292 2547 Clementis
1320 2506 1401 2543 VII
1428 2504 1658 2554 composuit
1685 2518 1777 2542 con-

80 2574 284 2613 tentiones
314 2588 416 2623 quae
445 2582 562 2611 erant
588 2573 694 2611 inter
720 2572 958 2622 episcopum
991 2578 1031 2608 et
1054 2567 1267 2607 canonicos
1290 2564 1492 2603 Ecclesiae
1517 2562 1780 2610 Valentinae;

82 2633 281 2679 Columbi,
304 2633 372 2670 lib.
401 2633 476 2678 III,
497 2633 555 2669 De
579 2632 694 2681 gestis
716 2631 1005 2681 Episcoporum
1033 2626 1243 2672 Valentia„
1268 2639 1305 2662 n.
1331 2624 1391 2661 50.

134 2692 253 2730 Anno
282 2691 507 2738 MCCCXC,
536 2691 598 2729 die
628 2705 699 2728 xvr
727 2688 903 2739 augusti,
933 2687 1152 2725 moriturus
1182 2682 1495 2722 declarationem
1524 2680 1651 2718 edidit
1673 2680 1778 2718 Ave-

82 2751 201 2789 nione
235 2765 314 2801 qua
346 2758 523 2788 testatus
556 2758 617 2788 est
649 2764 688 2787 se
721 2749 954 2799 cupientem
1005 2745 1140 2783 fideles
1174 2741 1423 2781 Christianos
1457 2740 1575 2777 Facto
1608 2738 1779 2786 Urbani,

83 2810 194 2860 quod
227 2810 268 2847 in
302 2809 510 2860 publicum
547 2808 737 2847 emissum
774 2815 874 2853 erat,
911 2806 1101 2854 deceptos
1137 2802 1188 2840 ad
1223 2801 1334 2839 viam
1367 2799 1556 2837 reducere
1591 2797 1776 2836 Veritatis

85 2869 287 2907 declarare
315 2869 564 2907 Clementem
589 2867 669 2904 VII
696 2865 887 2905 canonice
913 2873 954 2902 et
978 2863 1053 2901 rite
1079 2862 1254 2900 electum
1279 2859 1400 2897 fuisse
1425 2858 1467 2895 in
1491 2870 1656 2908 papam,
1681 2857 1780 2894 Bar-

132 3004 164 3037 1.
196 3004 263 3037 Ms.
281 3004 365 3042 cite,
383 3003 445 3036 fol.
463 3002 507 3035 92
523 3006 566 3034 r0.

134 3058 165 3090 2.
196 3057 263 3090 Ms.
281 3057 365 3095 cite,
383 3055 445 3088 fol.
464 3056 508 3088 20
523 3059 567 3088 r0.

132 3111 165 3144 3.
196 3110 346 3149 Baluze,
370 3115 396 3142 t.
418 3120 469 3149 iv,
492 3120 527 3152 p.
552 3108 633 3141 266.
