2083 3458
90 221 244 277 [1181]
623 239 838 264 PAPARUM
861 209 1257 267 ΔΑΥΕΝῙΟΝ1311511111
1705 229 1786 270 699

78 329 143 359 101
164 321 348 358 titulum.
374 321 427 358 Et
450 314 591 361 tamen
613 322 803 372 nuspiam
825 323 1046 373 reperimus
1070 339 1162 362 eum
1185 326 1375 365 habuisse
1397 326 1580 375 titulum,
1604 329 1674 366 sed
1695 337 1785 366 tan-

85 388 171 417 tum
200 394 291 418 eum
323 379 444 418 fuisse
474 381 761 430 presbyterum
791 382 1052 421 cardinalem.
1085 384 1189 421 Nam
1221 386 1329 434 quod
1359 385 1485 435 aliqui
1513 401 1604 424 eum
1635 396 1786 425 vocant

79 439 330 477 cardinalem
362 439 475 476 tituli
509 440 647 478 Sancti
682 441 891 479 Laurentii
923 441 965 479 in
989 442 1140 480 Lucina
1174 458 1328 481 vanum
1361 453 1434 491 est,
1469 460 1561 483 cum
1594 461 1644 484 ex
1676 446 1785 483 bulla

82 498 264 547 Gregorii
307 498 368 535 XI
411 498 606 537 adversus
651 500 906 538 Florentinos
950 501 1048 539 data
1090 516 1197 540 anno
1239 503 1452 543 millesimo
1495 505 1785 552 CCCLXXVI,

84 571 139 594 ΧΠ
160 558 238 595 kal.
261 557 358 594 maii
389 557 453 606 [20
473 558 615 607 avril],
638 572 762 607 quam
774 559 948 597 Bzovius
969 560 1111 607 edidit,
1127 570 1286 600 constet
1308 563 1475 600 Petrum
1495 563 1543 601 de
1565 564 1787 602 Sortenaco

78 616 270 654 habuisse
301 616 409 654 hunc
440 616 624 663 titulum,
656 626 697 655 et
729 618 907 656 Joannes
940 619 988 657 de
1018 620 1193 657 Buxeria
1225 636 1244 659 e
1276 621 1379 659 vivis
1411 623 1627 660 excesserit
1658 623 1786 673 pridie

79 689 207 713 nonas
247 675 309 725 [4]
338 676 581 725 septembris
609 676 791 725 ejusdem
821 677 917 714 anni
944 678 1053 728 apud
1082 679 1349 727 Avenionem,
1377 689 1423 718 ut
1450 681 1508 719 ait
1537 682 1785 732 Onuphrius.

79 734 193 772 Adeo
214 742 352 773 autem
376 734 475 771 mihi
497 735 696 772 absonum
720 736 884 774 videtur
905 751 998 775 eum
1019 738 1178 775 tamdiu
1194 739 1389 777 mansisse
1411 740 1452 777 in
1469 740 1578 778 curia
1600 741 1785 779 Romana

78 793 234 843 absque
260 793 383 831 titulo
409 802 456 831 ut
482 794 680 843 suspicari
707 809 826 843 cogar
851 810 942 833 eum
970 796 1224 835 Avenionem
1259 798 1471 837 advenisse
1507 808 1720 848 aegrotum
1739 808 1786 839 ,01

79 860 171 890 toto
200 853 268 890 illo
297 861 481 903 tempore
513 868 593 902 quo
622 853 700 891 illic
738 854 816 892 fuit
857 863 1103 904 aegrotasse,
1136 857 1319 906 adeoque
1352 872 1565 907 nunquam
1595 859 1652 896 ita
1686 859 1785 896 bene

78 911 270 950 habuisse
295 921 343 950 ut
368 920 507 962 posset
533 912 587 950 ire
614 913 666 949 ad
692 913 894 962 palatium
921 915 1205 964 apostolicum.
1236 916 1417 954 Decessit
1443 931 1535 966 ergo
1561 917 1786 955 insalutato

78 984 200 1021 papa.
222 971 377 1009 Deinde
396 985 541 1021 corpus
560 971 646 1020 ejus
665 973 914 1010 translatum
936 981 997 1011 est
1015 974 1125 1023 apud
1144 973 1470 1014 Claramvallem.

132 1030 176 1068 P.
195 1030 284 1078 423,
300 1030 366 1080 lig.
385 1030 445 1068 12.
464 1031 634 1068 PETRUS
656 1045 709 1067 DE
730 1031 868 1078 LUNA,
884 1032 995 1069 homo
1014 1032 1258 1081 ingeniosus,
1277 1042 1323 1072 ut
1341 1034 1408 1072 lib.
1423 1035 1483 1081 -II,
1498 1035 1554 1072 De
1566 1035 1787 1081 schismate,

80 1103 170 1140 cap.
195 1103 331 1127 xxxm
350 1089 406 1139 [p.
433 1089 540 1139 179],
564 1099 704 1128 narrat
727 1090 997 1129 Theodericus
1029 1105 1051 1129 a
1077 1092 1207 1138 Niem,
1232 1093 1297 1142 qui
1320 1102 1411 1132 tune
1431 1093 1529 1131 satis
1551 1094 1788 1142 diligebatur

79 1163 105 1186 a
126 1149 273 1195 multis,
295 1163 337 1186 eo
358 1149 459 1198 quod
477 1149 628 1198 peritus
649 1157 682 1186 et
703 1150 899 1187 virtuosus
919 1150 1106 1197 eccz'steret,
1129 1166 1152 1188 a
1173 1152 1357 1200 pluribus
1378 1153 1627 1190 laudabatur.

136 1208 182 1245 In
212 1208 385 1258 epistola
418 1217 597 1258 quatuor
627 1208 829 1246 sodalium
860 1209 912 1246 ad
947 1209 1114 1247 Petrum
1144 1211 1381 1261 episcopum
1408 1211 1654 1250 Meldensem
1684 1211 1786 1261 regis

80 1267 406 1305 christianissimi
430 1267 482 1304 ad
507 1275 673 1305 sanctae
698 1268 840 1306 matris
867 1268 1070 1306 Ecclesiae
1095 1269 1452 1319 reintegrationem
1486 1270 1788 1320 procurandam

78 1326 408 1365 ambaxiatorem
434 1327 683 1377 deputatum
708 1327 860 1377 scripta
887 1341 995 1365 anno
1022 1328 1311 1376 MCCCCVIII,
1337 1329 1395 1367 ita
1421 1330 1568 1379 legitur
1592 1329 1633 1366 in
1658 1329 1787 1367 veteri

79 1385 216 1424 codice
241 1400 315 1424 ms.
342 1386 614 1424 bibliothecae
643 1386 898 1424 Harlaeanae
925 1402 932 1424 z
959 1386 991 1424 O
1016 1387 1070 1424 mi
1094 1388 1206 1425 Petre
1230 1389 1274 1425 de
1297 1388 1427 1435 Luna,
1454 1389 1519 1438 qui
1544 1403 1612 1438 per
1635 1388 1787 1438 aliquos

82 1445 302 1482 benedictus
330 1453 364 1482 et
391 1460 460 1494 per
488 1446 629 1482 multos
659 1445 881 1483 nominaris
910 1446 1152 1493 maledictus,
1184 1448 1285 1484 unde
1314 1447 1381 1485 hoc
1409 1448 1510 1485 tibi?
1537 1448 1601 1484 Ab
1631 1448 1787 1484 ineunte

79 1504 185 1541 enim
207 1512 302 1541 etate
325 1505 407 1542 dies
430 1504 488 1542 tui
511 1505 626 1542 laude
649 1505 849 1542 communi
871 1513 905 1542 et
925 1505 1035 1554 fama
1058 1520 1204 1554 magna
1227 1507 1447 1544 radiarunt.

132 1564 311 1602 Joannes
339 1564 492 1613 Nyder,
518 1564 586 1602 lib.
618 1564 679 1601 ΙΙΙ
707 1564 960 1611 Formicarii,
988 1578 1075 1614 cap.
1101 1579 1128 1612 1,
1163 1573 1343 1603 testatur
1367 1566 1480 1603 illum
1507 1565 1627 1603 fuisse
1654 1564 1787 1602 virum

78 1622 262 1673 apprime
294 1623 500 1661 eruditum
528 1623 569 1661 in
602 1623 824 1662 omni-fere
853 1623 1037 1670 scientia,
1064 1624 1313 1663 Froissartus
1344 1625 1420 1674 [ed.
1450 1625 1631 1673 Kervyn,
1657 1633 1687 1662 t.
1716 1638 1785 1670 xv,

77 1697 117 1732 p.
143 1681 241 1732 129]
265 1682 399 1721 virum
421 1682 540 1720 valde
564 1691 754 1721 sanctum
776 1691 817 1721 et
839 1683 949 1721 vitae
973 1684 1320 1733 contemplativae
1351 1684 1527 1721 multum
1559 1683 1785 1721 addictum.

79 1741 223 1779 Petrus
257 1741 386 1779 abbas
422 1742 561 1780 Sancti
596 1742 779 1780 Facundi
812 1742 852 1779 in
886 1742 1140 1792 depositione
1173 1757 1245 1780 sua
1278 1751 1456 1782 testatus
1489 1751 1550 1781 est
1583 1741 1786 1779 audivisse

78 1815 118 1838 se
145 1800 393 1839 cardinalem
423 1801 733 1839 Gebennensem
761 1801 910 1839 dixisse
938 1801 1212 1840 cardinalibus
1240 1810 1336 1840 ante
1363 1802 1603 1840 electionem
1632 1800 1786 1838 Urbani

79 1860 230 1897 multos
263 1860 305 1897 in
338 1874 452 1898 sacro
486 1860 653 1909 collegio
687 1876 770 1898 esse
805 1874 973 1910 capaces
1016 1875 1199 1900 summae
1242 1861 1468 1910 dignitatis,
1502 1869 1543 1898 01
1576 1860 1681 1897 inter
1713 1860 1784 1896 hos

79 1919 328 1958 cardinalem
349 1920 396 1957 de
419 1920 658 1969 Arragonia,
681 1920 747 1969 qui
768 1928 821 1957 est
845 1920 967 1956 bonus
987 1920 1098 1957 homo
1118 1928 1151 1957 et
1174 1920 1268 1957 bone
1288 1920 1374 1967 vite,
1396 1920 1481 1957 ticet
1499 1920 1598 1957 satis
1616 1918 1785 1968 juveniS.

78 1978 135 2016 Ac
153 1992 248 2016 sane
266 1986 447 2016 testatur
464 1979 477 2001 ¹
497 1980 623 2017 frater
641 1979 879 2025 Menendus,
898 1979 1110 2029 episcopus
1130 1979 1415 2025 Cordubensis,
1433 1979 1473 2016 in
1490 1978 1606 2016 initio
1624 1991 1785 2027 respon-

79 2037 237 2075 sionum
266 2040 433 2076 snarum
460 2038 513 2075 ad
539 2038 733 2076 articulos
760 2038 881 2087 primi
908 2038 1039 2085 electi,
1068 2052 1159 2077 cum
1187 2038 1410 2076 cardinales
1439 2046 1533 2075 ante
1561 2038 1786 2086 ingressum

80 2096 284 2135 conclavis
306 2105 538 2135 tractarent
554 2098 723 2146 quinam
746 2097 916 2146 adipisci
938 2097 1165 2147 principem
1180 2098 1313 2136 locum
1329 2105 1495 2147 possent
1510 2105 1550 2134 et
1567 2094 1784 2133 concordes

79 2170 162 2193 esse
190 2170 272 2193 non
298 2165 479 2206 possent,
506 2157 682 2206 primam
708 2165 852 2206 postea
882 2156 1115 2206 opinionem
1141 2165 1182 2194 et
1209 2170 1467 2195 communem
1495 2169 1636 2193 vocem
1664 2154 1785 2191 fuisse

78 2213 178 2264 quod
207 2215 482 2252 concordarent
510 2215 552 2252 in
586 2215 829 2252 cardinalem
865 2215 908 2252 (le
945 2216 1074 2253 Luna.
1105 2216 1150 2252 In
1185 2215 1328 2253 eadem
1364 2214 1567 2253 sententia
1604 2212 1785 2263 perstitit

78 2273 187 2311 idem
217 2274 441 2312 Menendus
481 2275 731 2325 respondens
771 2274 952 2312 articulis
987 2288 1102 2311 casus
1144 2274 1311 2312 secundi
1344 2273 1474 2319 electi,
1506 2273 1576 2310 ubi
1608 2272 1754 2321 legitur
1775 2270 1789 2292 ²

79 2333 190 2382 quod
216 2342 386 2383 propter
408 2334 652 2372 discordiam
679 2347 781 2383 quae
804 2341 891 2371 erat
922 2333 1028 2371 inter
1067 2333 1291 2371 cardinales
1320 2341 1402 2370 orta
1429 2341 1482 2369 est
1518 2331 1656 2381 opinio
1684 2330 1785 2380 quod

79 2392 299 2430 cardinatis
339 2393 382 2430 de
421 2393 552 2440 Luna,
594 2393 687 2443 quia
727 2407 805 2429 non
845 2401 925 2429 erat
970 2392 1146 2429 Gallicus
1186 2406 1254 2429 nec
1284 2391 1586 2436 Lemovicensis‘,
1622 2398 1655 2426 et
1689 2389 1783 2438 quia

79 2451 337 2500 reputabatur
365 2452 464 2489 hona
498 2466 665 2501 persona
700 2460 734 2489 et
769 2452 863 2488 bone
892 2451 1008 2500 fame,
1042 2459 1075 2488 et
1109 2451 1159 2488 ab
1193 2450 1376 2487 omnibus
1406 2450 1567 2487 dilectus
1592 2448 1784 2485 Romanis

79 2518 112 2547 et
131 2511 451 2558 ultramontanis,
473 2511 632 2548 debebat
652 2510 738 2560 fieri
757 2525 884 2560 papa3
906 2511 949 2547 de
968 2524 1040 2559 quo
1060 2510 1226 2547 multum
1251 2509 1575 2546 contentabantur
1597 2506 1782 2544 Romani.

82 2569 193 2607 Haec
229 2569 376 2607 ultima
414 2570 553 2616 verba,
591 2584 694 2619 quae
731 2569 913 2618 aliquam
947 2569 1102 2606 habent
1137 2568 1444 2614 obscuritatem,
1477 2566 1654 2616 explicat
1692 2566 1782 2603 Fer-

79 2629 239 2667 nandus
273 2629 385 2667 Petri
415 2629 593 2667 decanus
629 2628 908 2666 Tirasonensis
940 2627 1214 2676 interrogatus
1246 2641 1366 2676 super
1396 2626 1568 2664 articulo
1591 2625 1641 2662 84
1666 2638 1782 2662 casus

79 2687 247 2725 secundi
289 2688 427 2734 electi3
464 2688 536 2725 ubi
580 2688 751 2737 loquens
797 2687 845 2724 de
883 2686 1067 2723 tumultu
1116 2686 1396 2723 Romanorum
1440 2693 1481 2722 et
1518 2685 1565 2722 de
1602 2683 1643 2720 vi
1673 2683 1782 2721 facta

80 2746 354 2785 cardinalibus
379 2747 479 2785 dizit
494 2746 509 2768 3
531 2761 570 2784 se
593 2747 741 2784 credere
761 2746 862 2795 quod
882 2745 968 2782 sine
990 2745 1164 2794 periculo
1186 2758 1445 2794 personarum
1464 2758 1543 2780 non
1565 2742 1784 2792 potuissent

78 2804 217 2854 eligere
249 2806 377 2843 alium
409 2820 526 2856 quam
564 2806 764 2843 Ytalt'cum
797 2805 854 2841 vel
885 2804 1122 2850 Romanum,
1157 2817 1268 2852 quem
1302 2802 1487 2851 intelligit
1518 2802 1592 2839 sub
1625 2800 1783 2838 nomine

84 2863 244 2912 Ytalt'ci,
266 2873 395 2902 tamen
416 2865 537 2903 nescit
557 2865 601 2902 de
621 2873 717 2902 certo
737 2863 773 2900 si
795 2862 978 2900 dominus
998 2876 1096 2899 suus
1116 2862 1333 2899 cardinalis
1353 2862 1397 2899 de
1417 2860 1625 2910 Aragonia
1643 2859 1785 2909 suisset

128 2999 160 3032 1.
190 2999 232 3032 B.
255 3000 313 3040 N.‚
335 3012 403 3033 ms.
425 2999 521 3033 latin
542 2999 672 3039 11745,
694 2999 756 3032 fol.
779 2999 847 3032 135
868 3002 918 3031 v0.

129 3053 161 3085 2.
191 3052 259 3086 Ms.
281 3052 365 3092 cite,
387 3052 449 3085 fol.
472 3053 540 3085 209
560 3057 611 3086 v0.

129 3106 161 3139 3.
192 3105 260 3139 Ms.
285 3105 370 3146 cite,
394 3105 456 3138 fol.
483 3105 551 3138 244
574 3110 617 3138 r0.
