2083 3458
65 280 217 336 [1336]
584 297 800 322 PAPARUM
836 297 1220 324 AVENIONENSIUM
1667 285 1747 326 851

53 376 214 415 Girardi
235 376 449 427 episcopus
474 376 724 414 Lodovensis
747 377 972 415 translatus
996 385 1058 415 est
1081 378 1133 416 ad
1158 378 1381 417 Ecclesiam
1405 379 1675 428 Aniciensem,
1700 389 1748 419 ut

53 437 174 486 vulgo
195 436 382 474 tradunt.
408 436 656 485 Quanquam
676 435 717 472 id
737 450 884 485 parum
906 445 1082 475 constat.

106 496 226 533 Anno
253 495 595 533 MCCCLXXXV
620 494 729 534 idem
755 495 937 533 Clemens
976 510 1069 535 eum
1105 497 1259 534 creavit
1297 498 1581 547 presbyterum
1618 499 1746 537 cardi-

51 555 199 601 nalem,
227 555 453 592 absentem.
484 555 645 600 Postea,
674 568 766 593 cum
794 553 972 592 venisset
1000 555 1253 593 Avenionem
1272 556 1299 602 ¹,
1322 557 1441 595 datus
1464 557 1498 594 ei
1520 566 1581 595 est
1599 557 1744 596 titulus

51 614 225 652 Sanctae
256 613 550 651 Pudentianae.
582 613 711 662 Vulgo
738 621 880 650 tamen
906 613 1136 651 vocabatur
1163 615 1378 653 cardinalis
1410 616 1746 665 Hierosolymita-

51 687 139 711 nus.
167 673 311 722 Itaque
335 687 407 722 pro
429 671 576 721 insigni
597 672 765 721 gerebat
785 680 949 711 scutum
970 672 1334 722 quadripartitum,
1356 674 1396 711 in
1417 675 1532 724 cujus
1554 675 1684 725 primo
1704 684 1746 714 et

51 732 197 772 ultimo
218 732 367 781 angulo
389 739 477 769 erat
498 745 597 768 crux
622 730 1011 779 Hierosolymitana,
1032 731 1093 769 uti
1115 741 1266 771 vocant
1287 733 1342 770 rei
1363 734 1589 772 heraldieae
1610 735 1744 784 periti,

50 791 91 829 in
116 791 296 829 secundo
320 799 361 829 et
384 790 508 828 tertio
537 790 708 839 insignia
735 790 864 839 gentis
892 790 940 828 de
966 791 1174 837 Chanaco3
1199 800 1246 829 ut
1268 800 1386 841 patet
1410 807 1460 830 ex
1484 793 1619 831 codice
1643 793 1747 832 3852

51 850 324 888 bibliothecae
351 850 483 899 regiae
504 849 531 895 ²,
558 849 599 886 in
626 864 706 898 quo
733 849 796 886 ille
824 849 957 899 pictus
983 858 1045 887 est
1071 858 1184 888 veste
1211 851 1467 889 cardinalitia
1495 852 1677 896 indutus,
1704 862 1744 891 et

50 923 172 960 supra
191 909 350 948 iconem
368 909 545 946 habetur
561 916 727 964 scutum¹
744 908 830 957 ejus
851 908 1215 958 quadripartitum.
1237 910 1403 948 Frustra
1422 926 1541 960 porro
1558 920 1619 949 cst
1636 912 1745 949 idem

49 969 240 1018 Gisseyus
265 969 442 1007 scribens
469 967 728 1017 Onuphrium
753 967 1000 1007 Panvinium
1024 968 1178 1006 nullam
1201 968 1305 1006 illius
1330 970 1579 1008 mentionem
1604 971 1743 1009 secisse

48 1028 419 1067 inter'cardinales.
450 1026 608 1076 Quippe
636 1026 666 1063 is
692 1026 808 1064 illurn
834 1026 1148 1065 connumeravit
1172 1027 1279 1065 inter
1305 1029 1528 1067 cardinales
1555 1030 1629 1067 hac
1656 1030 1741 1069 ipsa

48 1095 295 1138 tempestate
315 1095 485 1125 creatos.
1672 1073 1680 1079 Α

100 1147 218 1184 Anno
246 1146 519 1184 MCCCXCIV
545 1144 733 1182 interfuit
758 1144 945 1182 electioni
970 1144 1181 1183 Benedicti
1210 1145 1330 1183 XIII.

100 1208 218 1243 Anno
258 1205 508 1243 MCCCXCV
546 1203 735 1241 dominus
775 1203 990 1241 cardinalis
1033 1204 1429 1253 Hierosoly-mitanus
1467 1205 1742 1256 interrogatus

46 1265 155 1315 apud
181 1265 433 1302 Avenionem
453 1278 475 1300 a
498 1263 669 1301 ducibus
694 1262 887 1300 Franciae
908 1271 1048 1300 utrum
1070 1263 1135 1300 via
1158 1263 1346 1301 cessionis
1368 1264 1403 1301 ei
1426 1264 1631 1302 videretur
1658 1281 1741 1303 esse

46 1324 187 1363 melior
202 1324 254 1361 ad.
272 1322 598 1372 extinguendum
615 1321 789 1359 schisma
809 1321 927 1367 dixit,
945 1330 991 1358 ut
1008 1330 1070 1359 est
1093 1322 1132 1359 in
1156 1322 1284 1360 veteri
1307 1323 1443 1361 codice
1465 1324 1619 1361 archivi
1646 1324 1741 1371 regii

50 1383 283 1421 Parisiensis
299 1382 327 1430 3,
359 1383 460 1432 quod
490 1389 588 1419 tenet
618 1395 744 1430 regem
774 1395 925 1430 semper
963 1381 1108 1430 fovisse
1146 1395 1276 1418 veram
1314 1390 1464 1431 partem
1495 1384 1678 1429 Ecclesie,
1709 1392 1743 1420 et

47 1451 87 1480 ut
105 1443 147 1480 in
165 1457 210 1479 ea
227 1457 307 1492 pax
325 1450 358 1479 et
376 1441 471 1479 unio
491 1448 698 1490 poneretur
716 1454 905 1487 magnum
922 1448 956 1497 et
974 1448 1172 1477 maturum
1196 1440 1408 1478 consilium
1425 1456 1494 1490 per
1510 1442 1641 1491 plures
1660 1442 1742 1479 dies

44 1503 266 1549 celebrasse,
293 1515 361 1551 per
386 1501 487 1550 quosl
511 1499 653 1549 reperit
679 1499 784 1536 viam
809 1499 997 1536 cessionis
1022 1498 1117 1536 aliis
1142 1500 1217 1536 viis
1239 1500 1319 1548 fore
1345 1500 1540 1538 meliorem
1558 1510 1597 1538 ⁴et
1624 1502 1742 1538 etiam

47 1561 267 1599 breviorem.
293 1562 540 1610 Quapropter
563 1558 689 1596 (lictus
713 1558 899 1595 (lominus
929 1558 1147 1595 cardinalis
1176 1558 1300 1596 eidem
1328 1559 1599 1597 vieressionis
1626 1561 1739 1597 adhe-

43 1629 110 1668 ret,
136 1629 169 1658 et
193 1635 279 1657 eam
305 1629 493 1669 tanquam
519 1618 715 1655 meliorem
740 1618 947 1667 approbat,
973 1619 1232 1667 supponendo
1258 1619 1359 1666 quod
1387 1619 1558 1656 Ecclesia
1589 1619 1630 1656 in
1655 1619 1741 1656 suis

43 1680 291 1717 libertatibus
307 1687 341 1716 et
355 1677 591 1728 francliisiis
609 1685 819 1723 remaneat,
837 1685 871 1713 et
887 1677 988 1725 quod
1005 1690 1069 1713 rem
1086 1685 1119 1713 et
1135 1677 1285 1714 domini
1304 1677 1346 1713 in
1365 1677 1466 1726 ipsis
1490 1692 1575 1715 eam
1601 1693 1739 1715 mauu-

44 1747 197 1777 teneant
223 1747 256 1776 et
282 1739 333 1775 acl
360 1737 695 1775 manutenendum
721 1736 908 1785 adjuvent
940 1752 947 1781 ς
973 1735 1064 1773 vide
1086 1735 1212 1773 etiam
1234 1744 1261 1773 t.
1288 1751 1325 1772 γι
1350 1736 1559 1785 Spicilegii
1587 1737 1739 1775 Dache-

42 1798 159 1845 riani,
182 1813 221 1848 p.
249 1798 335 1835 138.

95 1858 172 1896 Sed
196 1865 289 1907 post
314 1856 534 1894 discessum
560 1854 712 1892 ducum
735 1869 784 1891 ex
808 1854 906 1891 urbe
932 1853 1207 1891 Avenionensi
1230 1854 1462 1903 percrebuit
1485 1869 1623 1893 rumor
1655 1869 1739 1892 car-

41 1917 194 1954 dinales
222 1924 402 1956 mutasse
429 1913 694 1959 sententiam,
722 1921 762 1950 et
788 1913 894 1950 inter
919 1914 1006 1959 hos,
1032 1912 1159 1952 etiam
1188 1913 1621 1961 Hierosolymitanum.
1651 1916 1738 1961 Qua

41 1976 88 2014 de
110 1991 150 2014 re
174 1990 267 2013 cum
288 1990 359 2013 rex
381 1974 432 2011 ad
455 1988 549 2011 eum
571 1972 813 2022 scripsisset,
835 1972 919 2022 ipse
943 1971 1006 2009 die
1031 1987 1072 2008 XI
1096 1971 1243 2019 niensis
1268 1972 1444 2009 octobris
1467 1972 1672 2022 rescripsit
1698 1988 1738 2010 se

40 2035 80 2072 in
109 2049 153 2073 ea
184 2034 373 2084 opinione
403 2046 660 2083 perseverare
690 2045 815 2081 quam
841 2039 1101 2080 prompserat
1129 2045 1265 2068 coram
1294 2031 1479 2077 ducibus,
1509 2046 1579 2069 nec
1613 2032 1664 2068 ab
1692 2045 1737 2069 ea

41 2095 141 2133 velle
165 2094 384 2139 discedere,
408 2092 483 2129 nisi
505 2106 576 2141 per
598 2105 734 2140 regem
755 2090 924 2139 ejusque
948 2089 1162 2128 consilium
1184 2090 1249 2126 via
1273 2090 1401 2127 altera
1423 2090 1554 2128 tutior
1579 2099 1619 2128 et
1651 2091 1736 2128 bre-

41 2153 128 2191 vior
152 2153 274 2191 fuerit
297 2152 537 2189 adinventa.

93 2214 211 2250 Anno
252 2210 523 2249 MCCCXCVI
560 2208 807 2246 Benedictus
848 2208 955 2245 XIII
992 2221 1087 2246 eum
1122 2207 1331 2256 promovit
1366 2208 1417 2245 ad
1454 2207 1737 2257 episcopatum

39 2271 320 2317 Sabinensern,
350 2278 397 2307 ut
428 2276 547 2307 notat
580 2268 787 2317 Ughellus.

91 2331 209 2368 Anno
233 2328 551 2367 MCCCXCVIII
573 2335 668 2377 post
687 2325 949 2376 publicatam·
966 2325 1045 2363 kal.
1073 2324 1130 2374 [1]
1152 2325 1394 2374 septembris
1410 2325 1736 2363 subtractionem

39 2389 311 2435 obedientiae,
342 2388 417 2426 iste
448 2401 541 2425 cum
572 2385 714 2424 ceteris
746 2384 1020 2423 cardinalibus
1051 2383 1215 2422 recessit
1245 2384 1296 2421 ab
1326 2384 1469 2423 eodem
1497 2384 1734 2431 Benedicto,

36 2457 83 2486 ut
104 2457 285 2487 testatur
309 2446 460 2493 Surita,
485 2446 553 2483 lib.
582 2445 644 2482 III
672 2444 869 2481 Indicum.

90 2507 235 2546 Obiit4
267 2506 476 2543 Avenione
508 2518 617 2541 anno
651 2503 882 2541 MCCCCIV
913 2501 1097 2551 sepultus
1131 2501 1241 2550 apud
1274 2501 1593 2539 praedicatores.
1627 2501 1734 2539 Hinc

39 2582 132 2617 ergo
157 2566 288 2615 liquet
313 2565 429 2604 illum
455 2578 585 2612 neque
620 2562 769 2599 Pisano
804 2575 936 2610 neque
962 2559 1270 2598 Constantiensi
1295 2559 1464 2597 concilio
1488 2559 1734 2607 interfuisse,

38 2640 168 2675 neque
188 2625 316 2664 etiam
333 2622 522 2661 electioni
543 2621 709 2659 Martini
729 2619 863 2670 quinti
882 2633 990 2656 anno
1009 2618 1222 2657 millesimo
1241 2619 1507 2657 CCCCXVII.

90 2686 132 2723 P.
163 2684 253 2730 493,
283 2683 349 2732 lig.
381 2683 416 2720 7.
447 2682 627 2718 THoMAs
660 2694 714 2717 DE
746 2680 983 2716 AMANATIS.
1016 2678 1122 2717 Eum
1152 2677 1385 2727 Onuphrius
1424 2677 1647 2715 Panvinius
1676 2677 1735 2715 ait

34 2743 157 2782 fuisse
183 2743 316 2781 civem
340 2750 381 2779 et
405 2739 760 2789 archiepiscopum
795 2736 1129 2787 Neapolitanum,
1155 2735 1366 2774 Ciaconius
1402 2735 1448 2785 [t.
1472 2751 1513 2783 11,
1538 2736 1612 2774 col.
1638 2736 1732 2786 681]

36 2802 340 2847 Pistoriensem,
369 2809 410 2837 et
439 2798 604 2848 quidem
633 2797 797 2835 rectius.
826 2796 932 2836 Nam
959 2795 1065 2833 infra
1084 2795 1100 2818 ⁵
1126 2809 1165 2845 p.
1190 2795 1279 2841 538,
1311 2795 1410 2834 dum
1441 2803 1735 2833 enumerantur

82 2952 113 2984 1.
148 2950 204 2982 En
223 2959 321 2981 mars
341 2947 435 2980 1386
458 2945 604 2988 (Eubel,
627 2949 663 2976 ut
679 2954 721 2982 s.,
742 2948 768 2975 t.
788 2955 811 2981 1,
832 2954 866 2985 p.
889 2942 960 2983 28).

83 3005 113 3037 2.
145 3004 185 3036 Β.
216 3003 273 3042 N.‚
300 3013 368 3034 ms,
394 2999 491 3033 latin
515 2998 596 3031 432.

81 3058 113 3090 3.
145 3057 179 3089 J.
203 3055 283 3095 513,
305 3055 368 3087 fol.
390 3054 459 3085 102
479 3056 512 3084 ΓΟ
531 3057 569 3083 et
589 3050 772 3088 Marteie,
793 3048 1043 3091 Amplissima
1061 3046 1229 3084 collectio,
1250 3051 1277 3078 t.
1299 3057 1362 3085 vu,
1384 3045 1450 3078 col.
1472 3047 1555 3080 468.

81 3111 113 3143 li.
147 3110 304 3152 D'apres
328 3107 448 3139 Eubel
472 3103 719 3147 (Hiemi-chia,
742 3107 768 3134 t.
789 3113 813 3141 1,
836 3113 870 3144 p.
894 3100 951 3144 29)
975 3100 998 3133 il
1019 3104 1174 3132 mourut
1193 3098 1225 3131 le
1248 3099 1288 3131 21
1312 3099 1388 3131 mai
1408 3099 1514 3133 1401.

81 3164 113 3198 5.
144 3163 294 3201 Baluze,
317 3167 344 3194 f.
370 3172 394 3193 1.
