2083 3458
292 240 371 281 792
940 251 1092 276 NOTAE
1127 250 1188 275 AD
1222 250 1350 275 VITAs
1526 258 1531 265 ·
1847 233 2001 289 [1271]

289 346 401 376 trum
427 337 632 374 Joannem
658 332 992 382 Perdeguierium
1016 332 1213 382 juvenem
1238 332 1496 382 praefectum
1520 332 1681 371 tributo
1706 332 1869 371 salario.
1896 333 2004 372 Tum

290 410 432 436 eorum
467 408 638 445 corpora
673 393 859 443 projecta
892 392 936 430 in
969 400 1158 442 puteum,
1192 391 1265 430 ubi
1299 406 1485 431 mansere
1521 406 1736 442 quousque
1770 391 1881 433 idem
1917 392 2002 430 dux

291 453 600 505 Andegavensis
625 453 668 490 in
691 454 798 491 hanc
822 453 968 491 urbem
992 451 1217 490 adveniens
1245 465 1384 490 omnes
1411 451 1573 501 sepeliri
1597 451 1714 498 fecit3
1740 451 1849 502 quod
1875 451 2000 491 etiam

289 515 470 554 traditur
504 514 546 551 in
589 512 716 551 literis
752 512 939 562 ejusdem
977 511 1177 549 Ludovici
1219 511 1340 549 editis
1377 511 1418 548 in
1452 511 1603 561 pagina
1640 511 1713 550 101
1749 526 2001 562 nuperorum

290 574 518 613 Annalium
543 573 843 610 Tolosanorum.
869 571 972 609 Vide
995 571 1123 609 etiam
1147 570 1372 609 Gariellum
1395 571 1437 608 in
1461 570 1570 608 Serie
1599 571 1832 621 praesulum
1855 571 2001 620 Maga-

291 636 384 682 lon.,
416 648 503 684 par.
541 633 594 680 II,
626 647 666 682 p.
701 631 789 679 101,
822 639 863 670 et
904 630 1231 669 Nostradamum
1261 630 1303 668 in
1333 630 1519 668 Historia
1549 630 1800 678 Provinciae,
1838 645 1877 680 p.
1910 630 2002 669 440.

291 693 571 733 Seneschallus
592 690 868 730 Ruthenensis
884 691 1116 729 Vocabatur
1147 689 1280 729 Guido
1321 689 1517 737 Lesteria,
1557 690 1822 729 cancellarius
1868 690 2002 729 Ludo-

290 753 369 792 vici
412 752 652 791 Guillelmus
696 750 948 798 Permutelli,
992 750 1243 800 gubernator
1294 749 1657 805 ll'lontispessulani
1706 750 1914 790 Arnaldus
1952 750 2000 788 de

291 815 398 853 Loco
417 812 444 851 1.

344 873 386 911 P.
421 872 511 919 481,
544 871 610 921 lig.
646 871 681 909 2.
718 870 838 909 OBIIT
874 870 1082 925 ΚΑμοῃη
1118 884 1204 907 REX
1239 869 1446 907 FRANCOE.
1485 869 1531 906 In
1557 868 1731 919 epistola
1764 868 2001 908 academiae

291 931 534 971 Oxonicnsis
565 931 617 968 ad
648 931 896 980 pragensem
919 929 1034 979 cujus
1057 937 1271 967 auctorem
1301 937 1412 967 certo
1442 937 1608 967 constat
1637 928 1761 977 fuisse
1788 928 2003 979 publicum

291 991 423 1043 gallici
448 990 624 1030 nominis
650 990 814 1028 hostem
839 989 898 1027 ita
922 989 1073 1039 legitur
1093 988 1108 1011 2
1133 989 1181 1026 de
1207 988 1402 1026 extremis
1419 988 1614 1038 ‘ejusdem
1639 988 1742 1038 regis
1770 1004 1778 1026 :
1807 988 1859 1026 In
1884 996 2002 1026 morte

290 1061 420 1090 tamen
450 1064 599 1089 errasse
629 1064 668 1087 se
698 1049 835 1087 videns
864 1057 899 1086 et
927 1049 1109 1099 penitens
1138 1048 1204 1086 hec
1235 1048 1351 1085 verba
1381 1048 1593 1098 protulisse
1620 1048 1759 1097 fertur.
1791 1047 1937 1086 Nescio
1965 1048 2002 1085 si

289 1111 415 1150 erravi
452 1111 495 1148 in
527 1110 630 1160 facto
664 1117 698 1147 et
733 1109 776 1146 in
810 1108 1134 1147 determinatione
1170 1107 1336 1145 istorum
1368 1122 1616 1145 summorum
1649 1107 1901 1158 pontificum,
1935 1108 2004 1145 secl

289 1179 477 1222 protestor
506 1170 607 1220 quod
635 1169 718 1207 volo
748 1168 847 1206 mori
877 1176 1068 1218 tanquam
1099 1168 1224 1205 bonus
1252 1167 1509 1206 christianus.
1542 1167 1672 1217 Quare
1701 1168 1745 1205 de
1772 1167 2002 1218 supradicto

287 1231 389 1280 facto
419 1230 541 1280 refero
571 1243 629 1267 me
659 1228 978 1266 determinationi
1006 1235 1166 1265 sanctae
1196 1227 1335 1265 matris
1364 1227 1579 1274 Ecclesiae,
1609 1235 1644 1264 et
1670 1240 1791 1277 super
1819 1227 1888 1265 hoc
1915 1235 2002 1277 peto

290 1290 389 1329 mihi
414 1289 508 1340 fieri
536 1288 745 1339 publicum
772 1288 1093 1334 instrumentum,
1121 1288 1224 1337 quod
1248 1287 1400 1324 ostendi
1435 1287 1518 1324 volo
1550 1287 1592 1324 in
1618 1286 1786 1324 concilio
1813 1286 1999 1337 generali.

293 1351 340 1388 In
379 1349 559 1388 secunda
598 1347 864 1398 responsione
907 1346 1200 1385 Universitatis
1244 1346 1482 1385 parisiensis
1523 1346 1575 1384 ad
1615 1345 1835 1397 epistolam
1874 1346 2002 1385 studii

289 1408 482 1448 Tolosani
506 1423 557 1447 ex
581 1407 719 1446 codice
744 1407 821 1446 842
846 1407 884 1445 S.
911 1406 1086 1445 Victoris
1114 1405 1241 1444 Paris.
1268 1406 1415 1444 edita
1404 1421 1447 1444 1n
1478 1415 1593 1444 tomo
1620 1406 1766 1456 quinto
1796 1405 2002 1444 Historiae

289 1469 474 1520 ejusdem
516 1467 811 1531 Universitatis,
847 1481 886 1517 p.
924 1466 987 1514 35,
1023 1466 1102 1505 ista
1137 1465 1189 1503 ad
1228 1466 1430 1505 Karolum
1466 1466 1538 1512 VI,
1568 1480 1705 1516 regem
1734 1466 2001 1513 Francorum,

288 1528 441 1579 scripta
463 1529 657 1578 leguntur
681 1543 688 1565 :
714 1512 828 1577 Quod
847 1526 1092 1564 celeberrime
1115 1526 1298 1563 memorie
1320 1526 1507 1563 dominus
1528 1540 1595 1563 rex
1617 1526 1795 1563 Karolus
1822 1526 1869 1573 V,
1891 1533 2003 1576 pater

289 1597 421 1636 vester,
445 1588 487 1625 in
508 1587 690 1625 extremis
711 1586 946 1624 constitutus
975 1586 1173 1636 profunde
1193 1585 1449 1623 considerans
1476 1585 1671 1634 generalis
1692 1584 1852 1623 concilii
1881 1599 2001 1635 super

288 1648 356 1686 hoc
392 1647 613 1689 celebrandi
650 1661 695 1685 ac
731 1646 971 1683 universalis
1008 1645 1180 1683 Ecclesie
1215 1645 1422 1683 sententiis
1458 1644 1661 1682 humiliter
1695 1659 1735 1682 se
1770 1644 2001 1696 supposuit,

290 1708 596 1745 instrumentum
629 1706 837 1756 publicum
870 1720 997 1742 unum
1030 1706 1087 1743 vel
1118 1706 1237 1755 plura
1268 1719 1388 1755 super
1417 1704 1486 1742 hoc
1516 1719 1606 1742 cum
1632 1704 1828 1743 instantia
1868 1704 2009 1742 debita-

288 1776 380 1805 tunc
408 1766 622 1817 requirens.
657 1764 890 1804 Declaratio
913 1764 928 1787 3
956 1764 1023 1802 illa
1053 1764 1156 1814 regis
1186 1764 1298 1802 edita
1328 1773 1390 1802 est
1419 1764 1531 1814 apud
1563 1763 1785 1802 Odoricum
1818 1763 1998 1814 Raynal-

288 1827 400 1874 dum,
428 1841 494 1864 an.
526 1825 641 1873 1380,
667 1826 683 1874 ἓ
712 1825 774 1873 10,
802 1839 853 1863 ex
880 1823 1017 1863 codice
1046 1823 1263 1862 Vaticano.
1295 1824 1400 1861 Hinc
1429 1823 1592 1874 collegit
1618 1823 1728 1862 idem
1755 1823 1996 1873 Raynaldus

287 1886 403 1926 illum
430 1886 478 1924 de
506 1885 614 1935 regia
642 1885 753 1922 fama
781 1883 1017 1931 sollicitum,
1045 1899 1094 1922 ne
1121 1883 1227 1921 illius
1255 1883 1452 1923 memoria
1481 1883 1532 1921 ob
1558 1883 1745 1933 impensa
1771 1882 1998 1933 antipapae

289 1946 361 1995 (sic
385 1945 494 1984 enim
520 1945 773 1984 Clementem
798 1958 959 1993 semper
981 1951 1107 1982 vocat
1131 1943 1194 1981 vir
1217 1951 1367 1981 natura
1392 1943 1480 1992 ipsa
1505 1943 1744 1981 moderatus
1769 1956 1816 1981 ac
1840 1950 1996 1993 tempe-

286 2006 416 2051 ratus)
449 2004 588 2043 studia
617 2004 729 2054 apud
760 2012 946 2054 posteros
977 2002 1230 2041 execrationi
1259 2002 1380 2049 foret,
1411 2002 1532 2040 simul
1563 2002 1673 2052 quia,
1703 2010 1752 2040 ut
1780 2016 1846 2041 an.
1880 2001 1997 2049 1397,

292 2065 308 2114 ἓ
331 2065 366 2112 5,
388 2064 447 2102 ait
467 2064 577 2102 idem
602 2063 858 2113 Raynaldus,
880 2062 1064 2100 divinum
1084 2062 1264 2100 tribunal
1281 2062 1525 2111 formidaret,
1546 2062 1653 2100 hanc
1674 2061 1998 2100 declarationem

287 2124 459 2162 edidisse
491 2132 538 2162 ut
571 2137 709 2163 omnes
742 2122 1018 2172 intelligerent
1049 2137 1089 2160 se
1120 2121 1363 2172 pontificem
1394 2121 1507 2159 illum
1550 2121 1678 2159 colere
1709 2135 1833 2171 quem
1863 2135 1996 2159 sacro-

286 2192 429 2222 sancta
457 2183 638 2232 synodus
666 2182 928 2222 oecumenica
948 2181 1167 2220 colendum
1187 2181 1397 2227 decernet;
1418 2189 1459 2219 et
1480 2180 1704 2230 aliquando
1725 2180 1832 2218 infra
1854 2179 1996 2219 scribit

286 2243 401 2281 illum
421 2242 617 2293 sapientis
639 2256 802 2289 nomen,
825 2242 935 2291 quod
955 2241 991 2279 ei
1010 2241 1133 2291 vulgo
1153 2240 1366 2287 tribuitur,
1386 2240 1659 2278 labefactasse
1680 2240 1731 2278 ob
1757 2247 1997 2290 susceptum

286 2302 645 2341 schismaticorum
661 2301 954 2351 patrocinium.
981 2300 1109 2348 Idem,
1132 2314 1197 2338 an.
1224 2300 1340 2347 1378,
1371 2300 1387 2348 ἓ
1407 2299 1470 2347 CO,
1492 2308 1617 2338 vocat
1637 2299 1753 2337 illum
1776 2299 1997 2338 maximum

285 2361 511 2399 schismatis
536 2375 752 2408 suasorem,
780 2360 875 2410 quia
902 2369 1036 2398 contra
1055 2359 1458 2409 archiepiscoporum,
1475 2359 1764 2409 episcoporum,
1780 2367 1814 2396 et
1834 2358 1994 2409 sapien-

288 2430 369 2459 tum
402 2420 585 2469 consilia,
619 2429 667 2458 ut
700 2419 765 2458 ille
798 2435 870 2470 per
902 2433 1110 2458 summam
1143 2419 1368 2457 audactam
1402 2433 1472 2456 seu
1509 2417 1647 2469 potius
1689 2417 1995 2468 impudentiam

287 2480 625 2527 comminiscitur,
659 2485 727 2530 per
759 2479 1011 2529 tyrannidem
1043 2478 1187 2516 invitos
1218 2486 1252 2516 et
1283 2478 1522 2515 reluctantes.
1554 2477 1686 2515 Gallos
1718 2477 1903 2526 coegisset
1945 2478 1997 2515 ad

286 2541 424 2587 scelus,
449 2555 494 2578 ac
517 2539 656 2577 deinde
682 2539 840 2576 Scotum
863 2546 897 2575 et
920 2538 1194 2576 Castellanum
1216 2551 1324 2586 reges
1345 2538 1563 2586 foederatos
1586 2538 1638 2574 ad
1671 2537 1712 2574 id
1730 2537 1818 2574 suis
1840 2534 1996 2574 artibus

287 2599 518 2648 pelleaeisset.
543 2598 728 2647 Denique
749 2612 814 2636 an.
838 2597 953 2644 1379,
980 2598 996 2646 ἓ
1017 2597 1080 2643 52,
1100 2611 1264 2635 rursum
1283 2597 1324 2634 in
1345 2596 1551 2647 optimum
1570 2595 1798 2646 principem
1817 2595 1994 2634 furiosus

287 2658 475 2707 insurgit,
502 2673 547 2696 eo
573 2658 614 2695 in
639 2657 780 2707 primis
805 2665 1050 2706 argumento
1077 2656 1187 2706 quod
1214 2670 1281 2694 nec
1306 2656 1447 2693 missos
1471 2656 1522 2692 ab
1553 2656 1714 2693 Urbano
1740 2655 1903 2692 nuntios
1918 2668 1996 2692 ‘nec

287 2726 512 2754 sanctorum
531 2717 598 2766 qui
618 2717 686 2754 hoc
705 2725 874 2767 tempore
894 2716 1088 2766 florebant
1107 2716 1266 2753 oracula
1285 2715 1425 2753 audire
1445 2715 1581 2762 voluit,
1598 2729 1718 2764 neque
1734 2715 1786 2752 ad
1798 2715 1995 2764 synodum

289 2777 578 2814 oecumenicam
606 2776 654 2814 de
683 2790 729 2814 ea
758 2775 1040 2814 controversia
1069 2775 1218 2824 referri.

343 2836 587 2885 Quanquam
608 2843 749 2873 autem
768 2835 830 2873 vir
848 2835 906 2872 ita
925 2842 1190 2884 comparatus
1211 2834 1283 2871 vix
1300 2841 1508 2872 mereatur
1528 2841 1579 2870 ut
1595 2831 1992 2871 maledicentissimis

338 2973 367 3004 ¹1.
400 2972 504 3006 Liscz
528 2974 610 3007 Lar.

339 3026 368 3057 2.
398 3026 452 3058 Dc
483 3026 684 3061 Schts-mate
712 3030 967 3072 extinguendo,
999 3040 1025 3062 S.
1058 3029 1094 3068 l.,
1126 3029 1231 3061 1520.

339 3080 368 3110 3.
401 3078 490 3111 ‘Voir
506 3081 677 3113 l'cdition
690 3081 803 3124 qu'cn
821 3094 841 3114 a
855 3083 1000 3115 donnae
1015 3082 1057 3114 N.
1076 3081 1202 3114 Valois
1222 3082 1314 3114 dans
1332 3080 1741 3114 l’Annuaire-Bulletin
1754 3080 1845 3113 dela
1858 3079 1995 3114 Socie'te

291 3131 330 3162 (Ie
353 3131 542 3165 [vltis-wire
565 3135 604 3165 (lc
627 3134 778 3174 France,
804 3141 829 3168 t.
855 3147 952 3168 xxxv
979 3136 1114 3178 (1887),
1139 3147 1173 3178 p.
1200 3135 1369 3168 251-255.
