<?xml version="1.0" encoding="UTF-8"?>
<!DOCTYPE html PUBLIC "-//W3C//DTD XHTML 1.0 Transitional//EN"
    "http://www.w3.org/TR/xhtml1/DTD/xhtml1-transitional.dtd">
<html xmlns="http://www.w3.org/1999/xhtml" xml:lang="en" lang="en">
 <head>
  <title>
</title>
<meta http-equiv="Content-Type" content="text/html;charset=utf-8" />
  <meta name='ocr-system' content='tesseract 3.04.00' />
  <meta name='ocr-capabilities' content='ocr_page ocr_carea ocr_par ocr_line ocrx_word'/>
</head>
<body>
  <div class='ocr_page' id='page_1' title='image "./vitaepaparumaven02balu_0616.png"; bbox 0 0 2083 3458; ppageno 0'>
   <div class='ocr_carea' id='block_1_1' title="bbox 276 203 1987 264">
    <p class='ocr_par' dir='ltr' id='par_1_1' title="bbox 276 203 1987 264">
     <span class='ocr_line' id='line_1_1' title="bbox 276 203 1987 264; baseline 0.005 -21"><span class='ocrx_word' id='word_1_1' title='bbox 276 203 356 244; x_wconf 79' lang='grc'>606</span> <span class='ocrx_word' id='word_1_2' title='bbox 933 224 1084 249; x_wconf 77' lang='lat' dir='ltr'>NOTAE</span> <span class='ocrx_word' id='word_1_3' title='bbox 1119 225 1179 249; x_wconf 82' lang='lat' dir='ltr'>AD</span> <span class='ocrx_word' id='word_1_4' title='bbox 1214 225 1341 250; x_wconf 72' lang='lat' dir='ltr'>ViTAs</span> <span class='ocrx_word' id='word_1_5' title='bbox 1834 209 1987 264; x_wconf 79' lang='grc'><strong>[1085]</strong></span> 
     </span>
    </p>
   </div>
   <div class='ocr_carea' id='block_1_2' title="bbox 263 306 1994 2904">
    <p class='ocr_par' dir='ltr' id='par_1_2' title="bbox 272 306 1994 948">
     <span class='ocr_line' id='line_1_2' title="bbox 276 306 1990 359; baseline 0.005 -20"><span class='ocrx_word' id='word_1_6' title='bbox 276 318 325 340; x_wconf 86' lang='lat' dir='ltr'>ex</span> <span class='ocrx_word' id='word_1_7' title='bbox 360 318 449 341; x_wconf 89' lang='lat' dir='ltr'>meo</span> <span class='ocrx_word' id='word_1_8' title='bbox 486 306 632 344; x_wconf 83' lang='lat' dir='ltr'>dicam.</span> <span class='ocrx_word' id='word_1_9' title='bbox 672 307 776 345; x_wconf 86' lang='lat' dir='ltr'>Utar</span> <span class='ocrx_word' id='word_1_10' title='bbox 810 316 979 346; x_wconf 89' lang='lat' dir='ltr'>tantum</span> <span class='ocrx_word' id='word_1_11' title='bbox 1006 309 1140 347; x_wconf 82' lang='lat' dir='ltr'>verbis</span> <span class='ocrx_word' id='word_1_12' title='bbox 1177 323 1319 347; x_wconf 89' lang='lat' dir='ltr'>eorum</span> <span class='ocrx_word' id='word_1_13' title='bbox 1344 310 1413 359; x_wconf 84' lang='lat' dir='ltr'>qui</span> <span class='ocrx_word' id='word_1_14' title='bbox 1448 318 1539 347; x_wconf 88' lang='lat' dir='ltr'>tum</span> <span class='ocrx_word' id='word_1_15' title='bbox 1562 310 1679 348; x_wconf 88' lang='lat' dir='ltr'>illum</span> <span class='ocrx_word' id='word_1_16' title='bbox 1714 310 1990 348; x_wconf 80' lang='lat' dir='ltr'>contumeliae</span> 
     </span>
     <span class='ocr_line' id='line_1_3' title="bbox 273 364 1994 419; baseline 0.003 -19"><span class='ocrx_word' id='word_1_17' title='bbox 273 364 463 401; x_wconf 86' lang='lat' dir='ltr'>aculeum</span> <span class='ocrx_word' id='word_1_18' title='bbox 483 365 730 404; x_wconf 89' lang='lat' dir='ltr'>retuderunt</span> <span class='ocrx_word' id='word_1_19' title='bbox 749 366 809 404; x_wconf 89' lang='lat' dir='ltr'>his</span> <span class='ocrx_word' id='word_1_20' title='bbox 830 368 980 415; x_wconf 71' lang='lat' dir='ltr'>verbis,</span> <span class='ocrx_word' id='word_1_21' title='bbox 1002 377 1127 418; x_wconf 88' lang='lat' dir='ltr'>prout</span> <span class='ocrx_word' id='word_1_22' title='bbox 1144 369 1339 419; x_wconf 84' lang='lat' dir='ltr'>leguntur</span> <span class='ocrx_word' id='word_1_23' title='bbox 1357 370 1399 407; x_wconf 92' lang='lat' dir='ltr'>in</span> <span class='ocrx_word' id='word_1_24' title='bbox 1419 369 1628 407; x_wconf 86' lang='lat' dir='ltr'>codicibus</span> <span class='ocrx_word' id='word_1_25' title='bbox 1648 368 1739 416; x_wconf 85' lang='grc'><strong>811,</strong></span> <span class='ocrx_word' id='word_1_26' title='bbox 1759 368 1838 407; x_wconf 80' lang='grc'><strong>814</strong></span> <span class='ocrx_word' id='word_1_27' title='bbox 1855 377 1896 407; x_wconf 88' lang='lat' dir='ltr'>et</span> <span class='ocrx_word' id='word_1_28' title='bbox 1915 367 1994 407; x_wconf 82' lang='grc'>815</span> 
     </span>
     <span class='ocr_line' id='line_1_4' title="bbox 272 422 1991 478; baseline 0.004 -19"><span class='ocrx_word' id='word_1_29' title='bbox 272 422 548 462; x_wconf 79' lang='lat' dir='ltr'>bibliothecae</span> <span class='ocrx_word' id='word_1_30' title='bbox 575 424 837 464; x_wconf 87' lang='lat' dir='ltr'>Colbertinae</span> <span class='ocrx_word' id='word_1_31' title='bbox 865 443 872 465; x_wconf 91' lang='lat'>:</span> <span class='ocrx_word' id='word_1_32' title='bbox 900 428 967 464; x_wconf 75' lang='lat' dir='ltr'>Ad</span> <span class='ocrx_word' id='word_1_33' title='bbox 991 428 1103 465; x_wconf 82' lang='lat' dir='ltr'>XVI</span> <span class='ocrx_word' id='word_1_34' title='bbox 1127 428 1320 466; x_wconf 75' lang='lat' dir='ltr'>rationem</span> <span class='ocrx_word' id='word_1_35' title='bbox 1339 428 1366 476; x_wconf 73' lang='lat'>1,</span> <span class='ocrx_word' id='word_1_36' title='bbox 1395 437 1472 467; x_wconf 88' lang='lat' dir='ltr'>etc.</span> <span class='ocrx_word' id='word_1_37' title='bbox 1503 429 1557 466; x_wconf 81' lang='lat' dir='ltr'>Et</span> <span class='ocrx_word' id='word_1_38' title='bbox 1582 428 1685 468; x_wconf 88' lang='lat' dir='ltr'>alius</span> <span class='ocrx_word' id='word_1_39' title='bbox 1713 428 1884 478; x_wconf 89' lang='lat' dir='ltr'>quidam</span> <span class='ocrx_word' id='word_1_40' title='bbox 1910 443 1991 466; x_wconf 88' lang='lat' dir='ltr'>res-</span> 
     </span>
     <span class='ocr_line' id='line_1_5' title="bbox 272 482 1990 537; baseline 0.004 -19"><span class='ocrx_word' id='word_1_41' title='bbox 272 482 457 530; x_wconf 85' lang='lat' dir='ltr'>pondens</span> <span class='ocrx_word' id='word_1_42' title='bbox 472 483 618 521; x_wconf 82' lang='lat' dir='ltr'>iisdem</span> <span class='ocrx_word' id='word_1_43' title='bbox 632 485 863 524; x_wconf 86' lang='lat' dir='ltr'>rationibus</span> <span class='ocrx_word' id='word_1_44' title='bbox 879 483 1146 537; x_wconf 82' lang='lat' dir='ltr'>Anglicorum</span> <span class='ocrx_word' id='word_1_45' title='bbox 1160 488 1202 525; x_wconf 92' lang='lat' dir='ltr'>in</span> <span class='ocrx_word' id='word_1_46' title='bbox 1217 488 1356 526; x_wconf 86' lang='lat' dir='ltr'>codice</span> <span class='ocrx_word' id='word_1_47' title='bbox 1371 487 1447 526; x_wconf 86' lang='grc'>811</span> <span class='ocrx_word' id='word_1_48' title='bbox 1460 487 1474 510; x_wconf 82' lang='lat'><strong>²</strong></span> <span class='ocrx_word' id='word_1_49' title='bbox 1487 488 1548 526; x_wconf 87' lang='lat' dir='ltr'>ait</span> <span class='ocrx_word' id='word_1_50' title='bbox 1560 488 1667 526; x_wconf 90' lang='lat' dir='ltr'>hanc</span> <span class='ocrx_word' id='word_1_51' title='bbox 1681 488 1990 526; x_wconf 79' lang='lat' dir='ltr'>accusationem</span> 
     </span>
     <span class='ocr_line' id='line_1_6' title="bbox 274 541 1991 597; baseline 0.005 -19"><span class='ocrx_word' id='word_1_52' title='bbox 274 555 358 579; x_wconf 87' lang='grc'><strong>6556</strong></span> <span class='ocrx_word' id='word_1_53' title='bbox 388 541 536 579; x_wconf 85' lang='lat' dir='ltr'>falsam</span> <span class='ocrx_word' id='word_1_54' title='bbox 565 551 606 581; x_wconf 88' lang='lat' dir='ltr'>et</span> <span class='ocrx_word' id='word_1_55' title='bbox 636 544 890 583; x_wconf 79' lang='lat' dir='ltr'>Clementem</span> <span class='ocrx_word' id='word_1_56' title='bbox 920 561 1005 584; x_wconf 91' lang='lat' dir='ltr'>esse</span> <span class='ocrx_word' id='word_1_57' title='bbox 1034 555 1316 595; x_wconf 84' lang='lat' dir='ltr'>mansuetum,</span> <span class='ocrx_word' id='word_1_58' title='bbox 1346 547 1459 597; x_wconf 83' lang='lat' dir='ltr'>pium</span> <span class='ocrx_word' id='word_1_59' title='bbox 1491 555 1532 585; x_wconf 91' lang='lat' dir='ltr'>et</span> <span class='ocrx_word' id='word_1_60' title='bbox 1560 547 1798 597; x_wconf 83' lang='lat' dir='ltr'>benignum.</span> <span class='ocrx_word' id='word_1_61' title='bbox 1831 546 1991 586; x_wconf 85' lang='lat' dir='ltr'>Deinde</span> 
     </span>
     <span class='ocr_line' id='line_1_7' title="bbox 272 600 1993 656; baseline 0.004 -20"><span class='ocrx_word' id='word_1_62' title='bbox 272 600 391 637; x_wconf 86' lang='lat' dir='ltr'>addit</span> <span class='ocrx_word' id='word_1_63' title='bbox 418 617 425 638; x_wconf 89' lang='lat'>:</span> <span class='ocrx_word' id='word_1_64' title='bbox 452 602 688 640; x_wconf 66' lang='lat' dir='ltr'>Adversarii</span> <span class='ocrx_word' id='word_1_65' title='bbox 714 604 874 642; x_wconf 75' lang='lat' dir='ltr'>inimici</span> <span class='ocrx_word' id='word_1_66' title='bbox 899 606 1076 644; x_wconf 63' lang='lat' dir='ltr'>veritatis</span> <span class='ocrx_word' id='word_1_67' title='bbox 1100 615 1274 644; x_wconf 79' lang='lat' dir='ltr'>carentes</span> <span class='ocrx_word' id='word_1_68' title='bbox 1297 606 1558 655; x_wconf 78' lang='lat' dir='ltr'>fundamento</span> <span class='ocrx_word' id='word_1_69' title='bbox 1581 607 1688 656; x_wconf 78' lang='lat' dir='ltr'>justo</span> <span class='ocrx_word' id='word_1_70' title='bbox 1713 614 1921 645; x_wconf 78' lang='lat' dir='ltr'>recurrunt</span> <span class='ocrx_word' id='word_1_71' title='bbox 1940 606 1993 643; x_wconf 87' lang='lat' dir='ltr'>ad</span> 
     </span>
     <span class='ocr_line' id='line_1_8' title="bbox 274 659 1990 715; baseline 0.005 -20"><span class='ocrx_word' id='word_1_72' title='bbox 274 659 450 709; x_wconf 74' lang='lat' dir='ltr'>injurias</span> <span class='ocrx_word' id='word_1_73' title='bbox 481 670 521 699; x_wconf 75' lang='grc' dir='ltr'>ιιι</span> <span class='ocrx_word' id='word_1_74' title='bbox 548 662 718 711; x_wconf 80' lang='lat' dir='ltr'>pallient</span> <span class='ocrx_word' id='word_1_75' title='bbox 744 678 911 702; x_wconf 83' lang='lat' dir='ltr'>errorem</span> <span class='ocrx_word' id='word_1_76' title='bbox 939 679 1072 714; x_wconf 75' lang='lat' dir='ltr'>suum,</span> <span class='ocrx_word' id='word_1_77' title='bbox 1103 674 1291 715; x_wconf 77' lang='lat' dir='ltr'>ponentes</span> <span class='ocrx_word' id='word_1_78' title='bbox 1329 680 1370 703; x_wconf 80' lang='lat' dir='ltr'>os</span> <span class='ocrx_word' id='word_1_79' title='bbox 1406 680 1526 703; x_wconf 73' lang='lat' dir='ltr'>suum</span> <span class='ocrx_word' id='word_1_80' title='bbox 1555 666 1599 703; x_wconf 75' lang='grc' dir='ltr'>ίη</span> <span class='ocrx_word' id='word_1_81' title='bbox 1627 667 1765 704; x_wconf 79' lang='lat' dir='ltr'>celum.</span> <span class='ocrx_word' id='word_1_82' title='bbox 1797 665 1852 703; x_wconf 86' lang='lat' dir='ltr'>Et</span> <span class='ocrx_word' id='word_1_83' title='bbox 1889 665 1990 704; x_wconf 87' lang='lat' dir='ltr'>haec</span> 
     </span>
     <span class='ocr_line' id='line_1_9' title="bbox 273 720 1990 775; baseline 0.004 -20"><span class='ocrx_word' id='word_1_84' title='bbox 273 733 437 769; x_wconf 88' lang='lat' dir='ltr'>quoque</span> <span class='ocrx_word' id='word_1_85' title='bbox 461 720 628 759; x_wconf 85' lang='lat' dir='ltr'>interim</span> <span class='ocrx_word' id='word_1_86' title='bbox 643 723 745 773; x_wconf 58' lang='lat' dir='ltr'>⁴usui</span> <span class='ocrx_word' id='word_1_87' title='bbox 770 738 855 762; x_wconf 94' lang='grc'><strong>6556</strong></span> <span class='ocrx_word' id='word_1_88' title='bbox 880 733 1057 774; x_wconf 83' lang='lat' dir='ltr'>possunt</span> <span class='ocrx_word' id='word_1_89' title='bbox 1081 725 1134 762; x_wconf 89' lang='lat' dir='ltr'>ad</span> <span class='ocrx_word' id='word_1_90' title='bbox 1159 725 1467 764; x_wconf 89' lang='lat' dir='ltr'>retundendam</span> <span class='ocrx_word' id='word_1_91' title='bbox 1492 725 1799 775; x_wconf 84' lang='lat' dir='ltr'>malignitatem</span> <span class='ocrx_word' id='word_1_92' title='bbox 1825 724 1990 763; x_wconf 87' lang='lat' dir='ltr'>Odorici</span> 
     </span>
     <span class='ocr_line' id='line_1_10' title="bbox 274 778 1989 834; baseline 0.004 -19"><span class='ocrx_word' id='word_1_93' title='bbox 274 778 481 827; x_wconf 81' lang='lat' dir='ltr'>Raynaldi</span> <span class='ocrx_word' id='word_1_94' title='bbox 516 781 732 820; x_wconf 83' lang='lat' dir='ltr'>scribentis</span> <span class='ocrx_word' id='word_1_95' title='bbox 767 782 1008 833; x_wconf 88' lang='lat' dir='ltr'>Gregorium</span> <span class='ocrx_word' id='word_1_96' title='bbox 1043 785 1303 834; x_wconf 84' lang='lat' dir='ltr'>praemisisse</span> <span class='ocrx_word' id='word_1_97' title='bbox 1336 785 1379 822; x_wconf 91' lang='lat' dir='ltr'>in</span> <span class='ocrx_word' id='word_1_98' title='bbox 1416 785 1581 822; x_wconf 90' lang='lat' dir='ltr'>Italiam</span> <span class='ocrx_word' id='word_1_99' title='bbox 1614 785 1751 823; x_wconf 85' lang='lat' dir='ltr'>virum</span> <span class='ocrx_word' id='word_1_100' title='bbox 1785 783 1989 822; x_wconf 87' lang='lat' dir='ltr'>carnificis</span> 
     </span>
     <span class='ocr_line' id='line_1_11' title="bbox 273 839 1988 894; baseline 0.004 -20"><span class='ocrx_word' id='word_1_101' title='bbox 273 851 396 887; x_wconf 88' lang='lat' dir='ltr'>quam</span> <span class='ocrx_word' id='word_1_102' title='bbox 414 839 539 888; x_wconf 83' lang='lat' dir='ltr'>legati</span> <span class='ocrx_word' id='word_1_103' title='bbox 556 842 774 890; x_wconf 89' lang='lat' dir='ltr'>apostolici</span> <span class='ocrx_word' id='word_1_104' title='bbox 790 856 959 881; x_wconf 88' lang='lat' dir='ltr'>munere</span> <span class='ocrx_word' id='word_1_105' title='bbox 977 843 1217 893; x_wconf 82' lang='lat' dir='ltr'>digniorem.</span> <span class='ocrx_word' id='word_1_106' title='bbox 1239 844 1417 882; x_wconf 90' lang='lat' dir='ltr'>Homine</span> <span class='ocrx_word' id='word_1_107' title='bbox 1433 844 1626 894; x_wconf 89' lang='lat' dir='ltr'>imperito</span> <span class='ocrx_word' id='word_1_108' title='bbox 1643 857 1860 894; x_wconf 83' lang='lat' dir='ltr'>nunquam</span> <span class='ocrx_word' id='word_1_109' title='bbox 1877 844 1988 893; x_wconf 83' lang='lat' dir='ltr'>quic-</span> 
     </span>
     <span class='ocr_line' id='line_1_12' title="bbox 272 899 968 948; baseline 0.013 -14"><span class='ocrx_word' id='word_1_110' title='bbox 272 911 397 947; x_wconf 86' lang='lat' dir='ltr'>quam</span> <span class='ocrx_word' id='word_1_111' title='bbox 415 899 625 948; x_wconf 85' lang='lat' dir='ltr'>injustius.</span> <span class='ocrx_word' id='word_1_112' title='bbox 966 901 968 905; x_wconf 58' lang='grc'>’</span> 
     </span>
    </p>

    <p class='ocr_par' dir='ltr' id='par_1_3' title="bbox 266 957 1987 2142">
     <span class='ocr_line' id='line_1_13' title="bbox 325 957 1986 1012; baseline 0.003 -17"><span class='ocrx_word' id='word_1_113' title='bbox 325 957 367 995; x_wconf 91' lang='grc' dir='ltr'>Ρ.</span> <span class='ocrx_word' id='word_1_114' title='bbox 397 957 486 1005; x_wconf 83' lang='grc'><strong>417,</strong></span> <span class='ocrx_word' id='word_1_115' title='bbox 513 959 580 1009; x_wconf 85' lang='lat' dir='ltr'>lig.</span> <span class='ocrx_word' id='word_1_116' title='bbox 609 959 670 998; x_wconf 83' lang='lat'>32.</span> <span class='ocrx_word' id='word_1_117' title='bbox 701 960 987 1000; x_wconf 78' lang='lat' dir='ltr'>GUILLERMUS</span> <span class='ocrx_word' id='word_1_118' title='bbox 1016 977 1070 999; x_wconf 85' lang='lat' dir='ltr'>DE</span> <span class='ocrx_word' id='word_1_119' title='bbox 1100 963 1321 1001; x_wconf 77' lang='lat' dir='ltr'>CHANAco.</span> <span class='ocrx_word' id='word_1_120' title='bbox 1352 963 1642 1001; x_wconf 86' lang='lat' dir='ltr'>Nobilissimae</span> <span class='ocrx_word' id='word_1_121' title='bbox 1669 962 1801 1012; x_wconf 81' lang='lat' dir='ltr'>gentis</span> <span class='ocrx_word' id='word_1_122' title='bbox 1829 977 1880 1000; x_wconf 83' lang='lat' dir='ltr'>ex</span> <span class='ocrx_word' id='word_1_123' title='bbox 1906 976 1986 1012; x_wconf 89' lang='lat' dir='ltr'>qua</span> 
     </span>
     <span class='ocr_line' id='line_1_14' title="bbox 271 1016 1986 1072; baseline 0.003 -19"><span class='ocrx_word' id='word_1_124' title='bbox 271 1016 513 1056; x_wconf 89' lang='lat' dir='ltr'>Guillelmus</span> <span class='ocrx_word' id='word_1_125' title='bbox 551 1019 629 1057; x_wconf 91' lang='lat' dir='ltr'>iste</span> <span class='ocrx_word' id='word_1_126' title='bbox 668 1020 824 1069; x_wconf 87' lang='lat' dir='ltr'>prodiit</span> <span class='ocrx_word' id='word_1_127' title='bbox 862 1022 976 1060; x_wconf 88' lang='lat' dir='ltr'>sedes</span> <span class='ocrx_word' id='word_1_128' title='bbox 1016 1031 1135 1060; x_wconf 87' lang='lat' dir='ltr'>erant</span> <span class='ocrx_word' id='word_1_129' title='bbox 1173 1023 1285 1072; x_wconf 88' lang='lat' dir='ltr'>apud</span> <span class='ocrx_word' id='word_1_130' title='bbox 1324 1023 1567 1061; x_wconf 80' lang='lat' dir='ltr'>Alassacum</span> <span class='ocrx_word' id='word_1_131' title='bbox 1606 1022 1746 1060; x_wconf 88' lang='lat' dir='ltr'>vicum</span> <span class='ocrx_word' id='word_1_132' title='bbox 1783 1022 1986 1060; x_wconf 84' lang='lat' dir='ltr'>inferioris</span> 
     </span>
     <span class='ocr_line' id='line_1_15' title="bbox 269 1075 1986 1131; baseline 0.003 -18"><span class='ocrx_word' id='word_1_133' title='bbox 269 1077 508 1125; x_wconf 83' lang='lat' dir='ltr'>provinciae</span> <span class='ocrx_word' id='word_1_134' title='bbox 525 1078 844 1119; x_wconf 87' lang='lat' dir='ltr'>Lemovicensis.</span> <span class='ocrx_word' id='word_1_135' title='bbox 867 1075 1060 1119; x_wconf 83' lang='lat' dir='ltr'>Arbitror</span> <span class='ocrx_word' id='word_1_136' title='bbox 1080 1090 1222 1120; x_wconf 92' lang='lat' dir='ltr'>autem</span> <span class='ocrx_word' id='word_1_137' title='bbox 1245 1082 1303 1120; x_wconf 87' lang='lat' dir='ltr'>illi</span> <span class='ocrx_word' id='word_1_138' title='bbox 1319 1096 1469 1120; x_wconf 90' lang='lat' dir='ltr'>nomen</span> <span class='ocrx_word' id='word_1_139' title='bbox 1484 1081 1718 1131; x_wconf 87' lang='lat' dir='ltr'>antiquitus</span> <span class='ocrx_word' id='word_1_140' title='bbox 1738 1081 1863 1119; x_wconf 87' lang='lat' dir='ltr'>fuisse</span> <span class='ocrx_word' id='word_1_141' title='bbox 1885 1081 1986 1119; x_wconf 94' lang='lat' dir='ltr'>Can-</span> 
     </span>
     <span class='ocr_line' id='line_1_16' title="bbox 270 1139 1985 1191; baseline 0.004 -19"><span class='ocrx_word' id='word_1_142' title='bbox 270 1149 387 1184; x_wconf 79' lang='lat' dir='ltr'>naco,</span> <span class='ocrx_word' id='word_1_143' title='bbox 404 1145 444 1174; x_wconf 89' lang='lat' dir='ltr'>et</span> <span class='ocrx_word' id='word_1_144' title='bbox 461 1146 605 1187; x_wconf 87' lang='lat' dir='ltr'>postea</span> <span class='ocrx_word' id='word_1_145' title='bbox 621 1139 808 1177; x_wconf 86' lang='lat' dir='ltr'>additam</span> <span class='ocrx_word' id='word_1_146' title='bbox 825 1141 1090 1191; x_wconf 85' lang='lat' dir='ltr'>aspirationis</span> <span class='ocrx_word' id='word_1_147' title='bbox 1103 1150 1248 1179; x_wconf 87' lang='lat' dir='ltr'>notam</span> <span class='ocrx_word' id='word_1_148' title='bbox 1270 1142 1312 1179; x_wconf 93' lang='lat' dir='ltr'>in</span> <span class='ocrx_word' id='word_1_149' title='bbox 1326 1142 1459 1191; x_wconf 85' lang='lat' dir='ltr'>prima</span> <span class='ocrx_word' id='word_1_150' title='bbox 1477 1141 1637 1190; x_wconf 88' lang='lat' dir='ltr'>syllaba</span> <span class='ocrx_word' id='word_1_151' title='bbox 1661 1155 1712 1179; x_wconf 84' lang='lat' dir='ltr'>ex</span> <span class='ocrx_word' id='word_1_152' title='bbox 1725 1155 1803 1179; x_wconf 91' lang='lat' dir='ltr'>usu</span> <span class='ocrx_word' id='word_1_153' title='bbox 1821 1141 1985 1191; x_wconf 78' lang='lat' dir='ltr'>linguae</span> 
     </span>
     <span class='ocr_line' id='line_1_17' title="bbox 269 1194 1987 1251; baseline 0.003 -19"><span class='ocrx_word' id='word_1_154' title='bbox 269 1194 487 1245; x_wconf 85' lang='lat' dir='ltr'>francicae,</span> <span class='ocrx_word' id='word_1_155' title='bbox 516 1205 563 1234; x_wconf 89' lang='lat' dir='ltr'>ut</span> <span class='ocrx_word' id='word_1_156' title='bbox 590 1198 632 1235; x_wconf 90' lang='lat' dir='ltr'>in</span> <span class='ocrx_word' id='word_1_157' title='bbox 660 1199 866 1249; x_wconf 89' lang='lat' dir='ltr'>plerisque</span> <span class='ocrx_word' id='word_1_158' title='bbox 894 1200 982 1238; x_wconf 88' lang='lat' dir='ltr'>aliis</span> <span class='ocrx_word' id='word_1_159' title='bbox 1010 1200 1108 1239; x_wconf 88' lang='lat' dir='ltr'>locis</span> <span class='ocrx_word' id='word_1_160' title='bbox 1137 1201 1376 1251; x_wconf 89' lang='lat' dir='ltr'>provinciae</span> <span class='ocrx_word' id='word_1_161' title='bbox 1404 1200 1725 1250; x_wconf 82' lang='lat' dir='ltr'>Lemovicensis,</span> <span class='ocrx_word' id='word_1_162' title='bbox 1753 1208 1802 1237; x_wconf 89' lang='lat' dir='ltr'>ut</span> <span class='ocrx_word' id='word_1_163' title='bbox 1830 1200 1987 1240; x_wconf 85' lang='lat' dir='ltr'>dulcior</span> 
     </span>
     <span class='ocr_line' id='line_1_18' title="bbox 269 1256 1985 1310; baseline 0.003 -18"><span class='ocrx_word' id='word_1_164' title='bbox 269 1263 376 1293; x_wconf 86' lang='lat' dir='ltr'>esset</span> <span class='ocrx_word' id='word_1_165' title='bbox 400 1256 577 1295; x_wconf 88' lang='lat' dir='ltr'>nominis</span> <span class='ocrx_word' id='word_1_166' title='bbox 602 1257 709 1296; x_wconf 88' lang='lat' dir='ltr'>illius</span> <span class='ocrx_word' id='word_1_167' title='bbox 735 1260 1038 1308; x_wconf 88' lang='lat' dir='ltr'>pronuntiatio,</span> <span class='ocrx_word' id='word_1_168' title='bbox 1064 1260 1250 1310; x_wconf 86' lang='lat' dir='ltr'>adeoque</span> <span class='ocrx_word' id='word_1_169' title='bbox 1277 1260 1518 1299; x_wconf 82' lang='lat' dir='ltr'>Channacos</span> <span class='ocrx_word' id='word_1_170' title='bbox 1545 1268 1586 1298; x_wconf 91' lang='lat' dir='ltr'>et</span> <span class='ocrx_word' id='word_1_171' title='bbox 1602 1260 1814 1298; x_wconf 88' lang='lat' dir='ltr'>Chanacos</span> <span class='ocrx_word' id='word_1_172' title='bbox 1839 1264 1985 1309; x_wconf 84' lang='lat' dir='ltr'>postea</span> 
     </span>
     <span class='ocr_line' id='line_1_19' title="bbox 269 1314 1984 1370; baseline 0.002 -18"><span class='ocrx_word' id='word_1_173' title='bbox 269 1314 401 1353; x_wconf 90' lang='lat' dir='ltr'>dictos</span> <span class='ocrx_word' id='word_1_174' title='bbox 428 1330 513 1354; x_wconf 90' lang='lat' dir='ltr'>esse</span> <span class='ocrx_word' id='word_1_175' title='bbox 540 1317 609 1366; x_wconf 90' lang='lat' dir='ltr'>qui</span> <span class='ocrx_word' id='word_1_176' title='bbox 634 1318 768 1367; x_wconf 90' lang='lat' dir='ltr'>primo</span> <span class='ocrx_word' id='word_1_177' title='bbox 794 1319 1057 1357; x_wconf 87' lang='lat' dir='ltr'>vocabantur</span> <span class='ocrx_word' id='word_1_178' title='bbox 1082 1320 1275 1359; x_wconf 89' lang='lat' dir='ltr'>Cannaci.</span> <span class='ocrx_word' id='word_1_179' title='bbox 1304 1320 1412 1357; x_wconf 85' lang='lat' dir='ltr'>Nam</span> <span class='ocrx_word' id='word_1_180' title='bbox 1437 1328 1478 1358; x_wconf 92' lang='lat' dir='ltr'>et</span> <span class='ocrx_word' id='word_1_181' title='bbox 1514 1319 1811 1370; x_wconf 86' lang='lat' dir='ltr'>posterioribus</span> <span class='ocrx_word' id='word_1_182' title='bbox 1838 1319 1984 1358; x_wconf 87' lang='lat' dir='ltr'>seculis</span> 
     </span>
     <span class='ocr_line' id='line_1_20' title="bbox 269 1373 1985 1429; baseline 0.003 -19"><span class='ocrx_word' id='word_1_183' title='bbox 269 1373 538 1413; x_wconf 88' lang='lat' dir='ltr'>Channacum</span> <span class='ocrx_word' id='word_1_184' title='bbox 555 1390 719 1427; x_wconf 88' lang='lat' dir='ltr'>quoque</span> <span class='ocrx_word' id='word_1_185' title='bbox 734 1378 943 1416; x_wconf 90' lang='lat' dir='ltr'>interdum</span> <span class='ocrx_word' id='word_1_186' title='bbox 961 1379 1213 1427; x_wconf 85' lang='lat' dir='ltr'>scribebant,</span> <span class='ocrx_word' id='word_1_187' title='bbox 1230 1388 1278 1417; x_wconf 88' lang='lat' dir='ltr'>ut</span> <span class='ocrx_word' id='word_1_188' title='bbox 1291 1379 1423 1429; x_wconf 87' lang='lat' dir='ltr'>liquet</span> <span class='ocrx_word' id='word_1_189' title='bbox 1439 1394 1489 1417; x_wconf 81' lang='lat' dir='ltr'>ex</span> <span class='ocrx_word' id='word_1_190' title='bbox 1503 1378 1617 1416; x_wconf 81' lang='lat' dir='ltr'>Actis</span> <span class='ocrx_word' id='word_1_191' title='bbox 1633 1392 1655 1416; x_wconf 90' lang='lat' dir='ltr'>a</span> <span class='ocrx_word' id='word_1_192' title='bbox 1672 1378 1789 1417; x_wconf 89' lang='lat' dir='ltr'>nobis</span> <span class='ocrx_word' id='word_1_193' title='bbox 1806 1378 1928 1418; x_wconf 77' lang='lat' dir='ltr'>editis</span> <span class='ocrx_word' id='word_1_194' title='bbox 1942 1379 1985 1417; x_wconf 91' lang='lat' dir='ltr'>in</span> 
     </span>
     <span class='ocr_line' id='line_1_21' title="bbox 269 1433 1983 1489; baseline 0.004 -19"><span class='ocrx_word' id='word_1_195' title='bbox 269 1433 372 1471; x_wconf 90' lang='lat' dir='ltr'>libro</span> <span class='ocrx_word' id='word_1_196' title='bbox 408 1435 587 1474; x_wconf 89' lang='lat' dir='ltr'>secundo</span> <span class='ocrx_word' id='word_1_197' title='bbox 624 1436 978 1475; x_wconf 74' lang='lat' dir='ltr'>Miscellaneorum</span> <span class='ocrx_word' id='word_1_198' title='bbox 1012 1447 1264 1486; x_wconf 87' lang='lat' dir='ltr'>nostrorum,</span> <span class='ocrx_word' id='word_1_199' title='bbox 1299 1454 1339 1489; x_wconf 89' lang='lat' dir='ltr'>p.</span> <span class='ocrx_word' id='word_1_200' title='bbox 1377 1438 1467 1487; x_wconf 82' lang='grc'>284,</span> <span class='ocrx_word' id='word_1_201' title='bbox 1503 1453 1555 1477; x_wconf 83' lang='lat' dir='ltr'>ex</span> <span class='ocrx_word' id='word_1_202' title='bbox 1588 1437 1691 1476; x_wconf 86' lang='lat' dir='ltr'>actis</span> <span class='ocrx_word' id='word_1_203' title='bbox 1730 1436 1983 1476; x_wconf 81' lang='lat' dir='ltr'>venditionis</span> 
     </span>
     <span class='ocr_line' id='line_1_22' title="bbox 270 1492 1981 1547; baseline 0.004 -17"><span class='ocrx_word' id='word_1_204' title='bbox 270 1492 452 1531; x_wconf 88' lang='lat' dir='ltr'>civitatis</span> <span class='ocrx_word' id='word_1_205' title='bbox 468 1494 782 1544; x_wconf 83' lang='lat' dir='ltr'>Avenionensis,</span> <span class='ocrx_word' id='word_1_206' title='bbox 798 1505 839 1535; x_wconf 88' lang='lat' dir='ltr'>et</span> <span class='ocrx_word' id='word_1_207' title='bbox 856 1512 907 1535; x_wconf 82' lang='lat' dir='ltr'>ex</span> <span class='ocrx_word' id='word_1_208' title='bbox 922 1497 1060 1536; x_wconf 89' lang='lat' dir='ltr'>codice</span> <span class='ocrx_word' id='word_1_209' title='bbox 1077 1497 1154 1536; x_wconf 84' lang='lat'>756</span> <span class='ocrx_word' id='word_1_210' title='bbox 1168 1498 1443 1537; x_wconf 87' lang='lat' dir='ltr'>bibliothecae</span> <span class='ocrx_word' id='word_1_211' title='bbox 1459 1496 1720 1536; x_wconf 86' lang='lat' dir='ltr'>Colbertinae</span> <span class='ocrx_word' id='word_1_212' title='bbox 1731 1496 1761 1545; x_wconf 84' lang='lat'>3,</span> <span class='ocrx_word' id='word_1_213' title='bbox 1776 1496 1820 1534; x_wconf 88' lang='lat' dir='ltr'>in</span> <span class='ocrx_word' id='word_1_214' title='bbox 1832 1497 1981 1547; x_wconf 90' lang='lat' dir='ltr'>quibus</span> 
     </span>
     <span class='ocr_line' id='line_1_23' title="bbox 268 1552 1982 1607; baseline 0.003 -17"><span class='ocrx_word' id='word_1_215' title='bbox 268 1552 508 1592; x_wconf 85' lang='lat' dir='ltr'>nominatur</span> <span class='ocrx_word' id='word_1_216' title='bbox 542 1554 797 1594; x_wconf 90' lang='lat' dir='ltr'>Bertrandus</span> <span class='ocrx_word' id='word_1_217' title='bbox 836 1556 884 1595; x_wconf 90' lang='lat' dir='ltr'>de</span> <span class='ocrx_word' id='word_1_218' title='bbox 923 1557 1143 1596; x_wconf 90' lang='lat' dir='ltr'>Channaco</span> <span class='ocrx_word' id='word_1_219' title='bbox 1182 1557 1349 1596; x_wconf 85' lang='lat' dir='ltr'>clericus</span> <span class='ocrx_word' id='word_1_220' title='bbox 1388 1571 1573 1597; x_wconf 86' lang='lat' dir='ltr'>camerae</span> <span class='ocrx_word' id='word_1_221' title='bbox 1611 1556 1878 1607; x_wconf 85' lang='lat' dir='ltr'>apostolicae,</span> <span class='ocrx_word' id='word_1_222' title='bbox 1915 1556 1982 1595; x_wconf 92' lang='lat' dir='ltr'>ille</span> 
     </span>
     <span class='ocr_line' id='line_1_24' title="bbox 268 1611 1980 1667; baseline 0.003 -18"><span class='ocrx_word' id='word_1_223' title='bbox 268 1611 463 1653; x_wconf 85' lang='lat' dir='ltr'>nimirum</span> <span class='ocrx_word' id='word_1_224' title='bbox 489 1614 559 1664; x_wconf 90' lang='lat' dir='ltr'>qui</span> <span class='ocrx_word' id='word_1_225' title='bbox 585 1623 729 1664; x_wconf 85' lang='lat' dir='ltr'>postea</span> <span class='ocrx_word' id='word_1_226' title='bbox 752 1616 832 1654; x_wconf 85' lang='lat' dir='ltr'>fuit</span> <span class='ocrx_word' id='word_1_227' title='bbox 853 1617 1090 1666; x_wconf 85' lang='lat' dir='ltr'>patriarcha</span> <span class='ocrx_word' id='word_1_228' title='bbox 1114 1617 1516 1667; x_wconf 83' lang='lat' dir='ltr'>Hierosolymitanus</span> <span class='ocrx_word' id='word_1_229' title='bbox 1541 1624 1584 1655; x_wconf 92' lang='lat' dir='ltr'>et</span> <span class='ocrx_word' id='word_1_230' title='bbox 1605 1615 1823 1666; x_wconf 83' lang='lat' dir='ltr'>presbyter</span> <span class='ocrx_word' id='word_1_231' title='bbox 1849 1616 1980 1655; x_wconf 77' lang='lat' dir='ltr'>cardi-</span> 
     </span>
     <span class='ocr_line' id='line_1_25' title="bbox 268 1671 1979 1727; baseline 0.004 -19"><span class='ocrx_word' id='word_1_232' title='bbox 268 1671 370 1710; x_wconf 90' lang='lat' dir='ltr'>nalis</span> <span class='ocrx_word' id='word_1_233' title='bbox 393 1672 506 1710; x_wconf 89' lang='lat' dir='ltr'>tituli</span> <span class='ocrx_word' id='word_1_234' title='bbox 530 1673 705 1713; x_wconf 85' lang='lat' dir='ltr'>Sanctae</span> <span class='ocrx_word' id='word_1_235' title='bbox 729 1675 1028 1715; x_wconf 78' lang='lat' dir='ltr'>pudentianae.</span> <span class='ocrx_word' id='word_1_236' title='bbox 1055 1676 1169 1716; x_wconf 88' lang='lat' dir='ltr'>Idem</span> <span class='ocrx_word' id='word_1_237' title='bbox 1192 1677 1304 1727; x_wconf 88' lang='lat' dir='ltr'>apud</span> <span class='ocrx_word' id='word_1_238' title='bbox 1328 1677 1545 1724; x_wconf 79' lang='lat' dir='ltr'>Bzovium,</span> <span class='ocrx_word' id='word_1_239' title='bbox 1573 1689 1641 1714; x_wconf 87' lang='lat' dir='ltr'>an.</span> <span class='ocrx_word' id='word_1_240' title='bbox 1674 1675 1790 1723; x_wconf 84' lang='grc'><strong>1216,</strong></span> <span class='ocrx_word' id='word_1_241' title='bbox 1818 1691 1858 1727; x_wconf 88' lang='lat' dir='ltr'>p.</span> <span class='ocrx_word' id='word_1_242' title='bbox 1888 1675 1979 1723; x_wconf 82' lang='grc'>248,</span> 
     </span>
     <span class='ocr_line' id='line_1_26' title="bbox 269 1733 1978 1782; baseline 0.003 -14"><span class='ocrx_word' id='word_1_243' title='bbox 269 1739 441 1769; x_wconf 90' lang='lat' dir='ltr'>vocatus</span> <span class='ocrx_word' id='word_1_244' title='bbox 461 1733 504 1770; x_wconf 81' lang='lat' dir='ltr'>de</span> <span class='ocrx_word' id='word_1_245' title='bbox 522 1733 724 1782; x_wconf 72' lang='lat' dir='ltr'>Cannaco,</span> <span class='ocrx_word' id='word_1_246' title='bbox 744 1749 838 1775; x_wconf 86' lang='lat' dir='ltr'>cum</span> <span class='ocrx_word' id='word_1_247' title='bbox 856 1735 909 1773; x_wconf 89' lang='lat' dir='ltr'>sit</span> <span class='ocrx_word' id='word_1_248' title='bbox 927 1735 1191 1774; x_wconf 86' lang='lat' dir='ltr'>scribendum</span> <span class='ocrx_word' id='word_1_249' title='bbox 1210 1736 1412 1775; x_wconf 79' lang='lat' dir='ltr'>Cannaco.</span> <span class='ocrx_word' id='word_1_250' title='bbox 1434 1737 1557 1774; x_wconf 87' lang='lat' dir='ltr'>Error</span> <span class='ocrx_word' id='word_1_251' title='bbox 1575 1735 1684 1773; x_wconf 88' lang='lat' dir='ltr'>enim</span> <span class='ocrx_word' id='word_1_252' title='bbox 1703 1734 1783 1773; x_wconf 84' lang='lat' dir='ltr'>fuit</span> <span class='ocrx_word' id='word_1_253' title='bbox 1801 1735 1978 1774; x_wconf 90' lang='lat' dir='ltr'>hominis</span> 
     </span>
     <span class='ocr_line' id='line_1_27' title="bbox 268 1791 1978 1845; baseline 0.004 -18"><span class='ocrx_word' id='word_1_254' title='bbox 268 1791 373 1828; x_wconf 87' lang='lat' dir='ltr'>male</span> <span class='ocrx_word' id='word_1_255' title='bbox 391 1791 576 1841; x_wconf 89' lang='lat' dir='ltr'>legentis.</span> <span class='ocrx_word' id='word_1_256' title='bbox 599 1794 653 1831; x_wconf 89' lang='lat' dir='ltr'>Et</span> <span class='ocrx_word' id='word_1_257' title='bbox 670 1793 712 1831; x_wconf 89' lang='lat' dir='ltr'>in</span> <span class='ocrx_word' id='word_1_258' title='bbox 729 1802 983 1833; x_wconf 84' lang='lat' dir='ltr'>testamento</span> <span class='ocrx_word' id='word_1_259' title='bbox 1001 1795 1209 1833; x_wconf 88' lang='lat' dir='ltr'>Guillelmi</span> <span class='ocrx_word' id='word_1_260' title='bbox 1228 1796 1446 1834; x_wconf 88' lang='lat' dir='ltr'>cardinalis</span> <span class='ocrx_word' id='word_1_261' title='bbox 1466 1796 1514 1834; x_wconf 91' lang='lat' dir='ltr'>de</span> <span class='ocrx_word' id='word_1_262' title='bbox 1534 1795 1739 1842; x_wconf 82' lang='lat' dir='ltr'>Chanaco‚</span> <span class='ocrx_word' id='word_1_263' title='bbox 1755 1810 1795 1845; x_wconf 93' lang='lat' dir='ltr'>p.</span> <span class='ocrx_word' id='word_1_264' title='bbox 1812 1795 1889 1833; x_wconf 82' lang='lat'>967</span> <span class='ocrx_word' id='word_1_265' title='bbox 1901 1808 1978 1845; x_wconf 64' lang='lat' dir='ltr'>sq„</span> 
     </span>
     <span class='ocr_line' id='line_1_28' title="bbox 266 1850 1978 1905; baseline 0.003 -18"><span class='ocrx_word' id='word_1_266' title='bbox 266 1850 536 1890; x_wconf 89' lang='lat' dir='ltr'>nominantur</span> <span class='ocrx_word' id='word_1_267' title='bbox 566 1852 700 1891; x_wconf 88' lang='lat' dir='ltr'>Guido</span> <span class='ocrx_word' id='word_1_268' title='bbox 731 1853 779 1892; x_wconf 90' lang='lat' dir='ltr'>de</span> <span class='ocrx_word' id='word_1_269' title='bbox 809 1854 1030 1893; x_wconf 90' lang='lat' dir='ltr'>Channaco</span> <span class='ocrx_word' id='word_1_270' title='bbox 1059 1869 1186 1905; x_wconf 91' lang='lat' dir='ltr'>nepos</span> <span class='ocrx_word' id='word_1_271' title='bbox 1217 1855 1403 1905; x_wconf 88' lang='lat' dir='ltr'>ejusdem</span> <span class='ocrx_word' id='word_1_272' title='bbox 1434 1853 1651 1894; x_wconf 88' lang='lat' dir='ltr'>cardinalis</span> <span class='ocrx_word' id='word_1_273' title='bbox 1681 1861 1724 1892; x_wconf 91' lang='lat' dir='ltr'>et</span> <span class='ocrx_word' id='word_1_274' title='bbox 1755 1854 1894 1893; x_wconf 90' lang='lat' dir='ltr'>Helias</span> <span class='ocrx_word' id='word_1_275' title='bbox 1929 1854 1978 1892; x_wconf 91' lang='lat' dir='ltr'>de</span> 
     </span>
     <span class='ocr_line' id='line_1_29' title="bbox 267 1909 1978 1965; baseline 0.002 -17"><span class='ocrx_word' id='word_1_276' title='bbox 267 1909 487 1949; x_wconf 88' lang='lat' dir='ltr'>Channaco</span> <span class='ocrx_word' id='word_1_277' title='bbox 517 1911 644 1950; x_wconf 88' lang='lat' dir='ltr'>frater</span> <span class='ocrx_word' id='word_1_278' title='bbox 673 1913 773 1962; x_wconf 82' lang='lat' dir='ltr'>ejus.</span> <span class='ocrx_word' id='word_1_279' title='bbox 805 1913 1022 1952; x_wconf 89' lang='lat' dir='ltr'>Praeterea</span> <span class='ocrx_word' id='word_1_280' title='bbox 1053 1914 1243 1953; x_wconf 90' lang='lat' dir='ltr'>Fulconis</span> <span class='ocrx_word' id='word_1_281' title='bbox 1268 1918 1437 1962; x_wconf 84' lang='lat' dir='ltr'>nomen,</span> <span class='ocrx_word' id='word_1_282' title='bbox 1469 1914 1579 1965; x_wconf 92' lang='lat' dir='ltr'>quod</span> <span class='ocrx_word' id='word_1_283' title='bbox 1608 1921 1697 1951; x_wconf 90' lang='lat' dir='ltr'>erat</span> <span class='ocrx_word' id='word_1_284' title='bbox 1726 1913 1978 1962; x_wconf 82' lang='lat' dir='ltr'>gentilitium</span> 
     </span>
     <span class='ocr_line' id='line_1_30' title="bbox 267 1969 1979 2024; baseline 0.004 -18"><span class='ocrx_word' id='word_1_285' title='bbox 267 1969 565 2018; x_wconf 85' lang='lat' dir='ltr'>Chanacorum,</span> <span class='ocrx_word' id='word_1_286' title='bbox 602 1972 888 2013; x_wconf 87' lang='lat' dir='ltr'>Cannacorum</span> <span class='ocrx_word' id='word_1_287' title='bbox 923 1988 1086 2024; x_wconf 85' lang='lat' dir='ltr'>quoque</span> <span class='ocrx_word' id='word_1_288' title='bbox 1122 1974 1234 2024; x_wconf 83' lang='lat' dir='ltr'>genti</span> <span class='ocrx_word' id='word_1_289' title='bbox 1268 1974 1469 2013; x_wconf 86' lang='lat' dir='ltr'>familiare</span> <span class='ocrx_word' id='word_1_290' title='bbox 1504 1974 1628 2012; x_wconf 88' lang='lat' dir='ltr'>fuisse</span> <span class='ocrx_word' id='word_1_291' title='bbox 1661 1974 1843 2023; x_wconf 89' lang='lat' dir='ltr'>probant</span> <span class='ocrx_word' id='word_1_292' title='bbox 1877 1974 1979 2012; x_wconf 79' lang='lat' dir='ltr'>Acta</span> 
     </span>
     <span class='ocr_line' id='line_1_31' title="bbox 267 2032 1976 2085; baseline 0.003 -19"><span class='ocrx_word' id='word_1_293' title='bbox 267 2037 407 2067; x_wconf 88' lang='lat' dir='ltr'>vetera</span> <span class='ocrx_word' id='word_1_294' title='bbox 441 2044 544 2080; x_wconf 90' lang='lat' dir='ltr'>quae</span> <span class='ocrx_word' id='word_1_295' title='bbox 576 2040 724 2070; x_wconf 80' lang='lat' dir='ltr'>extant</span> <span class='ocrx_word' id='word_1_296' title='bbox 754 2032 796 2070; x_wconf 91' lang='lat' dir='ltr'>in</span> <span class='ocrx_word' id='word_1_297' title='bbox 822 2032 1077 2072; x_wconf 70' lang='lat' dir='ltr'>Chartalario</span> <span class='ocrx_word' id='word_1_298' title='bbox 1102 2034 1343 2073; x_wconf 81' lang='lat' dir='ltr'>monasterii</span> <span class='ocrx_word' id='word_1_299' title='bbox 1367 2033 1612 2080; x_wconf 86' lang='lat' dir='ltr'>Tutelensis‚</span> <span class='ocrx_word' id='word_1_300' title='bbox 1638 2046 1690 2070; x_wconf 84' lang='lat' dir='ltr'>ex</span> <span class='ocrx_word' id='word_1_301' title='bbox 1720 2033 1870 2085; x_wconf 87' lang='lat' dir='ltr'>quibus</span> <span class='ocrx_word' id='word_1_302' title='bbox 1902 2047 1976 2071; x_wconf 89' lang='lat' dir='ltr'>nos</span> 
     </span>
     <span class='ocr_line' id='line_1_32' title="bbox 267 2088 1309 2142; baseline 0.008 -17"><span class='ocrx_word' id='word_1_303' title='bbox 267 2088 552 2127; x_wconf 89' lang='lat' dir='ltr'>Cannacorum</span> <span class='ocrx_word' id='word_1_304' title='bbox 574 2092 853 2142; x_wconf 81' lang='lat' dir='ltr'>genealogiam</span> <span class='ocrx_word' id='word_1_305' title='bbox 874 2093 1053 2132; x_wconf 87' lang='lat' dir='ltr'>eruimus</span> <span class='ocrx_word' id='word_1_306' title='bbox 1074 2093 1151 2132; x_wconf 83' lang='lat' dir='ltr'>hoc</span> <span class='ocrx_word' id='word_1_307' title='bbox 1171 2093 1309 2133; x_wconf 89' lang='lat' dir='ltr'>modo.</span> 
     </span>
    </p>

    <p class='ocr_par' dir='ltr' id='par_1_4' title="bbox 263 2147 1977 2904">
     <span class='ocr_line' id='line_1_33' title="bbox 318 2147 1977 2203; baseline 0.002 -18"><span class='ocrx_word' id='word_1_308' title='bbox 318 2147 432 2186; x_wconf 87' lang='lat' dir='ltr'>Circa</span> <span class='ocrx_word' id='word_1_309' title='bbox 464 2163 619 2187; x_wconf 89' lang='lat' dir='ltr'>annum</span> <span class='ocrx_word' id='word_1_310' title='bbox 652 2151 803 2189; x_wconf 87' lang='lat' dir='ltr'>Christi</span> <span class='ocrx_word' id='word_1_311' title='bbox 834 2152 1112 2200; x_wconf 85' lang='lat' dir='ltr'>millesimum,</span> <span class='ocrx_word' id='word_1_312' title='bbox 1146 2167 1226 2203; x_wconf 88' lang='lat' dir='ltr'>quo</span> <span class='ocrx_word' id='word_1_313' title='bbox 1258 2161 1445 2203; x_wconf 88' lang='lat' dir='ltr'>tempore</span> <span class='ocrx_word' id='word_1_314' title='bbox 1476 2152 1671 2192; x_wconf 88' lang='lat' dir='ltr'>nimirum</span> <span class='ocrx_word' id='word_1_315' title='bbox 1702 2152 1905 2203; x_wconf 86' lang='lat' dir='ltr'>regnabat</span> <span class='ocrx_word' id='word_1_316' title='bbox 1934 2151 1977 2189; x_wconf 91' lang='lat' dir='ltr'>in</span> 
     </span>
     <span class='ocr_line' id='line_1_34' title="bbox 265 2206 1976 2263; baseline 0.003 -19"><span class='ocrx_word' id='word_1_317' title='bbox 265 2206 397 2245; x_wconf 90' lang='lat' dir='ltr'>Gallia</span> <span class='ocrx_word' id='word_1_318' title='bbox 420 2223 492 2246; x_wconf 88' lang='lat' dir='ltr'>rex</span> <span class='ocrx_word' id='word_1_319' title='bbox 516 2209 722 2249; x_wconf 86' lang='lat' dir='ltr'>Robertus</span> <span class='ocrx_word' id='word_1_320' title='bbox 746 2219 788 2249; x_wconf 90' lang='lat' dir='ltr'>et</span> <span class='ocrx_word' id='word_1_321' title='bbox 811 2211 956 2250; x_wconf 88' lang='lat' dir='ltr'>Petrus</span> <span class='ocrx_word' id='word_1_322' title='bbox 972 2212 1090 2250; x_wconf 90' lang='lat' dir='ltr'>istius</span> <span class='ocrx_word' id='word_1_323' title='bbox 1113 2212 1289 2250; x_wconf 89' lang='lat' dir='ltr'>nominis</span> <span class='ocrx_word' id='word_1_324' title='bbox 1305 2213 1461 2263; x_wconf 88' lang='lat' dir='ltr'>primus</span> <span class='ocrx_word' id='word_1_325' title='bbox 1479 2211 1608 2250; x_wconf 88' lang='lat' dir='ltr'>abbas</span> <span class='ocrx_word' id='word_1_326' title='bbox 1626 2221 1714 2250; x_wconf 79' lang='lat' dir='ltr'>erat</span> <span class='ocrx_word' id='word_1_327' title='bbox 1729 2211 1976 2259; x_wconf 84' lang='lat' dir='ltr'>Tutelensis‚</span> 
     </span>
     <span class='ocr_line' id='line_1_35' title="bbox 265 2266 1975 2321; baseline 0.003 -18"><span class='ocrx_word' id='word_1_328' title='bbox 265 2266 467 2305; x_wconf 86' lang='lat' dir='ltr'>vivebant</span> <span class='ocrx_word' id='word_1_329' title='bbox 503 2268 737 2308; x_wconf 90' lang='lat' dir='ltr'>Bernardus</span> <span class='ocrx_word' id='word_1_330' title='bbox 778 2270 827 2308; x_wconf 89' lang='lat' dir='ltr'>de</span> <span class='ocrx_word' id='word_1_331' title='bbox 855 2272 1046 2310; x_wconf 90' lang='lat' dir='ltr'>Cannaco</span> <span class='ocrx_word' id='word_1_332' title='bbox 1086 2279 1128 2310; x_wconf 86' lang='lat' dir='ltr'>et</span> <span class='ocrx_word' id='word_1_333' title='bbox 1169 2271 1284 2310; x_wconf 89' lang='lat' dir='ltr'>Hisla</span> <span class='ocrx_word' id='word_1_334' title='bbox 1324 2286 1428 2310; x_wconf 86' lang='lat' dir='ltr'>uxor</span> <span class='ocrx_word' id='word_1_335' title='bbox 1471 2271 1572 2321; x_wconf 83' lang='lat' dir='ltr'>ejus.</span> <span class='ocrx_word' id='word_1_336' title='bbox 1603 2271 1668 2309; x_wconf 84' lang='lat' dir='ltr'>Ex</span> <span class='ocrx_word' id='word_1_337' title='bbox 1697 2272 1744 2310; x_wconf 89' lang='lat' dir='ltr'>iis</span> <span class='ocrx_word' id='word_1_338' title='bbox 1772 2271 1852 2310; x_wconf 89' lang='lat' dir='ltr'>orti</span> <span class='ocrx_word' id='word_1_339' title='bbox 1876 2278 1975 2309; x_wconf 90' lang='lat' dir='ltr'>sunt</span> 
     </span>
     <span class='ocr_line' id='line_1_36' title="bbox 263 2324 1973 2382; baseline 0.002 -19"><span class='ocrx_word' id='word_1_340' title='bbox 263 2324 497 2365; x_wconf 88' lang='lat' dir='ltr'>Bernardus</span> <span class='ocrx_word' id='word_1_341' title='bbox 524 2336 565 2366; x_wconf 92' lang='lat' dir='ltr'>et</span> <span class='ocrx_word' id='word_1_342' title='bbox 591 2329 751 2377; x_wconf 89' lang='lat' dir='ltr'>Petrus,</span> <span class='ocrx_word' id='word_1_343' title='bbox 779 2344 880 2380; x_wconf 89' lang='lat' dir='ltr'>quos</span> <span class='ocrx_word' id='word_1_344' title='bbox 907 2339 1073 2369; x_wconf 85' lang='lat' dir='ltr'>constat</span> <span class='ocrx_word' id='word_1_345' title='bbox 1096 2331 1339 2382; x_wconf 89' lang='lat' dir='ltr'>produxisse</span> <span class='ocrx_word' id='word_1_346' title='bbox 1366 2339 1548 2369; x_wconf 89' lang='lat' dir='ltr'>aetatem</span> <span class='ocrx_word' id='word_1_347' title='bbox 1571 2344 1703 2381; x_wconf 87' lang='lat' dir='ltr'>usque</span> <span class='ocrx_word' id='word_1_348' title='bbox 1728 2331 1782 2369; x_wconf 88' lang='lat' dir='ltr'>ad</span> <span class='ocrx_word' id='word_1_349' title='bbox 1805 2330 1973 2381; x_wconf 90' lang='lat' dir='ltr'>pontifi-</span> 
     </span>
     <span class='ocr_line' id='line_1_37' title="bbox 265 2386 1975 2439; baseline 0.003 -17"><span class='ocrx_word' id='word_1_350' title='bbox 265 2393 403 2423; x_wconf 89' lang='lat' dir='ltr'>catum</span> <span class='ocrx_word' id='word_1_351' title='bbox 430 2386 613 2426; x_wconf 88' lang='lat' dir='ltr'>Widonis</span> <span class='ocrx_word' id='word_1_352' title='bbox 639 2389 819 2439; x_wconf 89' lang='lat' dir='ltr'>episcopi</span> <span class='ocrx_word' id='word_1_353' title='bbox 844 2390 1162 2437; x_wconf 82' lang='lat' dir='ltr'>Lemovicensis,</span> <span class='ocrx_word' id='word_1_354' title='bbox 1188 2390 1387 2429; x_wconf 87' lang='lat' dir='ltr'>Geraldus</span> <span class='ocrx_word' id='word_1_355' title='bbox 1411 2391 1638 2429; x_wconf 87' lang='lat' dir='ltr'>monachus</span> <span class='ocrx_word' id='word_1_356' title='bbox 1663 2390 1908 2438; x_wconf 87' lang='lat' dir='ltr'>Tutelensis,</span> <span class='ocrx_word' id='word_1_357' title='bbox 1933 2397 1975 2427; x_wconf 85' lang='lat' dir='ltr'>et</span> 
     </span>
     <span class='ocr_line' id='line_1_38' title="bbox 267 2444 1974 2502; baseline 0.003 -21"><span class='ocrx_word' id='word_1_358' title='bbox 267 2444 404 2492; x_wconf 88' lang='lat' dir='ltr'>Fulco‚</span> <span class='ocrx_word' id='word_1_359' title='bbox 430 2460 549 2495; x_wconf 91' lang='lat' dir='ltr'>quem</span> <span class='ocrx_word' id='word_1_360' title='bbox 575 2447 725 2487; x_wconf 85' lang='lat' dir='ltr'>vixisse</span> <span class='ocrx_word' id='word_1_361' title='bbox 748 2457 934 2499; x_wconf 87' lang='lat' dir='ltr'>tempore</span> <span class='ocrx_word' id='word_1_362' title='bbox 962 2450 1073 2488; x_wconf 88' lang='lat' dir='ltr'>Iterii</span> <span class='ocrx_word' id='word_1_363' title='bbox 1096 2450 1277 2500; x_wconf 87' lang='lat' dir='ltr'>episcopi</span> <span class='ocrx_word' id='word_1_364' title='bbox 1301 2449 1604 2489; x_wconf 86' lang='lat' dir='ltr'>Lemovicensis</span> <span class='ocrx_word' id='word_1_365' title='bbox 1628 2458 1888 2502; x_wconf 87' lang='lat' dir='ltr'>compertum</span> <span class='ocrx_word' id='word_1_366' title='bbox 1912 2456 1974 2488; x_wconf 90' lang='lat' dir='ltr'>est</span> 
     </span>
     <span class='ocr_line' id='line_1_39' title="bbox 265 2507 1972 2560; baseline 0.003 -19"><span class='ocrx_word' id='word_1_367' title='bbox 265 2518 314 2542; x_wconf 84' lang='lat' dir='ltr'>ex</span> <span class='ocrx_word' id='word_1_368' title='bbox 335 2512 588 2545; x_wconf 86' lang='lat' dir='ltr'>testamento</span> <span class='ocrx_word' id='word_1_369' title='bbox 612 2508 793 2547; x_wconf 87' lang='lat' dir='ltr'>Fareldis</span> <span class='ocrx_word' id='word_1_370' title='bbox 816 2508 1070 2547; x_wconf 87' lang='lat' dir='ltr'>Albuconiae</span> <span class='ocrx_word' id='word_1_371' title='bbox 1092 2509 1230 2547; x_wconf 85' lang='lat' dir='ltr'>uxoris</span> <span class='ocrx_word' id='word_1_372' title='bbox 1253 2509 1448 2548; x_wconf 84' lang='lat' dir='ltr'>Ademari</span> <span class='ocrx_word' id='word_1_373' title='bbox 1470 2509 1519 2547; x_wconf 87' lang='lat' dir='ltr'>de</span> <span class='ocrx_word' id='word_1_374' title='bbox 1544 2509 1671 2558; x_wconf 85' lang='lat' dir='ltr'>Roca,</span> <span class='ocrx_word' id='word_1_375' title='bbox 1692 2510 1726 2549; x_wconf 89' lang='lat' dir='ltr'>is</span> <span class='ocrx_word' id='word_1_376' title='bbox 1746 2510 1834 2560; x_wconf 88' lang='lat' dir='ltr'>ipse</span> <span class='ocrx_word' id='word_1_377' title='bbox 1854 2507 1972 2547; x_wconf 90' lang='lat' dir='ltr'>nimi—</span> 
     </span>
     <span class='ocr_line' id='line_1_40' title="bbox 264 2565 1974 2617; baseline 0.003 -17"><span class='ocrx_word' id='word_1_378' title='bbox 264 2577 369 2610; x_wconf 87' lang='lat' dir='ltr'>rum,</span> <span class='ocrx_word' id='word_1_379' title='bbox 401 2573 448 2601; x_wconf 92' lang='lat' dir='ltr'>ut</span> <span class='ocrx_word' id='word_1_380' title='bbox 480 2565 671 2615; x_wconf 70' lang='lat' dir='ltr'>arbitror,</span> <span class='ocrx_word' id='word_1_381' title='bbox 705 2567 774 2617; x_wconf 89' lang='lat' dir='ltr'>qui</span> <span class='ocrx_word' id='word_1_382' title='bbox 806 2582 914 2606; x_wconf 88' lang='lat' dir='ltr'>anno</span> <span class='ocrx_word' id='word_1_383' title='bbox 948 2569 1087 2607; x_wconf 82' lang='lat' dir='ltr'>MXCI</span> <span class='ocrx_word' id='word_1_384' title='bbox 1119 2576 1294 2607; x_wconf 84' lang='lat' dir='ltr'>vocatur</span> <span class='ocrx_word' id='word_1_385' title='bbox 1326 2569 1452 2607; x_wconf 89' lang='lat' dir='ltr'>Fulco</span> <span class='ocrx_word' id='word_1_386' title='bbox 1484 2568 1533 2606; x_wconf 90' lang='lat' dir='ltr'>de</span> <span class='ocrx_word' id='word_1_387' title='bbox 1565 2568 1756 2608; x_wconf 89' lang='lat' dir='ltr'>Chanaeo</span> <span class='ocrx_word' id='word_1_388' title='bbox 1786 2568 1829 2606; x_wconf 91' lang='lat' dir='ltr'>in</span> <span class='ocrx_word' id='word_1_389' title='bbox 1859 2567 1974 2607; x_wconf 81' lang='lat' dir='ltr'>Actis</span> 
     </span>
     <span class='ocr_line' id='line_1_41' title="bbox 265 2623 1972 2667; baseline 0.004 -8"><span class='ocrx_word' id='word_1_390' title='bbox 265 2623 505 2662; x_wconf 87' lang='lat' dir='ltr'>concordiae</span> <span class='ocrx_word' id='word_1_391' title='bbox 529 2625 656 2664; x_wconf 89' lang='lat' dir='ltr'>initae</span> <span class='ocrx_word' id='word_1_392' title='bbox 680 2626 788 2665; x_wconf 89' lang='lat' dir='ltr'>inter</span> <span class='ocrx_word' id='word_1_393' title='bbox 811 2627 1007 2666; x_wconf 87' lang='lat' dir='ltr'>abbatem</span> <span class='ocrx_word' id='word_1_394' title='bbox 1034 2628 1302 2667; x_wconf 87' lang='lat' dir='ltr'>Usercensem</span> <span class='ocrx_word' id='word_1_395' title='bbox 1326 2636 1368 2665; x_wconf 91' lang='lat' dir='ltr'>et</span> <span class='ocrx_word' id='word_1_396' title='bbox 1391 2628 1562 2667; x_wconf 89' lang='lat' dir='ltr'>Petrum</span> <span class='ocrx_word' id='word_1_397' title='bbox 1586 2628 1635 2667; x_wconf 91' lang='lat' dir='ltr'>de</span> <span class='ocrx_word' id='word_1_398' title='bbox 1659 2629 1819 2667; x_wconf 88' lang='lat' dir='ltr'>Tutela.</span> <span class='ocrx_word' id='word_1_399' title='bbox 1848 2627 1972 2666; x_wconf 90' lang='lat' dir='ltr'>Istius</span> 
     </span>
     <span class='ocr_line' id='line_1_42' title="bbox 266 2681 1972 2737; baseline 0.004 -20"><span class='ocrx_word' id='word_1_400' title='bbox 266 2681 454 2720; x_wconf 88' lang='lat' dir='ltr'>Fulconis</span> <span class='ocrx_word' id='word_1_401' title='bbox 484 2684 604 2732; x_wconf 80' lang='lat' dir='ltr'>filius,</span> <span class='ocrx_word' id='word_1_402' title='bbox 632 2693 679 2723; x_wconf 90' lang='lat' dir='ltr'>ut</span> <span class='ocrx_word' id='word_1_403' title='bbox 705 2700 778 2736; x_wconf 87' lang='lat' dir='ltr'>ego</span> <span class='ocrx_word' id='word_1_404' title='bbox 807 2686 973 2736; x_wconf 88' lang='lat' dir='ltr'>quidem</span> <span class='ocrx_word' id='word_1_405' title='bbox 1000 2686 1171 2735; x_wconf 84' lang='lat' dir='ltr'>abitror,</span> <span class='ocrx_word' id='word_1_406' title='bbox 1199 2687 1279 2725; x_wconf 89' lang='lat' dir='ltr'>fuit</span> <span class='ocrx_word' id='word_1_407' title='bbox 1307 2686 1512 2725; x_wconf 89' lang='lat' dir='ltr'>Frudinus</span> <span class='ocrx_word' id='word_1_408' title='bbox 1539 2687 1588 2725; x_wconf 89' lang='lat' dir='ltr'>de</span> <span class='ocrx_word' id='word_1_409' title='bbox 1616 2688 1821 2734; x_wconf 87' lang='lat' dir='ltr'>Cannaco,</span> <span class='ocrx_word' id='word_1_410' title='bbox 1849 2700 1972 2737; x_wconf 91' lang='lat' dir='ltr'>quem</span> 
     </span>
     <span class='ocr_line' id='line_1_43' title="bbox 264 2741 1971 2797; baseline 0.004 -20"><span class='ocrx_word' id='word_1_411' title='bbox 264 2741 419 2789; x_wconf 87' lang='lat' dir='ltr'>reperio</span> <span class='ocrx_word' id='word_1_412' title='bbox 447 2742 569 2781; x_wconf 82' lang='lat' dir='ltr'>fuisse</span> <span class='ocrx_word' id='word_1_413' title='bbox 596 2752 759 2794; x_wconf 90' lang='lat' dir='ltr'>patrem</span> <span class='ocrx_word' id='word_1_414' title='bbox 785 2746 953 2784; x_wconf 85' lang='lat' dir='ltr'>alterius</span> <span class='ocrx_word' id='word_1_415' title='bbox 983 2746 1173 2784; x_wconf 87' lang='lat' dir='ltr'>Fulconis</span> <span class='ocrx_word' id='word_1_416' title='bbox 1200 2753 1241 2784; x_wconf 90' lang='lat' dir='ltr'>et</span> <span class='ocrx_word' id='word_1_417' title='bbox 1268 2746 1516 2784; x_wconf 90' lang='lat' dir='ltr'>Petronillae</span> <span class='ocrx_word' id='word_1_418' title='bbox 1541 2746 1680 2785; x_wconf 88' lang='lat' dir='ltr'>uxoris</span> <span class='ocrx_word' id='word_1_419' title='bbox 1709 2746 1894 2797; x_wconf 90' lang='lat' dir='ltr'>Hugonis</span> <span class='ocrx_word' id='word_1_420' title='bbox 1923 2746 1971 2784; x_wconf 87' lang='lat' dir='ltr'>de</span> 
     </span>
     <span class='ocr_line' id='line_1_44' title="bbox 266 2799 1970 2855; baseline 0.004 -20"><span class='ocrx_word' id='word_1_421' title='bbox 266 2799 377 2837; x_wconf 83' lang='lat' dir='ltr'>Valle</span> <span class='ocrx_word' id='word_1_422' title='bbox 417 2801 647 2841; x_wconf 70' lang='lat' dir='ltr'>viventium</span> <span class='ocrx_word' id='word_1_423' title='bbox 688 2812 874 2855; x_wconf 87' lang='lat' dir='ltr'>tempore</span> <span class='ocrx_word' id='word_1_424' title='bbox 915 2805 1099 2843; x_wconf 74' lang='lat' dir='ltr'>VVidonis</span> <span class='ocrx_word' id='word_1_425' title='bbox 1140 2805 1320 2855; x_wconf 90' lang='lat' dir='ltr'>episcopi</span> <span class='ocrx_word' id='word_1_426' title='bbox 1361 2805 1678 2845; x_wconf 84' lang='lat' dir='ltr'>Lemovicensis.</span> <span class='ocrx_word' id='word_1_427' title='bbox 1719 2805 1970 2844; x_wconf 87' lang='lat' dir='ltr'>Eorumdem</span> 
     </span>
     <span class='ocr_line' id='line_1_45' title="bbox 267 2857 1970 2904; baseline 0.005 -10"><span class='ocrx_word' id='word_1_428' title='bbox 267 2857 453 2897; x_wconf 83' lang='lat' dir='ltr'>Fulconis</span> <span class='ocrx_word' id='word_1_429' title='bbox 474 2869 514 2898; x_wconf 88' lang='lat' dir='ltr'>et</span> <span class='ocrx_word' id='word_1_430' title='bbox 535 2862 782 2902; x_wconf 84' lang='lat' dir='ltr'>Petronillae</span> <span class='ocrx_word' id='word_1_431' title='bbox 802 2864 948 2903; x_wconf 84' lang='lat' dir='ltr'>fratres</span> <span class='ocrx_word' id='word_1_432' title='bbox 969 2865 1080 2902; x_wconf 84' lang='lat' dir='ltr'>suere</span> <span class='ocrx_word' id='word_1_433' title='bbox 1101 2865 1246 2902; x_wconf 87' lang='lat' dir='ltr'>Petrus</span> <span class='ocrx_word' id='word_1_434' title='bbox 1267 2865 1493 2903; x_wconf 89' lang='lat' dir='ltr'>monachus</span> <span class='ocrx_word' id='word_1_435' title='bbox 1514 2864 1744 2903; x_wconf 88' lang='lat' dir='ltr'>Tutelensis</span> <span class='ocrx_word' id='word_1_436' title='bbox 1761 2873 1802 2904; x_wconf 82' lang='lat' dir='ltr'>et</span> <span class='ocrx_word' id='word_1_437' title='bbox 1819 2864 1970 2903; x_wconf 89' lang='lat' dir='ltr'>Willel-</span> 
     </span>
    </p>
   </div>
   <div class='ocr_carea' id='block_1_3' title="bbox 414 3003 424 3029">
    <p class='ocr_par' dir='ltr' id='par_1_5' title="bbox 414 3003 424 3029">
     <span class='ocr_line' id='line_1_46' title="bbox 414 3003 424 3029; baseline 0 0"><span class='ocrx_word' id='word_1_438' title='bbox 414 3003 424 3029; x_wconf 85' lang='lat' dir='ltr'>t</span> 
     </span>
    </p>
   </div>
   <div class='ocr_carea' id='block_1_4' title="bbox 310 2997 341 3133">
    <p class='ocr_par' dir='ltr' id='par_1_6' title="bbox 310 2997 341 3133">
     <span class='ocr_line' id='line_1_47' title="bbox 310 2997 341 3133; textangle 90"><span class='ocrx_word' id='word_1_439' title='bbox 310 2997 341 3133; x_wconf 47' lang='lat' dir='ltr'>cotes—³</span> 
     </span>
    </p>
   </div>
   <div class='ocr_carea' id='block_1_5' title="bbox 314 2996 1084 3147">
    <p class='ocr_par' dir='ltr' id='par_1_7' title="bbox 314 2996 1084 3147">
     <span class='ocr_line' id='line_1_48' title="bbox 379 2996 477 3030; baseline 0.01 -1"><span class='ocrx_word' id='word_1_440' title='bbox 379 2996 410 3029; x_wconf 90' lang='lat' dir='ltr'><strong><em>U</em></strong></span> <span class='ocrx_word' id='word_1_441' title='bbox 451 3009 477 3030; x_wconf 75' lang='lat' dir='ltr'>s.</span> 
     </span>
     <span class='ocr_line' id='line_1_49' title="bbox 314 3048 1066 3094; baseline 0.009 -12"><span class='ocrx_word' id='word_1_442' title='bbox 314 3050 342 3082; x_wconf 68' lang='lat'>⁵.</span> <span class='ocrx_word' id='word_1_443' title='bbox 373 3048 411 3082; x_wconf 79' lang='lat' dir='ltr'>B.</span> <span class='ocrx_word' id='word_1_444' title='bbox 436 3050 492 3090; x_wconf 77' lang='lat' dir='ltr'>N.‚</span> <span class='ocrx_word' id='word_1_445' title='bbox 514 3063 579 3085; x_wconf 88' lang='lat' dir='ltr'>ms.</span> <span class='ocrx_word' id='word_1_446' title='bbox 601 3053 696 3086; x_wconf 79' lang='lat' dir='ltr'>latin</span> <span class='ocrx_word' id='word_1_447' title='bbox 714 3054 822 3094; x_wconf 81' lang='grc'><strong>1462,</strong></span> <span class='ocrx_word' id='word_1_448' title='bbox 843 3054 905 3088; x_wconf 87' lang='lat' dir='ltr'>fol.</span> <span class='ocrx_word' id='word_1_449' title='bbox 928 3056 992 3088; x_wconf 88' lang='lat'>151</span> <span class='ocrx_word' id='word_1_450' title='bbox 1016 3060 1066 3088; x_wconf 87' lang='lat' dir='ltr'>v⁰.</span> 
     </span>
     <span class='ocr_line' id='line_1_50' title="bbox 336 3101 1084 3147; baseline 0.011 -14"><span class='ocrx_word' id='word_1_451' title='bbox 336 3127 341 3133; x_wconf 89' lang='lat'><em>.</em></span> <span class='ocrx_word' id='word_1_452' title='bbox 373 3101 411 3134; x_wconf 80' lang='lat' dir='ltr'>B.</span> <span class='ocrx_word' id='word_1_453' title='bbox 439 3102 495 3142; x_wconf 60' lang='lat' dir='ltr'>N„</span> <span class='ocrx_word' id='word_1_454' title='bbox 519 3115 584 3137; x_wconf 69' lang='lat' dir='ltr'>me.</span> <span class='ocrx_word' id='word_1_455' title='bbox 609 3106 704 3139; x_wconf 83' lang='lat' dir='ltr'>latin</span> <span class='ocrx_word' id='word_1_456' title='bbox 726 3108 831 3147; x_wconf 75' lang='lat'><em>4115,</em></span> <span class='ocrx_word' id='word_1_457' title='bbox 856 3108 918 3141; x_wconf 87' lang='lat' dir='ltr'>fol.</span> <span class='ocrx_word' id='word_1_458' title='bbox 943 3109 1011 3141; x_wconf 87' lang='lat'>115</span> <span class='ocrx_word' id='word_1_459' title='bbox 1034 3113 1084 3141; x_wconf 68' lang='grc' dir='ltr'>νο.</span> 
     </span>
    </p>
   </div>
  </div>
 </body>
</html>
