2083 3458
271 211 352 251 778
919 220 1070 244 NOTAE
1105 220 1165 244 AD
1199 219 1327 244 vlTAs
1824 204 1966 259 [1256]

269 308 460 348 ecclcsiae
488 304 771 355 Lugdunensis
797 303 922 341 refert
957 302 1164 341 Severtius
1202 302 1243 340 in
1269 302 1535 352 Chronologia
1576 303 1978 354 Archiepiscoporum

270 366 618 416 Lugdunensium,
644 380 682 415 p.
710 363 799 402 342.
827 361 1186 411 Consanguineum
1214 361 1371 400 Urbani
1396 362 1452 399 VI
1479 362 1602 400 fuisse
1628 363 1748 401 docet
1774 363 1978 413 depositio

270 425 489 466 Bertrandi
511 423 727 463 cardinalis
750 421 1040 459 Clandatensis
1059 421 1070 443 ³
1096 437 1103 458 :
1128 421 1225 458 Item
1245 421 1347 459 dixit
1366 422 1467 471 qziocl
1485 422 1808 471 archiepiscopus
1829 422 1978 460 Cusen-

271 487 394 533 tinus‚
423 484 489 534 qui
516 492 597 521 erat
622 484 666 520 (le
694 495 829 531 genere
855 482 987 518 eodem
1012 480 1114 518 sicut
1141 480 1204 518 ille
1230 480 1436 528 Emensis,
1464 481 1673 531 proposuit
1697 482 1816 519 semel
1850 496 1981 519 coram

272 544 546 584 cardinalibus
581 543 691 580 valde
725 540 997 591 probabiliter,
1034 539 1234 589 incipiens
1269 540 1396 577 thema
1429 554 1561 587 suum,
1600 540 1785 590 inquiens
1820 541 1980 590 collegio

272 603 541 643 camlinalium
563 618 569 639 z
590 602 655 638 Ad
673 609 705 638 te
723 600 943 649 respiciunt
960 599 1063 637 oculi
1082 599 1200 636 totius
1224 599 1377 646 Ysmel,
1395 607 1437 636 ut
1451 599 1604 648 judices
1622 600 1710 649 quis
1729 600 1837 637 debet
1852 601 1981 646 seclere

271 678 391 713 super
420 662 578 700 solium.
611 661 662 698 Et
693 660 777 710 ipse
808 659 1020 697 declaravit
1050 658 1216 708 qualiter
1248 659 1311 696 ille
1342 659 1534 696 Barensis
1563 667 1646 697 erat
1674 659 1918 709 apostaticus
1947 667 1981 697 et

272 722 530 761 antichristus
550 729 583 758 et
603 734 682 757 non
701 734 823 769 papa.
847 718 924 756 Sed
945 717 1126 768 apertius
1148 718 1253 755 hanc
1275 717 1679 767 consanguinitatem
1701 718 1875 756 denotat
1894 718 1979 769 ipse

274 781 490 821 cardinalis
509 779 771 826 Cusenfinus,
790 792 870 828 quo
888 777 1022 815 nullus
1041 777 1157 815 testis
1175 777 1421 815 luculentior
1437 792 1521 815 esse
1539 786 1692 827 potest,
1709 777 1750 815 in
1767 791 1839 816 sua
1857 778 1980 828 depo-

273 842 420 880 sitione
440 840 454 862 2
476 856 482 877 :
514 839 716 877 Dominus
752 836 973 876 cardinalis
1009 836 1254 874 Cusentinus
1292 836 1451 874 natione
1488 836 1797 886 Neapolitanus,
1834 837 1902 887 qui
1938 851 1983 874 em

275 909 384 951 parte
406 899 542 937 matris
562 899 699 936 attinet
720 897 779 934 illi
800 896 982 934 Barensi.
1007 896 1102 933 Fuit
1122 895 1253 946 primo
1275 895 1492 934 canonicus
1516 896 1827 946 Neapolitanus,
1848 897 1983 947 legum

274 961 433 1006 doctor,
462 972 592 1009 papae
622 957 871 1007 capellanus,
900 964 941 994 et
969 969 1185 994 causarum
1212 954 1357 1005 palatii
1383 951 1598 1005 apostolici
1625 955 1801 994 auditor.
1827 956 1983 994 Deinde

277 1020 467 1058 Urbanus
490 1018 523 1054 V
544 1017 579 1055 ei
600 1016 713 1055 dedit
734 1015 1134 1065 archiepiscopatum
1152 1015 1373 1052 Barensem
1393 1028 1501 1052 anno
1519 1015 1834 1062 MCCCLXVIL
1854 1015 1983 1065 pridie

275 1080 365 1116 idus
429 1077 515 1127 [12]
569 1075 726 1126 aprilis3
783 1075 958 1124 indeque
1017 1074 1242 1112 translatus
1271 1090 1281 1095 “
1302 1073 1381 1111 suit
1439 1074 1491 1111 ad
1548 1074 1817 1114 Cusentinum
1876 1089 1984 1112 anno

277 1136 622 1176 MCCCLXXVII
655 1143 728 1172 aut
761 1134 920 1172 circiter
935 1132 961 1171 3.
1000 1134 1089 1183 Ipse
1122 1133 1163 1170 in
1200 1133 1454 1183 depositione
1479 1147 1551 1171 sua
1569 1142 1750 1172 testatur
1782 1149 1821 1172 se
1861 1133 1985 1172 fuisse

275 1196 628 1246 archiepiscopum
656 1195 878 1232 Barensem
907 1201 948 1231 et
977 1207 1249 1231 successorem
1278 1192 1468 1231 habuisse
1498 1207 1592 1231 eum
1619 1193 1984 1231 Bartholomaeum

277 1257 347 1306 qui
364 1264 506 1306 postea
526 1255 600 1293 sub
619 1253 782 1292 nomine
804 1252 960 1291 Urbani
978 1252 1034 1290 VI
1053 1251 1189 1290 tenuit
1206 1260 1409 1302 papatum
1428 1252 1676 1290 Romanum.
1699 1252 1761 1290 Sic
1779 1252 1888 1291 enim
1905 1252 1986 1290 illic

277 1314 490 1366 legitur4':
524 1314 599 1351 Iste
627 1313 816 1351 habuerat
842 1311 1225 1361 archiepiscopatum
1253 1311 1480 1358 Bamnsem,
1510 1320 1543 1349 et
1568 1312 1647 1360 suit
1672 1311 1752 1349 sibi
1783 1312 1986 1362 provisum

276 1377 321 1413 cle
356 1374 588 1422 Cusentino;
624 1381 657 1410 et
690 1381 781 1410 tunc
814 1371 1018 1421 provisum
1050 1371 1129 1420 fuit
1164 1370 1223 1408 illi
1257 1370 1427 1408 Barensi
1473 1371 1517 1408 de
1546 1371 1611 1408 illo
1645 1371 1986 1421 archiepiscopatu

278 1434 461 1481 Barensi‚
484 1441 518 1470 et
541 1433 610 1470 iste
630 1432 721 1481 fecit
742 1445 895 1468 omnem
917 1430 1167 1479 diligentiam
1189 1445 1306 1480 quam
1327 1430 1455 1480 potuit
1476 1445 1564 1467 cum
1594 1430 1767 1468 dominis
1790 1439 1831 1468 ut
1858 1430 1986 1480 provi-

277 1496 430 1532 deretur
461 1492 519 1529 illi.
550 1493 593 1529 cle
622 1491 781 1529 ecclesia
810 1490 992 1528 Barensi.

333 1554 408 1591 Per
431 1566 478 1590 ea
502 1560 691 1601 tempora
718 1551 882 1588 Joanna
906 1549 1045 1599 regina
1071 1548 1229 1587 Siciliae
1254 1549 1363 1586 hunc
1390 1548 1607 1587 Nicolaum
1631 1548 1800 1587 admisit
1824 1549 1867 1586 in
1889 1548 1983 1586 inti-

279 1627 393 1652 mum
415 1611 632 1650 consilium
651 1624 786 1657 suum,
808 1617 855 1647 ut
874 1608 960 1659 ipse
982 1617 1163 1646 testatur
1182 1607 1224 1645 in
1244 1608 1388 1646 eadem
1410 1607 1665 1658 depositione
1686 1622 1773 1647 sua.
1800 1608 1986 1659 Idipsum

279 1679 461 1710 testatur
480 1670 607 1709 etiam
625 1669 840 1719 episcopus
866 1667 1079 1707 Reatinus.

335 1732 482 1768 Postea
514 1728 730 1779 Gregorius
764 1728 825 1765 XI
855 1727 898 1765 in
928 1727 1087 1766 caelum
1117 1727 1305 1765 sublatus
1336 1735 1412 1774 est,
1443 1735 1483 1765 et
1516 1726 1707 1765 Urbanus
1738 1727 1796 1765 VI
1825 1726 1867 1764 in
1897 1727 1985 1765 loco

278 1791 368 1840 ejus
390 1789 656 1827 constitutus.
680 1788 799 1836 Quod
818 1787 889 1825 ubi
909 1787 1121 1837 cognitum
1142 1785 1329 1836 Neapoli,
1349 1785 1421 1823 ubi
1439 1795 1539 1824 tunc
1562 1786 1753 1824 Nicolaus
1773 1794 1862 1825 erat
1877 1786 1989 1836 apud

280 1850 487 1888 dominam
510 1848 704 1897 reginam,
731 1848 774 1885 de
799 1847 914 1896 cujus
939 1846 1104 1884 consilio
1128 1854 1252 1884 erat...
1280 1845 1351 1882 iste
1377 1845 1447 1883 ivit
1468 1846 1520 1883 ad
1543 1860 1646 1893 eum,
1671 1854 1707 1883 et
1729 1846 1875 1896 recepit
1897 1860 1988 1883 eum

282 1918 391 1958 grato
410 1909 533 1947 vultu.
555 1907 663 1945 Nam
681 1915 771 1944 ante
789 1915 871 1944 erat
889 1907 1057 1943 multum
1074 1906 1228 1943 amicus
1245 1919 1357 1952 suuS,
1377 1913 1411 1942 et
1428 1905 1619 1954 diligebat
1635 1919 1725 1942 eum
1740 1906 1863 1944 valde.
1886 1905 1988 1943 Erat

280 1977 423 2007 autem
452 1982 557 2005 unus
588 1967 820 2016 legatorum
852 1980 952 2015 quos
983 1965 1121 2015 regina
1153 1963 1264 2003 misit
1294 1964 1346 2001 ad
1377 1964 1725 2002 consalutandum
1757 1964 1987 2003 Urbanum.

282 2028 347 2066 Sic
371 2027 480 2066 enim
504 2034 688 2065 testatur
711 2025 753 2063 in
778 2025 1034 2076 depositione
1059 2038 1131 2063 sua
1158 2024 1391 2074 Stephanus
1425 2023 1640 2074 episcopus
1669 2024 1918 2062 Tudertinus
1937 2023 1952 2046 5
1978 2039 1986 2061 :

281 2088 376 2125 Post
396 2087 471 2124 ista
491 2094 525 2123 et
542 2094 632 2123 ante
651 2085 734 2123 vidi
756 2085 937 2122 comitem
961 2084 1128 2131 Caserte,
1153 2083 1497 2133 archiepiscopum
1522 2083 1790 2121 Cusentinum
1812 2091 1846 2121 et
1870 2091 1990 2121 certos

278 2147 380 2184 alios
401 2146 594 2183 venientes
614 2145 784 2182 Romam
803 2144 1093 2182 ambasciatores
1113 2158 1159 2181 ea:
1188 2151 1297 2193 parte
1326 2143 1483 2180 domine
1513 2143 1609 2180 olim
1638 2143 1773 2192 regine
1806 2143 1850 2180 de
1877 2141 1988 2180 ‘Nea-

279 2206 374 2255 poli',
394 2214 486 2252 etc„
506 2213 553 2242 ut
573 2204 684 2254 apud
705 2203 928 2243 Odoricum
952 2203 1230 2252 Raynaldum,
1251 2216 1316 2240 an.
1339 2202 1454 2250 1378,
1481 2202 1497 2251 ἓ
1518 2202 1581 2240 26.
1607 2202 1758 2240 Subdit
1778 2210 1923 2241 autem
1945 2201 1987 2239 in

275 2279 349 2304 sua
370 2263 625 2315 depositione
645 2263 754 2303 idem
776 2263 966 2302 Nicolaus
987 2262 1203 2300 historiam
1223 2261 1450 2302 admodum
1468 2261 1749 2301 ridiculariam
1770 2261 1818 2300 de
1840 2261 1985 2299 eodem

279 2325 447 2362 Urbano
466 2323 527 2361 his
548 2322 682 2361 verbis
703 2322 718 2345 ⁶
740 2339 746 2360 :
773 2323 870 2360 Item
890 2322 991 2372 quod
1009 2321 1111 2359 dixit
1128 2321 1207 2358 sibi
1228 2322 1400 2371 quadam
1419 2321 1495 2367 die,
1516 2321 1672 2370 quando
1692 2329 1776 2358 erat
1796 2321 1918 2358 Rome
1941 2320 1983 2357 in

279 2398 433 2421 camera
451 2397 526 2420 sua
545 2383 596 2420 ad
615 2390 779 2432 partem,
802 2396 891 2419 cum
912 2382 1158 2431 procederent
1177 2381 1292 2418 ambo
1314 2395 1382 2431 per
1402 2394 1598 2418 cameram
1619 2394 1741 2430 prope
1763 2380 1894 2417 locum
1916 2378 1985 2417 ubi

281 2451 390 2480 erant
409 2442 556 2491 (lepicte
577 2442 650 2479 <lue
669 2441 876 2491 ymagines
900 2442 1098 2478 beatorum
1119 2441 1226 2477 Petri
1248 2448 1282 2477 et
1301 2440 1439 2487 Pauli,
1466 2440 1568 2477 dixit
1599 2439 1664 2477 ille
1684 2439 1878 2476 Barensis
1919 2437 1987 2476 isti

282 2502 497 2539 Cusentino
516 2516 527 2538 :
549 2501 713 2551 Qualem
733 2501 884 2538 vultum
913 2500 1064 2538 videtur
1085 2499 1193 2537 vobis
1214 2500 1315 2549 quod
1342 2499 1497 2548 jaciant
1528 2498 1598 2536 iste
1625 2498 1860 2548 ymagines?
1897 2497 1990 2535 Non

280 2560 419 2598 videtis
446 2560 611 2610 qualiter
637 2560 790 2597 rident?
818 2560 868 2597 In
896 2559 1051 2597 veritate
1080 2559 1180 2596 dixit
1208 2559 1271 2596 ille
1298 2559 1400 2609 quod
1426 2558 1583 2608 quando
1612 2558 1828 2595 intraverat
1853 2557 1985 2608 primo

278 2620 488 2669 palatium,
513 2620 613 2669 qitod
635 2619 835 2657 invenerat
855 2633 918 2656 eos
941 2619 1150 2668 plorantes.

335 2774 366 2806 1.
397 2773 436 2805 B.
460 2773 517 2813 N„
537 2786 603 2806 ms.
624 2772 720 2805 latin
737 2772 869 2814 11745‚
889 2774 952 2807 fol.
973 2775 1018 2807 36
1037 2778 1080 2807 r0.

334 2827 365 2858 2.
398 2826 464 2858 Ms.
494 2827 578 2866 cite,
607 2826 669 2859 fol.
698 2826 743 2858 42
771 2832 812 2859 v⁰

329 2880 364 2912 3.
396 2879 444 2911 Le
464 2880 507 2912 13
525 2880 674 2922 janvier
690 2880 783 2913 1377
806 2880 952 2924 (Eubel,
972 2880 1205 2920 Hierarchia,
1226 2886 1251 2913 t.
1270 2892 1294 2919 1,
1314 2891 1349 2923 p.
1371 2878 1468 2922 220).

332 2932 351 2963 a>

356 2958 364 2965 .
396 2932 461 2965 Ms.
483 2933 567 2972 cite,
588 2932 649 2966 fol.
670 2932 715 2964 42
735 2939 785 2966 v0.

396 2985 461 3017 Ms.
487 2986 571 3025 cite,
595 2986 657 3019 fol.
681 2985 726 3019 77
750 2991 801 3020 v⁰.

360 3064 365 3070 .
398 3038 463 3070 Ms.
494 3039 576 3078 cito,
606 3039 668 3072 fol.
700 3040 749 3072 42
777 3044 827 3073 v0.

332 3039 353 3070 επ
332 2986 351 3016 σε
