<?xml version="1.0" encoding="UTF-8"?>
<!DOCTYPE html PUBLIC "-//W3C//DTD XHTML 1.0 Transitional//EN"
    "http://www.w3.org/TR/xhtml1/DTD/xhtml1-transitional.dtd">
<html xmlns="http://www.w3.org/1999/xhtml" xml:lang="en" lang="en">
 <head>
  <title>
</title>
<meta http-equiv="Content-Type" content="text/html;charset=utf-8" />
  <meta name='ocr-system' content='tesseract 3.04.00' />
  <meta name='ocr-capabilities' content='ocr_page ocr_carea ocr_par ocr_line ocrx_word'/>
</head>
<body>
  <div class='ocr_page' id='page_1' title='image "./vitaepaparumaven02balu_0429.png"; bbox 0 0 2083 3458; ppageno 0'>
   <div class='ocr_carea' id='block_1_1' title="bbox 125 224 1808 280">
    <p class='ocr_par' dir='ltr' id='par_1_1' title="bbox 125 224 1808 280">
     <span class='ocr_line' id='line_1_1' title="bbox 125 224 1808 280; baseline 0.004 -15"><span class='ocrx_word' id='word_1_1' title='bbox 125 224 248 280; x_wconf 84' lang='lat'><strong>[906]</strong></span> <span class='ocrx_word' id='word_1_2' title='bbox 650 242 865 268; x_wconf 81' lang='lat' dir='ltr'><strong>PAPARUM</strong></span> <span class='ocrx_word' id='word_1_3' title='bbox 902 243 1285 269; x_wconf 78' lang='lat' dir='ltr'><strong>AVENIONENSIUM</strong></span> <span class='ocrx_word' id='word_1_4' title='bbox 1724 229 1808 272; x_wconf 85' lang='grc'><em>419</em></span> 
     </span>
    </p>
   </div>
   <div class='ocr_carea' id='block_1_2' title="bbox 110 325 1809 2262">
    <p class='ocr_par' dir='ltr' id='par_1_2' title="bbox 111 325 1807 787">
     <span class='ocr_line' id='line_1_2' title="bbox 112 325 1806 375; baseline 0.002 -13"><span class='ocrx_word' id='word_1_5' title='bbox 112 338 219 363; x_wconf 88' lang='lat' dir='ltr'><em>anno</em></span> <span class='ocrx_word' id='word_1_6' title='bbox 246 325 432 375; x_wconf 80' lang='lat' dir='ltr'>sequenti</span> <span class='ocrx_word' id='word_1_7' title='bbox 451 325 463 347; x_wconf 77' lang='lat'>¹</span> <span class='ocrx_word' id='word_1_8' title='bbox 489 326 704 374; x_wconf 77' lang='lat' dir='ltr'><strong>presbyter</strong></span> <span class='ocrx_word' id='word_1_9' title='bbox 731 327 945 364; x_wconf 88' lang='lat' dir='ltr'><em>cardinalis</em></span> <span class='ocrx_word' id='word_1_10' title='bbox 972 326 1083 364; x_wconf 88' lang='lat' dir='ltr'><em>tituli</em></span> <span class='ocrx_word' id='word_1_11' title='bbox 1109 327 1282 365; x_wconf 78' lang='lat' dir='ltr'>Sanctae</span> <span class='ocrx_word' id='word_1_12' title='bbox 1311 327 1496 366; x_wconf 76' lang='lat' dir='ltr'>Sabinae.</span> <span class='ocrx_word' id='word_1_13' title='bbox 1526 329 1651 367; x_wconf 85' lang='lat' dir='ltr'><em>Vetus</em></span> <span class='ocrx_word' id='word_1_14' title='bbox 1679 330 1806 367; x_wconf 83' lang='lat' dir='ltr'>codex</span> 
     </span>
     <span class='ocr_line' id='line_1_3' title="bbox 113 384 1805 435; baseline 0.002 -13"><span class='ocrx_word' id='word_1_15' title='bbox 113 398 185 422; x_wconf 90' lang='lat' dir='ltr'><em>ms.</em></span> <span class='ocrx_word' id='word_1_16' title='bbox 216 384 390 421; x_wconf 83' lang='lat' dir='ltr'><strong>fratrum</strong></span> <span class='ocrx_word' id='word_1_17' title='bbox 419 384 754 422; x_wconf 81' lang='lat' dir='ltr'><em>praedicatorum</em></span> <span class='ocrx_word' id='word_1_18' title='bbox 781 385 950 423; x_wconf 89' lang='lat' dir='ltr'><em>Tolosae</em></span> <span class='ocrx_word' id='word_1_19' title='bbox 980 401 987 423; x_wconf 88' lang='grc'>;</span> <span class='ocrx_word' id='word_1_20' title='bbox 1017 385 1195 423; x_wconf 77' lang='lat' dir='ltr'><em>Fratrem</em></span> <span class='ocrx_word' id='word_1_21' title='bbox 1225 386 1446 423; x_wconf 77' lang='lat' dir='ltr'><em>Johannem</em></span> <span class='ocrx_word' id='word_1_22' title='bbox 1474 387 1518 423; x_wconf 83' lang='lat' dir='ltr'><em>de</em></span> <span class='ocrx_word' id='word_1_23' title='bbox 1545 387 1805 435; x_wconf 67' lang='lat' dir='ltr'><em>lllolendinis,</em></span> 
     </span>
     <span class='ocr_line' id='line_1_4' title="bbox 113 442 1805 493; baseline 0.002 -13"><span class='ocrx_word' id='word_1_24' title='bbox 113 452 320 480; x_wconf 68' lang='lat' dir='ltr'><em>conventus</em></span> <span class='ocrx_word' id='word_1_25' title='bbox 349 442 566 490; x_wconf 73' lang='lat' dir='ltr'><em>Brivensis,</em></span> <span class='ocrx_word' id='word_1_26' title='bbox 597 443 750 480; x_wconf 77' lang='lat' dir='ltr'><em>ordinis</em></span> <span class='ocrx_word' id='word_1_27' title='bbox 789 444 957 492; x_wconf 75' lang='lat' dir='ltr'><em>fratrum</em></span> <span class='ocrx_word' id='word_1_28' title='bbox 986 444 1295 491; x_wconf 77' lang='lat' dir='ltr'><em>Predicatorum,</em></span> <span class='ocrx_word' id='word_1_29' title='bbox 1327 446 1559 493; x_wconf 79' lang='lat' dir='ltr'><em>magistram</em></span> <span class='ocrx_word' id='word_1_30' title='bbox 1598 447 1641 483; x_wconf 85' lang='lat' dir='ltr'><em>in</em></span> <span class='ocrx_word' id='word_1_31' title='bbox 1669 447 1805 484; x_wconf 83' lang='lat' dir='ltr'><em>theolo-</em></span> 
     </span>
     <span class='ocr_line' id='line_1_5' title="bbox 114 501 1807 551; baseline 0.002 -13"><span class='ocrx_word' id='word_1_32' title='bbox 114 502 192 550; x_wconf 80' lang='lat' dir='ltr'><em>gia,</em></span> <span class='ocrx_word' id='word_1_33' title='bbox 225 502 444 551; x_wconf 75' lang='lat' dir='ltr'><em>assumpsit</em></span> <span class='ocrx_word' id='word_1_34' title='bbox 476 502 519 538; x_wconf 81' lang='lat' dir='ltr'><em>in</em></span> <span class='ocrx_word' id='word_1_35' title='bbox 549 501 817 550; x_wconf 71' lang='lat' dir='ltr'><em>presbyteram</em></span> <span class='ocrx_word' id='word_1_36' title='bbox 849 503 1088 540; x_wconf 70' lang='lat' dir='ltr'><em>cardinalem</em></span> <span class='ocrx_word' id='word_1_37' title='bbox 1121 504 1226 541; x_wconf 78' lang='lat' dir='ltr'><em>titali</em></span> <span class='ocrx_word' id='word_1_38' title='bbox 1260 504 1399 542; x_wconf 79' lang='lat' dir='ltr'><em>Sancte</em></span> <span class='ocrx_word' id='word_1_39' title='bbox 1432 504 1579 542; x_wconf 74' lang='lat' dir='ltr'><em>Sabine</em></span> <span class='ocrx_word' id='word_1_40' title='bbox 1623 505 1807 543; x_wconf 74' lang='lat' dir='ltr'><em>(lominus</em></span> 
     </span>
     <span class='ocr_line' id='line_1_6' title="bbox 112 560 1807 612; baseline 0.003 -15"><span class='ocrx_word' id='word_1_41' title='bbox 112 560 290 598; x_wconf 79' lang='lat' dir='ltr'><em>Clemens</em></span> <span class='ocrx_word' id='word_1_42' title='bbox 311 575 421 610; x_wconf 84' lang='lat' dir='ltr'><em>papa</em></span> <span class='ocrx_word' id='word_1_43' title='bbox 449 560 520 607; x_wconf 78' lang='lat' dir='ltr'><em>VI,</em></span> <span class='ocrx_word' id='word_1_44' title='bbox 543 560 705 597; x_wconf 79' lang='lat' dir='ltr'><em>sabbato</em></span> <span class='ocrx_word' id='word_1_45' title='bbox 730 561 772 597; x_wconf 83' lang='lat' dir='ltr'><em>in</em></span> <span class='ocrx_word' id='word_1_46' title='bbox 792 561 961 610; x_wconf 75' lang='lat' dir='ltr'><em>jejuniis</em></span> <span class='ocrx_word' id='word_1_47' title='bbox 984 571 1148 611; x_wconf 72' lang='lat' dir='ltr'><em>quatuor</em></span> <span class='ocrx_word' id='word_1_48' title='bbox 1169 571 1386 612; x_wconf 77' lang='lat' dir='ltr'><em>temporam</em></span> <span class='ocrx_word' id='word_1_49' title='bbox 1408 572 1493 612; x_wconf 76' lang='lat' dir='ltr'><em>post</em></span> <span class='ocrx_word' id='word_1_50' title='bbox 1514 563 1655 612; x_wconf 74' lang='lat' dir='ltr'><em>sestam</em></span> <span class='ocrx_word' id='word_1_51' title='bbox 1677 573 1807 602; x_wconf 78' lang='lat' dir='ltr'><em>sancte</em></span> 
     </span>
     <span class='ocr_line' id='line_1_7' title="bbox 111 618 1807 669; baseline 0.003 -14"><span class='ocrx_word' id='word_1_52' title='bbox 111 619 232 656; x_wconf 78' lang='lat' dir='ltr'><em>Lucie</em></span> <span class='ocrx_word' id='word_1_53' title='bbox 255 633 361 656; x_wconf 82' lang='lat' dir='ltr'><em>anno</em></span> <span class='ocrx_word' id='word_1_54' title='bbox 382 619 548 656; x_wconf 85' lang='lat' dir='ltr'><em>Domini</em></span> <span class='ocrx_word' id='word_1_55' title='bbox 574 618 776 666; x_wconf 83' lang='lat' dir='ltr'><em>MCCCL,</em></span> <span class='ocrx_word' id='word_1_56' title='bbox 802 620 1057 669; x_wconf 76' lang='lat' dir='ltr'><em>pontificatus</em></span> <span class='ocrx_word' id='word_1_57' title='bbox 1081 622 1146 658; x_wconf 77' lang='lat' dir='ltr'><em>sui</em></span> <span class='ocrx_word' id='word_1_58' title='bbox 1170 636 1276 658; x_wconf 80' lang='lat' dir='ltr'><em>anno</em></span> <span class='ocrx_word' id='word_1_59' title='bbox 1301 636 1414 660; x_wconf 84' lang='grc' dir='ltr'>ηοηο.</span> <span class='ocrx_word' id='word_1_60' title='bbox 1442 622 1539 660; x_wconf 87' lang='lat' dir='ltr'><em>Erat</em></span> <span class='ocrx_word' id='word_1_61' title='bbox 1562 632 1691 661; x_wconf 73' lang='lat' dir='ltr'><em>autem</em></span> <span class='ocrx_word' id='word_1_62' title='bbox 1716 632 1807 661; x_wconf 79' lang='lat' dir='ltr'><em>tanc</em></span> 
     </span>
     <span class='ocr_line' id='line_1_8' title="bbox 112 678 1806 730; baseline 0.002 -15"><span class='ocrx_word' id='word_1_63' title='bbox 112 678 296 727; x_wconf 76' lang='lat' dir='ltr'><em>magister</em></span> <span class='ocrx_word' id='word_1_64' title='bbox 315 678 468 715; x_wconf 79' lang='lat' dir='ltr'><em>ordinis</em></span> <span class='ocrx_word' id='word_1_65' title='bbox 487 679 626 716; x_wconf 75' lang='lat' dir='ltr'><em>electus</em></span> <span class='ocrx_word' id='word_1_66' title='bbox 648 678 690 715; x_wconf 82' lang='lat' dir='ltr'><em>in</em></span> <span class='ocrx_word' id='word_1_67' title='bbox 710 679 882 727; x_wconf 75' lang='lat' dir='ltr'><em>capitulo</em></span> <span class='ocrx_word' id='word_1_68' title='bbox 904 679 1231 718; x_wconf 72' lang='lat' dir='ltr'><em>Barchinonensi.</em></span> <span class='ocrx_word' id='word_1_69' title='bbox 1249 681 1299 717; x_wconf 92' lang='lat' dir='ltr'><em>Et</em></span> <span class='ocrx_word' id='word_1_70' title='bbox 1318 690 1407 719; x_wconf 85' lang='lat' dir='ltr'><em>ante</em></span> <span class='ocrx_word' id='word_1_71' title='bbox 1425 681 1553 730; x_wconf 77' lang='lat' dir='ltr'><em>fuerat</em></span> <span class='ocrx_word' id='word_1_72' title='bbox 1572 680 1685 720; x_wconf 84' lang='lat' dir='ltr'><em>lector</em></span> <span class='ocrx_word' id='word_1_73' title='bbox 1703 683 1806 719; x_wconf 76' lang='lat' dir='ltr'><em>sacri</em></span> 
     </span>
     <span class='ocr_line' id='line_1_9' title="bbox 111 737 1226 787; baseline 0.003 -13"><span class='ocrx_word' id='word_1_74' title='bbox 111 737 255 787; x_wconf 83' lang='lat' dir='ltr'><em>palatii</em></span> <span class='ocrx_word' id='word_1_75' title='bbox 280 745 313 774; x_wconf 86' lang='lat' dir='ltr'><em>et</em></span> <span class='ocrx_word' id='word_1_76' title='bbox 340 737 550 786; x_wconf 73' lang='lat' dir='ltr'><em>inquisitor</em></span> <span class='ocrx_word' id='word_1_77' title='bbox 578 737 797 774; x_wconf 75' lang='lat' dir='ltr'><em>Tolosanus</em></span> <span class='ocrx_word' id='word_1_78' title='bbox 823 737 981 775; x_wconf 75' lang='lat' dir='ltr'><em>heretice</em></span> <span class='ocrx_word' id='word_1_79' title='bbox 1006 739 1226 787; x_wconf 54' lang='lat' dir='ltr'><em>pravitati&amp;</em></span> 
     </span>
    </p>

    <p class='ocr_par' dir='ltr' id='par_1_3' title="bbox 111 796 1809 1378">
     <span class='ocr_line' id='line_1_10' title="bbox 165 796 1806 846; baseline 0.002 -13"><span class='ocrx_word' id='word_1_80' title='bbox 165 796 282 833; x_wconf 88' lang='lat' dir='ltr'><em>Anno</em></span> <span class='ocrx_word' id='word_1_81' title='bbox 314 796 507 833; x_wconf 87' lang='lat' dir='ltr'>MCCCLI</span> <span class='ocrx_word' id='word_1_82' title='bbox 537 804 679 834; x_wconf 85' lang='lat' dir='ltr'><em>exorta</em></span> <span class='ocrx_word' id='word_1_83' title='bbox 710 804 771 833; x_wconf 86' lang='lat' dir='ltr'><em>est</em></span> <span class='ocrx_word' id='word_1_84' title='bbox 799 796 1024 835; x_wconf 87' lang='lat' dir='ltr'><em>Barcinone</em></span> <span class='ocrx_word' id='word_1_85' title='bbox 1056 798 1188 846; x_wconf 78' lang='lat' dir='ltr'><em>gravis</em></span> <span class='ocrx_word' id='word_1_86' title='bbox 1219 799 1496 836; x_wconf 82' lang='lat' dir='ltr'><em>controversia</em></span> <span class='ocrx_word' id='word_1_87' title='bbox 1526 799 1632 837; x_wconf 89' lang='lat' dir='ltr'><em>inter</em></span> <span class='ocrx_word' id='word_1_88' title='bbox 1661 800 1806 838; x_wconf 84' lang='lat' dir='ltr'><em>fratres</em></span> 
     </span>
     <span class='ocr_line' id='line_1_11' title="bbox 112 855 1805 906; baseline 0.002 -14"><span class='ocrx_word' id='word_1_89' title='bbox 112 855 416 893; x_wconf 85' lang='lat' dir='ltr'><em>Praedicatores</em></span> <span class='ocrx_word' id='word_1_90' title='bbox 442 863 482 892; x_wconf 92' lang='lat' dir='ltr'><em>et</em></span> <span class='ocrx_word' id='word_1_91' title='bbox 506 855 679 893; x_wconf 80' lang='lat' dir='ltr'><em>Minores</em></span> <span class='ocrx_word' id='word_1_92' title='bbox 705 855 752 893; x_wconf 90' lang='lat' dir='ltr'><em>de</em></span> <span class='ocrx_word' id='word_1_93' title='bbox 777 856 971 904; x_wconf 75' lang='lat' dir='ltr'><em>sanguine</em></span> <span class='ocrx_word' id='word_1_94' title='bbox 997 856 1144 894; x_wconf 80' lang='lat' dir='ltr'><em>Christi</em></span> <span class='ocrx_word' id='word_1_95' title='bbox 1162 856 1177 879; x_wconf 77' lang='lat'>2</span> <span class='ocrx_word' id='word_1_96' title='bbox 1199 857 1240 894; x_wconf 87' lang='lat' dir='ltr'><em>in</em></span> <span class='ocrx_word' id='word_1_97' title='bbox 1273 857 1409 895; x_wconf 84' lang='lat' dir='ltr'><em>triduo</em></span> <span class='ocrx_word' id='word_1_98' title='bbox 1442 858 1639 906; x_wconf 79' lang='lat' dir='ltr'><em>passionis</em></span> <span class='ocrx_word' id='word_1_99' title='bbox 1664 858 1805 905; x_wconf 80' lang='lat' dir='ltr'><em>effuso,</em></span> 
     </span>
     <span class='ocr_line' id='line_1_12' title="bbox 113 913 1806 966; baseline 0.001 -14"><span class='ocrx_word' id='word_1_100' title='bbox 113 928 234 964; x_wconf 86' lang='lat' dir='ltr'><em>quern</em></span> <span class='ocrx_word' id='word_1_101' title='bbox 263 914 407 951; x_wconf 88' lang='lat' dir='ltr'><em>fratres</em></span> <span class='ocrx_word' id='word_1_102' title='bbox 438 914 611 951; x_wconf 81' lang='lat' dir='ltr'><em>Minores</em></span> <span class='ocrx_word' id='word_1_103' title='bbox 642 913 809 952; x_wconf 79' lang='lat' dir='ltr'><em>aiebant</em></span> <span class='ocrx_word' id='word_1_104' title='bbox 837 928 859 951; x_wconf 93' lang='lat' dir='ltr'><em>a</em></span> <span class='ocrx_word' id='word_1_105' title='bbox 890 914 1108 953; x_wconf 84' lang='lat' dir='ltr'><em>divinitate</em></span> <span class='ocrx_word' id='word_1_106' title='bbox 1138 916 1259 954; x_wconf 84' lang='lat' dir='ltr'><em>fuisse</em></span> <span class='ocrx_word' id='word_1_107' title='bbox 1289 924 1538 965; x_wconf 85' lang='lat' dir='ltr'><em>separatum,</em></span> <span class='ocrx_word' id='word_1_108' title='bbox 1568 925 1608 955; x_wconf 91' lang='lat' dir='ltr'><em>et</em></span> <span class='ocrx_word' id='word_1_109' title='bbox 1637 918 1806 966; x_wconf 80' lang='lat' dir='ltr'><em>proinde</em></span> 
     </span>
     <span class='ocr_line' id='line_1_13' title="bbox 111 973 1806 1014; baseline 0.002 -4"><span class='ocrx_word' id='word_1_110' title='bbox 111 987 194 1010; x_wconf 91' lang='lat' dir='ltr'><em>non</em></span> <span class='ocrx_word' id='word_1_111' title='bbox 213 987 297 1011; x_wconf 91' lang='lat' dir='ltr'><em>esse</em></span> <span class='ocrx_word' id='word_1_112' title='bbox 317 974 359 1010; x_wconf 92' lang='lat' dir='ltr'><em>in</em></span> <span class='ocrx_word' id='word_1_113' title='bbox 380 973 516 1010; x_wconf 89' lang='lat' dir='ltr'><em>triduo</em></span> <span class='ocrx_word' id='word_1_114' title='bbox 538 973 680 1010; x_wconf 87' lang='lat' dir='ltr'><em>mortis</em></span> <span class='ocrx_word' id='word_1_115' title='bbox 702 973 959 1011; x_wconf 86' lang='lat' dir='ltr'><em>adorandum</em></span> <span class='ocrx_word' id='word_1_116' title='bbox 980 974 1092 1010; x_wconf 89' lang='lat' dir='ltr'><em>cultu</em></span> <span class='ocrx_word' id='word_1_117' title='bbox 1113 975 1269 1012; x_wconf 88' lang='lat' dir='ltr'><em>latriae.</em></span> <span class='ocrx_word' id='word_1_118' title='bbox 1294 975 1395 1012; x_wconf 88' lang='lat' dir='ltr'><em>Cum</em></span> <span class='ocrx_word' id='word_1_119' title='bbox 1416 976 1464 1013; x_wconf 90' lang='lat' dir='ltr'><em>de</em></span> <span class='ocrx_word' id='word_1_120' title='bbox 1485 989 1530 1013; x_wconf 90' lang='lat' dir='ltr'><em>ea</em></span> <span class='ocrx_word' id='word_1_121' title='bbox 1552 990 1592 1013; x_wconf 90' lang='lat' dir='ltr'><em>re</em></span> <span class='ocrx_word' id='word_1_122' title='bbox 1616 976 1806 1014; x_wconf 88' lang='lat' dir='ltr'><em>Nicolaus</em></span> 
     </span>
     <span class='ocr_line' id='line_1_14' title="bbox 113 1031 1807 1085; baseline 0.003 -17"><span class='ocrx_word' id='word_1_123' title='bbox 113 1031 284 1070; x_wconf 86' lang='lat' dir='ltr'><em>Rosselli</em></span> <span class='ocrx_word' id='word_1_124' title='bbox 313 1040 403 1069; x_wconf 83' lang='lat' dir='ltr'><em>tum</em></span> <span class='ocrx_word' id='word_1_125' title='bbox 432 1032 650 1081; x_wconf 82' lang='lat' dir='ltr'><em>inquisitor</em></span> <span class='ocrx_word' id='word_1_126' title='bbox 678 1032 907 1070; x_wconf 79' lang='lat' dir='ltr'><em>haereticae</em></span> <span class='ocrx_word' id='word_1_127' title='bbox 936 1033 1155 1081; x_wconf 71' lang='lat' dir='ltr'><em>pravitatis</em></span> <span class='ocrx_word' id='word_1_128' title='bbox 1185 1034 1225 1070; x_wconf 91' lang='lat' dir='ltr'><em>in</em></span> <span class='ocrx_word' id='word_1_129' title='bbox 1255 1048 1380 1082; x_wconf 45' lang='lat' dir='ltr'><em>regno*</em></span> <span class='ocrx_word' id='word_1_130' title='bbox 1408 1034 1654 1083; x_wconf 79' lang='lat' dir='ltr'><em>Arragoniae</em></span> <span class='ocrx_word' id='word_1_131' title='bbox 1684 1036 1807 1085; x_wconf 88' lang='lat' dir='ltr'><em>scrip-</em></span> 
     </span>
     <span class='ocr_line' id='line_1_15' title="bbox 111 1090 1806 1141; baseline 0.002 -13"><span class='ocrx_word' id='word_1_132' title='bbox 111 1091 229 1129; x_wconf 84' lang='lat' dir='ltr'><em>sisset</em></span> <span class='ocrx_word' id='word_1_133' title='bbox 248 1091 299 1127; x_wconf 93' lang='lat' dir='ltr'><em>ad</em></span> <span class='ocrx_word' id='word_1_134' title='bbox 322 1091 525 1129; x_wconf 85' lang='lat' dir='ltr'><em>Joannem</em></span> <span class='ocrx_word' id='word_1_135' title='bbox 546 1091 594 1129; x_wconf 92' lang='lat' dir='ltr'><em>de</em></span> <span class='ocrx_word' id='word_1_136' title='bbox 616 1090 848 1129; x_wconf 86' lang='lat' dir='ltr'><em>Molendino</em></span> <span class='ocrx_word' id='word_1_137' title='bbox 869 1092 1130 1138; x_wconf 75' lang='lat' dir='ltr'><em>cardinalem,</em></span> <span class='ocrx_word' id='word_1_138' title='bbox 1150 1093 1215 1129; x_wconf 91' lang='lat' dir='ltr'><em>ille</em></span> <span class='ocrx_word' id='word_1_139' title='bbox 1235 1093 1446 1141; x_wconf 84' lang='lat' dir='ltr'><em>respondit</em></span> <span class='ocrx_word' id='word_1_140' title='bbox 1463 1092 1478 1114; x_wconf 82' lang='lat'><strong>3</strong></span> <span class='ocrx_word' id='word_1_141' title='bbox 1497 1108 1536 1131; x_wconf 92' lang='lat' dir='ltr'><em>se</em></span> <span class='ocrx_word' id='word_1_142' title='bbox 1558 1094 1676 1131; x_wconf 70' lang='lat' dir='ltr'><em>vivae</em></span> <span class='ocrx_word' id='word_1_143' title='bbox 1697 1095 1806 1132; x_wconf 86' lang='lat' dir='ltr'><em>vocis</em></span> 
     </span>
     <span class='ocr_line' id='line_1_16' title="bbox 112 1150 1809 1201; baseline 0.002 -14"><span class='ocrx_word' id='word_1_144' title='bbox 112 1151 274 1187; x_wconf 88' lang='lat' dir='ltr'><em>oraculo</em></span> <span class='ocrx_word' id='word_1_145' title='bbox 305 1164 397 1188; x_wconf 87' lang='lat' dir='ltr'><em>acce</em></span> <span class='ocrx_word' id='word_1_146' title='bbox 430 1150 506 1187; x_wconf 90' lang='lat' dir='ltr'><em>isse</em></span> <span class='ocrx_word' id='word_1_147' title='bbox 537 1151 577 1187; x_wconf 91' lang='lat' dir='ltr'><em>in</em></span> <span class='ocrx_word' id='word_1_148' title='bbox 609 1150 815 1187; x_wconf 88' lang='lat' dir='ltr'><em>mandatis</em></span> <span class='ocrx_word' id='word_1_149' title='bbox 847 1164 868 1186; x_wconf 91' lang='lat' dir='ltr'><em>a</em></span> <span class='ocrx_word' id='word_1_150' title='bbox 901 1150 1095 1199; x_wconf 83' lang='lat' dir='ltr'><em>pontifice</em></span> <span class='ocrx_word' id='word_1_151' title='bbox 1127 1159 1173 1187; x_wconf 88' lang='lat' dir='ltr'><em>ut</em></span> <span class='ocrx_word' id='word_1_152' title='bbox 1203 1152 1254 1188; x_wconf 90' lang='lat' dir='ltr'><em>ad</em></span> <span class='ocrx_word' id='word_1_153' title='bbox 1286 1152 1538 1200; x_wconf 82' lang='lat' dir='ltr'><em>palinodiam</em></span> <span class='ocrx_word' id='word_1_154' title='bbox 1569 1161 1809 1201; x_wconf 80' lang='lat' dir='ltr'><em>cogerentur</em></span> 
     </span>
     <span class='ocr_line' id='line_1_17' title="bbox 112 1208 1807 1261; baseline 0.002 -16"><span class='ocrx_word' id='word_1_155' title='bbox 112 1208 181 1258; x_wconf 89' lang='lat' dir='ltr'><em>qui</em></span> <span class='ocrx_word' id='word_1_156' title='bbox 206 1209 263 1246; x_wconf 89' lang='lat' dir='ltr'><em>ita</em></span> <span class='ocrx_word' id='word_1_157' title='bbox 290 1208 643 1258; x_wconf 84' lang='lat' dir='ltr'><em>praedicaverant,</em></span> <span class='ocrx_word' id='word_1_158' title='bbox 668 1209 983 1258; x_wconf 85' lang='lat' dir='ltr'><em>judicatumque</em></span> <span class='ocrx_word' id='word_1_159' title='bbox 1010 1210 1131 1247; x_wconf 88' lang='lat' dir='ltr'><em>fuisse</em></span> <span class='ocrx_word' id='word_1_160' title='bbox 1159 1210 1323 1247; x_wconf 87' lang='lat' dir='ltr'><em>omnino</em></span> <span class='ocrx_word' id='word_1_161' title='bbox 1350 1211 1454 1248; x_wconf 89' lang='lat' dir='ltr'><em>hanc</em></span> <span class='ocrx_word' id='word_1_162' title='bbox 1477 1212 1710 1260; x_wconf 85' lang='lat' dir='ltr'><em>opinionem</em></span> <span class='ocrx_word' id='word_1_163' title='bbox 1735 1226 1807 1261; x_wconf 84' lang='lat' dir='ltr'><em>pro</em></span> 
     </span>
     <span class='ocr_line' id='line_1_18' title="bbox 111 1267 1808 1307; baseline 0.001 -2"><span class='ocrx_word' id='word_1_164' title='bbox 111 1267 314 1305; x_wconf 84' lang='lat' dir='ltr'><em>haeretica</em></span> <span class='ocrx_word' id='word_1_165' title='bbox 353 1268 610 1306; x_wconf 88' lang='lat' dir='ltr'><em>censendam.</em></span> <span class='ocrx_word' id='word_1_166' title='bbox 650 1268 751 1305; x_wconf 81' lang='lat' dir='ltr'><em>Vide</em></span> <span class='ocrx_word' id='word_1_167' title='bbox 792 1268 1040 1306; x_wconf 89' lang='lat' dir='ltr'><em>Dermicium</em></span> <span class='ocrx_word' id='word_1_168' title='bbox 1066 1269 1246 1306; x_wconf 87' lang='lat' dir='ltr'><em>Thadaei</em></span> <span class='ocrx_word' id='word_1_169' title='bbox 1274 1270 1315 1306; x_wconf 86' lang='lat' dir='ltr'><em>in</em></span> <span class='ocrx_word' id='word_1_170' title='bbox 1346 1269 1479 1307; x_wconf 83' lang='lat' dir='ltr'><em>Nitela</em></span> <span class='ocrx_word' id='word_1_171' title='bbox 1517 1270 1808 1307; x_wconf 79' lang='lat' dir='ltr'><em>Franciscanae</em></span> 
     </span>
     <span class='ocr_line' id='line_1_19' title="bbox 112 1326 1557 1378; baseline 0.003 -15"><span class='ocrx_word' id='word_1_172' title='bbox 112 1327 329 1375; x_wconf 72' lang='lat' dir='ltr'><em>religionis,</em></span> <span class='ocrx_word' id='word_1_173' title='bbox 349 1341 387 1376; x_wconf 87' lang='lat' dir='ltr'><em>p.</em></span> <span class='ocrx_word' id='word_1_174' title='bbox 411 1326 500 1373; x_wconf 80' lang='grc'><em>449,</em></span> <span class='ocrx_word' id='word_1_175' title='bbox 521 1335 561 1365; x_wconf 90' lang='lat' dir='ltr'><em>et</em></span> <span class='ocrx_word' id='word_1_176' title='bbox 581 1326 872 1376; x_wconf 75' lang='lat' dir='ltr'><em>VVaddingum,</em></span> <span class='ocrx_word' id='word_1_177' title='bbox 893 1341 957 1366; x_wconf 91' lang='lat' dir='ltr'><em>an.</em></span> <span class='ocrx_word' id='word_1_178' title='bbox 982 1327 1095 1375; x_wconf 79' lang='lat'><strong>1351,</strong></span> <span class='ocrx_word' id='word_1_179' title='bbox 1124 1327 1139 1356; x_wconf 54' lang='lat' dir='ltr'>Q</span> <span class='ocrx_word' id='word_1_180' title='bbox 1161 1327 1208 1365; x_wconf 82' lang='lat'><strong>13</strong></span> <span class='ocrx_word' id='word_1_181' title='bbox 1239 1327 1283 1377; x_wconf 83' lang='lat' dir='ltr'><em>[t.</em></span> <span class='ocrx_word' id='word_1_182' title='bbox 1307 1342 1389 1375; x_wconf 83' lang='lat' dir='ltr'><em>vm,</em></span> <span class='ocrx_word' id='word_1_183' title='bbox 1410 1343 1448 1377; x_wconf 88' lang='lat' dir='ltr'><em>p.</em></span> <span class='ocrx_word' id='word_1_184' title='bbox 1471 1328 1557 1378; x_wconf 82' lang='grc'>58].</span> 
     </span>
    </p>

    <p class='ocr_par' dir='ltr' id='par_1_4' title="bbox 110 1385 1807 1612">
     <span class='ocr_line' id='line_1_20' title="bbox 164 1385 1806 1434; baseline 0.002 -12"><span class='ocrx_word' id='word_1_185' title='bbox 164 1385 277 1423; x_wconf 89' lang='lat' dir='ltr'><em>Obiit</em></span> <span class='ocrx_word' id='word_1_186' title='bbox 302 1386 512 1424; x_wconf 78' lang='lat' dir='ltr'><em>Avenione</em></span> <span class='ocrx_word' id='word_1_187' title='bbox 537 1400 644 1423; x_wconf 91' lang='lat' dir='ltr'><em>anno</em></span> <span class='ocrx_word' id='word_1_188' title='bbox 670 1385 925 1433; x_wconf 80' lang='lat' dir='ltr'>MCCCLIII,</span> <span class='ocrx_word' id='word_1_189' title='bbox 951 1386 1014 1424; x_wconf 90' lang='lat' dir='ltr'><em>die</em></span> <span class='ocrx_word' id='word_1_190' title='bbox 1040 1401 1143 1424; x_wconf 84' lang='lat' dir='ltr'><em>xxm</em></span> <span class='ocrx_word' id='word_1_191' title='bbox 1169 1386 1376 1434; x_wconf 80' lang='lat' dir='ltr'><em>februarii,</em></span> <span class='ocrx_word' id='word_1_192' title='bbox 1401 1396 1447 1424; x_wconf 88' lang='lat' dir='ltr'><em>ut</em></span> <span class='ocrx_word' id='word_1_193' title='bbox 1471 1388 1530 1425; x_wconf 88' lang='lat' dir='ltr'><em>ait</em></span> <span class='ocrx_word' id='word_1_194' title='bbox 1555 1388 1806 1425; x_wconf 88' lang='lat' dir='ltr'><em>Contelorius</em></span> 
     </span>
     <span class='ocr_line' id='line_1_21' title="bbox 115 1443 1807 1495; baseline 0.001 -12"><span class='ocrx_word' id='word_1_195' title='bbox 115 1443 166 1494; x_wconf 90' lang='lat' dir='ltr'><em>[p.</em></span> <span class='ocrx_word' id='word_1_196' title='bbox 194 1444 280 1494; x_wconf 82' lang='grc'><strong>78].</strong></span> <span class='ocrx_word' id='word_1_197' title='bbox 307 1445 492 1494; x_wconf 86' lang='lat' dir='ltr'><em>Plerique</em></span> <span class='ocrx_word' id='word_1_198' title='bbox 517 1459 655 1483; x_wconf 88' lang='lat' dir='ltr'><em>omnes</em></span> <span class='ocrx_word' id='word_1_199' title='bbox 679 1445 796 1482; x_wconf 90' lang='lat' dir='ltr'><em>aiunt</em></span> <span class='ocrx_word' id='word_1_200' title='bbox 818 1445 934 1484; x_wconf 87' lang='lat' dir='ltr'><em>illum</em></span> <span class='ocrx_word' id='word_1_201' title='bbox 957 1460 1041 1483; x_wconf 87' lang='lat' dir='ltr'><em>esse</em></span> <span class='ocrx_word' id='word_1_202' title='bbox 1073 1446 1281 1495; x_wconf 87' lang='lat' dir='ltr'><em>sepultum</em></span> <span class='ocrx_word' id='word_1_203' title='bbox 1304 1446 1473 1484; x_wconf 81' lang='lat' dir='ltr'><em>Tolosae</em></span> <span class='ocrx_word' id='word_1_204' title='bbox 1496 1447 1534 1484; x_wconf 88' lang='lat' dir='ltr'><em>in</em></span> <span class='ocrx_word' id='word_1_205' title='bbox 1561 1447 1807 1485; x_wconf 89' lang='lat' dir='ltr'><em>monasterio</em></span> 
     </span>
     <span class='ocr_line' id='line_1_22' title="bbox 113 1503 1806 1554; baseline 0.002 -14"><span class='ocrx_word' id='word_1_206' title='bbox 113 1503 286 1541; x_wconf 85' lang='lat' dir='ltr'><em>fratrum</em></span> <span class='ocrx_word' id='word_1_207' title='bbox 308 1504 654 1542; x_wconf 76' lang='lat' dir='ltr'><em>praedicatorum.</em></span> <span class='ocrx_word' id='word_1_208' title='bbox 680 1504 756 1541; x_wconf 87' lang='lat' dir='ltr'><em>Sed</em></span> <span class='ocrx_word' id='word_1_209' title='bbox 777 1505 853 1554; x_wconf 88' lang='lat' dir='ltr'><em>ipsi</em></span> <span class='ocrx_word' id='word_1_210' title='bbox 874 1505 1025 1542; x_wconf 91' lang='lat' dir='ltr'><em>nescire</em></span> <span class='ocrx_word' id='word_1_211' title='bbox 1047 1519 1086 1542; x_wconf 84' lang='lat' dir='ltr'><em>se</em></span> <span class='ocrx_word' id='word_1_212' title='bbox 1109 1505 1293 1543; x_wconf 84' lang='lat' dir='ltr'><em>fatentur</em></span> <span class='ocrx_word' id='word_1_213' title='bbox 1313 1519 1365 1542; x_wconf 93' lang='lat' dir='ltr'><em>an</em></span> <span class='ocrx_word' id='word_1_214' title='bbox 1386 1519 1528 1544; x_wconf 90' lang='lat' dir='ltr'><em>verum</em></span> <span class='ocrx_word' id='word_1_215' title='bbox 1549 1506 1614 1553; x_wconf 90' lang='lat' dir='ltr'><em>sit,</em></span> <span class='ocrx_word' id='word_1_216' title='bbox 1636 1514 1677 1544; x_wconf 87' lang='lat' dir='ltr'><em>et</em></span> <span class='ocrx_word' id='word_1_217' title='bbox 1698 1506 1806 1543; x_wconf 90' lang='lat' dir='ltr'><em>nulla</em></span> 
     </span>
     <span class='ocr_line' id='line_1_23' title="bbox 110 1562 1005 1612; baseline 0.003 -13"><span class='ocrx_word' id='word_1_218' title='bbox 110 1562 279 1612; x_wconf 88' lang='lat' dir='ltr'><em>hujusce</em></span> <span class='ocrx_word' id='word_1_219' title='bbox 302 1563 358 1601; x_wconf 90' lang='lat' dir='ltr'><em>rei</em></span> <span class='ocrx_word' id='word_1_220' title='bbox 382 1563 577 1601; x_wconf 88' lang='lat' dir='ltr'><em>memoria</em></span> <span class='ocrx_word' id='word_1_221' title='bbox 601 1564 712 1612; x_wconf 89' lang='lat' dir='ltr'><em>apud</em></span> <span class='ocrx_word' id='word_1_222' title='bbox 733 1563 822 1601; x_wconf 90' lang='lat' dir='ltr'><em>illos</em></span> <span class='ocrx_word' id='word_1_223' title='bbox 847 1571 964 1602; x_wconf 83' lang='lat' dir='ltr'><em>extat</em></span> <span class='ocrx_word' id='word_1_224' title='bbox 979 1563 1005 1602; x_wconf 81' lang='lat'><em>4.</em></span> 
     </span>
    </p>

    <p class='ocr_par' dir='ltr' id='par_1_5' title="bbox 110 1621 1809 2262">
     <span class='ocr_line' id='line_1_24' title="bbox 165 1621 1809 1671; baseline 0 -11"><span class='ocrx_word' id='word_1_225' title='bbox 165 1622 207 1660; x_wconf 92' lang='grc' dir='ltr'><em>Ρ.</em></span> <span class='ocrx_word' id='word_1_226' title='bbox 236 1621 325 1669; x_wconf 83' lang='grc'>256,</span> <span class='ocrx_word' id='word_1_227' title='bbox 351 1622 417 1671; x_wconf 80' lang='lat' dir='ltr'><em>lig.</em></span> <span class='ocrx_word' id='word_1_228' title='bbox 448 1622 507 1660; x_wconf 83' lang='lat'><em>19.</em></span> <span class='ocrx_word' id='word_1_229' title='bbox 538 1622 811 1659; x_wconf 70' lang='lat' dir='ltr'><strong>RAYNALDUS</strong></span> <span class='ocrx_word' id='word_1_230' title='bbox 840 1637 894 1659; x_wconf 88' lang='lat' dir='ltr'><em>DE</em></span> <span class='ocrx_word' id='word_1_231' title='bbox 924 1622 1109 1661; x_wconf 68' lang='lat' dir='ltr'><em>Unsmffi.</em></span> <span class='ocrx_word' id='word_1_232' title='bbox 1139 1622 1485 1661; x_wconf 88' lang='lat' dir='ltr'><em>Archidiaconum</em></span> <span class='ocrx_word' id='word_1_233' title='bbox 1513 1622 1809 1661; x_wconf 80' lang='lat' dir='ltr'><em>Leodienscm5</em></span> 
     </span>
     <span class='ocr_line' id='line_1_25' title="bbox 111 1681 1808 1732; baseline 0 -13"><span class='ocrx_word' id='word_1_234' title='bbox 111 1688 152 1719; x_wconf 88' lang='lat' dir='ltr'><em>et</em></span> <span class='ocrx_word' id='word_1_235' title='bbox 179 1694 310 1730; x_wconf 88' lang='lat' dir='ltr'><em>papae</em></span> <span class='ocrx_word' id='word_1_236' title='bbox 340 1681 547 1719; x_wconf 88' lang='lat' dir='ltr'><em>notarium</em></span> <span class='ocrx_word' id='word_1_237' title='bbox 576 1681 698 1719; x_wconf 88' lang='lat' dir='ltr'><em>fuisse</em></span> <span class='ocrx_word' id='word_1_238' title='bbox 727 1689 823 1719; x_wconf 88' lang='lat' dir='ltr'><em>ante</em></span> <span class='ocrx_word' id='word_1_239' title='bbox 854 1695 978 1731; x_wconf 89' lang='lat' dir='ltr'><em>quam</em></span> <span class='ocrx_word' id='word_1_240' title='bbox 1011 1681 1123 1719; x_wconf 83' lang='lat' dir='ltr'><em>fieret</em></span> <span class='ocrx_word' id='word_1_241' title='bbox 1153 1682 1368 1719; x_wconf 88' lang='lat' dir='ltr'><em>cardinalis</em></span> <span class='ocrx_word' id='word_1_242' title='bbox 1397 1689 1514 1731; x_wconf 86' lang='lat' dir='ltr'><em>patet</em></span> <span class='ocrx_word' id='word_1_243' title='bbox 1543 1696 1592 1720; x_wconf 88' lang='lat' dir='ltr'><em>ex</em></span> <span class='ocrx_word' id='word_1_244' title='bbox 1628 1682 1674 1720; x_wconf 89' lang='lat' dir='ltr'><em>iis</em></span> <span class='ocrx_word' id='word_1_245' title='bbox 1705 1696 1808 1732; x_wconf 88' lang='lat' dir='ltr'><em>quae</em></span> 
     </span>
     <span class='ocr_line' id='line_1_26' title="bbox 110 1739 1805 1790; baseline 0.001 -13"><span class='ocrx_word' id='word_1_246' title='bbox 110 1739 234 1778; x_wconf 88' lang='lat' dir='ltr'><em>refert</em></span> <span class='ocrx_word' id='word_1_247' title='bbox 253 1741 432 1778; x_wconf 57' lang='lat' dir='ltr'><em>„Ioannes</em></span> <span class='ocrx_word' id='word_1_248' title='bbox 454 1740 708 1788; x_wconf 64' lang='lat' dir='ltr'><em>Hoesenfius,</em></span> <span class='ocrx_word' id='word_1_249' title='bbox 730 1754 768 1790; x_wconf 90' lang='lat' dir='ltr'><em>p.</em></span> <span class='ocrx_word' id='word_1_250' title='bbox 793 1740 882 1788; x_wconf 82' lang='grc'>496,</span> <span class='ocrx_word' id='word_1_251' title='bbox 903 1740 990 1788; x_wconf 79' lang='grc'>506,</span> <span class='ocrx_word' id='word_1_252' title='bbox 1008 1740 1066 1777; x_wconf 86' lang='lat' dir='ltr'><em>De</em></span> <span class='ocrx_word' id='word_1_253' title='bbox 1085 1740 1201 1789; x_wconf 78' lang='lat' dir='ltr'><em>gestis</em></span> <span class='ocrx_word' id='word_1_254' title='bbox 1224 1741 1498 1790; x_wconf 77' lang='lat' dir='ltr'><em>episcoporum</em></span> <span class='ocrx_word' id='word_1_255' title='bbox 1516 1741 1805 1779; x_wconf 72' lang='lat' dir='ltr'><em>Leodiensiam.</em></span> 
     </span>
     <span class='ocr_line' id='line_1_27' title="bbox 113 1798 1806 1850; baseline 0.001 -15"><span class='ocrx_word' id='word_1_256' title='bbox 113 1798 171 1836; x_wconf 91' lang='lat' dir='ltr'><em>De</em></span> <span class='ocrx_word' id='word_1_257' title='bbox 192 1799 334 1838; x_wconf 85' lang='lat' dir='ltr'><em>eodem</em></span> <span class='ocrx_word' id='word_1_258' title='bbox 353 1799 640 1848; x_wconf 81' lang='lat' dir='ltr'><em>intelligendus</em></span> <span class='ocrx_word' id='word_1_259' title='bbox 664 1800 898 1847; x_wconf 77' lang='lat' dir='ltr'><em>petrarcha,</em></span> <span class='ocrx_word' id='word_1_260' title='bbox 919 1800 987 1838; x_wconf 88' lang='lat' dir='ltr'><em>lib.</em></span> <span class='ocrx_word' id='word_1_261' title='bbox 1011 1800 1115 1836; x_wconf 90' lang='lat' dir='ltr'>VIII</span> <span class='ocrx_word' id='word_1_262' title='bbox 1137 1800 1223 1838; x_wconf 84' lang='lat' dir='ltr'><em>Rer.</em></span> <span class='ocrx_word' id='word_1_263' title='bbox 1246 1800 1390 1848; x_wconf 70' lang='lat' dir='ltr'><em>famil.⁷</em></span> <span class='ocrx_word' id='word_1_264' title='bbox 1415 1800 1533 1849; x_wconf 88' lang='lat' dir='ltr'><em>epist.</em></span> <span class='ocrx_word' id='word_1_265' title='bbox 1567 1815 1634 1847; x_wconf 86' lang='lat' dir='ltr'><em>vn,</em></span> <span class='ocrx_word' id='word_1_266' title='bbox 1656 1801 1806 1850; x_wconf 84' lang='lat' dir='ltr'><em>scripta</em></span> 
     </span>
     <span class='ocr_line' id='line_1_28' title="bbox 110 1858 1808 1908; baseline 0.001 -14"><span class='ocrx_word' id='word_1_267' title='bbox 110 1871 217 1895; x_wconf 89' lang='lat' dir='ltr'><em>anno</em></span> <span class='ocrx_word' id='word_1_268' title='bbox 252 1858 588 1905; x_wconf 80' lang='lat' dir='ltr'>MCCCXLVIIL</span> <span class='ocrx_word' id='word_1_269' title='bbox 624 1858 686 1896; x_wconf 88' lang='lat' dir='ltr'><em>die</em></span> <span class='ocrx_word' id='word_1_270' title='bbox 720 1859 915 1907; x_wconf 82' lang='lat' dir='ltr'><em>vigesima</em></span> <span class='ocrx_word' id='word_1_271' title='bbox 947 1859 1052 1908; x_wconf 87' lang='lat' dir='ltr'><em>junii</em></span> <span class='ocrx_word' id='word_1_272' title='bbox 1088 1874 1094 1895; x_wconf 94' lang='lat'><strong>:</strong></span> <span class='ocrx_word' id='word_1_273' title='bbox 1130 1858 1411 1896; x_wconf 81' lang='lat' dir='ltr'><em>Reeommendo</em></span> <span class='ocrx_word' id='word_1_274' title='bbox 1445 1873 1503 1896; x_wconf 85' lang='lat' dir='ltr'><em>me</em></span> <span class='ocrx_word' id='word_1_275' title='bbox 1535 1860 1693 1896; x_wconf 80' lang='lat' dir='ltr'><em>domino</em></span> <span class='ocrx_word' id='word_1_276' title='bbox 1727 1873 1808 1896; x_wconf 85' lang='lat' dir='ltr'><em>meo</em></span> 
     </span>
     <span class='ocr_line' id='line_1_29' title="bbox 111 1916 1809 1967; baseline 0.001 -14"><span class='ocrx_word' id='word_1_277' title='bbox 111 1916 268 1953; x_wconf 85' lang='lat' dir='ltr'><em>domino</em></span> <span class='ocrx_word' id='word_1_278' title='bbox 304 1916 526 1954; x_wconf 74' lang='lat' dir='ltr'><em>Theanensi</em></span> <span class='ocrx_word' id='word_1_279' title='bbox 558 1917 749 1967; x_wconf 79' lang='lat' dir='ltr'><em>participi</em></span> <span class='ocrx_word' id='word_1_280' title='bbox 783 1918 958 1954; x_wconf 70' lang='lat' dir='ltr'><em>&lt;lotorum</em></span> <span class='ocrx_word' id='word_1_281' title='bbox 991 1932 1175 1956; x_wconf 78' lang='lat' dir='ltr'><em>meorum.</em></span> <span class='ocrx_word' id='word_1_282' title='bbox 1214 1917 1310 1955; x_wconf 89' lang='lat' dir='ltr'><em>Item</em></span> <span class='ocrx_word' id='word_1_283' title='bbox 1343 1918 1501 1955; x_wconf 82' lang='lat' dir='ltr'><em>domino</em></span> <span class='ocrx_word' id='word_1_284' title='bbox 1533 1918 1809 1955; x_wconf 82' lang='lat' dir='ltr'><em>archidiacono</em></span> 
     </span>
     <span class='ocr_line' id='line_1_30' title="bbox 111 1975 1807 2026; baseline 0.002 -14"><span class='ocrx_word' id='word_1_285' title='bbox 111 1975 329 2014; x_wconf 82' lang='lat' dir='ltr'><em>Leodiensi.</em></span> <span class='ocrx_word' id='word_1_286' title='bbox 363 1976 566 2014; x_wconf 87' lang='lat' dir='ltr'><em>Eumdem</em></span> <span class='ocrx_word' id='word_1_287' title='bbox 595 1976 717 2014; x_wconf 86' lang='lat' dir='ltr'><em>fuisse</em></span> <span class='ocrx_word' id='word_1_288' title='bbox 747 1977 1082 2016; x_wconf 83' lang='lat' dir='ltr'><em>archidiaconum</em></span> <span class='ocrx_word' id='word_1_289' title='bbox 1112 1977 1353 2014; x_wconf 87' lang='lat' dir='ltr'><em>Perusinum</em></span> <span class='ocrx_word' id='word_1_290' title='bbox 1382 1984 1561 2015; x_wconf 88' lang='lat' dir='ltr'><em>testatur</em></span> <span class='ocrx_word' id='word_1_291' title='bbox 1591 1977 1807 2026; x_wconf 89' lang='lat' dir='ltr'><em>Pompeius</em></span> 
     </span>
     <span class='ocr_line' id='line_1_31' title="bbox 112 2034 1807 2085; baseline 0.001 -14"><span class='ocrx_word' id='word_1_292' title='bbox 112 2034 302 2082; x_wconf 83' lang='lat' dir='ltr'><em>Pellinus,</em></span> <span class='ocrx_word' id='word_1_293' title='bbox 333 2043 362 2072; x_wconf 83' lang='lat' dir='ltr'><em>t.</em></span> <span class='ocrx_word' id='word_1_294' title='bbox 394 2050 420 2081; x_wconf 85' lang='lat'><em>1,</em></span> <span class='ocrx_word' id='word_1_295' title='bbox 450 2035 556 2073; x_wconf 74' lang='lat' dir='ltr'><em>Hist.</em></span> <span class='ocrx_word' id='word_1_296' title='bbox 590 2036 743 2082; x_wconf 58' lang='lat' dir='ltr'><em>Perus„</em></span> <span class='ocrx_word' id='word_1_297' title='bbox 773 2050 811 2085; x_wconf 89' lang='lat' dir='ltr'><em>p.</em></span> <span class='ocrx_word' id='word_1_298' title='bbox 846 2035 958 2074; x_wconf 82' lang='lat'><strong>1027.</strong></span> <span class='ocrx_word' id='word_1_299' title='bbox 990 2035 1181 2073; x_wconf 86' lang='lat' dir='ltr'><em>Interfuit</em></span> <span class='ocrx_word' id='word_1_300' title='bbox 1211 2050 1318 2073; x_wconf 88' lang='lat' dir='ltr'><em>anno</em></span> <span class='ocrx_word' id='word_1_301' title='bbox 1342 2036 1623 2074; x_wconf 87' lang='lat' dir='ltr'>MCCCLXIX</span> <span class='ocrx_word' id='word_1_302' title='bbox 1653 2037 1807 2074; x_wconf 90' lang='lat' dir='ltr'><em>solenni</em></span> 
     </span>
     <span class='ocr_line' id='line_1_32' title="bbox 111 2093 1807 2144; baseline 0.001 -14"><span class='ocrx_word' id='word_1_303' title='bbox 111 2093 341 2131; x_wconf 83' lang='lat' dir='ltr'><em>schismatis</em></span> <span class='ocrx_word' id='word_1_304' title='bbox 359 2093 579 2143; x_wconf 86' lang='lat' dir='ltr'><em>ejurationi</em></span> <span class='ocrx_word' id='word_1_305' title='bbox 596 2094 728 2132; x_wconf 84' lang='lat' dir='ltr'><em>factae</em></span> <span class='ocrx_word' id='word_1_306' title='bbox 744 2095 785 2132; x_wconf 89' lang='grc'><em>111</em></span> <span class='ocrx_word' id='word_1_307' title='bbox 802 2095 901 2132; x_wconf 88' lang='lat' dir='ltr'><em>urbe</em></span> <span class='ocrx_word' id='word_1_308' title='bbox 925 2095 1055 2132; x_wconf 86' lang='lat' dir='ltr'><em>Roma</em></span> <span class='ocrx_word' id='word_1_309' title='bbox 1080 2108 1101 2131; x_wconf 94' lang='lat' dir='ltr'><em>a</em></span> <span class='ocrx_word' id='word_1_310' title='bbox 1128 2095 1287 2133; x_wconf 83' lang='lat' dir='ltr'><em>Joanne</em></span> <span class='ocrx_word' id='word_1_311' title='bbox 1305 2095 1546 2144; x_wconf 79' lang='lat' dir='ltr'><em>Palaeologo</em></span> <span class='ocrx_word' id='word_1_312' title='bbox 1562 2095 1807 2144; x_wconf 88' lang='lat' dir='ltr'><em>imperatore</em></span> 
     </span>
     <span class='ocr_line' id='line_1_33' title="bbox 112 2152 1807 2203; baseline 0.001 -14"><span class='ocrx_word' id='word_1_313' title='bbox 112 2152 585 2202; x_wconf 86' lang='lat' dir='ltr'><em>Constantinopolitano,</em></span> <span class='ocrx_word' id='word_1_314' title='bbox 617 2167 698 2190; x_wconf 91' lang='lat' dir='ltr'><em>non</em></span> <span class='ocrx_word' id='word_1_315' title='bbox 729 2161 868 2191; x_wconf 87' lang='lat' dir='ltr'><em>tamen</em></span> <span class='ocrx_word' id='word_1_316' title='bbox 899 2155 1056 2203; x_wconf 85' lang='lat' dir='ltr'><em>legatus</em></span> <span class='ocrx_word' id='word_1_317' title='bbox 1087 2154 1339 2203; x_wconf 80' lang='lat' dir='ltr'><em>pontificius,</em></span> <span class='ocrx_word' id='word_1_318' title='bbox 1372 2167 1450 2203; x_wconf 91' lang='lat' dir='ltr'><em>qua</em></span> <span class='ocrx_word' id='word_1_319' title='bbox 1484 2154 1683 2203; x_wconf 83' lang='lat' dir='ltr'><em>dignitate</em></span> <span class='ocrx_word' id='word_1_320' title='bbox 1715 2168 1807 2191; x_wconf 89' lang='lat' dir='ltr'><em>eum</em></span> 
     </span>
     <span class='ocr_line' id='line_1_34' title="bbox 111 2211 1807 2262; baseline 0.001 -14"><span class='ocrx_word' id='word_1_321' title='bbox 111 2220 230 2249; x_wconf 89' lang='lat' dir='ltr'><em>ornat</em></span> <span class='ocrx_word' id='word_1_322' title='bbox 254 2212 451 2250; x_wconf 84' lang='lat' dir='ltr'><em>Oldoinus</em></span> <span class='ocrx_word' id='word_1_323' title='bbox 475 2212 515 2249; x_wconf 88' lang='lat' dir='ltr'><em>in</em></span> <span class='ocrx_word' id='word_1_324' title='bbox 539 2212 615 2250; x_wconf 89' lang='lat' dir='ltr'><em>hoc</em></span> <span class='ocrx_word' id='word_1_325' title='bbox 638 2213 725 2249; x_wconf 91' lang='grc'>1000</span> <span class='ocrx_word' id='word_1_326' title='bbox 756 2211 800 2261; x_wconf 80' lang='lat' dir='ltr'><em>[t.</em></span> <span class='ocrx_word' id='word_1_327' title='bbox 825 2227 865 2260; x_wconf 85' lang='grc'><em>11,</em></span> <span class='ocrx_word' id='word_1_328' title='bbox 891 2212 1085 2262; x_wconf 61' lang='grc'>001517),</span> <span class='ocrx_word' id='word_1_329' title='bbox 1117 2212 1186 2250; x_wconf 86' lang='lat' dir='ltr'><em>sed</em></span> <span class='ocrx_word' id='word_1_330' title='bbox 1211 2221 1257 2250; x_wconf 90' lang='lat' dir='ltr'><em>ut</em></span> <span class='ocrx_word' id='word_1_331' title='bbox 1281 2213 1490 2262; x_wconf 83' lang='lat' dir='ltr'><em>delegatus</em></span> <span class='ocrx_word' id='word_1_332' title='bbox 1514 2213 1565 2249; x_wconf 93' lang='lat' dir='ltr'><em>ad</em></span> <span class='ocrx_word' id='word_1_333' title='bbox 1589 2226 1679 2250; x_wconf 88' lang='lat' dir='ltr'><em>eam</em></span> <span class='ocrx_word' id='word_1_334' title='bbox 1702 2212 1807 2251; x_wconf 89' lang='lat' dir='ltr'><em>exci-</em></span> 
     </span>
    </p>
   </div>
   <div class='ocr_carea' id='block_1_3' title="bbox 108 2364 1804 3149">
    <p class='ocr_par' dir='ltr' id='par_1_6' title="bbox 108 2364 1803 2461">
     <span class='ocr_line' id='line_1_35' title="bbox 157 2364 1803 2409; baseline 0.001 -13"><span class='ocrx_word' id='word_1_335' title='bbox 157 2364 188 2396; x_wconf 91' lang='lat'><em>1.</em></span> <span class='ocrx_word' id='word_1_336' title='bbox 222 2364 339 2407; x_wconf 80' lang='lat' dir='ltr'><em>Apres</em></span> <span class='ocrx_word' id='word_1_337' title='bbox 371 2376 439 2397; x_wconf 91' lang='lat' dir='ltr'><em>son</em></span> <span class='ocrx_word' id='word_1_338' title='bbox 470 2365 594 2398; x_wconf 79' lang='lat' dir='ltr'><em>entree</em></span> <span class='ocrx_word' id='word_1_339' title='bbox 628 2365 648 2396; x_wconf 81' lang='lat' dir='ltr'><em>a</em></span> <span class='ocrx_word' id='word_1_340' title='bbox 679 2365 714 2398; x_wconf 88' lang='lat' dir='ltr'><em>la</em></span> <span class='ocrx_word' id='word_1_341' title='bbox 745 2365 855 2405; x_wconf 81' lang='lat' dir='ltr'><em>curie,</em></span> <span class='ocrx_word' id='word_1_342' title='bbox 882 2365 1109 2398; x_wconf 76' lang='lat' dir='ltr'><em>c’est-a-dire</em></span> <span class='ocrx_word' id='word_1_343' title='bbox 1142 2368 1247 2409; x_wconf 81' lang='lat' dir='ltr'><em>apres</em></span> <span class='ocrx_word' id='word_1_344' title='bbox 1280 2367 1310 2398; x_wconf 94' lang='grc'><em>10</em></span> <span class='ocrx_word' id='word_1_345' title='bbox 1337 2367 1357 2399; x_wconf 89' lang='lat'>3</span> <span class='ocrx_word' id='word_1_346' title='bbox 1389 2365 1525 2399; x_wconf 77' lang='lat' dir='ltr'><em>sevrier</em></span> <span class='ocrx_word' id='word_1_347' title='bbox 1543 2366 1632 2399; x_wconf 88' lang='lat'><strong>1351</strong></span> <span class='ocrx_word' id='word_1_348' title='bbox 1658 2365 1803 2409; x_wconf 87' lang='lat' dir='ltr'><em>(Euhel,</em></span> 
     </span>
     <span class='ocr_line' id='line_1_36' title="bbox 108 2413 1046 2461; baseline 0.003 -12"><span class='ocrx_word' id='word_1_349' title='bbox 108 2416 337 2456; x_wconf 72' lang='lat' dir='ltr'><em>Hierarchia,</em></span> <span class='ocrx_word' id='word_1_350' title='bbox 364 2423 390 2450; x_wconf 85' lang='lat' dir='ltr'><em>t.</em></span> <span class='ocrx_word' id='word_1_351' title='bbox 414 2429 437 2456; x_wconf 93' lang='lat'><em>1,</em></span> <span class='ocrx_word' id='word_1_352' title='bbox 464 2429 498 2460; x_wconf 92' lang='lat' dir='ltr'><em>p.</em></span> <span class='ocrx_word' id='word_1_353' title='bbox 525 2418 597 2461; x_wconf 93' lang='grc'>19).</span> <span class='ocrx_word' id='word_1_354' title='bbox 1044 2413 1046 2416; x_wconf 50' lang='grc'>’</span> 
     </span>
    </p>

    <p class='ocr_par' dir='ltr' id='par_1_7' title="bbox 108 2470 1801 2566">
     <span class='ocr_line' id='line_1_37' title="bbox 158 2470 1801 2514; baseline 0.001 -12"><span class='ocrx_word' id='word_1_355' title='bbox 158 2470 188 2503; x_wconf 84' lang='grc'><em>2.</em></span> <span class='ocrx_word' id='word_1_356' title='bbox 211 2470 264 2503; x_wconf 88' lang='lat' dir='ltr'><em>De</em></span> <span class='ocrx_word' id='word_1_357' title='bbox 283 2470 462 2513; x_wconf 85' lang='lat' dir='ltr'><em>sanguine</em></span> <span class='ocrx_word' id='word_1_358' title='bbox 477 2470 624 2510; x_wconf 89' lang='lat' dir='ltr'><em>Christi,</em></span> <span class='ocrx_word' id='word_1_359' title='bbox 639 2471 723 2503; x_wconf 89' lang='lat' dir='ltr'><em>vide</em></span> <span class='ocrx_word' id='word_1_360' title='bbox 737 2470 887 2504; x_wconf 84' lang='lat' dir='ltr'><em>Sixtum</em></span> <span class='ocrx_word' id='word_1_361' title='bbox 904 2472 954 2504; x_wconf 94' lang='lat' dir='ltr'><em>IV</em></span> <span class='ocrx_word' id='word_1_362' title='bbox 970 2471 1008 2504; x_wconf 85' lang='lat' dir='ltr'><em>in</em></span> <span class='ocrx_word' id='word_1_363' title='bbox 1028 2472 1199 2505; x_wconf 53' lang='lat' dir='ltr'><em>Tractatio</em></span> <span class='ocrx_word' id='word_1_364' title='bbox 1217 2473 1257 2504; x_wconf 86' lang='lat' dir='ltr'><em>de</em></span> <span class='ocrx_word' id='word_1_365' title='bbox 1278 2473 1460 2514; x_wconf 75' lang='lat' dir='ltr'><em>sanguine</em></span> <span class='ocrx_word' id='word_1_366' title='bbox 1478 2471 1626 2511; x_wconf 79' lang='lat' dir='ltr'><em>Christi,</em></span> <span class='ocrx_word' id='word_1_367' title='bbox 1642 2472 1706 2505; x_wconf 83' lang='lat' dir='ltr'><em>fol.</em></span> <span class='ocrx_word' id='word_1_368' title='bbox 1720 2472 1801 2511; x_wconf 86' lang='lat'><strong>104,</strong></span> 
     </span>
     <span class='ocr_line' id='line_1_38' title="bbox 108 2523 321 2566; baseline 0 -10"><span class='ocrx_word' id='word_1_369' title='bbox 108 2523 177 2556; x_wconf 87' lang='lat'><em>105</em></span> <span class='ocrx_word' id='word_1_370' title='bbox 193 2523 282 2566; x_wconf 87' lang='lat' dir='ltr'><em>[Bal.</em></span> <span class='ocrx_word' id='word_1_371' title='bbox 296 2523 321 2566; x_wconf 84' lang='lat'><em>].</em></span> 
     </span>
    </p>

    <p class='ocr_par' dir='ltr' id='par_1_8' title="bbox 157 2576 1751 2620">
     <span class='ocr_line' id='line_1_39' title="bbox 157 2576 1751 2620; baseline 0.001 -11"><span class='ocrx_word' id='word_1_372' title='bbox 157 2577 190 2610; x_wconf 92' lang='lat'><em>3.</em></span> <span class='ocrx_word' id='word_1_373' title='bbox 209 2576 256 2609; x_wconf 87' lang='lat' dir='ltr'><em>Sa</em></span> <span class='ocrx_word' id='word_1_374' title='bbox 274 2578 429 2620; x_wconf 78' lang='lat' dir='ltr'><em>reponse</em></span> <span class='ocrx_word' id='word_1_375' title='bbox 447 2582 504 2609; x_wconf 83' lang='lat' dir='ltr'><em>est</em></span> <span class='ocrx_word' id='word_1_376' title='bbox 522 2577 613 2609; x_wconf 90' lang='lat' dir='ltr'><em>dans</em></span> <span class='ocrx_word' id='word_1_377' title='bbox 632 2577 699 2610; x_wconf 90' lang='lat' dir='ltr'><em>Th.</em></span> <span class='ocrx_word' id='word_1_378' title='bbox 721 2577 857 2620; x_wconf 87' lang='lat' dir='ltr'><em>Ripoll‚</em></span> <span class='ocrx_word' id='word_1_379' title='bbox 875 2577 1088 2611; x_wconf 73' lang='lat' dir='ltr'><em>Baliarium</em></span> <span class='ocrx_word' id='word_1_380' title='bbox 1104 2578 1144 2611; x_wconf 87' lang='lat' dir='ltr'><em>O.</em></span> <span class='ocrx_word' id='word_1_381' title='bbox 1164 2578 1221 2617; x_wconf 64' lang='lat' dir='ltr'><em>P„</em></span> <span class='ocrx_word' id='word_1_382' title='bbox 1243 2578 1373 2616; x_wconf 85' lang='lat' dir='ltr'><em>Rome,</em></span> <span class='ocrx_word' id='word_1_383' title='bbox 1393 2577 1496 2616; x_wconf 89' lang='lat'><strong>1730,</strong></span> <span class='ocrx_word' id='word_1_384' title='bbox 1517 2583 1543 2610; x_wconf 93' lang='lat' dir='ltr'><em>t.</em></span> <span class='ocrx_word' id='word_1_385' title='bbox 1560 2589 1598 2616; x_wconf 90' lang='lat'><em>11,</em></span> <span class='ocrx_word' id='word_1_386' title='bbox 1617 2589 1652 2620; x_wconf 88' lang='lat' dir='ltr'><em>p.</em></span> <span class='ocrx_word' id='word_1_387' title='bbox 1672 2578 1751 2610; x_wconf 85' lang='lat'><em>235.</em></span> 
     </span>
    </p>

    <p class='ocr_par' dir='ltr' id='par_1_9' title="bbox 108 2624 1803 2833">
     <span class='ocr_line' id='line_1_40' title="bbox 157 2624 1803 2672; baseline 0.001 -11"><span class='ocrx_word' id='word_1_388' title='bbox 157 2629 190 2662; x_wconf 88' lang='grc'><em>4.</em></span> <span class='ocrx_word' id='word_1_389' title='bbox 210 2629 239 2662; x_wconf 87' lang='grc' dir='ltr'><em>ΙΙ</em></span> <span class='ocrx_word' id='word_1_390' title='bbox 255 2629 412 2662; x_wconf 85' lang='lat' dir='ltr'><em>n’existe</em></span> <span class='ocrx_word' id='word_1_391' title='bbox 429 2640 572 2662; x_wconf 87' lang='lat' dir='ltr'><em>aucune</em></span> <span class='ocrx_word' id='word_1_392' title='bbox 588 2636 689 2663; x_wconf 84' lang='lat' dir='ltr'><em>trace</em></span> <span class='ocrx_word' id='word_1_393' title='bbox 706 2631 749 2663; x_wconf 88' lang='lat' dir='ltr'><em>de</em></span> <span class='ocrx_word' id='word_1_394' title='bbox 765 2642 831 2663; x_wconf 89' lang='lat' dir='ltr'><em>son</em></span> <span class='ocrx_word' id='word_1_395' title='bbox 848 2631 1027 2664; x_wconf 84' lang='lat' dir='ltr'><em>tombeau</em></span> <span class='ocrx_word' id='word_1_396' title='bbox 1043 2631 1063 2662; x_wconf 78' lang='lat' dir='ltr'><em>a</em></span> <span class='ocrx_word' id='word_1_397' title='bbox 1080 2624 1274 2663; x_wconf 88' lang='lat' dir='ltr'><em>Toulouse.</em></span> <span class='ocrx_word' id='word_1_398' title='bbox 1291 2650 1340 2653; x_wconf 87' lang='lat'><strong>—</strong></span> <span class='ocrx_word' id='word_1_399' title='bbox 1354 2630 1423 2663; x_wconf 88' lang='lat' dir='ltr'><em>Sur</em></span> <span class='ocrx_word' id='word_1_400' title='bbox 1438 2630 1533 2662; x_wconf 85' lang='lat' dir='ltr'><em>Jean</em></span> <span class='ocrx_word' id='word_1_401' title='bbox 1550 2630 1612 2662; x_wconf 90' lang='lat' dir='ltr'><em>des</em></span> <span class='ocrx_word' id='word_1_402' title='bbox 1628 2630 1803 2672; x_wconf 84' lang='lat' dir='ltr'><em>Moulins,</em></span> 
     </span>
     <span class='ocr_line' id='line_1_41' title="bbox 110 2681 1803 2727; baseline 0.001 -12"><span class='ocrx_word' id='word_1_403' title='bbox 110 2682 190 2715; x_wconf 90' lang='lat' dir='ltr'><em>voir</em></span> <span class='ocrx_word' id='word_1_404' title='bbox 209 2682 244 2715; x_wconf 84' lang='lat' dir='ltr'><em>J.</em></span> <span class='ocrx_word' id='word_1_405' title='bbox 267 2682 314 2716; x_wconf 91' lang='lat' dir='ltr'><em>M.</em></span> <span class='ocrx_word' id='word_1_406' title='bbox 337 2682 458 2721; x_wconf 89' lang='lat' dir='ltr'><em>Vidal,</em></span> <span class='ocrx_word' id='word_1_407' title='bbox 479 2681 646 2716; x_wconf 79' lang='lat' dir='ltr'><em>Ballaire</em></span> <span class='ocrx_word' id='word_1_408' title='bbox 665 2683 706 2716; x_wconf 84' lang='lat' dir='ltr'><em>de</em></span> <span class='ocrx_word' id='word_1_409' title='bbox 725 2683 978 2726; x_wconf 79' lang='lat' dir='ltr'><em>l’Inquisition</em></span> <span class='ocrx_word' id='word_1_410' title='bbox 996 2684 1188 2727; x_wconf 69' lang='lat' dir='ltr'><em>srancaise,</em></span> <span class='ocrx_word' id='word_1_411' title='bbox 1211 2696 1246 2727; x_wconf 92' lang='lat' dir='ltr'><em>p.</em></span> <span class='ocrx_word' id='word_1_412' title='bbox 1268 2684 1355 2723; x_wconf 89' lang='lat'>303;</span> <span class='ocrx_word' id='word_1_413' title='bbox 1377 2682 1540 2722; x_wconf 85' lang='lat' dir='ltr'><em>Mortier,</em></span> <span class='ocrx_word' id='word_1_414' title='bbox 1562 2683 1725 2716; x_wconf 82' lang='lat' dir='ltr'><em>Histoire</em></span> <span class='ocrx_word' id='word_1_415' title='bbox 1744 2683 1803 2716; x_wconf 82' lang='lat' dir='ltr'><em>des</em></span> 
     </span>
     <span class='ocr_line' id='line_1_42' title="bbox 110 2735 1803 2780; baseline 0 -12"><span class='ocrx_word' id='word_1_416' title='bbox 110 2736 252 2768; x_wconf 71' lang='lat' dir='ltr'><em>maitres</em></span> <span class='ocrx_word' id='word_1_417' title='bbox 266 2736 449 2778; x_wconf 65' lang='lat' dir='ltr'><em>generatim</em></span> <span class='ocrx_word' id='word_1_418' title='bbox 461 2735 502 2768; x_wconf 80' lang='lat' dir='ltr'><em>de</em></span> <span class='ocrx_word' id='word_1_419' title='bbox 515 2735 654 2768; x_wconf 85' lang='lat' dir='ltr'><em>l&#39;Ordre</em></span> <span class='ocrx_word' id='word_1_420' title='bbox 667 2737 726 2769; x_wconf 81' lang='lat' dir='ltr'><em>des</em></span> <span class='ocrx_word' id='word_1_421' title='bbox 740 2736 866 2769; x_wconf 75' lang='lat' dir='ltr'><em>Freres</em></span> <span class='ocrx_word' id='word_1_422' title='bbox 880 2737 1088 2776; x_wconf 59' lang='lat' dir='ltr'><em>Prachews,</em></span> <span class='ocrx_word' id='word_1_423' title='bbox 1105 2743 1131 2769; x_wconf 89' lang='lat' dir='ltr'><em>t.</em></span> <span class='ocrx_word' id='word_1_424' title='bbox 1146 2749 1196 2775; x_wconf 93' lang='lat'>111,</span> <span class='ocrx_word' id='word_1_425' title='bbox 1213 2748 1247 2780; x_wconf 89' lang='lat' dir='ltr'><em>p.</em></span> <span class='ocrx_word' id='word_1_426' title='bbox 1265 2736 1439 2775; x_wconf 62' lang='lat' dir='ltr'><em>274ss2883</em></span> <span class='ocrx_word' id='word_1_427' title='bbox 1457 2735 1602 2768; x_wconf 86' lang='lat' dir='ltr'><em>Denifle</em></span> <span class='ocrx_word' id='word_1_428' title='bbox 1616 2742 1654 2768; x_wconf 88' lang='lat' dir='ltr'><em>et</em></span> <span class='ocrx_word' id='word_1_429' title='bbox 1669 2735 1803 2768; x_wconf 77' lang='lat' dir='ltr'><em>Chate-</em></span> 
     </span>
     <span class='ocr_line' id='line_1_43' title="bbox 108 2787 1398 2833; baseline 0 -12"><span class='ocrx_word' id='word_1_430' title='bbox 108 2787 195 2828; x_wconf 85' lang='lat' dir='ltr'><em>lain,</em></span> <span class='ocrx_word' id='word_1_431' title='bbox 215 2788 501 2828; x_wconf 77' lang='lat' dir='ltr'><em>Chartularium,</em></span> <span class='ocrx_word' id='word_1_432' title='bbox 520 2794 546 2821; x_wconf 87' lang='lat' dir='ltr'><em>t.</em></span> <span class='ocrx_word' id='word_1_433' title='bbox 564 2800 601 2828; x_wconf 92' lang='lat'><em>11,</em></span> <span class='ocrx_word' id='word_1_434' title='bbox 620 2801 656 2832; x_wconf 89' lang='lat' dir='ltr'><em>p.</em></span> <span class='ocrx_word' id='word_1_435' title='bbox 676 2790 762 2829; x_wconf 67' lang='lat'><strong>7733</strong></span> <span class='ocrx_word' id='word_1_436' title='bbox 780 2789 935 2833; x_wconf 80' lang='lat' dir='ltr'><em>Deprez‚</em></span> <span class='ocrx_word' id='word_1_437' title='bbox 959 2802 993 2822; x_wconf 90' lang='grc'><em>11.</em></span> <span class='ocrx_word' id='word_1_438' title='bbox 1017 2790 1097 2829; x_wconf 85' lang='grc'>966,</span> <span class='ocrx_word' id='word_1_439' title='bbox 1125 2790 1212 2822; x_wconf 88' lang='grc'>1311</span> <span class='ocrx_word' id='word_1_440' title='bbox 1237 2795 1274 2821; x_wconf 84' lang='lat' dir='ltr'><em>et</em></span> <span class='ocrx_word' id='word_1_441' title='bbox 1295 2789 1398 2822; x_wconf 82' lang='lat'><strong>1312.</strong></span> 
     </span>
    </p>

    <p class='ocr_par' dir='ltr' id='par_1_10' title="bbox 108 2833 1804 3149">
     <span class='ocr_line' id='line_1_44' title="bbox 158 2833 1802 2886; baseline 0 -12"><span class='ocrx_word' id='word_1_442' title='bbox 158 2842 190 2874; x_wconf 91' lang='lat'><em>5.</em></span> <span class='ocrx_word' id='word_1_443' title='bbox 219 2841 305 2874; x_wconf 89' lang='lat' dir='ltr'><em>Plus</em></span> <span class='ocrx_word' id='word_1_444' title='bbox 330 2847 570 2874; x_wconf 80' lang='lat' dir='ltr'><em>exactement</em></span> <span class='ocrx_word' id='word_1_445' title='bbox 595 2841 822 2875; x_wconf 86' lang='lat' dir='ltr'><em>archidiacre</em></span> <span class='ocrx_word' id='word_1_446' title='bbox 850 2843 893 2875; x_wconf 88' lang='lat' dir='ltr'><em>de</em></span> <span class='ocrx_word' id='word_1_447' title='bbox 915 2842 1092 2886; x_wconf 90' lang='lat' dir='ltr'><em>Campine</em></span> <span class='ocrx_word' id='word_1_448' title='bbox 1119 2854 1164 2875; x_wconf 88' lang='lat' dir='ltr'><em>en</em></span> <span class='ocrx_word' id='word_1_449' title='bbox 1188 2833 1338 2884; x_wconf 75' lang='lat' dir='ltr'><em>I’Eglise</em></span> <span class='ocrx_word' id='word_1_450' title='bbox 1366 2842 1409 2874; x_wconf 90' lang='lat' dir='ltr'><em>de</em></span> <span class='ocrx_word' id='word_1_451' title='bbox 1428 2841 1536 2884; x_wconf 77' lang='lat' dir='ltr'><em>Liege</em></span> <span class='ocrx_word' id='word_1_452' title='bbox 1563 2841 1583 2873; x_wconf 78' lang='lat' dir='ltr'><em>a</em></span> <span class='ocrx_word' id='word_1_453' title='bbox 1609 2841 1727 2884; x_wconf 82' lang='lat' dir='ltr'><em>partir</em></span> <span class='ocrx_word' id='word_1_454' title='bbox 1753 2842 1802 2874; x_wconf 92' lang='lat' dir='ltr'><em>du</em></span> 
     </span>
     <span class='ocr_line' id='line_1_45' title="bbox 111 2893 1804 2939; baseline 0.001 -13"><span class='ocrx_word' id='word_1_455' title='bbox 111 2894 155 2927; x_wconf 84' lang='lat'><em>29</em></span> <span class='ocrx_word' id='word_1_456' title='bbox 172 2905 271 2926; x_wconf 86' lang='lat' dir='ltr'><em>mars</em></span> <span class='ocrx_word' id='word_1_457' title='bbox 290 2894 382 2927; x_wconf 83' lang='lat'><strong>1323</strong></span> <span class='ocrx_word' id='word_1_458' title='bbox 404 2893 560 2937; x_wconf 88' lang='lat' dir='ltr'><em>(Mollat‚</em></span> <span class='ocrx_word' id='word_1_459' title='bbox 580 2906 615 2927; x_wconf 89' lang='lat' dir='ltr'><em>n.</em></span> <span class='ocrx_word' id='word_1_460' title='bbox 634 2895 780 2939; x_wconf 91' lang='grc'>17110).</span> <span class='ocrx_word' id='word_1_461' title='bbox 802 2895 881 2928; x_wconf 87' lang='lat' dir='ltr'><em>Une</em></span> <span class='ocrx_word' id='word_1_462' title='bbox 900 2902 1027 2928; x_wconf 83' lang='lat' dir='ltr'><em>courte</em></span> <span class='ocrx_word' id='word_1_463' title='bbox 1046 2894 1262 2938; x_wconf 83' lang='lat' dir='ltr'><em>biographie</em></span> <span class='ocrx_word' id='word_1_464' title='bbox 1281 2906 1302 2926; x_wconf 84' lang='lat' dir='ltr'><em>a</em></span> <span class='ocrx_word' id='word_1_465' title='bbox 1319 2896 1377 2928; x_wconf 81' lang='lat' dir='ltr'><em>ete</em></span> <span class='ocrx_word' id='word_1_466' title='bbox 1395 2893 1506 2927; x_wconf 78' lang='lat' dir='ltr'><em>ecrite</em></span> <span class='ocrx_word' id='word_1_467' title='bbox 1525 2905 1592 2937; x_wconf 88' lang='lat' dir='ltr'><em>par</em></span> <span class='ocrx_word' id='word_1_468' title='bbox 1608 2894 1639 2927; x_wconf 90' lang='lat' dir='ltr'><em>le</em></span> <span class='ocrx_word' id='word_1_469' title='bbox 1659 2894 1697 2927; x_wconf 92' lang='lat' dir='ltr'><em>P.</em></span> <span class='ocrx_word' id='word_1_470' title='bbox 1716 2894 1804 2927; x_wconf 89' lang='lat' dir='ltr'><em>Ber-</em></span> 
     </span>
     <span class='ocr_line' id='line_1_46' title="bbox 114 2946 1803 2991; baseline 0.001 -12"><span class='ocrx_word' id='word_1_471' title='bbox 114 2946 199 2980; x_wconf 77' lang='lat' dir='ltr'><em>liere</em></span> <span class='ocrx_word' id='word_1_472' title='bbox 226 2946 306 2990; x_wconf 84' lang='lat' dir='ltr'><em>(Les</em></span> <span class='ocrx_word' id='word_1_473' title='bbox 328 2947 568 2980; x_wconf 77' lang='lat' dir='ltr'><em>archidiacres</em></span> <span class='ocrx_word' id='word_1_474' title='bbox 590 2948 631 2980; x_wconf 83' lang='lat' dir='ltr'><em>de</em></span> <span class='ocrx_word' id='word_1_475' title='bbox 650 2947 760 2991; x_wconf 72' lang='lat' dir='ltr'><em>Liege</em></span> <span class='ocrx_word' id='word_1_476' title='bbox 781 2959 830 2981; x_wconf 78' lang='lat' dir='ltr'><em>aa</em></span> <span class='ocrx_word' id='word_1_477' title='bbox 851 2947 967 2981; x_wconf 76' lang='lat' dir='ltr'><em>XJVe</em></span> <span class='ocrx_word' id='word_1_478' title='bbox 989 2948 1102 2986; x_wconf 71' lang='lat' dir='ltr'><em>siecle,</em></span> <span class='ocrx_word' id='word_1_479' title='bbox 1128 2948 1219 2980; x_wconf 88' lang='lat' dir='ltr'><em>dans</em></span> <span class='ocrx_word' id='word_1_480' title='bbox 1242 2947 1424 2980; x_wconf 78' lang='lat' dir='ltr'><em>Bulletins</em></span> <span class='ocrx_word' id='word_1_481' title='bbox 1446 2947 1486 2980; x_wconf 85' lang='lat' dir='ltr'><em>de</em></span> <span class='ocrx_word' id='word_1_482' title='bbox 1507 2947 1543 2979; x_wconf 83' lang='lat' dir='ltr'><em>la</em></span> <span class='ocrx_word' id='word_1_483' title='bbox 1572 2948 1803 2980; x_wconf 78' lang='lat' dir='ltr'><em>commission</em></span> 
     </span>
     <span class='ocr_line' id='line_1_47' title="bbox 108 2999 1803 3044; baseline 0.001 -12"><span class='ocrx_word' id='word_1_484' title='bbox 108 2999 228 3043; x_wconf 75' lang='lat' dir='ltr'><em>royale</em></span> <span class='ocrx_word' id='word_1_485' title='bbox 249 2999 433 3033; x_wconf 83' lang='lat' dir='ltr'><em>d&#39;histoire</em></span> <span class='ocrx_word' id='word_1_486' title='bbox 453 3000 494 3032; x_wconf 83' lang='lat' dir='ltr'><em>de</em></span> <span class='ocrx_word' id='word_1_487' title='bbox 513 2999 697 3043; x_wconf 80' lang='lat' dir='ltr'><em>Belgique,</em></span> <span class='ocrx_word' id='word_1_488' title='bbox 721 3007 748 3033; x_wconf 87' lang='lat' dir='ltr'><em>t.</em></span> <span class='ocrx_word' id='word_1_489' title='bbox 773 3013 879 3033; x_wconf 84' lang='lat' dir='ltr'>Lxxv</span> <span class='ocrx_word' id='word_1_490' title='bbox 905 3000 1038 3044; x_wconf 84' lang='lat'><strong>(1906),</strong></span> <span class='ocrx_word' id='word_1_491' title='bbox 1062 3012 1097 3044; x_wconf 93' lang='lat' dir='ltr'><em>p.</em></span> <span class='ocrx_word' id='word_1_492' title='bbox 1122 3000 1306 3043; x_wconf 85' lang='grc'>168-171).</span> <span class='ocrx_word' id='word_1_493' title='bbox 1331 2999 1420 3032; x_wconf 91' lang='lat' dir='ltr'><em>Voir</em></span> <span class='ocrx_word' id='word_1_494' title='bbox 1437 2999 1475 3032; x_wconf 90' lang='lat' dir='ltr'><em>F.</em></span> <span class='ocrx_word' id='word_1_495' title='bbox 1500 2999 1624 3039; x_wconf 81' lang='lat' dir='ltr'><em>savio,</em></span> <span class='ocrx_word' id='word_1_496' title='bbox 1643 2999 1803 3033; x_wconf 68' lang='lat' dir='ltr'><em>Rtnaldo</em></span> 
     </span>
     <span class='ocr_line' id='line_1_48' title="bbox 108 3052 1803 3096; baseline 0 -11"><span class='ocrx_word' id='word_1_497' title='bbox 108 3052 235 3086; x_wconf 79' lang='lat' dir='ltr'><em>Orsini</em></span> <span class='ocrx_word' id='word_1_498' title='bbox 259 3053 296 3086; x_wconf 82' lang='lat' dir='ltr'><em>di</em></span> <span class='ocrx_word' id='word_1_499' title='bbox 322 3052 564 3095; x_wconf 69' lang='lat' dir='ltr'><em>Taghacozzo,</em></span> <span class='ocrx_word' id='word_1_500' title='bbox 591 3053 683 3086; x_wconf 88' lang='lat' dir='ltr'><em>dans</em></span> <span class='ocrx_word' id='word_1_501' title='bbox 706 3053 899 3087; x_wconf 82' lang='lat' dir='ltr'><em>Bollettino</em></span> <span class='ocrx_word' id='word_1_502' title='bbox 923 3053 1014 3087; x_wconf 81' lang='lat' dir='ltr'><em>della</em></span> <span class='ocrx_word' id='word_1_503' title='bbox 1037 3053 1130 3086; x_wconf 83' lang='lat' dir='ltr'><em>reale</em></span> <span class='ocrx_word' id='word_1_504' title='bbox 1153 3053 1387 3096; x_wconf 80' lang='lat' dir='ltr'><em>deputazione</em></span> <span class='ocrx_word' id='word_1_505' title='bbox 1411 3053 1448 3086; x_wconf 86' lang='lat' dir='ltr'><em>di</em></span> <span class='ocrx_word' id='word_1_506' title='bbox 1470 3053 1582 3086; x_wconf 82' lang='lat' dir='ltr'><em>storia</em></span> <span class='ocrx_word' id='word_1_507' title='bbox 1602 3053 1726 3096; x_wconf 86' lang='lat' dir='ltr'><em>patria</em></span> <span class='ocrx_word' id='word_1_508' title='bbox 1739 3064 1803 3096; x_wconf 85' lang='lat' dir='ltr'><em>per</em></span> 
     </span>
     <span class='ocr_line' id='line_1_49' title="bbox 109 3105 842 3149; baseline 0 -11"><span class='ocrx_word' id='word_1_509' title='bbox 109 3105 306 3144; x_wconf 79' lang='lat' dir='ltr'><em>l’Umbria,</em></span> <span class='ocrx_word' id='word_1_510' title='bbox 333 3111 359 3138; x_wconf 86' lang='lat' dir='ltr'><em>t.</em></span> <span class='ocrx_word' id='word_1_511' title='bbox 384 3117 423 3138; x_wconf 91' lang='lat'><em>111</em></span> <span class='ocrx_word' id='word_1_512' title='bbox 451 3105 584 3149; x_wconf 88' lang='grc'>(1897),</span> <span class='ocrx_word' id='word_1_513' title='bbox 610 3118 645 3149; x_wconf 92' lang='lat' dir='ltr'><em>p.</em></span> <span class='ocrx_word' id='word_1_514' title='bbox 671 3106 842 3140; x_wconf 81' lang='lat'><strong>170-173.</strong></span> 
     </span>
    </p>
   </div>
  </div>
 </body>
</html>
