2083 3458
262 242 340 283 782
911 253 1063 278 NOTAE
1099 254 1158 278 AD
1193 253 1321 278 VITAs
1817 238 1969 295 [1260]

259 342 387 390 resuse'
409 341 441 378 le
464 340 602 390 clzapel
624 353 742 388 rouge
765 339 809 376 de
833 337 906 385 lai,
930 345 964 375 et
985 337 1127 387 depuis
1151 338 1183 374 le
1204 336 1308 387 prist
1329 338 1382 375 dii
1405 337 1464 375 dit
1485 352 1589 388 pape
1612 338 1801 386 Clement,
1825 353 1971 376 comme

259 403 395 439 desszis
412 408 466 437 est
483 400 551 437 dit.
572 398 617 436 Si
635 399 746 436 estoit
763 406 879 447 grant
893 397 1133 447 aprobation
1151 398 1203 434 clii
1217 397 1294 446 fait
1307 398 1359 435 dii
1372 397 1429 435 dit
1443 412 1548 447 pape
1565 397 1754 446 Clement,
1772 399 1972 437 considere

259 462 297 498 la
319 468 434 509 grant
455 459 594 508 clergie
616 466 650 496 et
670 458 902 507 soziffi'sance
924 458 977 494 olii
998 456 1056 495 dit
1076 456 1270 495 cardinal.

313 520 414 557 Erat
438 527 579 556 autem
603 518 750 556 absens
777 517 943 567 quando
969 516 1103 554 factus
1129 525 1191 554 est
1215 515 1448 554 cardinalis.
1478 516 1624 566 Itaque
1649 517 1834 555 Clemens
1859 531 1968 568 papa

259 579 311 617 ad
333 593 427 618 eum
450 577 562 616 misit
580 577 733 627 pileum
751 577 926 615 rubeum
946 591 1018 626 per
1038 576 1262 626 quemdam
1284 575 1546 615 domicellum
1561 576 1817 623 „servientem
1836 591 1968 617 armo-

258 653 362 686 rum,
382 638 417 676 ei
438 638 686 675 tradendum
704 652 776 687 per
795 635 1014 686 Anglicum
1032 635 1272 686 episcopum
1291 635 1568 675 Albanensem
1587 644 1628 674 et
1648 637 1818 674 Petrum
1838 636 1967 675 cardi-

259 699 393 738 nalem
419 696 792 747 Pampilonensem,
818 696 888 746 qui
911 704 1003 735 tum
1027 703 1146 733 erant
1170 695 1396 733 Avenione.
1423 696 1575 735 Verum
1599 705 1744 746 postea
1769 696 1967 744 mutavit,

258 758 369 796 haud
401 756 523 795 dubie
556 756 651 806 quia
684 756 725 793 hi
757 756 838 794 duo
871 755 1097 794 cardinales
1129 755 1250 805 longo
1282 754 1501 793 intervallo
1543 755 1744 805 disjuncti
1783 764 1901 794 erant
1943 770 1966 794 a

260 818 380 856 Petro
399 817 446 855 de
463 816 665 863 Barreria,
684 815 755 865 qui
774 815 965 853 Lutetiae
981 823 1083 853 erat.
1106 814 1251 864 Itaque
1269 829 1364 854 eum
1385 815 1497 853 misit
1517 815 1568 853 ad
1591 815 1830 866 episcopum
1848 815 1965 854 Cabi-

258 878 479 915 lonensem.
509 877 653 914 Petrus
679 884 823 915 tamen
847 875 962 914 illum
988 889 1011 912 a
1037 882 1184 912 neutro
1211 889 1352 912 eorum
1378 874 1551 925 accepit,
1578 875 1648 913 sed
1674 889 1696 912 a
1723 876 1884 913 Joanne
1916 875 1965 914 de

258 938 401 975 Crosso
429 935 626 974 cardinali
653 934 949 973 Lemovicensi.
980 934 1132 972 Actum
1158 933 1271 972 istud
1298 934 1489 973 Lutetiae
1527 949 1636 972 anno
1671 935 1873 985 sequenti,
1901 934 1964 973 die

258 995 445 1035 mercurii
477 1004 625 1045 quarta
657 995 768 1041 maii,
799 1003 846 1032 ut
875 994 1007 1032 tradit
1031 994 1141 1033 idem
1164 993 1430 1032 continuator
1462 994 1644 1043 Nangiil
1676 1010 1683 1032 :
1716 994 1770 1032 Le
1801 994 1965 1032 mecredi

257 1056 489 1106 qziatriesme
513 1054 604 1105 jour
629 1055 672 1092 de
698 1069 789 1104 may
814 1055 897 1092 l’an
922 1049 1275 1091 MCCCLXXJX
1299 1054 1435 1091 dessas
1460 1054 1518 1091 dit
1548 1054 1610 1103 fat
1634 1056 1809 1104 presente
1834 1069 1909 1104 par
1934 1055 1966 1091 le

258 1116 313 1153 dit
334 1115 516 1153 cardinal
537 1116 580 1152 de
602 1114 786 1163 Limoges
807 1129 860 1152 aii
882 1114 1065 1152 cardinal
1082 1113 1264 1160 d’Osiun,
1286 1114 1378 1151 dont
1409 1114 1543 1151 (lessus
1561 1122 1616 1151 est
1640 1113 1758 1162 'faicte
1776 1114 1964 1161 mention,

257 1178 289 1213 le
312 1175 448 1225 cliapel
470 1188 589 1223 rouge
613 1189 660 1211 en
684 1175 722 1211 la
746 1188 926 1223 presence
950 1174 1003 1211 da
1027 1188 1095 1223 roy
1118 1181 1152 1211 et
1176 1174 1240 1211 cles
1264 1174 1366 1211 deam
1388 1182 1520 1211 autres
1535 1173 1796 1223 ,cardinaiilQ
1821 1173 1863 1211 id
1886 1182 1966 1222 est,

258 1234 463 1273 Guillelmi
498 1234 545 1272 de
580 1233 777 1284 Agrifolio
811 1242 852 1271 et
887 1233 1085 1271 Guidonis
1121 1233 1169 1271 de
1205 1232 1432 1271 Malesicco.
1472 1233 1627 1271 Deinde
1661 1233 1870 1283 profectus
1904 1241 1969 1271 est

257 1294 532 1340 Avenionem3
564 1308 644 1343 quo
674 1292 846 1331 advenit
875 1292 939 1331 die
967 1292 1092 1330 tertia
1124 1292 1317 1340 octobris,
1347 1301 1393 1330 ut
1423 1293 1674 1331 adnotatum
1703 1301 1765 1331 est
1792 1292 1835 1330 in
1862 1292 1967 1331 libro

258 1353 571 1403 Obligationam.
592 1354 698 1392 Tum
715 1368 811 1391 vero
831 1353 953 1391 datus
973 1352 1008 1391 ei
1026 1361 1088 1391 est
1103 1352 1251 1390 titulus
1272 1352 1518 1390 Sanctorum
1538 1352 1763 1390 Marcellini
1780 1361 1822 1390 et
1841 1352 1966 1391 Petri.

257 1414 388 1464 Vulgo
407 1422 550 1452 tamen
569 1412 865 1452 nominabatur
885 1412 1101 1451 cardinalis
1124 1411 1363 1465 Aeduensis.

277 1470 279 1473 ⁴
310 1473 481 1523 Scripsit
507 1481 738 1511 tractatum
762 1473 822 1509 De
848 1472 1056 1510 schismate
1083 1472 1279 1510 adversus
1310 1472 1515 1511 Joannem
1542 1472 1591 1510 de
1614 1471 1799 1521 Lignano
1827 1471 1965 1510 defen-

256 1548 387 1571 sorem
420 1533 602 1583 partium
636 1532 805 1570 Urbani.
837 1531 1026 1570 Habetur
1047 1531 1111 1569 ille
1134 1531 1175 1568 in
1198 1531 1406 1569 codicibus
1436 1531 1514 1570 812
1533 1540 1574 1569 et
1595 1531 1674 1570 814
1690 1531 1964 1569 bibliothecae

258 1592 515 1631 Colbertinae
535 1600 576 1630 et
595 1592 637 1629 in
657 1591 795 1630 codice
815 1591 892 1630 842
912 1591 1053 1630 Sancti
1073 1590 1248 1629 Victoris
1271 1591 1507 1629 parisiensis
1528 1590 1556 1639 ²,
1575 1605 1627 1629 ex
1646 1605 1726 1641 quo
1747 1590 1882 1629 editus
1902 1599 1965 1629 est

257 1652 297 1689 in
316 1661 430 1691 tomo
451 1661 600 1702 quarto
622 1651 826 1689 Historiae
847 1651 1119 1689 universitatis
1138 1651 1399 1698 parisiensis,
1420 1666 1460 1701 p.
1482 1650 1570 1689 529.

312 1712 353 1750 P.
384 1712 473 1759 473,
501 1711 567 1761 lig.
598 1711 660 1749 21.
692 1712 971 1748 LEONARDUM
1005 1726 1058 1749 DE
1088 1711 1295 1748 GIFFONO.
1329 1710 1450 1748 Istius
1480 1724 1630 1748 nomen
1657 1709 1867 1748 exciderat
1893 1725 1964 1760 per

256 1786 432 1810 errorem
454 1771 496 1808 in
519 1771 699 1809 editione
722 1770 934 1821 Bosqueti.
961 1771 1042 1808 Nos
1066 1770 1351 1808 revocavimus
1372 1769 1622 1808 auctoritate
1643 1778 1832 1808 veterum
1855 1769 1962 1807 codi-

257 1845 432 1937 C,millum
460 1890 651 1928 Urbanus
678 1890 735 1927 VI
762 1889 917 1928 creavit
943 1889 1194 1927 cardinalem
1219 1904 1328 1927 anno
1355 1876 1741 1936 MCCCLXXVIIL
1767 1888 1831 1927 die
1858 1903 1961 1926 xvm

256 1950 514 2000 septembris.
543 1949 620 1988 Sed
647 1949 866 1988 recusavit.
896 1949 1044 1987 Postea
1072 1963 1209 1987 mense
1237 1949 1444 1987 decembri
1470 1949 1654 1987 Clemens
1683 1948 1763 1986 VII
1790 1948 1839 1996 ei,
1866 1948 1961 1986 licet

256 2010 430 2057 absenti,
462 2009 611 2047 tribuit
642 2009 834 2048 eumdem
865 2009 1078 2056 honorem,
1111 2017 1152 2046 et
1184 2008 1246 2046 die
1280 2008 1425 2058 quinta
1457 2008 1595 2058 aprilis
1627 2007 1725 2045 anni
1756 2007 1961 2046 millesimi

257 2069 541 2107 CCCLXXIX
560 2068 576 2091 3
597 2069 648 2106 ad
669 2083 765 2108 eum
787 2068 898 2106 misit
920 2068 1073 2118 pileum
1094 2068 1282 2115 rubeum,
1305 2077 1352 2106 ut
1374 2068 1425 2105 ad
1448 2082 1513 2106 an.
1538 2068 1653 2115 1378,
1682 2068 1698 2116 ἓ
1722 2067 1813 2114 112,
1834 2067 1960 2106 refert

259 2128 454 2167 Odoricus
476 2128 716 2177 Raynaldus
733 2143 784 2166 ex
796 2128 942 2165 Diario
961 2127 1150 2166 Hectoris
1169 2127 1401 2177 Pignatelli.
1421 2127 1476 2165 At
1494 2127 1793 2174 Summontius,
1808 2141 1895 2177 par.
1919 2127 1958 2164 II

255 2188 361 2226 Hist.
388 2188 605 2238 Neapolit.,
630 2188 699 2226 lib.
730 2188 807 2235 III,
833 2202 871 2237 p.
899 2187 989 2235 455,
1014 2186 1157 2225 scribit
1180 2187 1297 2224 illum
1321 2201 1343 2224 a
1369 2187 1578 2226 Clemente
1603 2186 1714 2237 apud
1742 2186 1957 2236 Neapolim

256 2248 412 2287 sactum
436 2262 520 2286 esse
546 2247 797 2285 cardinalem
822 2261 957 2284 xxvnl
983 2246 1092 2285 maii.
1122 2246 1239 2295 Quod
1265 2246 1324 2284 ita
1348 2245 1663 2295 intelligendum
1686 2254 1790 2296 puto
1814 2254 1862 2283 ut
1887 2245 1958 2295 qui

253 2306 468 2345 cardinalis
496 2306 631 2345 fuerat
658 2307 889 2345 declaratus
916 2315 1092 2344 exeunte
1120 2305 1339 2353 decembri,
1366 2314 1406 2344 et
1432 2305 1586 2356 pileum
1611 2314 1756 2355 postea
1781 2305 1956 2343 rubeum

253 2366 434 2404 fortassis
457 2375 671 2416 acceperat
692 2366 809 2403 initio
831 2365 981 2405 mensis
1003 2365 1156 2416 aprilis,
1177 2380 1286 2403 nunc
1307 2365 1474 2404 demum
1494 2364 1680 2412 titulum,
1703 2364 1773 2414 qui
1793 2364 1956 2402 nonnisi

252 2425 533 2474 praesentibus
555 2425 643 2463 dari
664 2425 892 2473 consuevit,
914 2425 1117 2475 acceperit
1134 2439 1156 2462 a
1178 2425 1385 2463 Clemente
1406 2424 1469 2462 die
1488 2439 1621 2462 xxvni
1636 2423 1746 2462 maii.
1767 2424 1813 2461 In
1833 2423 1954 2474 depo-

250 2484 395 2523 sitione
426 2484 562 2523 fratris
594 2484 751 2534 Angeli,
782 2484 977 2534 generalis
1008 2483 1186 2522 ministri
1216 2483 1366 2522 ordinis
1399 2483 1618 2531 Minorum,
1647 2483 1705 2521 ita
1734 2482 1915 2533 legitur4
1944 2499 1951 2521 ε

253 2544 299 2580 Et
312 2544 421 2581 addit
434 2546 535 2593 qaod
547 2544 673 2582 dictus
688 2545 886 2594 deponens
898 2544 1054 2582 audivit
1069 2544 1144 2581 ista
1158 2544 1273 2581 verba
1289 2543 1331 2580 in
1346 2543 1518 2593 Neapoli
1532 2558 1556 2580 a
1571 2543 1671 2580 dicto
1690 2543 1954 2593 predecessore

247 2617 317 2639 sao
351 2604 580 2650 <Leonardo
614 2604 662 2641 de
697 2603 875 2649 Gisfono)
910 2611 998 2653 post
1028 2603 1175 2641 scisma
1202 2611 1410 2653 postquam
1435 2602 1678 2640 renuntiavit
1702 2602 1898 2652 capellum
1929 2617 1953 2639 a

247 2662 345 2699 (licto
368 2663 543 2711 Urbano,
560 2671 593 2700 et
608 2662 751 2713 recepit
765 2678 790 2700 a
806 2662 965 2700 domino
983 2662 1190 2700 Clemente.
1212 2663 1274 2699 Ex
1292 2662 1439 2711 quibus
1458 2661 1592 2711 colligi
1608 2676 1725 2711 posse
1742 2660 1952 2699 videretur

295 2821 326 2853 1.
363 2821 409 2854 Ul
429 2833 469 2860 s.,
494 2828 519 2854 t.
542 2823 579 2860 ix,
604 2834 637 2865 p.
662 2824 743 2856 362.

295 2875 324 2906 2.
357 2873 441 2906 Mss.
465 2875 579 2908 latins
601 2875 708 2916 1472,
730 2877 793 2909 fol.
818 2878 862 2911 63
885 2877 990 2910 v0-89
1013 2881 1069 2916 v⁰;
1092 2876 1199 2916 1469,
1223 2876 1285 2909 fol.
1311 2876 1482 2908 29·v0-42
1503 2880 1553 2915 r⁰;
1576 2874 1708 2915 14643,
1726 2874 1788 2907 fol.
1809 2874 1878 2907 130
1899 2878 1950 2907 1¹⁰-

246 2926 312 2957 '139
338 2932 392 2966 v03
418 2940 479 2959 sur
502 2928 551 2960 les
576 2935 702 2962 autres
726 2941 827 2969 mss.,
854 2930 935 2963 voir
956 2929 1083 2962 Valois
1111 2930 1180 2973 (op.
1206 2930 1277 2969 cit,
1303 2935 1328 2962 t.
1348 2941 1376 2967 ,1,
1402 2940 1436 2972 p.
1461 2928 1558 2972 131).
1583 2947 1623 2950 —
1662 2928 1733 2961 Sur
1756 2927 1877 2960 Pierre
1903 2927 1959 2961 de.

247 2979 420 3019 Marricrc,
446 2982 637 3014 consulter
660 2982 786 3016 Valois
815 2983 854 3026 (t.
878 2995 915 3023 11,
946 2995 981 3026 p.
1016 2984 1085 3016 472
1109 2989 1147 3015 ct
1171 2989 1197 3015 t.
1221 2994 1272 3023 lv,
1305 2994 1340 3026 p.
1367 2982 1448 3025 512)
1485 2988 1522 3015 et
1545 2981 1737 3015 Ro'mische
1760 2980 1949 3024 Quartals-

243 3031 347 3073 clm-ist
370 3034 408 3072 (t.
432 3045 499 3065 mx
524 3034 658 3077 (1905),
680 3047 714 3078 p.
736 3036 805 3069 165
825 3042 863 3069 et
882 3037 980 3080 170).

290 3086 321 3116 3.
354 3084 560 3118 Chronicon
579 3087 758 3128 Siculum,
780 3090 836 3122 ed.
859 3090 894 3122 J.
918 3090 961 3122 de
982 3089 1127 3130 Blasiis,
1150 3101 1184 3133 p.
1206 3089 1253 3122 34
1272 3095 1310 3121 et
1330 3089 1411 3121 124.

290 3138 321 3168 4.
352 3137 392 3171 Β.
415 3139 469 3178 N„
494 3151 560 3172 Ins.
579 3140 673 3172 latin
690 3141 820 3182 11745,
838 3142 900 3175 sol.
919 3143 988 3176 183
1007 3148 1057 3176 V0.
