2083 3458
298 278 378 319 746
946 294 1098 318 NOTAE
1133 294 1193 318 AD
1228 295 1356 320 VITAS
1856 277 2002 333 [1466]

293 393 378 417 suo.
408 379 506 416 Item
530 379 612 427 lego
635 376 763 414 simili
790 376 940 414 intuitu
964 377 1125 427 pietatis
1150 378 1375 427 Margarite
1399 386 1433 415 et
1457 378 1616 415 Martlze
1642 378 1805 426 filiabus
1830 377 2005 427 ejusdem

295 438 507 476 Bertrandi
533 437 575 475 de
604 437 790 487 Veyraco,
817 436 1002 486 neptibus
1027 437 1137 484 meis,
1164 437 1207 474 in
1230 437 1477 487 adjutorium
1501 437 1719 475 maritandi
1743 438 1898 475 easdem
1921 437 2003 474 cui-

294 498 387 537 libet
418 512 555 534 earum
587 504 741 534 centum
772 496 943 545 florenos
975 496 1081 543 auri,
1116 511 1210 547 quos
1244 497 1326 534 volo
1359 497 1462 534 tradi
1496 497 1596 535 dicto
1630 497 1863 544 Bertrando,
1897 496 2003 546 patri

294 572 443 603 earum,
462 571 532 606 pro
550 555 665 606 ipsis.
686 556 774 593 Hoc
791 556 879 594 loco
897 571 937 594 se
953 555 1102 605 ingerit
1120 556 1254 606 gravis
1273 556 1508 595 difficultas.
1528 556 1694 595 Etenim
1714 556 2003 605 Raymundus,

294 617 363 668 qui
393 616 472 654 fuit
510 624 682 665 patruus
715 614 922 654 Guillelmi
951 615 999 653 de
1031 615 1228 665 Agrifolio
1257 616 1429 665 junioris
1472 616 1705 663 cardinalis,
1748 615 1849 654 {ilias
1879 615 2004 665 hujus

291 675 512 715 Bertrandi
528 683 652 713 vocat
670 683 812 724 neptes
831 689 939 722 suas,
958 675 1008 713 ob
1026 675 1102 713 1100
1118 676 1169 712 ha
1179 675 1231 713 ud
1248 675 1370 713 dubie
1390 676 1500 725 q'uod
1518 684 1630 713 ortae
1648 684 1784 713 essent
1801 690 1851 713 ex
1866 689 2003 713 sorore

291 751 364 776 sua
391 735 520 775 amita
549 733 768 773 Guillelmi.
798 735 852 771 Et
878 743 1020 772 tamen
1047 749 1169 785 supra
1186 749 1224 784 p.
1255 735 1355 772 1012
1383 734 1561 774 vidimus
1588 735 1697 773 hunc
1723 735 2003 773 Bertrandum

293 797 414 835 fuisse
435 803 633 833 vocatum
653 793 855 833 sororium
874 794 1061 843 ejusdem
1082 794 1314 833 cardinalis.
1338 795 1456 842 Quod
1476 809 1621 832 verum
1641 809 1725 832 esse
1746 809 1828 831 non
1848 802 2002 844 potest,

291 856 323 894 si
356 854 610 893 Bertrandus
646 853 794 890 habuit
828 853 870 890 in
904 854 1219 893 matrimonium
1265 869 1444 892 sororem
1490 854 1671 904 episcopi
1709 853 1999 892 Ruthenensis.

292 917 482 954 Ceterum
516 912 735 951 Bertrandi
769 913 897 951 frater
934 913 1054 951 fuisse
1095 913 1255 951 videtur
1291 913 1531 952 Guillelmus
1568 914 1615 951 de
1652 914 1851 962 Veyraco,
1887 927 2001 963 prae-

292 983 434 1014 centor
461 973 664 1012 Ecclesiae
694 972 1094 1023 Agathensis,quem
1119 974 1303 1013 Clemens
1329 973 1385 1010 Vl
1411 973 1722 1013 commendavit
1749 973 2000 1022 Raymundo

292 1033 506 1084 pelegrini,
538 1032 650 1071 Sedis
680 1032 942 1082 apostolicae¹
962 1032 1110 1072 nuntio
1139 1033 1180 1070 in
1212 1032 1370 1082 Anglia.
1404 1033 1465 1070 Ex
1493 1033 1638 1071 eadem
1668 1041 1786 1082 gente
1817 1032 1865 1070 de
1896 1033 2000 1081 Vey-

291 1108 384 1133 raco
417 1108 499 1131 non
531 1091 678 1130 dubito
712 1100 849 1131 ortum
880 1107 965 1130 esse
999 1092 1232 1131 Gilbertum
1265 1093 1313 1130 de
1346 1093 1546 1141 Veyraco,
1579 1092 1778 1130 abbatem
1811 1092 1847 1130 S.
1888 1091 2001 1129 Pauli

296 1151 572 1191 Narbonensis
591 1167 598 1198 3
620 1151 792 1189 Scliedae
813 1150 1109 1199 Narbonenses,
1132 1166 1170 1202 p.
1196 1152 1285 1190 2l8.

346 1214 388 1251 Ρ.
414 1212 505 1259 443,
528 1211 595 1261 lig.
622 1211 683 1249 11.
712 1212 918 1249 INTRAVIT
943 1226 1128 1250 FULGUR.
1155 1212 1256 1250 Vide
1280 1226 1419 1262 supra,
1442 1226 1481 1262 p.
1509 1211 1625 1259 1184,
1648 1211 1720 1249 ubi
1744 1211 1831 1249 [050
1856 1220 1998 1249 actum

290 1281 351 1311 est
375 1273 423 1310 de
446 1280 537 1309 toto
560 1271 639 1309 isto
664 1270 841 1320 negotio.

345 1333 387 1370 P.
412 1332 503 1377 447,
525 1330 593 1380 lig.
618 1330 679 1369 17.
707 1331 862 1368 INDUIT
887 1345 978 1377 sn31,
1001 1330 1041 1368 id
1065 1339 1126 1368 est
1149 1330 1348 1368 cardinali
1372 1330 1511 1368 Sancti
1529 1330 1653 1368 Petri.
1681 1330 1797 1368 Istud
1819 1338 2000 1368 testatur
2064 1342 2070 1345 ·

290 1391 374 1442 ipse
397 1389 614 1429 cardinalis
637 1390 684 1428 de
705 1389 921 1427 Britannia
943 1390 983 1427 in
1005 1390 1261 1440 depositione
1283 1405 1355 1428 sua
1375 1390 1389 1412 1
1412 1406 1418 1427 :
1442 1391 1584 1427 Postea
1606 1390 1808 1441 irruerunt
1826 1389 2000 1427 Romani

290 1452 342 1489 ad
374 1450 643 1500 frangendum
678 1450 869 1497 conclave,
905 1458 939 1487 et
974 1449 1138 1499 quilibet
1173 1450 1357 1499 captabat
1393 1450 1551 1487 modum
1585 1449 1783 1499 fugiendi.
1821 1449 1872 1487 Et
1910 1464 1999 1487 cum

294 1510 506 1548 intrassent
528 1509 716 1556 Romani,
742 1523 848 1546 unus
872 1510 916 1546 de
938 1509 1214 1547 cardinalibus
1237 1509 1338 1547 dimit
1361 1510 1462 1559 quod
1485 1509 1703 1547 cardinalis
1728 1509 1866 1547 Sancti
1889 1509 1999 1546 Petri

292 1578 388 1607 esset
413 1584 535 1620 papa.
567 1569 679 1606 Tunc
707 1568 776 1606 iste
802 1569 1020 1606 cardinalis
1046 1569 1256 1606 assistebat
1281 1569 1360 1606 sibi
1387 1577 1421 1607 et
1448 1568 1580 1607 induit
1606 1583 1761 1619 capam,
1788 1568 1999 1606 etdicebat

292 1630 416 1667 eidem
440 1629 599 1667 domino
625 1628 762 1666 Sancti
786 1628 896 1666 Petri
920 1629 1022 1678 quod
1043 1629 1212 1666 salvaret
1233 1628 1375 1677 fratres
1397 1642 1503 1666 suos.
1533 1628 1625 1678 Ipse
1649 1642 1735 1665 vero
1760 1628 1914 1666 nolebat
1936 1642 1997 1666 ae-

290 1689 495 1739 quiescere.
523 1688 723 1725 Finaliter
746 1702 836 1725 cum
859 1687 1033 1725 Romani
1059 1688 1234 1725 venirent
1257 1689 1309 1726 ad
1330 1688 1561 1737 jaciendum
1587 1687 1647 1725 illi
1673 1687 1929 1725 reverentiam
1956 1702 1998 1725 eo

291 1748 428 1794 invito,
448 1747 518 1785 iste
544 1746 699 1784 recessit
724 1748 775 1784 ad
792 1748 952 1784 domum
977 1761 1094 1785 suam
1111 1762 1182 1797 que
1208 1748 1332 1784 nimis
1348 1761 1470 1797 prope
1486 1747 1698 1797 palatium.
1718 1747 1769 1784 Et
1793 1761 1882 1785 cum
1902 1755 1999 1785 esset

292 1808 412 1853 intuS,
439 1815 533 1853 etc.‚
560 1815 608 1844 ut
634 1821 772 1856 supra,
798 1821 838 1856 p.
868 1806 982 1845 1143.
1013 1807 1076 1844 Ex
1101 1806 1162 1844 1115
1188 1807 1275 1856 jam
1302 1814 1467 1845 constat
1494 1807 1642 1844 falsum
1672 1806 1794 1845 fuisse
1826 1807 1996 1845 Petrum

290 1866 462 1914 Alfonsi,
501 1866 745 1904 canonicum
785 1866 1086 1916 Hispalemem,
1125 1866 1330 1905 dicentem
1367 1866 1408 1903 in
1446 1866 1701 1916 depositione
1739 1880 1811 1904 sua
1850 1880 1996 1916 capam

288 1925 527 1978 impositam
555 1925 677 1964 fuisse
706 1925 903 1963 cardinali
931 1925 1072 1964 Sancti
1099 1925 1210 1964 Petri
1236 1940 1307 1976 per
1332 1940 1462 1963 unum
1489 1925 1752 1965 domicellum
1779 1925 1995 1964 cardinalis

290 1984 569 2024 Gebennensis
600 1985 614 2007 2
650 2001 656 2022 :
694 1985 965 2034 Interrogatus
997 1999 1117 2035 super
1149 1985 1262 2023 LIII
1295 1985 1396 2023 dixit
1436 1986 1538 2035 quod
1577 1985 1733 2023 audivit
1774 1985 1853 2023 dici
1896 1986 1998 2036 quod

286 2046 416 2094 fuerat
451 2044 639 2094 imposita
675 2059 777 2094 capa
814 2045 1011 2083 cardinali
1051 2045 1190 2083 Sancti
1216 2045 1340 2093 Petri,
1367 2053 1401 2082 et
1424 2045 1504 2094 suit
1529 2045 1685 2095 positus
1724 2044 1766 2082 in
1801 2045 1994 2083 cathedra.

292 2105 561 2153 Interrogatus
604 2103 693 2154 quis
743 2103 934 2154 imposuit
981 2104 1062 2142 sibi
1102 2119 1245 2154 capam
1292 2104 1394 2142 dixit
1433 2105 1535 2154 quod
1580 2104 1736 2142 audivit
1777 2104 1857 2142 dici
1894 2106 1996 2154 quod

289 2178 393 2201 unus
425 2164 651 2201 domicellus
689 2164 909 2201 cardinalis
948 2163 1217 2201 Gebennensis
1249 2164 1294 2202 de
1327 2164 1513 2209 mandato
1545 2163 1770 2214 aliquorum
1811 2164 1993 2205 cardina-

287 2223 400 2262 lium.

342 2282 520 2321 Multum
545 2291 685 2320 autem
711 2281 878 2319 variant
902 2281 943 2319 in
968 2282 1044 2320 hoc
1070 2282 1157 2320 loco
1184 2282 1461 2332 depositiones
1486 2282 1657 2320 testium
1684 2297 1785 2332 quos
1812 2283 1994 2321 ,loannes

288 2356 358 2379 rex
384 2342 583 2381 Castellae
608 2337 837 2381 examinari
860 2341 983 2391 jussit
1008 2342 1119 2392 apud
1146 2341 1354 2380 Medinam
1379 2341 1428 2380 de
1455 2342 1622 2392 Campo.
1651 2342 1816 2380 Etenim
1848 2342 1994 2381 Petrus

289 2401 446 2439 Alfonsi
467 2401 588 2439 isthic
610 2400 669 2438 ait
698 2414 845 2451 capam
874 2400 1114 2451 impositam
1135 2401 1258 2440 fuisse
1290 2401 1489 2439 cardinali
1509 2401 1651 2440 Sancti
1672 2401 1783 2440 Petri
1813 2415 1835 2438 a
1864 2401 1993 2439 domi-

287 2461 386 2498 cello
426 2460 643 2498 cardinalis
683 2460 976 2498 Gebennensis.
1017 2460 1145 2507 Alius,
1184 2460 1338 2499 scilicet
1376 2460 1503 2499 frater
1541 2460 1728 2509 Michael,
1766 2461 1993 2499 monachus

287 2519 527 2558 monasterii
549 2519 691 2558 Sancti
710 2519 1021 2558 Bartholomaei
1043 2520 1091 2558 de
1115 2520 1317 2570 Lupiana,
1340 2520 1446 2557 dixit
1468 2520 1627 2560 factum
1648 2520 1688 2557 id
1712 2535 1796 2559 esse
1814 2534 1840 2557 a
1864 2519 1992 2558 cardi—

286 2578 496 2617 nalibus3:
522 2579 760 2617 Cardinales
782 2579 919 2616 timore
941 2579 1152 2629 perterriti,
1176 2588 1218 2617 ut
1239 2580 1455 2627 dicebatur,
1473 2579 1688 2617 induerunt
1709 2594 1850 2630 capam
1865 2579 1991 2617 cardi·
2036 2607 2040 2612 -

287 2639 371 2675 nali
396 2638 533 2676 Sancti
557 2639 681 2685 Petri,
704 2647 739 2676 et
761 2639 946 2676 dixerunt
968 2639 1116 2688 populo
1140 2640 1242 2689 quod
1263 2648 1344 2676 erat
1366 2654 1488 2689 papa.
1519 2639 1623 2677 Item
1647 2639 1775 2677 frater
1797 2638 1991 2677 Alfonsus

287 2698 333 2735 de
361 2697 505 2735 Melide
531 2697 645 2735 tertii
671 2697 823 2736 ordinis
849 2697 1026 2737 fratrum
1053 2698 1258 2737 Minorum
1274 2697 1290 2721 4
1316 2714 1323 2735 z
1350 2698 1519 2736 Audivit
1544 2698 1623 2735 dici
1649 2699 1750 2748 quod
1769 2698 1992 2736 cardinales

286 2766 475 2803 rogarunt
500 2757 743 2795 cardinalem
768 2757 907 2795 Sancti
932 2757 1041 2795 Petri
1067 2758 1168 2807 quod
1193 2757 1333 2795 diceret
1356 2772 1395 2794 se
1419 2772 1500 2794 esse
1523 2772 1688 2807 papam,
1715 2765 1749 2795 et
1773 2765 1991 2807 posuerunt

285 2830 374 2852 eum
406 2816 444 2852 in
477 2816 672 2863 cathedra,
703 2825 736 2853 et
766 2817 978 2854 vestierunt
1007 2831 1161 2866 capam,
1192 2825 1227 2854 et
1257 2817 1531 2866 imposuerunt
1559 2816 1640 2854 sibi
1671 2816 1841 2854 mitram.
1881 2816 1989 2854 idem

285 2874 389 2911 dixi-t
406 2875 530 2912 frater
546 2876 689 2913 Petrus
706 2875 995 2923 Cordubensis,
1010 2877 1234 2914 monachus
1252 2876 1392 2914 Sancti
1404 2875 1712 2915 Bar-tholomaei
1724 2876 1772 2913 de
1786 2874 1988 2926 Lupiana.

336 3028 362 3059 1.
397 3028 434 3059 13.
463 3028 519 3064 h„
545 3040 610 3061 ms.
636 3029 731 3061 latin
756 3029 884 3069 11745,
910 3030 971 3062 fol.
997 3031 1040 3063 37
1066 3035 1115 3063 v0.

333 3081 361 3112 2.
395 3080 459 3113 Ms.
483 3082 565 3117 viic,
587 3082 648 3114 fol.
674 3083 738 3115 113
760 3088 810 3115 νο.

330 3135 360 3164 3,
394 3133 458 3165 Ms.
483 3134 565 3172 cite,
589 3134 649 3167 sol.
677 3136 741 3167 105
763 3140 805 3168 ΓΟ.

330 3186 360 3217 4.
393 3185 458 3218 Ms.
484 3187 567 3226 cite,
590 3187 652 3220 fol.
678 3188 746 3220 202
768 3193 810 3221 r0.
