2083 3458
272 229 354 272 664
920 242 1071 267 NOTAE
1106 242 1166 267 AD
1201 242 1328 285 vrras
1829 223 1969 281 [1143]

273 327 585 369 Salmanticensi
602 328 653 365 ad
671 326 891 365 articulum
907 326 957 364 54
974 340 1089 364 casus
1107 325 1227 376 primi
1243 325 1374 372 electi,
1390 325 1433 363 in
1450 340 1530 376 qua
1548 326 1603 365 sic
1628 326 1827 376 seriptum
1853 334 1920 364 est
1937 326 1946 348 ³
1971 342 1978 363 :

276 389 371 427 Item
395 388 495 426 dixit
518 388 619 437 quod
641 401 730 424 cum
752 394 848 423 esset
872 386 956 436 ipse
978 400 1103 435 supra
1127 386 1272 434 gradus
1298 385 1435 424 Sancti
1457 386 1580 431 Petri,
1605 386 1702 424 vidit
1724 386 1828 423 exire
1851 385 1977 423 cardi-

273 449 400 486 nalem
425 448 468 484 de
493 446 680 484 Britania
705 446 749 483 de
773 445 919 483 currali
944 445 1042 483 dicte
1065 445 1219 482 ecclesie
1244 444 1381 483 Sancti
1404 444 1527 492 Petri,
1552 453 1585 483 et
1608 445 1814 483 veniebant
1839 445 1881 482 in
1905 445 1977 482 cir-

273 507 380 545 cuitu
406 506 491 556 ejus
518 506 631 544 multi
657 505 844 552 Romani,
872 513 905 542 et
931 519 1019 542 cum
1045 505 1235 542 accederet
1262 504 1388 542 dictus
1415 504 1631 542 cardinalis
1657 505 1709 542 ad
1735 505 1881 554 gradus
1907 518 1977 554 pro

273 565 547 612 descendendo,
564 564 662 603 vidit
675 565 778 614 quod
789 564 849 602 illi
864 564 931 614 qui
947 564 1153 601 veniebant
1165 564 1207 601 in
1223 564 1390 602 circuitu
1407 564 1536 614 ipsius
1553 564 1769 613 injecerunt
1780 578 1923 601 manus
1936 563 1978 601 in

273 640 415 664 manus
438 625 560 672 illius,
583 632 617 662 et
637 624 734 662 vidit
755 624 856 674 quod
874 623 1129 661 extendebant
1149 623 1229 660 sibi
1250 638 1328 670 eas,
1350 631 1384 661 et
1403 624 1557 661 audivit
1576 632 1668 661 tunc
1689 624 1789 674 quod
1808 632 1977 661 extraxe-

273 693 364 723 runt
390 684 469 722 sibi
497 685 652 731 anulos,
682 692 812 721 tamen
840 683 925 733 ipse
953 697 1032 721 non
1060 683 1158 720 vidit
1184 697 1246 719 eos
1274 682 1481 730 extrahere,
1510 684 1577 720 sed
1603 683 1701 720 vidit
1728 697 1871 720 manus
1898 682 1978 720 sibi

272 744 424 783 extendi
447 744 549 781 malo
572 744 696 790 modo,
719 751 753 781 et
775 742 872 780 vidit
894 743 995 792 quod
1013 742 1194 780 tenebant
1213 756 1323 780 enses
1343 750 1378 779 et
1393 743 1563 780 cultellos
1583 757 1703 792 super
1722 757 1824 790 eum,
1841 750 1875 780 et
1895 742 1979 792 ipse

272 813 352 842 erat
380 804 423 841 in
451 811 603 854 roqueto
630 803 716 840 sine
744 817 845 853 capa
869 810 903 840 et
929 802 1107 852 capucio,
1131 809 1164 839 et
1188 801 1286 839 vidit
1307 816 1396 839 eum
1418 802 1552 840 statim
1577 802 1631 839 ire
1654 802 1767 852 pedes
1790 802 1842 839 ad
1860 815 1979 839 suum

273 863 502 914 hospitium,
531 863 632 912 quod
657 870 738 900 erat
765 862 821 899 ibi
848 876 969 912 prope
996 862 1155 910 gradus,
1183 869 1217 898 et
1243 861 1340 899 vidit
1365 861 1468 900 exire
1493 876 1586 898 suos
1613 862 1657 899 de
1682 861 1767 911 ejus
1794 860 1977 911 hospitio,

273 932 307 962 et
332 923 512 961 dicebant
536 922 615 959 sibi
644 938 651 959 :
678 922 861 968 Domine,
887 921 1026 970 fugite,
1055 920 1149 971 quia
1174 921 1310 958 omnia
1336 929 1460 959 vestra
1486 921 1785 958 derraubantur.
1815 920 1866 958 Et
1891 934 1979 958 cum

273 983 462 1021 accederet
492 982 561 1019 iste
591 981 696 1019 testis
726 981 778 1019 ad
805 989 959 1031 portam
989 980 1082 1018 dicti
1112 980 1342 1027 cardinalis,
1374 980 1472 1018 vidit
1500 980 1653 1030 aliquos
1682 980 1882 1017 Romanos
1912 979 1978 1030 qui

272 1042 523 1081 extrahebant
542 1041 677 1090 aliqua
696 1040 956 1090 supellectilia
976 1041 1020 1077 de
1033 1040 1139 1078 dicto
1159 1040 1343 1089 hospitio,
1365 1039 1482 1078 veluti
1506 1040 1688 1077 bancalia
1707 1048 1740 1077 et
1760 1053 1915 1089 pannos
1936 1039 1979 1077 de

274 1102 432 1153 pariete.
457 1101 508 1138 Et
528 1108 615 1150 post
637 1114 725 1138 cum
747 1100 887 1138 rediret
909 1100 979 1137 iste
1001 1099 1107 1137 testis
1129 1100 1182 1137 ad
1201 1099 1419 1149 hospitium
1440 1112 1560 1136 suum
1581 1107 1615 1137 et
1645 1099 1829 1137 transiret
1857 1112 1979 1149 prope

272 1161 472 1199 ecclesiam
501 1160 637 1198 Sancti
667 1159 858 1210 Spiritus,
888 1159 986 1197 vidit
1013 1160 1115 1209 quod
1143 1173 1246 1196 unus
1274 1159 1480 1196 Romanus
1508 1159 1715 1209 aportabat
1744 1173 1869 1196 unum
1900 1158 1977 1195 bre-

272 1221 445 1258 viarium
476 1234 564 1257 cum
594 1219 680 1257 suis
712 1219 909 1257 clausuris
940 1218 1148 1267 argenteis,
1181 1226 1215 1255 et
1246 1218 1432 1256 vendebat
1463 1217 1563 1255 illud
1595 1218 1660 1255 isti
1693 1218 1796 1264 testi;
1830 1226 1863 1255 et
1895 1217 1979 1268 ipse

274 1280 526 1329 interrogavit
542 1293 630 1316 eum
650 1279 751 1316 unde
768 1278 957 1316 habuerat
975 1278 1087 1325 illud,
1106 1286 1139 1315 et
1157 1278 1221 1315 ille
1238 1277 1340 1315 dixit
1354 1277 1433 1315 sibi
1453 1277 1553 1326 quod
1570 1278 1613 1315 de
1631 1278 1743 1315 domo
1761 1277 1978 1315 cardinalis

273 1340 339 1390 qui
355 1339 628 1389 hospitabatur
644 1339 683 1375 in
701 1338 831 1388 platea
847 1337 983 1376 Sancti
998 1337 1119 1375 Petri.
1141 1338 1244 1375 Item
1260 1337 1301 1375 in
1317 1336 1571 1387 depositione
1589 1337 1759 1375 „loannis
1777 1336 1977 1383 Columbi,

273 1399 404 1437 clerici
419 1398 646 1436 dioeceseos
669 1397 964 1435 Avenionensis
983 1413 989 1434 :
1015 1397 1066 1434 Et
1085 1396 1203 1434 tunc2
1218 1397 1390 1434 Romani
1406 1397 1547 1434 reversi
1568 1397 1730 1445 fuerunt
1744 1397 1796 1434 ad
1807 1397 1979 1446 plateam

273 1458 408 1497 Sancti
436 1457 543 1496 Petri
571 1458 738 1495 dicentes
765 1457 866 1506 quod
891 1457 1072 1494 Britones
1099 1456 1258 1494 exibant
1284 1464 1466 1504 castrum,
1494 1464 1528 1494 et
1556 1456 1707 1493 iverunt
1733 1457 1785 1493 ad
1822 1454 1992 1493 domum'

272 1517 487 1556 cardinalis
513 1518 556 1554 de
581 1516 810 1563 Britannia,
836 1524 870 1554 et
894 1524 1085 1566 ruperunt
1108 1524 1253 1566 portas,
1279 1524 1313 1553 et
1337 1515 1604 1553 deraubarunt
1628 1516 1799 1562 domum,
1825 1523 1859 1553 et
1888 1523 1979 1553 tunc

273 1577 398 1615 dictus
418 1576 634 1614 cardinalis
654 1576 828 1614 ascendit
846 1590 965 1626 super
984 1575 1198 1624 tegulatum
1218 1583 1252 1613 et
1271 1575 1432 1625 quidam
1452 1575 1691 1612 camerarius
1710 1589 1809 1612 suus
1824 1582 1979 1612 vocatus

273 1636 496 1674 Chainnuit
514 1650 602 1673 cum
623 1635 721 1685 ipsc.
744 1636 794 1673 Et
814 1635 911 1672 vidit
931 1635 1000 1672 iste
1019 1635 1125 1672 testis
1153 1635 1197 1672 de
1214 1635 1395 1684 fenestris
1422 1649 1491 1672 sue
1515 1635 1665 1681 domus,
1687 1649 1757 1684 que
1777 1642 1857 1672 erat
1884 1634 1977 1671 emi-

275 1696 426 1733 nentior
456 1709 573 1745 quam
603 1695 741 1732 domus
772 1694 1001 1741 cardinalis,
1034 1694 1181 1731 dictum
1211 1693 1452 1731 cardinalem
1484 1693 1670 1735 jacentem
1700 1708 1821 1743 prope
1854 1707 1978 1730 unum

273 1755 475 1793 caminum
500 1768 619 1804 super
645 1762 796 1800 tectum,
823 1762 857 1791 et
882 1753 1008 1791 dictus
1033 1768 1131 1791 suus
1156 1753 1397 1791 camerarius
1423 1761 1503 1790 erat
1527 1767 1649 1803 prope
1674 1767 1775 1799 eum,
1803 1761 1836 1790 et
1861 1752 1978 1790 credit

273 1815 374 1865 quod
397 1814 653 1863 confitebatur
676 1813 724 1851 ei.
752 1813 802 1850 Et
826 1813 952 1850 dictus
977 1813 1217 1850 camerarius
1240 1812 1381 1861 fecerat
1404 1812 1566 1861 signum
1592 1812 1691 1850 dicto
1716 1812 1801 1850 testi
1826 1820 1859 1849 et
1882 1811 1976 1849 aliis

274 1874 339 1923 qui
363 1881 473 1911 erant
494 1887 581 1911 cum
596 1887 651 1919 e0,
675 1873 854 1922 ponendo
879 1872 1048 1921 digitum
1072 1872 1115 1909 in
1137 1886 1213 1919 ore,
1231 1880 1271 1909 ut
1294 1886 1373 1909 non
1388 1872 1621 1921 respicerent
1644 1872 1749 1910 illuc.
1776 1872 1830 1909 Et
1853 1871 1975 1922 paulo

274 1941 366 1983 post
400 1949 406 1970 :
441 1933 492 1970 Et
522 1940 727 1982 postquam
759 1932 885 1969 dictus
917 1931 1134 1969 cardinalis
1166 1932 1210 1969 de
1241 1931 1460 1969 Britannia
1491 1931 1686 1969 descendit
1718 1932 1761 1969 de
1794 1931 1974 1982 tegulato,

273 1992 375 2030 venit
406 1991 462 2029 ibi
491 2000 658 2038 senator,
689 2000 722 2029 et
752 1991 864 2029 duxit
892 2006 981 2029 eum
1010 1992 1062 2028 ad
1091 1984 1308 2040 hospitium
1338 1990 1555 2028 cardinalis
1587 1991 1722 2028 Sancti
1753 1990 1973 2028 Eustachii.

274 2052 327 2089 Et
352 2066 448 2088 mox
472 2051 588 2088 addit
613 2065 705 2089 eum
731 2065 824 2089 cum
848 2050 935 2088 aliis
961 2050 1206 2100 quibusdam
1230 2050 1503 2088 cardinalibus
1519 2050 1692 2088 intrasse
1708 2050 1774 2087 illa
1800 2058 1919 2088 nocte
1934 2049 1975 2087 in

273 2119 450 2149 castrum
480 2111 516 2148 S.
544 2110 699 2160 Angeli.
732 2110 861 2148 Immo
886 2110 1079 2148 inventus
1107 2118 1168 2148 est
1193 2109 1310 2148 testis
1338 2109 1408 2160 qui
1434 2109 1585 2148 diceret
1619 2109 1731 2146 illum
1759 2109 1801 2146 in
1826 2123 1974 2159 magno

272 2179 362 2208 tum
386 2170 497 2208 vitae
522 2184 618 2208 suae
643 2169 821 2219 periculo
846 2169 982 2208 fuisse.
1018 2169 1205 2219 Legimus
1231 2168 1340 2208 enim
1372 2169 1415 2206 in
1447 2168 1708 2219 responsione
1724 2167 1739 2190 3
1774 2167 1973 2206 Bonifacii

273 2230 321 2268 de
359 2229 573 2269 Amanatis
620 2229 671 2266 ad
709 2228 929 2268 articulum
965 2229 1015 2267 88
1052 2243 1167 2267 casus
1214 2228 1334 2278 primi
1371 2228 1488 2267 electi
1526 2228 1727 2278 quosdam
1766 2228 1973 2266 Romanos

271 2289 312 2326 in
346 2288 408 2327 die
443 2289 646 2327 fracturae
681 2288 884 2327 conclavis
918 2288 1116 2338 ingressos
1151 2303 1235 2326 esse
1270 2288 1439 2326 domum
1473 2287 1688 2326 cardinalis
1721 2286 1972 2331 Britanniae,

272 2357 304 2386 et
326 2348 524 2398 depredati
545 2362 634 2385 eum
654 2348 826 2396 fuerunt,
850 2356 883 2385 et
913 2348 1154 2394 occidissent,
1179 2355 1220 2385 ut
1241 2347 1453 2394 dicebatur,
1477 2346 1558 2384 nisi
1585 2347 1679 2396 quia
1700 2361 1739 2383 se
1772 2346 1974 2384 occultavit

271 2422 389 2457 super
412 2415 550 2445 tectum
583 2407 679 2445 dicte
712 2408 861 2445 domus.
888 2407 1060 2457 Aufugit
1083 2407 1223 2456 itaque
1248 2406 1343 2444 hinc
1375 2406 1427 2443 ad
1461 2414 1642 2444 castrum
1667 2405 1807 2444 Sancti
1831 2405 1973 2455 Angeli

273 2481 364 2505 cum
382 2467 468 2504 aliis
489 2466 733 2516 quibusdam
755 2466 1043 2513 cardinalibus,
1062 2475 1108 2503 ut
1129 2466 1284 2504 dictum
1304 2474 1378 2504 est.
1399 2466 1546 2503 Postea
1576 2479 1668 2503 eum
1689 2465 1832 2503 iisdem
1853 2464 1973 2502 rediit

272 2526 323 2563 ad
354 2527 581 2572 Urbanum,
611 2534 651 2564 et
680 2526 867 2563 interfuit
895 2525 1233 2564 inthronizationi
1260 2533 1302 2563 et
1324 2524 1579 2563 coronationi
1593 2524 1694 2573 ejus.

325 2585 443 2623 Anno
473 2585 850 2632 MCCCLXXXIV,
880 2585 943 2623 die
972 2600 1062 2622 xxv
1090 2583 1296 2631 februarii,
1318 2584 1554 2629 moriturus,
1577 2592 1670 2633 post
1698 2582 1972 2633 receptionem

272 2644 553 2690 eucharistiae,
583 2644 807 2682 declaravit
835 2652 875 2682 et
902 2644 1075 2683 asseruit
1101 2659 1141 2682 se
1169 2644 1328 2681 credere
1356 2657 1402 2681 ac
1429 2651 1565 2681 tenere
1596 2642 1766 2680 firmiter
1793 2643 1972 2680 Clemen-

273 2711 356 2741 tem
378 2704 456 2740 VII
479 2703 599 2741 fuisse
622 2704 813 2741 canonice
835 2704 1008 2742 electum
1023 2712 1064 2741 et
1080 2711 1341 2753 assumptum
1357 2702 1409 2739 ad
1425 2710 1641 2752 papatum,
1663 2710 1704 2740 et
1723 2716 1807 2739 esse
1828 2715 1971 2739 verum

274 2777 420 2812 papam
441 2777 486 2800 ac
505 2762 700 2799 vic-arium
723 2763 820 2801 Jesu
838 2763 999 2809 Christi,
1018 2771 1059 2801 et
1076 2762 1438 2800 Bartholomaeum
1456 2760 1806 2811 arehiepiscopum
1823 2761 1972 2798 Baren-

273 2836 355 2858 sem
384 2837 466 2858 csse
496 2821 700 2860 intrusum
728 2822 768 2858 in
798 2822 897 2860 Sede
926 2821 1165 2872 apostolica,
1195 2821 1451 2870 antipapam,
1480 2819 1897 2866 excommunicatum,
1926 2833 1971 2857 ac

274 2880 529 2926 damnatum,
557 2889 597 2918 et
624 2881 747 2929 quod,
774 2881 810 2917 si
834 2881 930 2930 foret
955 2881 1034 2918 sibi
1060 2881 1260 2930 possibile,
1290 2880 1332 2917 in
1358 2879 1436 2917 alio
1462 2880 1588 2916 seculo
1615 2893 1743 2916 coram
1766 2879 1847 2916 Deo
1874 2878 1973 2915 hanc

322 3016 351 3047 1.
385 3015 449 3047 ΜΞ.
473 3015 555 3053 cite,
578 3016 639 3048 fol.
663 3017 731 3049 'lsiss
752 3021 793 3049 1¹⁰.

323 3070 351 3100 2.
385 3068 449 3099 Ms.
474 3068 556 3107 cite,
580 3069 640 3101 fol.
668 3070 734 3101 170
756 3074 797 3102 1¹⁰.

322 3123 352 3153 3.
386 3120 450 3152 Ms.
478 3121 560 3157 cite,
589 3122 647 3154 fol.
680 3123 742 3155 187
769 3127 810 3155 r0.
