2083 3458
125 234 267 290 [1192]
345 263 348 265 >
647 254 863 278 PAPARUM
900 253 1283 278 AVENIONENSIUM
1742 241 1820 280 711

114 333 250 371 Rabbi
281 334 406 371 Chem
438 333 522 370 Tob
556 333 704 371 Judaei
738 334 910 384 Hispani
942 335 990 372 de
1023 336 1182 382 Messia,
1214 344 1307 383 etc.,
1339 351 1430 374 cum
1465 337 1585 375 Petro
1626 337 1674 375 de
1707 339 1822 376 Luna

111 393 317 430 cardinale
351 392 636 441 Arragonensi.
673 393 848 443 Oportet
881 403 1020 432 autem
1054 409 1142 432 eam
1179 395 1504 445 disputationem
1538 397 1719 435 evenisse
1752 411 1824 448 per

112 466 179 490 eos
202 465 330 489 annos
355 451 502 500 quibus
526 451 589 489 ille
613 452 789 501 degebat
811 452 852 489 in
877 453 1074 503 Hispania
1098 462 1299 503 tanquam
1322 455 1538 504 regnicola.

164 510 283 548 Anno
313 510 585 548 MCCCXCIV
614 511 758 549 missus
787 520 848 549 est
867 511 880 534 ¹
916 526 938 548 a
976 513 1182 551 Clemente
1212 514 1435 561 Lutetiam,
1464 529 1546 552 non
1573 523 1619 552 ut
1647 516 1822 554 schisma

110 577 370 619 propagaret,
401 569 765 618 quemadmodum,
794 584 859 608 an.
892 570 1004 618 1394,
1041 572 1056 619 ἓ
1085 572 1121 618 3,
1150 572 1209 609 ait
1239 573 1435 611 Odoricus
1468 573 1723 622 Raynaldus,
1752 576 1822 614 sed

110 636 158 666 ut
186 628 273 677 ejus
303 636 440 678 partes
470 636 657 666 tueretur
685 629 791 667 inter
820 629 953 667 varias
985 630 1194 679 opiniones
1226 632 1510 681 quaerentium
1543 634 1711 672 modum
1742 650 1823 684 quo

111 687 246 725 unitas
269 687 451 725 revocari
472 696 610 737 posset
631 688 673 725 in
695 688 932 727 Ecclesiam.
958 689 1011 726 Et
1034 689 1177 727 Petrus
1201 690 1364 739 quidem
1388 699 1476 728 tum
1499 692 1608 729 viam
1632 694 1822 732 cessionis

110 746 272 796 publice
307 746 515 784 asserebat
548 747 625 784 sibi
659 747 788 785 videri
823 748 1005 785 omnium
1040 749 1262 796 meliorem,
1302 758 1349 787 ut
1382 750 1529 799 legitur
1563 752 1603 789 in
1637 761 1823 791 tractatu

109 805 220 843 edito
237 814 331 855 post
347 805 588 843 electionem
605 806 691 855 ejus
708 806 750 843 in
767 820 918 856 papam
935 806 974 844 in
993 808 1128 845 codice
1145 808 1224 845 813
1240 809 1511 848 bibliothecae
1529 811 1786 851 Colbertinae
1809 812 1824 835 2

112 873 153 903 et
175 865 286 914 apud
310 865 607 902 Theodericum
630 865 678 903 de
704 865 835 911 Niem,
859 865 928 903 lib.
958 866 995 903 II
1016 866 1075 903 De
1096 867 1317 914 schismate,
1342 882 1430 918 cap.
1457 884 1591 907 xxxin
1627 871 1680 921 [p.
1708 872 1821 922 180}

114 924 307 962 Habebat
333 923 569 962 Paniscolae
594 924 792 973 insignem
818 933 859 962 et
883 925 1130 975 locupletem
1155 926 1462 975 bibliothecam,
1488 929 1603 978 cujus
1629 931 1823 980 permulti

113 983 268 1021 codices
297 991 443 1021 extant
472 997 578 1020 nunc
605 983 646 1020 in
673 983 921 1021 Colbertina.
954 984 999 1021 In
1027 985 1163 1022 codice
1192 1000 1311 1035 porro
1337 986 1442 1024 2743
1467 987 1652 1036 ejusdem
1679 990 1823 1028 biblio-

109 1042 252 1080 thecae
268 1040 284 1063 3
304 1042 480 1079 habetur
509 1042 663 1092 primus
694 1050 830 1081 tomus
854 1043 1032 1092 catalogi
1053 1044 1248 1081 librorum
1272 1045 1373 1094 ejus,
1397 1046 1460 1083 cui
1482 1047 1580 1085 haec
1602 1049 1824 1100 epigraphe

110 1101 300 1151 apposita
327 1110 389 1139 est
418 1117 424 1138 :
457 1101 627 1138 Initium
655 1101 868 1139 inventarii
894 1102 1057 1140 librarie
1084 1104 1248 1152 majoris
1274 1105 1392 1142 castri
1422 1106 1639 1145 Paniscole.

164 1160 363 1209 Ejusdem
406 1160 680 1199 bibliothecae
723 1175 816 1199 cum
858 1161 977 1199 laude
1020 1162 1209 1200 meminit
1253 1163 1444 1202 Nicolaus
1488 1165 1535 1203 de
1579 1166 1822 1217 Clemangis,

108 1219 227 1269 epist.
254 1234 432 1257 xxxvm.

165 1279 270 1316 Illud
294 1293 456 1328 quoque
488 1279 701 1326 addemus,
733 1288 892 1329 patrem
910 1278 926 1301 4
947 1279 981 1317 ei
1006 1280 1128 1318 fuisse
1152 1281 1284 1318 virum
1310 1296 1356 1319 ea
1379 1290 1628 1333 tempestate
1653 1285 1822 1324 clarissi—

110 1351 224 1376 mum
255 1338 456 1376 Joannem
491 1338 690 1376 Martinez
722 1338 769 1376 de
802 1339 917 1376 Luna
949 1339 1146 1379 baronem
1178 1341 1226 1378 de
1263 1341 1410 1388 Ilveca,
1443 1351 1618 1381 matrem
1651 1344 1822 1383 Mariam

111 1397 232 1435 Perez
261 1397 309 1437 de
341 1397 481 1443 Gotor,
512 1405 617 1435 teste
649 1397 798 1444 Surita,
828 1398 897 1436 lib.
931 1398 968 1435 X
998 1399 1149 1437 Annal.
1180 1400 1394 1449 Arragan„
1425 1416 1513 1451 cap.
1544 1417 1601 1440 lx.
1634 1404 1821 1451 Quantae

109 1464 249 1494 autem
278 1456 526 1505 dignationis
557 1456 679 1494 fuerit
706 1465 824 1507 pater
852 1457 939 1506 ejus
969 1458 1088 1495 docet
1117 1458 1225 1496 idem
1254 1468 1411 1507 auctor,
1441 1461 1509 1499 lib.
1544 1462 1616 1507 IX,
1646 1477 1734 1513 cap.
1765 1479 1821 1511 xi,

110 1530 195 1553 xm.
1226 1558 1232 1563 ,
1728 1517 1731 1520 ’

163 1575 206 1612 Ρ.
234 1574 323 1621 423,
352 1574 417 1624 lig.
449 1574 508 1612 13.
540 1575 803 1612 PREPoslTus
832 1575 1196 1615 VALENTINENSIS.
1226 1577 1400 1615 Videtur
1437 1579 1580 1617 Petrus
1616 1581 1666 1618 de
1706 1582 1821 1620 Luna

111 1634 215 1672 hanc
253 1633 582 1684 praeposituram
621 1634 843 1683 resignasse
882 1635 923 1672 in
962 1636 1147 1674 favorem
1185 1636 1399 1676 domestici
1437 1646 1478 1676 et
1517 1640 1822 1679 contubernalis

109 1693 171 1730 sui
192 1693 348 1742 Aegidii
370 1693 504 1731 Sancii
524 1693 741 1740 Munionis,
763 1694 939 1732 doctoris
960 1695 1108 1744 legum.
1132 1696 1238 1733 Nam
1256 1696 1332 1734 iste
1352 1711 1460 1734 anno
1481 1698 1822 1748 MCCCLXXXI,

109 1752 172 1790 die
207 1752 372 1790 sabbati
406 1767 510 1789 xxm
545 1752 752 1799 februarii,
787 1768 827 1790 se
862 1754 1041 1791 vocabat
1074 1755 1359 1805 praepositum
1393 1756 1741 1806 Valentinensem‚
1776 1768 1823 1797 ut

110 1819 226 1861 patet
253 1826 303 1849 ex
331 1811 586 1861 depositione
614 1811 701 1861 ejus
729 1811 771 1849 in
799 1812 935 1850 codice
967 1813 1199 1851 Harlaeano
1217 1814 1232 1836 5
1260 1815 1329 1852 fol.
1360 1815 1433 1853 187
1462 1823 1509 1854 r0.
1536 1817 1653 1864 Quod
1681 1826 1823 1857 tamen

109 1884 191 1907 non
211 1879 272 1908 est
292 1879 408 1908 extra
430 1870 730 1909 difficultatem.
754 1871 919 1910 Etenim
940 1873 1050 1922 apud
1073 1873 1296 1911 Odoricum
1318 1874 1596 1923 Raynaldum,
1617 1891 1682 1915 an.
1707 1878 1821 1925 1374,

115 1929 131 1978 §
152 1929 214 1976 21,
234 1938 352 1967 extat
372 1930 481 1967 bulla
503 1930 684 1979 Gregorii
706 1930 782 1977 XI,
803 1931 900 1968 data
923 1946 979 1969 ΧΠ
1000 1932 1079 1969 kal.
1099 1932 1278 1981 januarii
1297 1947 1406 1971 anno
1426 1935 1548 1972 tertio
1580 1935 1640 1985 [21
1664 1936 1822 1975 decem·

109 1988 177 2026 bre
200 1989 340 2039 1374]‚
360 1988 402 2026 in
422 2003 502 2038 qua
522 1989 630 2027 idem
650 1989 857 2038 Aegidius,
879 1990 1022 2028 doctor
1042 1991 1189 2040 legum,
1211 2001 1385 2030 vocatur
1412 1995 1669 2043 praepositus
1699 1997 1821 2034 eccle-

108 2047 189 2085 siae
220 2048 476 2086 Valentinae.
512 2048 624 2087 Idem
653 2057 796 2098 postea
826 2050 977 2087 electus
1008 2050 1049 2087 in
1078 2050 1166 2088 loco
1195 2051 1408 2090 Benedicti
1441 2053 1547 2090 XHI
1578 2062 1618 2091 et
1648 2064 1822 2094 vocatus

109 2107 291 2145 Clemens
322 2107 425 2144 VIII
456 2107 589 2153 cessit,
618 2115 660 2145 et
689 2108 822 2146 factus
852 2117 913 2146 est
941 2109 1155 2160 episcopus
1187 2110 1478 2160 Majoricensis.

162 2166 205 2204 P.
242 2166 331 2213 423,
368 2166 433 2215 lig.
471 2166 531 2205 16.
570 2167 665 2204 NON
706 2181 800 2204 FUIT
835 2182 1078 2206 TENENDUM
1126 2184 1451 2208 (toNSISTORIUM.
1488 2171 1590 2208 Ordo
1633 2187 1823 2210 romanus

111 2225 281 2263 Joannis
310 2225 514 2273 Gaietani,
543 2240 581 2275 p.
611 2226 701 2272 383,
729 2226 771 2263 in
797 2234 911 2265 tomo
939 2228 1118 2266 secundo
1146 2228 1284 2265 illasei
1315 2229 1447 2267 Italici
1477 2246 1483 2267 :
1518 2230 1613 2268 Item
1643 2231 1685 2268 in
1710 2232 1822 2280 sestis

108 2284 287 2321 omnium
303 2285 568 2334 apostolorum
583 2293 616 2322 et
631 2285 749 2322 etiam
766 2285 933 2335 infestis
948 2287 1279 2335 evangelistarum
1295 2296 1374 2325 tam
1389 2289 1688 2338 principalibus
1704 2306 1821 2340 quam

158 2463 189 2494 1.
213 2462 265 2494 La
292 2463 458 2505 legation
486 2464 530 2496 de
561 2464 702 2498 France
723 2466 836 2498 echut
856 2466 876 2498 ii
898 2466 1019 2499 Pierrc
1041 2468 1084 2500 de
1106 2467 1213 2500 Luna
1233 2468 1264 2500 le
1285 2468 1337 2500 1et
1356 2468 1492 2501 sevrier
1512 2469 1616 2502 1393.
1641 2469 1669 2501 Il
1699 2469 1819 2512 partit

110 2514 329 2558 d’Avignon
345 2516 376 2548 le
395 2517 438 2549 26
460 2517 612 2558 (Valois‚
632 2523 658 2550 t.
676 2530 713 2557 11,
733 2531 767 2562 p.
787 2519 856 2551 322
874 2526 911 2552 et
928 2520 1116 2563 422-427).

158 2568 189 2600 2.
208 2568 248 2601 B.
270 2568 326 2608 Ν.,
346 2580 412 2602 ms.
431 2569 527 2602 latin
543 2570 647 2610 1479,
667 2570 728 2604 sol.
747 2572 788 2604 31
809 2577 851 2605 r0.

158 2622 189 2654 3.
211 2622 251 2654 B.
276 2621 333 2661 N„
363 2633 430 2655 ms.
459 2622 554 2655 latin
582 2623 676 2657 5156
694 2625 739 2657 A.
760 2644 808 2647 ——
825 2625 915 2658 Voir
934 2625 973 2658 L.
997 2626 1132 2658 Delislc
1157 2626 1219 2668 (Le
1236 2627 1380 2660 cabinet
1407 2627 1466 2660 des
1485 2629 1706 2661 manuscrits
1725 2629 1766 2661 cle
1784 2629 1819 2661 la

112 2673 350 2718 bibliotheque
373 2676 572 2718 imperiale,
598 2676 713 2716 Paris,
737 2678 843 2717 1868,
868 2684 893 2711 t.
916 2691 938 2718 1,
963 2691 997 2722 p.
1021 2680 1209 2722 486-509).

158 2727 190 2760 4.
206 2727 297 2760 Voir
318 2727 459 2760 Martin
482 2728 686 2772 d'Alpartil
712 2731 781 2769 (ed.
800 2731 923 2771 Ehrle,
940 2744 974 2775 p.
991 2732 1039 2773 1).
1055 2751 1103 2754 »ἡ
1116 2732 1164 2764 Le
1181 2732 1219 2765 P.
1239 2732 1350 2765 Ehrle
1365 2744 1385 2765 a
1399 2733 1538 2776 publie,
1555 2745 1630 2766 aux
1645 2739 1765 2767 tomes
1780 2747 1817 2767 Vl

109 2786 147 2812 et
167 2792 217 2813 vn
238 2781 281 2813 de
301 2781 477 2820 l’Arclziv,
499 2793 549 2813 un
570 2782 711 2815 dossier
729 2783 943 2827 important
963 2797 1057 2828 pour
1076 2785 1258 2817 l'histoire
1279 2786 1323 2818 de
1345 2785 1468 2819 Pierre
1488 2787 1532 2819 de
1553 2786 1660 2819 Luna
1679 2799 1765 2820 sous
1785 2788 1817 2821 le

110 2833 198 2865 titre
224 2846 231 2865 :
257 2834 362 2866 Neue
385 2834 625 2867 Materialien
648 2847 712 2868 zur
741 2836 946 2870 Gesclziclzle
969 2838 1092 2870 Peters
1115 2849 1183 2870 von
1206 2838 1326 2871 Lana.
1351 2857 1400 2862 —
1422 2839 1513 2872 Voir
1536 2839 1636 2872 aussi
1660 2839 1695 2873 S.
1724 2840 1820 2884 Puig

109 2898 133 2928 y
158 2886 252 2929 Puig
277 2887 407 2929 (Pedro
430 2887 470 2919 de
491 2887 611 2927 Luna,
637 2889 764 2921 ultimo
785 2901 886 2933 papa
909 2891 950 2923 de
970 2890 1121 2923 Avinon
1147 2891 1397 2933 (1387-1430),
1421 2892 1637 2932 Barcelone,
1662 2893 1757 2926 1920
1779 2900 1817 2927 et

111 2939 311 2972 Itinerario
333 2940 388 2973 del
407 2951 509 2983 papa
529 2940 639 2973 Luna
664 2942 704 2974 de
725 2942 919 2986 Perpinan
940 2954 962 2975 a
985 2944 1212 2986 Tarragona,
1237 2944 1330 2977 dans
1356 2945 1600 2978 Miscellanea
1626 2946 1663 2979 F.
1691 2946 1816 2987 Ehrle,

112 2991 243 3032 Rome,
263 2993 370 3032 1924,
389 2998 416 3026 t.
434 3005 485 3033 111,
504 3005 539 3037 p.
560 2993 748 3038 130-156),
767 2995 802 3028 J.
824 2995 938 3028 Doize
961 2996 1022 3038 (Le
1039 2997 1182 3030 dernier
1197 3008 1294 3041 pape
1311 2997 1535 3041 d’Avignon,
1555 2999 1648 3031 dans
1667 3000 1815 3040 Eteides,
1874 3000 1877 3001 ⁷

109 3045 130 3077 5
151 3045 298 3085 sevrier,
323 3046 366 3078 20
387 3057 486 3079 mars
507 3051 545 3079 et
565 3047 609 3080 15
631 3047 706 3080 mai
726 3048 848 3091 1903).

159 3099 190 3131 5.
221 3099 261 3131 Β.
287 3098 344 3138 Ν.,
367 3110 434 3132 ms.
457 3098 552 3131 latin
573 3100 702 3133 11745.
