2083 3458
282 198 368 239 818
935 212 1087 237 NOTAE
1121 211 1182 237 AD
1215 211 1344 237 vrrAs
1838 196 1991 252 [1301]

287 296 441 343 siensis,
465 304 512 334 ut
536 295 767 334 videbimus
791 294 897 333 infra
922 309 1051 345 quum
1074 308 1241 345 agemus
1265 294 1315 333 de
1332 295 1455 333 Petro
1474 294 1522 333 de
1542 293 1759 343 Fitiniaco,
1780 295 1882 334 haec
1901 310 1994 346 pro·

285 355 415 394 motio
439 354 589 393 dicitur
612 354 734 394 fuisse
759 354 901 394 decem
923 353 1208 394 cardinalium.
1236 354 1355 403 Quod
1378 353 1505 393 etiam
1528 353 1730 407 scriptum
1752 363 1815 393 est
1845 354 1889 393 in
1910 369 1992 394 uno

284 414 388 453 libro
420 414 722 464 obligationum
752 413 910 452 archivi
941 413 1134 452 Vaticani
1151 413 1180 462 1,
1212 413 1284 452 ubi
1313 413 1421 452 inter
1452 413 1679 453 cardinales
1708 422 1802 454 tum
1833 423 1991 453 creatos

285 474 453 524 ponitur
480 473 680 512 Martinus
706 473 922 524 episcopus
952 472 1257 521 Ulixbonensis,
1284 481 1376 514 tum
1401 473 1563 512 absens.
1589 474 1736 524 Itaque
1761 473 1857 512 huic
1883 489 1992 513 crea-

285 533 388 571 tioni
403 533 511 571 idem
528 532 695 573 omnino
710 533 850 571 evenit
865 533 976 583 quod
991 547 1114 584 supra
1129 547 1170 584 p.
1188 533 1290 571 1018
1304 532 1599 573 adnotavimus
1615 533 1798 572 evenisse
1815 532 1852 571 ei
1867 548 1993 584 quam

285 606 394 631 anno
419 592 745 631 MCCCLXVIII
771 592 869 631 fecit
896 593 1088 631 Urbanus
1114 593 1149 631 V
1173 593 1286 643 apud
1312 592 1739 632 Montemflasconem.
1767 592 1874 633 Nam
1899 607 1992 632 cum

286 651 488 690 Martinus
517 651 664 691 obierit
691 666 801 690 anno
830 652 1221 700 MCCCLXXXIII,
1250 651 1314 690 die
1341 652 1466 690 tertia
1494 651 1721 692 decembris
1741 651 1769 700 2,
1796 660 1844 690 ut
1872 652 1993 691 docet

285 710 582 752 illustrissimus
609 710 940 763 archiepiscopus
970 711 1194 751 Rodericus
1221 726 1243 750 a
1266 712 1424 759 Cunha‚
1449 710 1719 752 manifestum
1736 720 1798 750 est
1816 720 1991 752 mortem

285 770 389 809 illius
412 770 678 810 antecessisse
701 771 808 810 hanc
831 771 1083 810 creationem
1106 770 1393 819 cardinalium,
1416 771 1602 822 adeoque
1626 771 1742 809 illum
1763 786 1845 809 non
1868 771 1991 810 fuisse

280 829 548 879 cardinalem,
577 845 624 869 ac
652 839 872 882 propterea
899 831 989 882 jure
1018 831 1249 882 meritoque
1278 830 1477 885 omissum
1505 831 1557 869 ab
1586 832 1662 870 hoc
1691 839 1833 870 nostro
1863 845 1992 881 quum
2030 866 2032 868 ,

283 898 510 929 recenseret
543 890 770 929 cardinales
804 891 880 930 hac
912 899 1166 941 tempestate
1199 899 1372 930 creatos.
1409 890 1575 929 Erravit
1619 905 1713 941 ergo
1752 890 1988 941 Onuphrius

286 949 510 988 Panvinius
540 964 635 990 eum
663 949 811 989 obiisse
834 950 1014 989 scribens
1037 950 1145 989 inter
1165 964 1323 990 annum
1348 950 1611 989 millesimum
1635 949 1989 1001 quadringentesi-

281 1023 396 1048 mum
431 1018 473 1048 et
509 1009 964 1060 quadringentesimum
1012 1024 1181 1051 nonum.
1220 1011 1319 1049 Post
1355 1010 1472 1048 illum
1506 1009 1751 1049 venerabilis
1790 1009 1988 1049 Oldoinus

294 1068 339 1113 st.
367 1083 408 1116 11,
437 1068 511 1107 col.
541 1069 632 1119 680]
663 1069 827 1120 scripsit
854 1070 1046 1109 eumdem
1080 1069 1308 1109 Martinum
1347 1069 1580 1108 adhaesisse
1616 1068 1841 1108 Benedicto
1881 1069 1990 1107 XIII
2015 1101 2027 1115 x,

282 1136 376 1177 post
397 1128 557 1168 obitum
581 1128 814 1168 Clementis.
836 1130 890 1167 Et
912 1129 1172 1181 Onuphrium
1195 1129 1363 1180 quidem
1383 1144 1465 1168 non
1486 1129 1610 1169 miror
1630 1143 1798 1177 errasse,
1820 1128 1891 1179 qui
1910 1128 1989 1180 pri-

282 1202 371 1226 mus
394 1187 578 1228 omnium
596 1189 703 1227 hanc
723 1189 942 1228 materiam
961 1190 1178 1237 tractavit,
1198 1189 1264 1228 cui
1283 1189 1447 1228 defuere
1468 1189 1599 1227 multa
1619 1189 1864 1239 adjumenta
1884 1202 1988 1239 quae

283 1247 435 1297 posteri
456 1247 618 1287 affatim
637 1248 832 1288 habuere.
856 1249 911 1287 At
931 1248 1023 1297 iste,
1045 1248 1116 1300 qui
1141 1249 1325 1289 omnium
1347 1249 1518 1287 ultimus
1539 1247 1743 1287 tractavit
1763 1247 1988 1286 Historiam

282 1307 564 1355 cardinalium,
593 1307 663 1358 qui
689 1307 731 1346 in
758 1323 805 1347 eo
833 1323 953 1359 opere
981 1309 1245 1360 compilando
1273 1308 1657 1358 concinnandoque,
1685 1316 1733 1345 ut
1760 1307 1803 1345 in
1829 1307 1988 1358 praefa-

281 1365 392 1404 tione
410 1375 591 1405 testatur
610 1368 683 1406 Ph.
703 1368 751 1406 de
774 1368 941 1416 Rubeis,
960 1369 1141 1408 multum
1163 1367 1457 1415 contentionis,
1476 1367 1726 1418 vigiliarum,
1744 1375 1989 1418 sumptuum

282 1425 487 1474 exhausit,
510 1426 541 1464 is
563 1427 735 1477 inquam
757 1428 933 1479 scriptor
955 1428 1157 1467 debuerat
1178 1428 1302 1467 altius
1324 1436 1540 1479 penetrare
1562 1427 1605 1465 in
1626 1426 1926 1477 antiquitatem
1948 1435 1989 1465 et

282 1485 382 1523 certi
401 1485 615 1537 quippiam
633 1486 813 1537 novique
832 1488 995 1527 tradere
1015 1488 1126 1538 quod
1144 1488 1276 1526 labori
1293 1497 1360 1526 tot
1376 1501 1582 1526 annorum
1599 1495 1641 1525 et
1658 1495 1724 1525 tot
1743 1495 1986 1538 sumptuum

282 1544 494 1584 videretur
520 1560 639 1596 posse
668 1561 904 1597 congruere.

335 1604 377 1643 Ρ.
404 1604 494 1652 490,
519 1605 585 1655 lig.
612 1605 647 1644 6.
676 1607 848 1645 PETnUs
864 1622 920 1645 DE
935 1608 1115 1655 Cnosso,
1130 1607 1214 1646 sive
1229 1608 1278 1646 de
1294 1608 1430 1646 Croso.
1447 1606 1568 1645 Varie
1582 1606 1692 1644 enim
1705 1605 1899 1644 scribitur
1911 1606 1987 1643 hoc

282 1677 445 1703 nomen.
483 1665 529 1702 In
561 1665 773 1716 epitaphio
807 1666 1009 1718 scriptum
1042 1676 1104 1706 est
1136 1668 1180 1705 de
1212 1667 1366 1705 Crasso,
1414 1667 1469 1704 At
1509 1666 1551 1704 in
1590 1664 1987 1718 testamento3ejus‚

280 1723 389 1772 quod
415 1724 567 1774 duplex
591 1733 667 1773 est,
690 1725 840 1776 legitur
863 1727 908 1764 de
931 1726 1066 1765 Croso.
1092 1727 1156 1765 Sic
1172 1727 1297 1765 etiam
1312 1726 1355 1765 in
1377 1726 1480 1764 libro
1495 1725 1796 1775 Obligationam
1810 1733 1851 1763 et
1875 1723 1985 1762 alibi.

328 1863 359 1896 1.
390 1863 440 1897 Le
463 1863 617 1908 registre
640 1865 685 1898 48
709 1865 772 1898 des
795 1865 1058 1909 Obligationes‚
1083 1866 1145 1900 fol.
1171 1867 1214 1901 88
1237 1871 1270 1899 r⁰
1301 1873 1339 1900 et
1360 1867 1392 1900 le
1414 1865 1502 1910 Reg.
1527 1866 1638 1900 Avin.
1662 1864 1744 1905 279,
1770 1863 1832 1898 fol.
1854 1865 1923 1899 147
1947 1870 1987 1898 v⁰

278 1917 509 1950 concordent
551 1929 614 1950 sur
648 1918 680 1951 le
711 1919 874 1954 nombre
908 1920 970 1953 des
1008 1920 1217 1953 cardinaux
1254 1920 1318 1964 qui
1350 1920 1409 1953 fut
1442 1920 1486 1954 de
1519 1920 1594 1954 dix.
1622 1920 1735 1952 Anno
1762 1917 1986 1953 LXXXIII

276 1971 408 2003 creatio
428 1971 660 2005 dominorum
680 1973 929 2008 cardinalium
943 1987 979 2007 Χ.
1967 1969 1970 1974 ’

329 2025 454 2068 Anno,
489 2026 688 2059 indictione
728 2032 758 2060 et
790 2028 1011 2071 pontificata
1043 2029 1178 2071 quibus
1218 2039 1334 2070 supra
1373 2034 1402 2061 et
1432 2029 1490 2062 die
1523 2026 1694 2063 mercurii
1716 2033 1830 2058 XXIII
1850 2028 1987 2061 mensis

280 2077 476 2112 decembris
490 2079 749 2113 sanctissimas
771 2080 810 2113 in
826 2081 969 2114 Christo
986 2088 1087 2124 pater
1101 2088 1131 2115 et
1151 2083 1325 2116 dominus
1346 2089 1463 2115 noster
1474 2082 1646 2117 dominus
1668 2084 1834 2118 Clemens
1856 2082 1987 2115 divina

281 2131 509 2174 providentia
542 2144 642 2176 papa
676 2134 756 2167 VII
791 2135 828 2167 in
859 2136 1071 2169 consistorio
1103 2148 1180 2175 suo,
1213 2136 1253 2169 de
1286 2136 1438 2169 consilio
1459 2137 1692 2171 dominorum
1721 2136 1982 2179 cardinalium,

280 2186 458 2226 promovit
480 2192 509 2219 et
529 2187 791 2228 pronunciavit
814 2189 851 2221 in
866 2195 988 2222 sancte
1008 2190 1173 2223 Romane
1186 2190 1349 2223 Ecclesie
1365 2190 1572 2224 cardinales
1586 2192 1745 2236 prefatos
1765 2199 1796 2226 et
1810 2202 1985 2235 personas

282 2238 550 2283 insi-ascriptas,
575 2241 736 2274 videlicet
757 2243 966 2276 reverendos
988 2249 1108 2286 patres
1130 2243 1299 2276 dominos

499 2292 661 2333 Petrum,
690 2295 1008 2339 archiepiscopum
1029 2296 1289 2335 Arelatensem,
1314 2297 1557 2330 can‘zerariiim
1582 2310 1702 2340 suum'.
1720 2305 1921 2343 presentem
1945 2299 1983 2331 in

552 2359 666 2386 caria,

464 2342 482 2484 N
501 2401 713 2444 Fayditam.
737 2402 952 2446 episcopum
968 2404 1273 2447 Am'nionensem,
1290 2404 1399 2437 etiam
1420 2411 1620 2448 presentem
1643 2406 1679 2439 in
1703 2406 1820 2450 curia,

479 2492 480 2495 Ἴ
501 2452 664 2490 Petram,
686 2456 899 2499 episcopum
919 2456 1214 2497 laudunensem,

280 2506 444 2543 dominos
476 2504 478 2509 ’
500 2508 715 2552 Amedeum,
739 2511 886 2543 electum
912 2511 1209 2545 Valentinensem
1231 2512 1458 2552 ecDiensem‚

480 2583 481 2592 1
502 2560 697 2594 Marinum
722 2562 812 2606 [lege
833 2563 1074 2608 martimum]
1098 2565 1313 2608 episcopum
1338 2565 1636 2605 Uliaebonensem,

502 2614 746 2657 Eymericwn.
770 2617 984 2661 episcopum
1006 2617 1268 2653 Par-islensem.
1292 2618 1401 2652 etiam
1423 2625 1623 2662 presentem
1646 2620 1685 2653 in
1706 2620 1822 2658 curia,
1865 2655 1867 2657 ,

502 2668 713 2710 Waltermn,
738 2670 952 2714 episcopum
975 2670 1224 2715 [Glaciensem
1246 2673 1320 2715 lege
1346 2671 1637 2717 GlasgaensemL
1664 2674 1702 2706 in
1724 2674 1856 2708 Scotzssa.

503 2721 722 2757 Johannem,
755 2724 968 2766 episcopum
997 2724 1216 2764 Tallensem‚

282 2782 415 2804 nmmum
457 2773 646 2807 (lominum
693 2775 876 2810 Jacobicm
914 2779 955 2811 de
997 2778 1233 2823 sslentonayo,
1262 2773 1568 2812 ‘archidiaconum
1610 2780 1833 2820 Remensem,
1869 2780 1978 2813 etiam

282 2831 487 2866 prcsrnlem.
525 2839 564 2859 ac
604 2829 710 2861 etiam
745 2830 937 2864 dominum
968 2830 1120 2865 Petrum
1153 2833 1194 2865 de
1226 2832 1456 2867 Felenhiaco.
1491 2834 1667 2866 doctorem
1701 2834 1737 2866 in
1763 2839 1910 2876 utroque
1947 2840 1976 2865 el

281 2878 491 2910 advocatum
514 2880 551 2912 in
574 2883 797 2923 parlamenlo
818 2883 1003 2919 parisius.

282 2982 286 2983 V
331 2930 359 2961 2.
391 2929 495 2963 Liscz
522 2932 553 2964 le
578 2936 596 2967 6
628 2934 685 2976 (N.
708 2935 847 2976 Valois‚
869 2949 925 2981 op.
948 2939 1020 2978 cit„
1043 2945 1069 2972 t.
1090 2951 1128 2979 11,
1149 2951 1184 2983 p.
1209 2939 1304 2983 209).
1325 2958 1372 2962 —
1391 2939 1529 2972 Baluze
1550 2940 1679 2983 ajoute
1702 2952 1707 2971 :
1732 2940 1786 2972 De
1807 2939 1972 2972 Martino

287 2982 527 3017 ulixbonensi
546 2986 721 3031 episcopo
740 2989 843 3023 facto
862 2991 1051 3025 cardinale
1068 2992 1174 3036 [Acta
1192 2992 1446 3035 Sanctorum]‚
1467 2998 1492 3025 t.
1512 3004 1523 3025 1
1542 2992 1682 3036 aprilis,
1701 3005 1736 3036 p.
1757 2993 1838 3032 730,
1858 3004 1893 3025 n.
1914 2992 1971 3031 24,

283 3046 314 3076 p.
347 3036 426 3074 731,
456 3049 489 3070 n.
522 3039 563 3071 27
593 3046 630 3072 et
659 3052 692 3084 p.
723 3043 792 3075 372
820 3043 858 3076 in
886 3044 997 3079 notis.

331 3092 358 3119 Ἴ,
391 3088 538 3129 Baluzc,
570 3097 595 3125 t.
625 3104 675 3131 ιν,
708 3106 741 3137 p.
773 3096 944 3130 318-327.
