2083 3458
86 215 236 271 [1458)
603 233 818 258 PAPARUM
855 233 1236 258 AVENIONENSIUM
1683 216 1763 258 665

73 315 268 353 veritatem
288 323 382 352 esset
402 329 525 352 ausus
544 315 735 353 sustinere
755 331 800 354 ac
820 316 1013 366 prosequi.
1039 315 1268 354 Declaratio
1289 315 1355 353 illa
1377 315 1486 354 edita
1508 325 1569 355 est
1589 316 1630 353 in
1651 324 1763 355 tomo
1780 357 1783 360 ,

75 382 220 423 quarto
244 374 446 411 Historiae
474 374 510 412 U
513 374 751 412 nivers-itatis
773 375 921 422 Paris„
945 390 984 425 p.
1009 374 1096 413 603.

126 433 224 471 Post
245 446 362 482 quae,
384 432 446 472 die
466 433 610 471 ultima
631 433 812 482 ejusdem
834 433 996 480 mensis,
1016 442 1063 471 ut
1083 442 1252 471 notatur
1270 433 1312 470 in
1331 433 1432 471 libro
1453 433 1762 482 Obligationum,

75 491 176 529 obiit
212 491 422 530 Avenione
458 492 568 529 senio
604 493 835 541 confractus,
872 500 920 530 ut
955 493 1100 542 legitur
1136 493 1177 529 in
1213 493 1355 531 eadem
1392 493 1676 531 declaratione.
1718 493 1763 530 In

72 550 215 590 eodem
233 565 352 600 porro
372 550 474 588 libro
495 550 804 600 Obligatiomim,
825 552 894 589 ubi
915 551 962 589 de
983 552 1069 600 ejus
1090 559 1218 589 morte
1239 551 1386 600 agitur,
1408 561 1579 589 vocatur
1598 560 1762 589 tantum

73 610 285 660 presbyter
316 609 530 648 cardinalis
564 610 807 648 Sanctorum
840 611 1025 658 Quatuor
1056 611 1364 648 Coronatorum.
1399 611 1461 647 Ex
1493 626 1572 660 quo
1604 610 1764 660 collegit

75 668 279 719 Ughellus,
304 676 329 707 t.
349 683 360 705 1
385 669 472 706 Ital.
492 683 585 715 sao,
606 669 679 707 col.
702 669 789 716 176,
809 669 922 708 illum
942 684 1023 707 non
1043 669 1163 708 fuisse
1183 669 1416 719 episcopum
1439 670 1761 708 Praenestinum.

73 727 274 767 Eumdem
296 736 449 774 tamen,
473 742 511 778 p.
536 727 624 774 204,
648 728 821 766 collocat
842 728 948 766 inter
970 728 1178 778 episcopos
1203 728 1455 767 Sabinenses.
1482 729 1597 776 Quod
1621 742 1762 767 verum

71 795 132 825 est
149 786 176 825 ¹.
194 787 351 837 Quippe
375 787 432 824 ita
459 795 631 825 vocatur
644 787 686 824 in
702 787 973 825 declaratione
990 787 1037 825 de
1053 801 1132 836 qua
1148 801 1244 824 mox
1259 787 1505 825 dicebamus.
1525 788 1572 825 R.
1590 788 1633 825 P.
1651 788 1762 824 Mau-

70 860 136 883 rus
154 846 333 893 Audren‚
350 845 654 892 Benedicfinus,
673 860 735 884 me
754 860 882 896 nuper
899 846 1059 884 monuit
1075 846 1153 884 ista
1171 846 1247 895 legi
1263 846 1305 883 in
1323 846 1551 895 Necrologio
1568 846 1763 884 Ecclesiae

71 905 337 942 Nannetensis
367 905 419 942 ad
451 904 556 942 diem
591 919 691 941 xxw
734 905 925 943 februarii
966 921 972 942 :
1014 905 1345 942 Anniversarium
1385 905 1534 942 domini
1572 905 1763 954 Hugonis

70 964 114 1001 de
154 964 397 1001 Monasterio
437 965 579 1012 legum,
608 964 824 1001 cardinalis
864 964 1086 1009 Britannia,
1114 964 1223 1001 titulo
1253 964 1428 1013 Quatuor
1467 964 1761 1010 Coronatorum,

69 1022 244 1073 episcopi
276 1023 523 1061 Sabinensis,
1410 1060 1413 1063 ,

123 1081 344 1129 Frizonius,
380 1097 419 1132 p.
457 1082 545 1128 413,
582 1095 702 1131 agens
740 1082 787 1119 de
822 1082 901 1119 isto
940 1081 1110 1131 Hugone
1146 1081 1363 1127 cardinale,
1392 1081 1532 1120 scribit
1560 1082 1761 1128 Carolum,

69 1155 204 1191 regem
237 1141 404 1188 Galliae,
439 1140 647 1182 custodiae
681 1140 884 1178 addixisse
920 1140 1140 1178 Jolandam
1174 1140 1463 1179 Flandrensem
1495 1140 1609 1178 Barri
1642 1140 1761 1178 comi-

69 1199 226 1247 tissam,
252 1214 379 1250 eaque
406 1200 454 1238 de
479 1215 519 1238 re
545 1199 782 1250 pontificem
810 1199 1013 1249 scripsisse
1038 1199 1090 1236 ad
1116 1199 1361 1237 cardinalem
1388 1200 1630 1237 Sanctorum
1657 1199 1761 1247 Qua-

69 1267 163 1296 tuor
192 1260 502 1306 Coronatorum,
533 1259 601 1308 qui
629 1259 763 1308 jussus
794 1267 856 1296 est
884 1258 1144 1297 intercedere.
1176 1258 1371 1296 Oldoinus
1404 1258 1448 1307 [t.
1486 1273 1527 1306 11,
1557 1258 1630 1297 col.
1661 1258 1759 1307 607]

70 1317 176 1356 ultra
200 1333 432 1368 progressus
457 1326 538 1365 est3
563 1326 604 1356 et
628 1332 719 1356 cum
746 1317 914 1355 dixisset
940 1318 1155 1367 Hugonem
1179 1317 1302 1355 istum
1330 1317 1450 1355 fuisse
1476 1326 1712 1368 cooptatum
1738 1330 1760 1354 a

70 1377 261 1427 Gregorio
286 1378 346 1415 XI
368 1378 475 1415 inter
496 1377 756 1427 presbyteros
780 1376 1002 1414 cardinales
1026 1376 1148 1414 titulo
1171 1376 1413 1414 Sanctorum
1438 1376 1622 1423 Quatuor
1644 1377 1761 1414 Coro-

70 1444 275 1483 natorum,
300 1436 417 1474 addit
441 1436 555 1474 illum
579 1436 803 1474 mandante
828 1435 971 1473 eodem
995 1435 1190 1485 pontifice
1214 1435 1485 1473 intercessisse
1510 1435 1619 1485 apud
1645 1436 1761 1473 Caro-

69 1495 166 1542 lum,
189 1509 323 1545 regem
347 1495 584 1543 Galliarum,
607 1510 680 1545 pro
703 1495 878 1533 Jolanda
904 1494 1154 1541 Flandrensi,
1175 1494 1291 1532 Barri
1313 1494 1531 1541 comitissa,
1555 1493 1761 1532 custodiae

69 1554 247 1593 addicta.
282 1555 359 1593 Sed
393 1554 624 1593 Frizonium
656 1554 825 1603 ejusque
858 1553 1148 1603 exscriptorem
1182 1553 1402 1591 Oldoinum
1433 1553 1475 1590 in
1505 1553 1580 1591 hoc
1612 1566 1761 1590 errasse

70 1622 225 1652 certum
247 1623 320 1652 est.
345 1614 451 1652 Nam
473 1628 564 1652 curn
586 1628 635 1651 ex
656 1613 716 1651 his
740 1627 842 1663 quae
865 1613 916 1650 ab
939 1613 1174 1650 Abrahamo
1194 1612 1360 1659 Bzovio,
1383 1627 1432 1649 ex
1453 1626 1532 1661 quo
1557 1611 1761 1649 Frizonius

69 1673 240 1723 accepit,
266 1687 331 1711 an.
360 1673 473 1720 1372,
506 1673 522 1721 ἓ
548 1673 611 1720 34,
637 1680 677 1710 et
703 1673 754 1709 ab
780 1672 942 1709 Andrea
970 1671 1200 1709 Duchesnio
1225 1671 1266 1708 in
1290 1671 1471 1708 Historia
1497 1671 1620 1719 gentis
1645 1670 1762 1707 Barri

70 1732 212 1770 ducum
236 1732 387 1782 scripta
413 1741 509 1770 sunt
534 1740 694 1770 constet
720 1731 941 1770 Jolandam
965 1731 1006 1768 in
1031 1745 1230 1769 carcerem
1257 1730 1377 1768 fuisse
1404 1730 1632 1779 conjectam
1656 1743 1763 1766 anno

70 1791 388 1839 MCCCLXXII,
431 1805 524 1830 cum
566 1791 749 1829 nondum
794 1791 913 1840 Hugo
955 1798 1166 1840 promotus
1209 1798 1314 1827 esset
1356 1789 1407 1826 ad
1450 1788 1762 1835 cardinalatum,

69 1850 334 1889 manifestum
354 1859 415 1889 est
434 1864 524 1889 eam
544 1850 755 1888 historiam
777 1850 826 1887 ad
848 1849 962 1887 illum
982 1849 1182 1899 pertinere
1211 1863 1292 1886 non
1311 1863 1441 1898 posse,
1470 1848 1538 1885 sed
1567 1848 1619 1885 ad
1641 1848 1763 1885 Joan-

69 1923 162 1947 nem
186 1909 234 1947 de
262 1909 482 1956 Dormano,
508 1909 577 1959 qui
601 1923 645 1947 ea
673 1917 918 1958 tempestate
943 1916 1030 1946 erat
1064 1907 1233 1946 nuncius
1267 1907 1512 1957 apostolicus
1547 1906 1586 1943 in
1620 1906 1762 1944 Gallia.

123 1969 166 2006 P.
191 1969 279 2016 423,
303 1969 369 2018 lig.
394 1969 429 2007 4.
455 1969 596 2006 Gmno
623 1983 676 2005 DE
702 1968 959 2005 MALEslcco.
987 1967 1147 2016 Duplex
1170 1967 1210 2003 in
1233 1966 1308 2004 hoc
1332 1966 1418 2003 loco
1443 1965 1678 2003 commissus
1702 1973 1763 2003 est

70 2042 178 2065 error
208 2042 229 2065 a
262 2028 507 2077 quibusdam
548 2027 813 2077 scriptoribus
854 2026 1129 2064 historiarum.
1172 2025 1329 2075 Quippe
1363 2024 1606 2062 cardinalem
1638 2024 1763 2061 istum

69 2086 187 2124 aiunt
207 2095 353 2124 natum
375 2102 458 2125 esse
480 2087 522 2124 in
544 2086 723 2124 marchia
747 2085 1040 2131 Lemovicensi‚
1064 2098 1184 2134 quem
1219 2092 1381 2122 constat
1404 2083 1618 2121 oriundum
1643 2082 1762 2120 fuisse

69 2160 88 2183 e
107 2145 278 2184 dioecesi
296 2146 517 2192 Tutelensi,
535 2145 725 2184 eumdem
743 2144 923 2194 Gregorii
944 2145 1002 2181 XI
1023 2152 1227 2193 nepotem,
1246 2157 1338 2181 cum
1356 2142 1477 2180 fuerit
1494 2150 1659 2179 tantum
1676 2141 1762 2190 ejus

70 2205 406 2254 consanguineus.

122 2263 192 2301 Vir
220 2263 298 2302 fuit
327 2263 526 2311 doctrina,
556 2263 709 2314 pietate
739 2271 780 2301 et
817 2262 970 2300 virtute
1009 2261 1264 2307 clarissimus,
1303 2268 1349 2297 ut
1378 2259 1429 2296 ad
1466 2273 1618 2296 annum
1650 2257 1762 2305 1409,

76 2323 92 2370 ξ
122 2322 159 2370 3,
190 2322 249 2360 ait
280 2323 536 2373 Spondanus.
571 2323 729 2361 Harum
760 2321 942 2360 omnium
973 2320 1173 2357 virtutum
1207 2319 1359 2357 semina
1389 2318 1500 2367 jacta
1531 2318 1693 2355 fuerant
1722 2316 1763 2354 in

70 2381 278 2420 academia
296 2382 511 2429 Tolosana,
529 2381 599 2419 ubi
616 2380 753 2419 studio
769 2380 868 2430 juris
886 2378 1069 2418 canonici
1088 2378 1103 2401 2
1119 2392 1211 2416 eum
1228 2377 1384 2416 dedisse
1403 2390 1566 2426 operam
1583 2375 1762 2424 illudque

68 2440 229 2491 publice
252 2441 404 2479 ibidem
429 2440 611 2479 docuisse
636 2440 765 2489 liquet
789 2454 838 2477 ex
867 2439 958 2476 Vita
987 2437 1140 2475 Urbani
1170 2437 1203 2474 V
1225 2436 1375 2486 scripta
1400 2436 1451 2473 ab
1476 2434 1690 2484 Aymerico
1714 2434 1762 2472 de

46 2520 50 2524 ¹
70 2499 264 2548 Peyraco,
287 2500 438 2537 abbate
462 2498 764 2548 Moyssiacensi‚
787 2513 826 2548 p.
851 2497 939 2535 408.

119 2672 150 2706 1.
183 2672 212 2705 Il
241 2672 373 2704 devint
401 2673 543 2714 eveque
580 2671 624 2704 de
661 2670 798 2704 Sabine
836 2672 942 2712 apres
970 2669 1001 2701 le
1031 2669 1050 2701 8
1078 2668 1201 2711 juillet
1228 2667 1321 2700 1379
1354 2665 1498 2708 (Eubel,
1526 2663 1762 2706 Hierarchia‚

70 2731 96 2758 t.
116 2737 140 2765 1,
162 2737 197 2769 p.
221 2725 292 2767 22).
314 2744 362 2747 -—
380 2724 517 2756 Baluze
538 2735 559 2757 a
578 2735 624 2757 eu
644 2723 725 2756 soin
746 2724 789 2755 de
811 2734 938 2766 passer
957 2733 1042 2754 sous
1062 2721 1197 2753 silence
1217 2732 1268 2752 un
1289 2719 1404 2752 detail
1425 2719 1468 2751 de
1496 2718 1531 2750 la
1551 2716 1765 2760 deposition

71 2777 267 2821 d'Hugues
291 2778 334 2810 de
357 2777 559 2810 Montalais
582 2776 646 2820 qui
668 2787 689 2809 a
710 2781 895 2820 pourtant
916 2786 983 2807 son
1004 2774 1239 2817 importance
1265 2772 1316 2815 (B.
1340 2772 1397 2810 N„
1421 2783 1487 2804 ms.
1511 2770 1606 2803 latin
1628 2769 1762 2811 11745,

71 2831 133 2864 fol.
152 2832 197 2864 37
214 2831 259 2874 r0)
282 2845 288 2864 :
306 2832 337 2864 le
355 2829 523 2863 cardinal
540 2841 577 2862 se
595 2829 741 2872 croyait
757 2840 803 2861 en
820 2828 940 2871 pleine
958 2826 1117 2860 securite
1135 2831 1254 2858 avant
1269 2825 1499 2857 l’ouverture
1518 2824 1567 2855 du
1585 2822 1762 2856 conclave

76 2883 170 2927 (voir
185 2884 217 2916 le
234 2890 339 2916 texte
355 2883 529 2926 imprime
545 2894 614 2926 par
628 2882 767 2921 Valois,
786 2888 811 2914 t.
831 2894 853 2920 1,
872 2892 906 2924 p.
925 2881 982 2919 15,
1000 2886 1088 2912 note
1106 2879 1154 2921 4).
1172 2897 1220 2901 —
1235 2877 1305 2910 Sur
1319 2878 1472 2920 Hugues
1490 2877 1534 2909 de
1547 2875 1761 2915 Montalais,

73 2936 154 2970 voir
170 2936 297 2969 Valois
320 2936 389 2979 (op.
409 2937 481 2976 cit.,
501 2941 527 2968 t.
545 2947 583 2974 11,
603 2947 638 2978 p.
658 2934 756 2977 496),
778 2933 1007 2966 Delachenal
1030 2932 1206 2975 (Histoire
1223 2932 1264 2964 de
1281 2930 1430 2963 Charles
1452 2929 1493 2969 V,
1509 2935 1534 2963 t.
1550 2941 1601 2969 111,
1622 2940 1656 2972 p.
1680 2928 1762 2968 164,

73 2989 171 3033 172),
196 2989 325 3022 Donet
346 2989 486 3031 d'Arcq
511 2988 723 3030 (Collection
743 2988 784 3020 de
802 2997 945 3025 sceauae,
969 2991 994 3018 t.
1016 2983 1070 3024 11¹,
1092 2996 1127 3017 n.
1151 2984 1272 3024 6191).

122 3043 154 3076 2.
171 3042 295 3075 Guido
309 3042 353 3075 de
368 3041 579 3081 Malesicco,
596 3041 729 3074 doctor
742 3040 982 3073 decretorum
997 3038 1228 3081 (Bellamera,
1245 3036 1383 3069 Consil.
1400 3036 1431 3075 2,
1449 3047 1483 3068 n.
1498 3035 1536 3074 4;
1554 3034 1690 3068 Consil.
1704 3034 1761 3073 19,

75 3094 197 3139 initio)
233 3095 419 3139 [Baluze]
