2083 3458
108 246 234 302 [879]
269 304 271 306 q
635 261 852 286 PAPARUM
888 260 1270 286 AVENIONENsmM
1711 241 1793 284 391

96 346 204 384 Eum
238 360 358 396 porro
395 345 643 383 cardinalem
679 345 803 382 creari
848 345 1163 394 postulaverant
1191 358 1214 382 a
1249 344 1456 382 Clemente
1486 343 1717 381 Ludovicus
1754 350 1795 380 et

96 405 259 442 Joanna
285 403 442 442 Siciliae
465 417 590 453 reges.
618 403 735 451 Quod
761 404 943 442 Clemens
968 403 1099 441 facere
1124 403 1418 449 destinaverat,
1443 401 1794 440 consentientibus

94 463 222 501 etiam
245 462 534 509 cardinalibus,
558 461 627 499 sed
651 469 782 499 morte
806 470 1054 511 praeventus
1078 461 1224 511 exequi
1247 476 1329 499 non
1351 461 1502 510 potuit.
1528 461 1590 498 Ab
1616 460 1795 498 Ecclesia

97 521 334 560 Bracarensi
353 521 562 558 transiisse
584 520 635 557 ad
658 520 939 559 Arelatensem
960 521 1153 559 observat
1175 520 1398 558 Rodericus
1419 533 1440 557 a
1464 520 1618 557 Cunha.

153 580 290 618 Fuisse
323 580 438 616 illum
471 579 606 629 patria
641 579 901 617 Tutelensem
936 579 1034 617 satis
1067 580 1198 629 liquet
1231 594 1282 617 ex
1315 593 1361 617 eo
1397 579 1506 628 quod
1542 578 1796 615 constituens

96 639 329 688 dotansque
348 639 549 688 quasdam
570 637 815 687 capellanias
830 638 870 675 in
893 638 1067 676 Ecclesia
1087 638 1328 684 Arelatensi,
1346 637 1492 684 sanxit,
1510 645 1557 674 ut
1575 637 1633 674 ait
1653 637 1796 674 Petrus

99 697 258 744 Saxius,
288 698 450 734 Petrum
479 697 523 734 de
557 696 708 734 Cardia
734 696 992 734 Tutellensem
1016 705 1202 746 perpetuo
1225 696 1330 745 juris
1354 703 1586 746 patronatus
1613 694 1796 744 beneficio

96 756 193 806 frui.
223 756 377 794 Deinde
401 756 442 793 in
469 755 605 793 codice
628 753 734 792 1393
758 755 1029 794 bibliothecae
1056 755 1313 794 Colbertinae
1330 755 1344 777 1
1368 763 1486 793 extat
1507 762 1626 793 vetus
1646 754 1797 792 instru-

99 823 286 853 mentum
327 815 560 853 confectum
600 814 711 864 apud
739 814 993 852 Avenionem
1032 829 1140 852 anno
1181 812 1515 860 MCCCCXVIII,
1545 813 1608 851 die
1639 812 1796 851 decima

100 874 347 921 novembris,
372 874 414 911 in
440 888 520 923 quo
546 873 692 910 nobili-s·
717 873 775 909 vir
797 872 1031 910 Guillelmas
1056 874 1099 910 de
1129 873 1292 920 Gar-clia,
1311 872 1537 910 domicellus
1564 870 1799 909 Tzaetellensis

98 933 277 979 diocesis,
302 932 486 970 dominas
512 932 554 970 in
578 940 687 981 parte
710 932 1080 969 Montis-Draconis
1103 931 1144 969 in
1169 932 1341 969 dioecesi
1365 930 1631 978 Arausicana,
1656 929 1800 967 vendit

102 992 144 1031 P.
184 991 379 1030 cardinali
397 991 425 1039 ²,
464 991 790 1029 administratori
828 999 1026 1040 perpetuo
1066 990 1268 1029 Ecclesiae
1301 989 1593 1037 Arausicensis,
1631 989 1799 1027 domum

100 1065 225 1100 quam
260 1051 443 1089 habebat
477 1050 519 1088 in
554 1050 654 1088 urbe
691 1049 1075 1087 Montis-Draconis.
1114 1049 1229 1087 Adde
1267 1049 1376 1098 quod
1403 1049 1453 1086 ⁴in
1488 1048 1617 1086 veteri
1653 1047 1800 1085 Charta

99 1110 296 1147 Ecclesiae
311 1109 555 1147 Arelatensis
571 1109 669 1146 data
686 1123 794 1146 anno
812 1108 1081 1155 MCCCLVH,
1099 1108 1161 1146 die
1180 1123 1238 1145 xx
1253 1108 1444 1157 januarii,
1460 1107 1567 1145 inter
1583 1106 1798 1145 canonicos

98 1168 203 1206 illius
225 1168 428 1206 Ecclesiae
448 1168 687 1206 nominatur
699 1167 879 1205 Joannes
900 1167 948 1205 de
970 1167 1175 1216 Fajardia,
1198 1181 1319 1216 quem
1345 1167 1464 1204 valde
1494 1165 1703 1216 probabile
1736 1173 1798 1203 est

99 1227 244 1266 Tutela
264 1227 493 1265 abductum
513 1241 535 1264 a
556 1227 766 1277 Stephano
785 1226 1090 1276 archiepiscopo
1110 1234 1157 1264 ut
1177 1225 1308 1264 civem
1329 1240 1448 1262 suum
1466 1225 1506 1262 in
1528 1224 1707 1262 Ecclesia
1728 1238 1800 1261 sua

98 1287 380 1324 constitueret.
407 1286 513 1323 Nam
536 1285 577 1323 in
600 1285 808 1324 veteribus
832 1285 942 1323 urbis
967 1285 1136 1323 Tutelae
1161 1284 1437 1322 monumentis
1461 1283 1617 1333 reperio
1641 1298 1706 1321 eos
1732 1282 1801 1332 qui

95 1345 146 1383 de
174 1345 365 1394 Fajardia
391 1344 734 1394 cognominantur
759 1344 882 1382 fuisse
908 1343 1082 1382 censitos
1108 1343 1215 1381 inter
1239 1343 1453 1393 primarios
1479 1342 1662 1392 ejusdem
1688 1341 1799 1379 urbis

98 1404 218 1442 cives.
246 1404 386 1442 Manet
408 1404 636 1442 etiamnum
660 1403 771 1453 apud
795 1417 866 1441 nos
891 1417 937 1441 ea
962 1417 1071 1453 gens,
1096 1403 1218 1452 vulgo
1243 1402 1352 1439 dicta
1375 1402 1433 1439 La
1457 1401 1662 1450 Fagerclie,
1684 1400 1799 1450 cujus

96 1463 216 1501 aedes
237 1463 295 1501 ita
325 1462 571 1512 conjunctae
600 1471 697 1500 sunt
726 1462 895 1500 aedibus
926 1462 1172 1500 Gardiorum
1200 1469 1247 1498 ut
1275 1461 1351 1498 illis
1382 1461 1645 1498 adhaereant.
1660 1460 1801 1497 Manet

94 1522 222 1560 etiam
245 1522 490 1560 Gardiorum
511 1536 606 1571 gens
627 1521 667 1559 in
689 1521 823 1571 plures
844 1535 978 1558 ramos
1001 1521 1242 1566 distributa3
1266 1534 1440 1569 quorum
1462 1519 1631 1569 quidam
1651 1532 1800 1556 vocan-

96 1589 164 1619 tur
179 1581 318 1619 Gardii
334 1581 382 1619 de
398 1581 563 1628 Gardia,
580 1581 701 1630 vulgo
716 1580 895 1629 Lagarde
910 1581 953 1617 sle
965 1580 1023 1617 De
1044 1579 1205 1626 Cardia,
1222 1587 1268 1616 ut
1283 1593 1304 1616 a
1321 1578 1799 1627 ceterigdistinguantur.

101 1640 172 1678 Isti
194 1648 334 1678 autem
355 1640 382 1677 ii
404 1647 501 1677 sunt
523 1654 698 1689 quorum
720 1639 838 1677 aedes
862 1639 1078 1688 contiguae
1101 1646 1197 1676 sunt
1219 1638 1388 1676 aedibus
1414 1636 1711 1686 Fajardiorum.
1738 1636 1800 1672 Ex

95 1698 142 1736 iis
170 1699 289 1737 hodie
317 1707 502 1749 superest
529 1699 591 1736 vir
618 1698 883 1736 clarrissimus
913 1698 1109 1735 Martialis
1138 1698 1186 1735 de
1215 1697 1380 1743 Gardia,
1410 1697 1586 1734 decanus
1616 1694 1799 1732 consilia-

96 1757 249 1795 riorum
283 1758 486 1808 regiorum
520 1757 562 1795 in
598 1757 707 1795 curia
744 1757 973 1807 praesidiali
1011 1757 1238 1802 Tutelensi3
1276 1756 1391 1805 cujus
1428 1763 1599 1805 patruus
1636 1753 1800 1791 Gabriel

94 1817 145 1854 de
178 1817 343 1864 Gardia,
377 1831 440 1855 me
473 1816 698 1854 admodum
730 1831 870 1866 puero,
904 1815 1191 1865 commigravit
1224 1814 1459 1860 Massiliam,
1492 1814 1629 1863 ibique
1662 1813 1798 1850 sedem

99 1876 202 1914 fixit.
234 1876 406 1914 Moriens
436 1883 576 1913 autem
605 1875 705 1913 duos
733 1875 833 1913 filios
861 1875 1026 1924 reliquit
1049 1875 1255 1912 Andrean]
1280 1882 1321 1911 et
1349 1872 1598 1918 Gabrielem3
1624 1885 1798 1921 quorum

96 1935 229 1984 major
255 1935 374 1972 hodie
401 1935 537 1972 locum
564 1942 678 1972 tenet
705 1934 903 1984 praetoris
931 1934 972 1971 in
999 1934 1143 1972 eadem
1170 1933 1268 1970 urbe
1298 1932 1555 1977 Massiliensi,
1585 1931 1700 1977 alter,
1729 1929 1798 1979 qui

96 2007 205 2031 anno
230 1993 584 2040 MDCLXXXIV,
610 1993 673 2031 die
699 2007 754 2030 x11
780 1993 1027 2039 novembris,
1052 1992 1226 2031 excessit
1250 2007 1268 2029 e
1293 1991 1412 2037 vivis,
1437 1998 1525 2028 erat
1549 1989 1733 2028 centurio
1756 1988 1797 2026 in

95 2053 263 2090 cohorte
293 2052 555 2102 Aquitanica,
584 2051 799 2102 Capitaine
827 2052 926 2089 dans
954 2052 986 2089 le
1014 2052 1203 2100 regimem
1230 2052 1274 2088 cle
1309 2050 1507 2100 Guvyenne.
1540 2049 1595 2086 De
1624 2047 1796 2098 posteris

96 2119 284 2149 veterum
307 2111 553 2149 Gardiorum
576 2111 755 2149 dicemus
781 2110 900 2148 infra.

151 2171 289 2208 Fuisse
324 2170 588 2209 Guillelmum
622 2170 670 2208 de
706 2167 887 2207 Guardia
922 2169 1165 2208 canonicum
1200 2168 1547 2212 Aurelianensem,
1584 2173 1701 2215 patet
1746 2178 1795 2202 ex

97 2229 235 2267 Ruzeo
257 2229 296 2266 in
315 2229 501 2266 Tractata
519 2228 624 2278 juris
646 2229 895 2277 regaliorum,
911 2227 1092 2278 privileg.
1113 2227 1161 2265 25
1183 2235 1224 2265 et
1238 2227 1299 2264 48.
1320 2226 1474 2264 Deinde
1489 2225 1620 2263 evasit
1643 2223 1794 2261 archie-

94 2288 285 2338 piscopus
314 2288 574 2326 Bracarensis
604 2288 644 2325 in
676 2287 888 2325 Lusitania
903 2286 930 2325 3.
965 2288 1052 2335 Qua
1082 2294 1332 2336 tempestate
1363 2285 1508 2322 missus
1533 2291 1594 2321 est
1622 2282 1793 2319 nuncius

92 2347 344 2397 apostolicus
361 2347 403 2384 in
417 2347 595 2385 Siciliam
616 2354 663 2384 ut
685 2345 742 2384 ait
764 2345 827 2384 hic
847 2354 1009 2391 auctor3
1026 2345 1118 2383 vide
1137 2345 1262 2383 etiam
1278 2344 1499 2382 Odoricum
1516 2341 1792 2391 Raynaldum,

92 2419 160 2444 an.
183 2405 297 2453 1352,
323 2405 340 2454 ἓ
358 2405 443 2453 3,5.
466 2406 613 2444 Postea
632 2405 798 2443 transiit
817 2405 868 2442 ad
889 2405 1114 2442 Ecclesiam
1133 2404 1413 2441 Arelatensem
1428 2401 1457 2448 4,
1478 2401 1540 2439 cui
1562 2399 1792 2450 praefectus

91 2472 157 2502 est
172 2472 267 2514 post
282 2472 458 2503 mortem
475 2464 673 2514 Stephani
691 2464 738 2502 de
756 2464 907 2502 Gardia
925 2478 1046 2510 anno,
1064 2471 1111 2500 ut
1127 2463 1185 2500 ait
1203 2462 1346 2500 Saxius
1365 2460 1418 2510 [p.
1437 2458 1544 2508 319],
1563 2457 1790 2497 MCCCLX.

96 2523 237 2573 Neque
269 2523 378 2562 enim
410 2523 488 2560 alia
521 2523 758 2561 testimonia
791 2523 907 2560 nobis
940 2530 1182 2572 suppetunt.
1217 2521 1335 2557 Anno
1371 2518 1621 2556 MCCCLXV
1655 2529 1793 2554 mense

94 2582 202 2620 maio
225 2582 406 2632 praefuit
429 2582 599 2620 concilio
624 2581 797 2632 Aptensi
813 2581 828 2603 5
852 2581 978 2619 trium
1002 2579 1321 2631 provinciarum,
1347 2578 1455 2627 quod
1480 2577 1570 2614 ideo
1596 2582 1791 2613 vocatum

91 2649 156 2679 est
177 2642 374 2690 generale.
400 2641 556 2679 Eodem
583 2655 691 2678 anno
719 2654 912 2678 coronam
935 2639 1046 2689 regni
1064 2638 1311 2676 Arelatensis
1330 2636 1526 2686 imposuit
1548 2634 1698 2672 Karolo
1721 2633 1789 2681 IV,

146 2801 175 2834 1.
195 2801 235 2833 B.
257 2800 313 2839 N.,
333 2812 399 2833 ms.
418 2799 514 2832 latin
530 2799 635 2839 1461,
654 2800 717 2833 fol.
736 2801 781 2833 80
798 2804 847 2832 ΓΟ.

145 2854 175 2886 2.
206 2853 235 2886 Il
260 2853 371 2896 s'agit
397 2853 440 2885 de
469 2853 589 2886 Pierre
616 2853 754 2896 d’Ailly
774 2851 1172 2895 (Albanes-Chevalier,
1200 2849 1321 2883 Gallia
1346 2848 1558 2882 Christiana
1575 2846 1785 2884 nouissima,

95 2912 122 2939 t.
147 2918 195 2945 VI,
219 2906 285 2939 col.
310 2906 495 2949 149-150).

143 2960 176 2992 3.
208 2959 256 2992 Le
287 2959 331 2992 26
358 2958 481 3002 juillet
517 2958 610 2991 1349
652 2958 838 3001 (Albanes‚
877 2969 934 3000 ορ.
965 2958 1035 2995 cit.,
1072 2956 1189 2995 Artes,
1221 2955 1287 2988 col.
1328 2954 1424 2997 684).
1463 2953 1723 2995 Auparavant,
1754 2951 1786 2983 le

96 3012 140 3046 13
162 3011 296 3045 sevrier
317 3012 421 3050 1348,
444 3010 468 3043 il
489 3010 594 3044 avait
615 3012 755 3044 obtenu
776 3011 811 3043 la
832 3010 927 3053 siege
950 3010 993 3042 de
1017 3008 1224 3052 Perigueux
1249 3007 1363 3050 (ibid,
1387 3007 1453 3039 col.
1477 3005 1573 3048 683).

143 3065 175 3097 4.
199 3064 248 3098 Le
269 3065 313 3098 16
332 3064 415 3108 juin
434 3064 524 3097 1361
551 3063 616 3107 (Ut
634 3076 674 3104 s.,
697 3064 764 3097 col.
788 3063 884 3106 687).

145 3118 176 3150 5.
207 3117 254 3150 Ut
276 3128 316 3155 s.‚
343 3117 409 3150 col.
436 3116 604 3151 692-703.
