2083 3458
246 194 325 235 432
895 211 1045 237 NOTAE
1079 211 1140 237 AD
1174 212 1302 238 V1TAs
1823 198 1950 256 [916]

245 293 426 331 dendum
450 308 534 331 esse
557 293 599 330 in
622 293 742 332 rebus
768 294 870 332 adeo
894 295 1077 344 antiquis
1102 303 1143 333 et
1166 295 1275 333 tanti
1300 295 1500 333 momenti
1524 296 1679 347 absque
1707 297 1947 337 testimonio

244 352 481 390 vetustioris
508 353 743 403 scriptoris?
773 353 928 391 Eadem
955 354 1020 392 ille
1050 353 1128 392 fide
1155 354 1329 392 tradunt
1355 355 1461 393 hanc
1489 355 1707 395 Clementis
1735 371 1945 396 erroneam
1982 385 1985 387 >

242 411 626 461 intolerabilemque
649 412 943 460 temeritatem,
967 428 1012 451 ac
1043 421 1209 450 tantum
1241 427 1323 451 non
1351 414 1552 452 haeresim
1581 416 1871 466 reprehensam
1900 431 1947 455 ac

242 479 468 508 correctam
493 471 615 510 fuisse
641 485 663 509 a
688 472 918 521 theologica
944 472 1144 510 facultate
1171 472 1402 516 Parisiensi.
1430 473 1485 511 Et
1509 481 1650 513 tamen
1674 475 1880 525 nuspiam,
1904 475 1946 514 in

241 537 305 567 tot
333 530 424 568 aevi
450 530 558 568 illius
588 531 882 579 monumentis,
911 531 1086 582 reperire
1114 531 1211 570 licet
1239 532 1367 570 ullam
1395 546 1441 570 ea
1463 532 1511 571 de
1534 548 1575 571 re
1594 534 1946 573 concertationem

242 588 362 627 fuisse
380 589 419 626 in
439 589 650 627 academia
668 590 898 629 Parisiensi.
920 591 973 628 Et
988 605 1098 639 sane,
1115 590 1147 628 si
1161 590 1221 628 ita
1238 599 1313 638 est,
1330 599 1378 628 ut
1394 591 1525 629 tradit
1542 592 1739 641 Weselus,
1759 593 1947 644 oportuit

239 648 493 686 academiam
525 648 638 686 illam
669 657 899 688 ceterarum
928 649 1155 700 principem
1187 650 1311 688 fuisse
1342 650 1551 689 admodun
1584 653 1810 702 stupidam,
1841 653 1873 691 si
1902 653 1943 691 in

239 722 278 745 re
305 707 406 745 adeo
433 708 539 745 clara
566 716 608 746 et
633 708 852 747 manifesta
881 709 1006 747 fidem
1031 709 1170 759 potuit
1195 710 1260 747 vel
1285 709 1466 747 tenuiter
1490 710 1686 750 adhibere
1712 712 1942 750 mendacio.

244 767 399 804 Insulsa
416 775 478 805 est
494 767 603 805 enim
620 768 878 818 compositio,
897 768 1026 815 fatua,
1045 768 1226 815 demens,
1244 769 1376 806 aliena
1393 783 1415 806 a
1432 770 1540 818 stylo
1558 770 1692 809 curiae
1712 771 1941 819 Romanae,

237 825 413 876 denique
440 826 662 877 superflua,
690 841 783 865 cum
808 827 861 864 ad
888 827 1223 865 constituendam
1249 827 1622 878 stabiliendamque
1649 830 1944 869 auctoritatem

236 885 405 934 jubilaei
432 894 473 924 et
497 886 778 935 indulgentiae
806 886 1002 936 generalis
1030 887 1377 936 excitandamque
1407 887 1589 926 fidelium
1615 889 1816 939 pietatem
1843 889 1942 928 satis

237 959 439 995 superque
466 945 644 983 sufficiat
668 945 736 983 illa
764 946 983 984 Clementis
1012 946 1256 984 constitutio
1285 960 1388 995 quae
1416 947 1526 985 edita
1554 949 1615 986 est
1641 948 1681 985 in
1709 948 1944 987 Collectione

235 1004 579 1053 eoetravagantium
615 1005 900 1043 communium.
941 1005 1000 1043 Ne
1038 1005 1102 1043 cui
1138 1020 1235 1043 vero
1272 1005 1422 1044 mirum
1459 1006 1651 1044 videatur
1689 1007 1799 1057 quod
1835 1008 1942 1047 hanc

236 1064 392 1101 bullam
420 1064 644 1113 pronuntio
673 1064 821 1102 falsam
848 1079 947 1111 esse,
976 1064 1121 1102 eadiu
1149 1073 1245 1103 ante
1274 1079 1337 1102 me
1366 1065 1445 1102 fuit
1473 1067 1679 1104 sententia
1715 1067 1891 1105 Alberici
1918 1081 1940 1105 a

239 1123 392 1161 Rosate
411 1123 425 1145 1
448 1139 455 1160 :
479 1123 549 1173 qui
570 1123 792 1161 tamenetsi
812 1123 927 1161 illam
947 1123 1135 1161 inveniat
1154 1124 1355 1173 pulcram,
1378 1124 1436 1161 ait
1456 1133 1598 1163 tamen
1619 1125 1804 1175 ignorare
1826 1141 1866 1164 se
1888 1140 1941 1164 an

237 1197 332 1221 vera
358 1183 495 1230 fuerit,
520 1191 562 1220 et
585 1183 664 1221 huc
687 1182 861 1220 inclinat
884 1191 931 1220 ut
954 1191 1075 1233 putet
1099 1197 1190 1221 eam
1214 1197 1297 1221 non
1320 1183 1443 1221 fuisse
1468 1184 1673 1222 bullatam
1696 1199 1769 1223 nec
1793 1185 1939 1224 confir-

237 1251 414 1288 matam3
443 1250 625 1280 ceterum
653 1250 834 1280 testatur
861 1256 952 1280 eam
979 1256 1059 1279 non
1082 1242 1205 1280 fuisse
1227 1250 1437 1280 servatam
1459 1243 1614 1282 Romae
1635 1258 1743 1281 anno
1768 1244 1939 1283 MCCCL

237 1310 406 1351 tempore
431 1301 529 1339 dicte
557 1301 816 1350 indulgentie,
843 1302 895 1338 ad
920 1316 1038 1351 quam
1062 1301 1125 1350 fui
1151 1316 1240 1339 cum
1267 1316 1384 1339 uxore
1409 1310 1443 1339 et
1468 1302 1595 1340 tribus
1623 1303 1733 1352 filiis.
1763 1304 1939 1342 Sanctus

237 1375 400 1411 quoque
430 1360 680 1407 Antoninus,
709 1360 1040 1410 archiepiscopus
1071 1360 1347 1408 Florentinus,
1368 1375 1454 1411 par.
1490 1362 1552 1399 III
1576 1362 1777 1410 Summae,
1801 1363 1867 1402 tit.
1896 1377 1938 1411 x,

237 1435 324 1471 cap.
350 1435 407 1468 111,
441 1420 457 1469 ἓ
483 1420 519 1467 6,
545 1434 636 1458 63111
662 1420 809 1457 falsam
835 1435 919 1458 esse
944 1420 1236 1470 pronuntiavit
1260 1420 1321 1458 his
1348 1420 1482 1458 verbis
1509 1436 1517 1456 t
1544 1421 1601 1459 Et·
1620 1435 1667 1459 ne
1691 1422 1779 1471 quis
1808 1430 1940 1460 sumat

236 1480 360 1517 dubia
383 1494 454 1529 pro
478 1479 605 1526 certis,
629 1479 834 1516 sciendum
859 1479 960 1528 quod
985 1479 1027 1516 in
1051 1479 1167 1529 copia
1189 1478 1400 1528 cujusdam
1424 1479 1552 1517 bullae
1573 1495 1670 1530 quae
1692 1481 1837 1519 dicitur
1858 1495 1940 1519 esse

235 1539 448 1577 Clementis
472 1539 596 1576 multa
620 1546 836 1575 narrantur
859 1552 956 1587 quae
981 1552 1059 1575 non
1082 1538 1263 1576 videntur
1285 1553 1365 1576 esse
1390 1539 1432 1576 cle
1454 1539 1552 1589 stylo
1576 1540 1722 1587 curiae,
1747 1555 1836 1578 cum
1857 1541 1940 1579 sint

235 1599 337 1636 levia
360 1607 394 1636 et
415 1597 680 1635 exorbitantia
702 1597 811 1635 satis.
845 1597 957 1635 Unde
974 1597 1061 1634 licet
1079 1597 1331 1634 ascribantur
1349 1597 1553 1646 Clementi,
1575 1613 1653 1636 non
1672 1599 1825 1637 videtur
1841 1600 1937 1637 veri-

235 1658 366 1695 simile
385 1657 496 1694 illius
515 1657 571 1694 vel
588 1656 750 1694 alterius
767 1657 915 1693 summi
933 1656 1137 1706 pontificis
1154 1656 1293 1705 fuisse,
1311 1657 1378 1694 sed
1396 1656 1531 1706 fictitie
1550 1658 1719 1696 inventa.
1743 1660 1831 1697 Hoc
1848 1660 1938 1697 loco

234 1717 367 1755 sancti
400 1715 599 1753 Antonini
629 1730 725 1753 usus
756 1724 818 1753 est
850 1716 1030 1753 joannes
1060 1716 1242 1753 Brunelli
1271 1716 1310 1753 in
1343 1716 1588 1766 repetitione
1618 1717 1660 1754 in
1691 1718 1937 1758 decretalem

234 1776 412 1826 primam
434 1776 493 1812 De
517 1774 730 1812 homicidio
757 1774 800 1811 in
824 1775 1016 1824 antiquis,
1043 1789 1128 1824 par.
1160 1775 1228 1822 IV,
1256 1776 1432 1813 conclus.
1458 1790 1518 1823 IX,
1544 1776 1614 1813 ubi
1640 1777 1743 1815 falso
1768 1777 1938 1827 putavit

236 1836 494 1873 Antoninum
515 1834 627 1883 loqui
650 1834 697 1872 de
721 1834 1018 1871 constitutione
1042 1834 1261 1872 Clementis
1284 1834 1341 1871 VI
1363 1834 1586 1884 incipiente
1614 1836 1874 1886 Unigenitus;
1894 1837 1937 1875 in

206 1894 210 1897 ’
236 1909 316 1944 qua
341 1895 400 1932 ait
424 1893 621 1931 contineri
647 1893 778 1930 multa
802 1893 973 1943 puerilia
999 1901 1039 1931 et
1062 1893 1183 1940 levia,
1209 1893 1322 1930 illam
1347 1908 1467 1943 porro
1492 1894 1656 1933 deviare
1681 1909 1701 1932 3
1728 1896 1936 1934 communi

233 1955 356 2003 stylo.
380 1953 509 1990 Addit
529 1966 618 1990 63111
642 1966 723 1989 non
744 1960 884 1990 extare
906 1952 947 1989 in
969 1951 1202 1989 Collectione
1223 1953 1567 2001 extravagantium
1588 1955 1873 2003 communium,
1896 1963 1938 1993 et

236 2028 314 2051 non
337 2028 420 2050 esse
442 2013 489 2050 de
510 2011 746 2049 notissimis.
772 2011 818 2048 In
838 2026 918 2060 quo
938 2011 1054 2048 illum
1073 2025 1205 2049 errare
1227 2011 1393 2049 omnino
1413 2012 1681 2051 manifestum
1701 2022 1775 2052 est.
1801 2014 1935 2053 Habe-

233 2081 302 2110 tur
328 2072 436 2110 enim
462 2072 569 2109 inter
596 2071 909 2119 Extrcwagantes
936 2085 1179 2114 communesg
1207 2079 1248 2108 et
1275 2085 1366 2109 eum
1395 2079 1554 2109 certum
1581 2072 1634 2109 sit
1660 2086 1752 2111 eam
1778 2073 1936 2112 editam

236 2132 357 2169 fuisse
382 2131 433 2168 ab
458 2130 600 2168 eodem
626 2130 832 2167 Clemente
857 2138 898 2167 et
921 2130 1008 2179 ejus
1032 2129 1282 2168 auctoritate
1305 2131 1626 2180 promulgatam,
1653 2131 1824 2169 dubium
1849 2147 1934 2171 esse

236 2206 315 2228 non
336 2198 473 2240 potest
494 2189 592 2239 quin
612 2189 665 2226 sit
684 2189 732 2226 de
753 2189 861 2237 stylo
882 2189 1030 2227 curiae.
1054 2189 1244 2227 Ceterum
1264 2189 1364 2226 nihil
1384 2189 1426 2226 in
1445 2203 1491 2228 ea
1511 2190 1679 2240 puerile,
1701 2191 1801 2229 nihil
1822 2191 1933 2242 quod

236 2249 396 2288 levitati
417 2249 566 2287 debeat
585 2248 775 2286 adscribi.
800 2248 908 2286 Ferri
929 2256 1070 2285 autem
1090 2262 1172 2285 non
1191 2256 1331 2298 potest
1350 2248 1559 2287 insulsitas
1582 2250 1754 2288 Joannis
1774 2251 1932 2288 Hoorn-
1962 2251 1968 2257 “

236 2310 349 2357 beek,
376 2309 445 2358 qui
469 2308 638 2358 primus,
664 2315 711 2344 ut
733 2307 819 2357 ipse
844 2307 1025 2357 putavit,
1051 2307 1157 2345 hanc
1181 2307 1385 2357 egregiam
1410 2308 1565 2345 bullam
1595 2308 1739 2357 edidit,
1774 2325 1813 2360 p.
1840 2309 1931 2358 275,

230 2368 432 2406 examinis
462 2368 596 2405 bullae
626 2366 783 2404 Urbani
812 2366 916 2404 VIII
942 2366 1001 2403 De
1028 2366 1158 2415 festis;
1188 2366 1258 2403 ubi
1286 2381 1359 2416 pro
1388 2381 1461 2405 sua
1490 2367 1664 2406 audacia
1693 2383 1764 2407 seu
1792 2369 1930 2419 potius

233 2428 467 2466 temeritate
490 2441 572 2464 non
595 2434 760 2464 veretur
782 2439 957 2463 asserere
980 2425 1093 2463 illam
1117 2425 1335 2463 Clementis
1359 2426 1514 2463 bullam
1537 2441 1560 2464 a
1583 2427 1733 2466 nostris
1755 2428 1814 2466 ita
1837 2443 1931 2478 sup—

233 2501 414 2536 pressam
439 2501 522 2524 esse
546 2493 593 2522 ut
618 2485 688 2521 vix
710 2485 873 2535 uspiam
896 2484 1136 2534 reperiatur.
1164 2485 1266 2522 Cum
1289 2484 1397 2522 enim
1421 2485 1532 2523 edita
1555 2486 1715 2536 jamdiu
1739 2487 1792 2525 sit
1819 2486 1927 2537 apud

235 2546 467 2583 Δ1111611611111
502 2553 542 2582 et
577 2558 626 2582 ex
660 2558 706 2582 eo
740 2544 854 2581 illam
899 2543 1071 2593 Cyrillus
1119 2544 1326 2582 Franchus
1371 2544 1544 2582 ediderit
1577 2546 1787 2584 Bononiae
1822 2560 1930 2584 anno

235 2605 470 2642 MDLXXV
498 2604 537 2641 in
565 2602 856 2641 Commentario
881 2603 925 2640 de
948 2616 1054 2640 anno
1076 2602 1260 2651 jubilaei,
1286 2603 1514 2652 reperiatur
1538 2612 1679 2642 autem
1701 2605 1741 2642 in
1769 2605 1930 2643 duobus

233 2664 412 2713 antiquis
435 2663 642 2701 codicibus
664 2676 738 2700 ms.
760 2662 1033 2700 bibliothecae
1056 2661 1327 2709 Colbertinae,
1350 2676 1395 2699 ac
1416 2662 1588 2701 fortasse
1610 2663 1721 2711 alibi,
1738 2664 1929 2702 manifes-
1956 2697 1957 2700 ,

234 2732 320 2759 tum
348 2731 408 2760 cst
433 2723 543 2759 illam
571 2736 652 2758 non
678 2721 800 2759 fuisse
826 2734 1088 2771 suppressam
1113 2720 1165 2757 ab
1190 2720 1237 2758 iis
1264 2720 1334 2770 qui
1362 2721 1550 2759 Romana
1577 2736 1691 2760 sacra
1718 2723 1871 2761 colunt.

289 2783 326 2819 Ι).
349 2782 436 2828 300,
457 2781 521 2830 lig.
543 2782 577 2818 4.
599 2781 853 2817 MANDAMUS
872 2781 1073 2817 ANGEms.
1097 2780 1213 2817 Hanc
1232 2780 1471 2827 clausulam,
1492 2795 1596 2830 quae
1614 2789 1679 2819 tot
1696 2781 1929 2831 tragoedias

234 2841 445 2883 excitavit,
470 2839 696 2877 nonhabet
717 2853 821 2888 quae
850 2839 976 2877 editio
998 2847 1115 2876 extat
1137 2838 1247 2888 apud
1274 2838 1507 2877 Albericum
1520 2839 1546 2879 2.
1569 2840 1698 2877 Extat
1726 2849 1864 2878 tamen
1888 2840 1929 2878 in

292 2978 317 3008 1.
352 2976 516 3011 laricon,
547 2987 594 3008 au
620 2982 701 3007 mot
729 2974 914 3009 Jubileus.

282 3033 310 3061 2.
336 3030 502 3069 Lavit-on,
527 3041 571 3061 au
596 3035 676 3062 mot
699 3029 1001 3062 Jubileus.-—M.
1023 3028 1064 3061 N.
1092 3028 1228 3061 Paulus
1256 3028 1343 3070 (Das
1365 3028 1563 3062 ιῙιιῖὶίῖᾱιιιη
1584 3041 1662 3063 vom
1683 3031 1798 3063 Jahre
1819 3030 1928 3071 1350,

232 3085 321 3114 «laius
352 3083 540 3124 'l'lwologie
568 3083 642 3114 und
673 3082 820 3121 Glaube,
859 3088 884 3114 t.
916 3094 937 3113 v
967 3082 1101 3124 (1913),
1130 3093 1164 3125 p.
1194 3081 1363 3124 532-541)
1395 3094 1415 3114 a
1442 3082 1637 3116 demontre
1665 3095 1735 3127 que
1763 3084 1797 3116 la
1830 3084 1931 3117 bulle
