2083 3458
98 151 220 206 [629]
623 162 840 187 PAPARUM
876 161 1261 187 AVENonENsmM
1708 146 1786 186 109

84 250 273 299 leguntur
294 247 334 285 in
355 246 458 285 libro
477 246 490 269 1
513 244 681 284 Arnaldi
704 244 923 284 Camerarii
946 261 953 282 :
974 244 1196 295 Dispositio
1221 244 1360 282 ultima
1381 244 1532 281 domini
1557 244 1784 282 Theodorici

84 307 252 346 civitatis
287 305 449 356 papalis
485 304 664 354 episcopi
701 312 735 341 et
771 303 999 342 cardinalis.
1039 304 1182 341 Actum
1211 303 1448 352 Burdegalis
1485 317 1590 340 anno
1618 303 1783 340 Domini

85 365 316 412 MCCCVI,
340 364 402 402 die
423 364 556 414 prima
587 362 809 401 decembris.
843 362 1027 401 Clemens
1059 363 1093 400 V
1118 363 1285 401 Petrum
1314 363 1362 400 de
1395 362 1556 412 Capella
1587 362 1782 412 praefecit

86 425 286 464 Ecclesiae
327 422 627 468 Praenestinae,
659 422 710 459 ab
742 436 869 471 eoque
910 429 1093 472 tempore
1135 422 1257 472 vulgo
1296 421 1428 459 dictus
1471 428 1532 459 est
1567 421 1782 460 cardinalis

84 483 382 524 Praenestinus.

136 543 253 591 Quod
274 549 414 580 autem
435 540 522 579 heic
538 540 650 578 vides
669 539 966 578 Theodoricum
985 540 999 563 ²
1020 554 1102 579 non
1123 539 1259 577 vocari
1289 539 1525 589 episcopum
1553 538 1781 578 Praenesti-

82 617 193 648 num,
216 601 284 640 sed
307 600 485 638 civitatis
506 598 678 650 papalis,
706 606 842 637 ortum
863 598 962 636 illud
984 613 1033 637 ex
1062 598 1321 637 acerbissimo
1341 598 1542 637 Bonifacii
1562 598 1667 635 VIII
1689 598 1780 636 odio

82 661 123 700 in
154 661 454 700 Columnenses.
490 659 606 697 Hanc
637 657 851 695 historiam
882 672 986 696 unus
1019 657 1201 696 omnium
1232 657 1536 696 accuratissime
1568 656 1780 707 descripsit

80 719 353 758 Theodericus
379 718 427 756 de
450 718 582 767 Nyem
606 717 649 755 in
672 717 792 754 Libro
813 717 1068 755 cancellariae
1090 716 1325 767 apostolicae
1360 717 1412 766 [p.
1433 716 1504 766 18]
1532 730 1652 766 quem
1672 730 1779 754 anno

81 778 382 817 MCCCLXXX
402 777 574 827 scripsit.
597 775 659 814 Sic
679 784 818 814 autem
837 775 916 813 illic
935 775 1082 825 legitur
1103 793 1109 814 :
1131 775 1448 813 Penestrinensis
1466 776 1610 812 decreto
1629 775 1780 812 domini

79 840 129 889 se.
153 852 222 875 rec.
249 836 452 886 Bonisacii
474 850 577 886 pape
605 834 729 881 VIII,
753 835 950 872 accedente
964 835 1132 884 fratrum
1153 849 1315 872 suorum
1337 834 1514 881 consilio,
1531 835 1651 872 deleta
1673 842 1726 871 est
1747 842 1779 871 et

79 905 254 935 aratrum
275 910 395 946 passa
417 903 450 932 et
470 895 550 932 sale
572 894 778 940 seminata,
803 908 942 931 nomen
964 894 1082 931 etiam
1103 894 1188 943 ejus
1211 894 1400 931 abolitum
1429 902 1463 931 et
1484 894 1714 931 damnatum
1736 908 1781 930 ac

80 955 268 1005 dignitate
288 954 504 1005 episcopali
524 962 558 991 et
578 953 773 991 cardinali
795 953 838 990 in
858 961 1089 1002 perpetuum
1110 954 1278 1003 privata,
1301 953 1394 1003 quia
1413 953 1512 1002 savit
1530 952 1778 999 scismaticis,

79 1015 251 1053 videlicet
272 1015 453 1052 damnate
476 1013 656 1050 memorie
691 1012 836 1051 Jacobo
858 1020 892 1049 et
914 1012 1027 1049 Petro
1057 1012 1101 1049 de
1123 1011 1332 1058 Columna,
1356 1004 1449 1049 olim
1471 1020 1601 1049 sancte
1623 1025 1780 1049 romane

79 1074 247 1111 Ecclesie
273 1073 556 1111 cardinalibus.
585 1072 635 1109 Et
659 1086 728 1121 per
752 1071 928 1108 eumdem
953 1071 1158 1108 dominum
1184 1071 1441 1120 Bonijacium
1466 1085 1616 1121 papam
1641 1071 1779 1108 civitas

80 1133 136 1170 ibi
163 1147 284 1183 prope
311 1133 355 1169 de
384 1146 479 1169 novo
507 1138 737 1177 constructa,
768 1130 832 1167 cui
860 1130 1030 1169 civitatis
1056 1130 1218 1180 papalis
1251 1145 1390 1167 nomen
1418 1130 1592 1175 tradidit,
1621 1144 1779 1179 eamque

77 1192 325 1243 episcopatus
345 1199 378 1228 et
398 1190 667 1228 cardinalatus
687 1189 878 1239 dignitate
898 1188 1101 1236 decoravit,
1120 1197 1160 1226 ut
1178 1189 1387 1239 episcopus
1416 1189 1586 1228 civitatis
1606 1190 1778 1238 ejusdem

78 1259 172 1289 esset
188 1259 317 1288 sancte
335 1264 493 1287 romane
511 1249 680 1286 Ecclesie
698 1248 926 1286 cardinalis.
947 1249 998 1286 Et
1016 1248 1073 1285 ibi
1090 1248 1250 1298 prefecit
1268 1248 1310 1285 in
1327 1249 1556 1299 episcopum
1574 1248 1776 1286 dominum

81 1310 372 1355 Theodoricum,
397 1317 488 1346 tunc
510 1308 614 1346 tituli
639 1308 778 1347 Sancte
800 1307 940 1345 Crucis
965 1307 1006 1344 in
1042 1308 1286 1345 Jherusalem
1309 1308 1575 1357 presbyterum
1598 1307 1779 1345 cardina-

80 1370 164 1407 lem.
189 1369 291 1407 Vide
314 1368 536 1407 Odoricum
561 1367 838 1416 Raynaldum,
861 1381 926 1405 an.
953 1366 1066 1413 1299,
1096 1367 1112 1415 ἓ
1136 1366 1170 1405 G.

130 1429 249 1467 Anno
280 1427 523 1466 MCCCVHI
554 1434 760 1464 commoto
790 1426 885 1464 orbe
915 1434 1054 1464 nostro
1084 1426 1279 1464 adversus
1309 1426 1574 1476 Templarios,
1605 1440 1777 1475 quorum

77 1487 276 1528 horrenda
303 1486 482 1525 facinora
507 1486 796 1532 narrabantur,
823 1485 1006 1523 Clemens
1031 1499 1139 1535 papa
1165 1499 1305 1523 eorum
1330 1485 1641 1534 inquisitionem
1667 1499 1778 1524 man-

77 1546 193 1584 davit
212 1546 304 1584 huic
325 1546 444 1584 Petro
465 1545 654 1596 episcopo
671 1544 948 1591 Praenestino,
963 1552 1190 1594 extantque
1211 1559 1255 1582 ea
1277 1544 1324 1581 de
1345 1559 1384 1582 re
1405 1544 1541 1583 variae
1561 1544 1778 1582 Clementis

77 1605 272 1656 epistolae
290 1605 332 1646 in
353 1604 519 1642 archivo
538 1604 646 1654 regio
667 1603 882 1642 Parisiensi
897 1604 924 1641 3.

129 1665 249 1703 Anno
274 1664 416 1702 eodem
443 1671 516 1702 aut
542 1663 728 1713 sequenti
746 1662 958 1712 Philippus
989 1663 1056 1709 IV,
1079 1677 1149 1700 rex
1178 1663 1441 1708 Francorum,
1469 1662 1503 1701 ei
1530 1663 1637 1701 dono
1665 1662 1777 1700 dedit

77 1723 250 1762 sedecim
276 1723 400 1761 millia
425 1723 622 1760 librarum
646 1736 870 1773 parvorum
897 1721 1179 1760 turonensium
1205 1736 1254 1759 ex
1290 1721 1434 1770 majori
1467 1735 1627 1759 summa
1655 1736 1778 1771 quam

76 1782 206 1821 eidem
232 1782 314 1832 regi
341 1782 519 1820 debebat
544 1781 796 1819 Bertrandus
824 1781 872 1819 de
897 1780 1055 1827 Bordis,
1084 1781 1178 1818 olim
1206 1780 1418 1830 episcopus
1446 1780 1660 1828 Albiensis,
1689 1789 1778 1818 tum

76 1856 170 1880 vero
184 1841 421 1880 Aniciensis.
440 1841 598 1879 Docent
610 1841 722 1879 istud
735 1839 875 1879 literae
888 1839 1070 1889 ejusdem
1084 1839 1199 1889 regis,
1213 1840 1334 1878 datae
1350 1839 1525 1877 Parisius
1539 1839 1601 1878 die
1613 1855 1654 1878 ιν
1668 1848 1777 1878 octo-

76 1900 170 1948 bris,
188 1915 295 1940 anno
312 1900 569 1947 MCCCVIII‚
588 1914 692 1949 quae
708 1907 854 1938 extant
870 1899 911 1936 in
927 1898 1093 1937 archivo
1110 1899 1218 1948 regio
1237 1898 1450 1937 Parisiensi
1470 1900 1496 1937 4.

127 1960 246 2000 Anno
263 1959 465 1998 MCCCIX
482 1959 647 1997 ineunte
665 1958 743 1996 fuit
755 1959 924 1997 Tolosae
941 1972 1032 1996 cum
1048 1972 1156 2008 papa
1171 1958 1390 2004 Clemente,
1408 1958 1469 1995 uti
1485 1972 1606 2008 supra
1621 1958 1777 1996 monui-

76 2033 177 2057 mus.
206 2019 324 2067 Quod
348 2018 472 2057 etiam
498 2017 700 2067 colligitur
723 2032 773 2056 ex
798 2017 907 2055 bulla
933 2017 1151 2056 Clementis
1177 2017 1224 2064 V,
1250 2017 1359 2055 edita
1384 2017 1490 2055 inter
1514 2017 1776 2067 probationes

76 2092 324 2128 nuperorum
341 2077 567 2115 Annalium
585 2077 694 2114 urbis
714 2077 889 2123 Tolosae,
906 2091 944 2126 p.
964 2075 1025 2114 59.

128 2137 246 2175 Anno
278 2136 457 2175 MCCCX
489 2151 511 2174 a
543 2136 750 2174 Clemente
791 2136 824 2173 V
865 2135 1076 2185 delegatus
1108 2143 1169 2174 est
1208 2149 1288 2173 una
1321 2149 1412 2173 cum
1452 2135 1608 2173 Thoma
1642 2135 1776 2172 Jorzio

75 2195 278 2234 cardinale
308 2196 349 2234 in
380 2209 501 2233 causa
532 2195 665 2245 gravis
696 2194 982 2233 commotionis
1013 2194 1158 2232 oborta
1181 2194 1287 2232 inter
1317 2195 1462 2232 fratres
1493 2194 1680 2241 Minores,
1713 2194 1775 2231 cui

75 2254 327 2293 occasionem
351 2254 507 2292 dedisse
530 2254 759 2304 putabatur
780 2253 943 2304 postilla
968 2253 1103 2291 fratris
1128 2253 1257 2292 Petris
1282 2253 1452 2291 Joannis
1476 2253 1583 2291 Olivi
1605 2253 1647 2292 in
1669 2253 1775 2302 Apo-

75 2313 285 2364 calypsim.
313 2314 391 2352 Sed
416 2327 508 2351 cum
535 2314 678 2351 Petrus
704 2327 750 2351 eo
775 2320 959 2363 tempore
989 2312 1197 2350 incidisset
1221 2312 1262 2350 in
1297 2312 1500 2359 morbum,
1526 2312 1709 2361 adeoque
1734 2326 1773 2349 es

75 2381 308 2412 excusasset
328 2373 380 2410 ab
402 2372 641 2411 executione
663 2371 942 2422 delegationis,
974 2371 1162 2422 pontifex
1191 2385 1281 2410 eam
1308 2371 1512 2409 commisit
1531 2370 1774 2420 Berengario

78 2431 235 2470 Fredoli
268 2431 459 2481 episcopo
492 2431 722 2469 Tusculano
755 2438 795 2469 et
829 2430 1045 2469 Guillelmo
1078 2430 1261 2469 Arrusati
1294 2430 1405 2467 tituli
1439 2430 1476 2468 S.
1506 2429 1775 2468 Potentianae

75 2491 315 2540 presbytero
369 2489 578 2537 cardinali,
635 2489 762 2528 literis
802 2489 909 2527 datis
959 2489 1161 2528 Avenioni
1215 2504 1315 2527 xvm
1366 2489 1444 2527 kal.
1503 2488 1613 2535 maii,
1667 2502 1773 2527 anno

123 2657 154 2690 1.
179 2656 218 2689 B.
241 2657 298 2695 N.‚
317 2668 384 2689 ms.
403 2656 498 2689 latin
515 2657 620 2696 5181,
641 2656 664 2689 ἰ.
686 2657 753 2689 213
771 2659 815 2689 r0.

125 2710 155 2742 2.
177 2709 333 2753 Thierry
355 2709 507 2749 Rinieri,
528 2711 608 2743 eree
628 2709 938 2752 cardinal-pretre
960 2709 1009 2742 du
1029 2709 1117 2742 titre
1138 2709 1181 2742 dc
1201 2707 1461 2741 Sainte-Croix
1490 2708 1533 2741 de
1562 2708 1774 2740 Jerusalem

75 2763 106 2796 lc
131 2763 152 2795 4-
177 2763 372 2796 decembre
397 2763 502 2802 1298,
528 2763 587 2795 fut
611 2762 681 2795 fait
705 2764 847 2805 eveque
873 2763 916 2795 de
940 2762 1071 2796 lacite
1096 2762 1230 2806 papale
1253 2762 1284 2794 le
1310 2762 1353 2794 13
1377 2761 1459 2804 juin
1483 2761 1575 2793 1299
1604 2761 1771 2804 (Digard,

74 2828 109 2849 n.
135 2816 241 2855 3404,
266 2817 372 2855 3405,
397 2817 502 2855 3416,
528 2817 620 2849 4057
639 2822 676 2849 et
700 2816 821 2859 3417).
839 2815 896 2848 En
919 2816 1061 2859 qualite
1085 2816 1129 2848 de
1153 2814 1404 2857 camerlingue
1419 2814 1469 2846 du
1492 2813 1602 2847 sacre
1627 2813 1770 2857 College

73 2869 98 2901 il
118 2875 193 2909 eut,
216 2870 355 2902 durant
375 2869 406 2901 le
427 2870 603 2902 conclave
625 2870 668 2902 de
692 2869 862 2908 Perouse‚
884 2869 920 2901 la
938 2869 1184 2902 surveillance
1206 2868 1255 2900 du
1275 2869 1395 2900 tresor
1414 2867 1611 2910 pontifical
1633 2867 1771 2911 (Ehrle,

74 2922 243 2955 Historia
257 2922 512 2962 Bibliothecae,
531 2934 565 2966 p.
583 2923 603 2954 4
618 2928 655 2955 et
671 2923 744 2966 ¹10).

122 2977 155 3009 3.
180 2975 329 3015 Baluze,
353 2981 380 3008 t.
402 2988 453 3015 111,
478 2987 513 3019 p.
538 2976 594 3015 82,
620 2977 675 3009 83.

121 3030 154 3061 4.
175 3028 324 3068 Baluze‚
345 3035 371 3062 t.
391 3040 441 3068 111,
463 3040 498 3072 p.
520 3029 690 3062 138-140.
