<?xml version="1.0" encoding="UTF-8"?>
<!DOCTYPE html PUBLIC "-//W3C//DTD XHTML 1.0 Transitional//EN"
    "http://www.w3.org/TR/xhtml1/DTD/xhtml1-transitional.dtd">
<html xmlns="http://www.w3.org/1999/xhtml" xml:lang="en" lang="en">
 <head>
  <title>
</title>
<meta http-equiv="Content-Type" content="text/html;charset=utf-8" />
  <meta name='ocr-system' content='tesseract 3.04.00' />
  <meta name='ocr-capabilities' content='ocr_page ocr_carea ocr_par ocr_line ocrx_word'/>
</head>
<body>
  <div class='ocr_page' id='page_1' title='image "./vitaepaparumaven02balu_0894.png"; bbox 0 0 2083 3458; ppageno 0'>
   <div class='ocr_carea' id='block_1_1' title="bbox 283 215 1995 271">
    <p class='ocr_par' dir='ltr' id='par_1_1' title="bbox 283 215 1995 271">
     <span class='ocr_line' id='line_1_1' title="bbox 283 215 1995 271; baseline -0.002 -11"><span class='ocrx_word' id='word_1_1' title='bbox 283 218 364 260; x_wconf 81' lang='grc'><strong>884</strong></span> <span class='ocrx_word' id='word_1_2' title='bbox 592 221 595 227; x_wconf 91' lang='grc'><strong>’</strong></span> <span class='ocrx_word' id='word_1_3' title='bbox 905 222 1086 256; x_wconf 71' lang='lat' dir='ltr'><strong>‘NOTAE</strong></span> <span class='ocrx_word' id='word_1_4' title='bbox 1120 231 1181 256; x_wconf 90' lang='lat' dir='ltr'><strong>AD</strong></span> <span class='ocrx_word' id='word_1_5' title='bbox 1215 230 1344 256; x_wconf 77' lang='lat' dir='ltr'><strong>VITAs</strong></span> <span class='ocrx_word' id='word_1_6' title='bbox 1840 215 1995 271; x_wconf 81' lang='grc'>[1371]</span> 
     </span>
    </p>
   </div>
   <div class='ocr_carea' id='block_1_2' title="bbox 278 313 1996 1682">
    <p class='ocr_par' dir='ltr' id='par_1_2' title="bbox 282 313 1996 485">
     <span class='ocr_line' id='line_1_2' title="bbox 283 313 1996 368; baseline -0.001 -13"><span class='ocrx_word' id='word_1_7' title='bbox 283 317 395 368; x_wconf 91' lang='lat' dir='ltr'><strong>apud</strong></span> <span class='ocrx_word' id='word_1_8' title='bbox 423 315 681 355; x_wconf 90' lang='lat' dir='ltr'><strong>Avenionem</strong></span> <span class='ocrx_word' id='word_1_9' title='bbox 707 315 882 353; x_wconf 84' lang='lat' dir='ltr'><strong>fortasse</strong></span> <span class='ocrx_word' id='word_1_10' title='bbox 911 314 991 352; x_wconf 86' lang='lat' dir='ltr'><strong>fuit</strong></span> <span class='ocrx_word' id='word_1_11' title='bbox 1016 313 1143 365; x_wconf 90' lang='lat' dir='ltr'><strong>pestis</strong></span> <span class='ocrx_word' id='word_1_12' title='bbox 1171 328 1276 364; x_wconf 90' lang='lat' dir='ltr'><strong>quae</strong></span> <span class='ocrx_word' id='word_1_13' title='bbox 1301 321 1393 352; x_wconf 88' lang='lat' dir='ltr'><strong>tum</strong></span> <span class='ocrx_word' id='word_1_14' title='bbox 1420 314 1686 365; x_wconf 79' lang='lat' dir='ltr'>grassabatur</span> <span class='ocrx_word' id='word_1_15' title='bbox 1711 315 1822 365; x_wconf 89' lang='lat' dir='ltr'><strong>apud</strong></span> <span class='ocrx_word' id='word_1_16' title='bbox 1849 315 1996 354; x_wconf 90' lang='lat' dir='ltr'><strong>Valen-</strong></span> 
     </span>
     <span class='ocr_line' id='line_1_3' title="bbox 282 373 1995 426; baseline -0.001 -11"><span class='ocrx_word' id='word_1_17' title='bbox 282 377 401 425; x_wconf 88' lang='lat' dir='ltr'><strong>tiam,</strong></span> <span class='ocrx_word' id='word_1_18' title='bbox 425 390 506 426; x_wconf 91' lang='lat' dir='ltr'><strong>qua</strong></span> <span class='ocrx_word' id='word_1_19' title='bbox 527 375 694 414; x_wconf 89' lang='lat' dir='ltr'><strong>sublata</strong></span> <span class='ocrx_word' id='word_1_20' title='bbox 716 374 797 412; x_wconf 91' lang='lat' dir='ltr'><strong>illic</strong></span> <span class='ocrx_word' id='word_1_21' title='bbox 817 389 904 413; x_wconf 89' lang='lat' dir='ltr'><strong>esse</strong></span> <span class='ocrx_word' id='word_1_22' title='bbox 925 373 1145 412; x_wconf 86' lang='lat' dir='ltr'>duodecim</span> <span class='ocrx_word' id='word_1_23' title='bbox 1165 373 1293 411; x_wconf 91' lang='lat' dir='ltr'><strong>millia</strong></span> <span class='ocrx_word' id='word_1_24' title='bbox 1312 373 1529 412; x_wconf 89' lang='lat' dir='ltr'><strong>hominum</strong></span> <span class='ocrx_word' id='word_1_25' title='bbox 1548 374 1680 412; x_wconf 77' lang='lat' dir='ltr'><strong>tradit</strong></span> <span class='ocrx_word' id='word_1_26' title='bbox 1698 374 1848 423; x_wconf 73' lang='lat' dir='ltr'><strong>Surita,</strong></span> <span class='ocrx_word' id='word_1_27' title='bbox 1863 374 1932 414; x_wconf 92' lang='lat' dir='ltr'><strong>lib.</strong></span> <span class='ocrx_word' id='word_1_28' title='bbox 1957 375 1995 413; x_wconf 95' lang='lat' dir='ltr'>X</span> 
     </span>
     <span class='ocr_line' id='line_1_4' title="bbox 283 436 915 485; baseline -0.005 -10"><span class='ocrx_word' id='word_1_29' title='bbox 283 437 435 475; x_wconf 84' lang='lat' dir='ltr'><strong>Annal.</strong></span> <span class='ocrx_word' id='word_1_30' title='bbox 465 436 683 484; x_wconf 82' lang='lat' dir='ltr'><strong>Arragon.‚</strong></span> <span class='ocrx_word' id='word_1_31' title='bbox 713 448 818 485; x_wconf 88' lang='lat' dir='ltr'><strong>cap..</strong></span> <span class='ocrx_word' id='word_1_32' title='bbox 849 448 915 472; x_wconf 83' lang='lat' dir='ltr'><strong>Lv.</strong></span> 
     </span>
    </p>

    <p class='ocr_par' dir='ltr' id='par_1_3' title="bbox 281 492 1995 605">
     <span class='ocr_line' id='line_1_5' title="bbox 338 492 1995 544; baseline -0.001 -10"><span class='ocrx_word' id='word_1_33' title='bbox 338 496 431 534; x_wconf 92' lang='lat' dir='ltr'><strong>Non</strong></span> <span class='ocrx_word' id='word_1_34' title='bbox 466 494 657 533; x_wconf 79' lang='lat' dir='ltr'><strong>interfuit</strong></span> <span class='ocrx_word' id='word_1_35' title='bbox 693 493 835 544; x_wconf 88' lang='lat' dir='ltr'><strong>itaque</strong></span> <span class='ocrx_word' id='word_1_36' title='bbox 872 493 1063 532; x_wconf 92' lang='lat' dir='ltr'><strong>electioni</strong></span> <span class='ocrx_word' id='word_1_37' title='bbox 1097 492 1312 532; x_wconf 80' lang='lat' dir='ltr'><strong>Benedicti</strong></span> <span class='ocrx_word' id='word_1_38' title='bbox 1350 493 1473 542; x_wconf 89' lang='lat' dir='ltr'>XIII,</span> <span class='ocrx_word' id='word_1_39' title='bbox 1510 502 1558 532; x_wconf 89' lang='lat' dir='ltr'><strong>ut</strong></span> <span class='ocrx_word' id='word_1_40' title='bbox 1593 493 1720 532; x_wconf 90' lang='lat' dir='ltr'><strong>etiam</strong></span> <span class='ocrx_word' id='word_1_41' title='bbox 1757 494 1995 533; x_wconf 82' lang='lat' dir='ltr'><strong>observavit</strong></span> 
     </span>
     <span class='ocr_line' id='line_1_6' title="bbox 281 554 814 605; baseline -0.004 -11"><span class='ocrx_word' id='word_1_42' title='bbox 281 555 392 594; x_wconf 90' lang='lat' dir='ltr'><strong>idem</strong></span> <span class='ocrx_word' id='word_1_43' title='bbox 424 554 578 603; x_wconf 83' lang='lat' dir='ltr'><strong>Surita,</strong></span> <span class='ocrx_word' id='word_1_44' title='bbox 610 568 700 605; x_wconf 89' lang='lat' dir='ltr'><strong>cap.</strong></span> <span class='ocrx_word' id='word_1_45' title='bbox 734 568 814 592; x_wconf 91' lang='lat' dir='ltr'>L111.</span> 
     </span>
    </p>

    <p class='ocr_par' dir='ltr' id='par_1_4' title="bbox 281 613 1995 1013">
     <span class='ocr_line' id='line_1_7' title="bbox 336 613 1995 665; baseline -0.001 -12"><span class='ocrx_word' id='word_1_46' title='bbox 336 616 438 654; x_wconf 92' lang='lat' dir='ltr'><strong>Cum</strong></span> <span class='ocrx_word' id='word_1_47' title='bbox 460 629 558 653; x_wconf 82' lang='lat' dir='ltr'><strong>vero</strong></span> <span class='ocrx_word' id='word_1_48' title='bbox 580 613 773 665; x_wconf 82' lang='lat' dir='ltr'><strong>nuspiam</strong></span> <span class='ocrx_word' id='word_1_49' title='bbox 795 613 999 664; x_wconf 78' lang='lat' dir='ltr'><strong>reperiam</strong></span> <span class='ocrx_word' id='word_1_50' title='bbox 1020 626 1116 651; x_wconf 90' lang='lat' dir='ltr'><strong>eum</strong></span> <span class='ocrx_word' id='word_1_51' title='bbox 1137 620 1234 663; x_wconf 89' lang='lat' dir='ltr'><strong>post</strong></span> <span class='ocrx_word' id='word_1_52' title='bbox 1255 613 1356 651; x_wconf 87' lang='lat' dir='ltr'><strong>haec</strong></span> <span class='ocrx_word' id='word_1_53' title='bbox 1378 621 1567 664; x_wconf 90' lang='lat' dir='ltr'><strong>tempora</strong></span> <span class='ocrx_word' id='word_1_54' title='bbox 1590 613 1714 652; x_wconf 84' lang='lat' dir='ltr'><strong>fuisse</strong></span> <span class='ocrx_word' id='word_1_55' title='bbox 1745 621 1862 652; x_wconf 84' lang='lat' dir='ltr'><strong>extra</strong></span> <span class='ocrx_word' id='word_1_56' title='bbox 1885 613 1995 653; x_wconf 92' lang='lat' dir='ltr'><strong>dioe-</strong></span> 
     </span>
     <span class='ocr_line' id='line_1_8' title="bbox 283 672 1995 723; baseline -0.001 -9"><span class='ocrx_word' id='word_1_57' title='bbox 283 675 406 714; x_wconf 85' lang='lat' dir='ltr'><strong>cesim</strong></span> <span class='ocrx_word' id='word_1_58' title='bbox 429 688 562 722; x_wconf 91' lang='lat' dir='ltr'><strong>suam,</strong></span> <span class='ocrx_word' id='word_1_59' title='bbox 587 673 705 713; x_wconf 86' lang='lat' dir='ltr'><strong>facile</strong></span> <span class='ocrx_word' id='word_1_60' title='bbox 729 673 933 712; x_wconf 89' lang='lat' dir='ltr'><strong>assentior</strong></span> <span class='ocrx_word' id='word_1_61' title='bbox 958 672 1173 723; x_wconf 87' lang='lat' dir='ltr'><strong>Onuphrio</strong></span> <span class='ocrx_word' id='word_1_62' title='bbox 1196 672 1399 710; x_wconf 83' lang='lat' dir='ltr'><strong>Panvinio</strong></span> <span class='ocrx_word' id='word_1_63' title='bbox 1423 672 1620 711; x_wconf 78' lang='lat' dir='ltr'><strong>scribenti</strong></span> <span class='ocrx_word' id='word_1_64' title='bbox 1643 673 1760 711; x_wconf 89' lang='lat' dir='ltr'><strong>illum</strong></span> <span class='ocrx_word' id='word_1_65' title='bbox 1783 672 1930 712; x_wconf 87' lang='lat' dir='ltr'><strong>obiisse</strong></span> <span class='ocrx_word' id='word_1_66' title='bbox 1953 674 1995 712; x_wconf 92' lang='lat' dir='ltr'><strong>in</strong></span> 
     </span>
     <span class='ocr_line' id='line_1_9' title="bbox 283 732 1994 785; baseline -0.001 -13"><span class='ocrx_word' id='word_1_67' title='bbox 283 734 525 785; x_wconf 82' lang='lat' dir='ltr'><strong>Arragonia,</strong></span> <span class='ocrx_word' id='word_1_68' title='bbox 546 734 623 772; x_wconf 93' lang='lat' dir='ltr'><strong>hoc</strong></span> <span class='ocrx_word' id='word_1_69' title='bbox 644 742 720 781; x_wconf 88' lang='lat' dir='ltr'><strong>est,</strong></span> <span class='ocrx_word' id='word_1_70' title='bbox 742 733 783 771; x_wconf 91' lang='lat' dir='ltr'><strong>in</strong></span> <span class='ocrx_word' id='word_1_71' title='bbox 805 732 962 771; x_wconf 80' lang='lat' dir='ltr'><strong>ditione</strong></span> <span class='ocrx_word' id='word_1_72' title='bbox 982 732 1086 783; x_wconf 79' lang='lat' dir='ltr'><strong>regis</strong></span> <span class='ocrx_word' id='word_1_73' title='bbox 1109 732 1383 782; x_wconf 82' lang='lat' dir='ltr'><strong>Arragonum.</strong></span> <span class='ocrx_word' id='word_1_74' title='bbox 1407 732 1515 770; x_wconf 91' lang='lat' dir='ltr'><strong>Nam</strong></span> <span class='ocrx_word' id='word_1_75' title='bbox 1534 741 1627 770; x_wconf 87' lang='lat' dir='ltr'><strong>tum</strong></span> <span class='ocrx_word' id='word_1_76' title='bbox 1648 732 1679 771; x_wconf 90' lang='lat' dir='ltr'><strong>is</strong></span> <span class='ocrx_word' id='word_1_77' title='bbox 1702 732 1773 783; x_wconf 91' lang='lat' dir='ltr'><strong>qui</strong></span> <span class='ocrx_word' id='word_1_78' title='bbox 1787 748 1859 772; x_wconf 84' lang='lat' dir='ltr'><strong>rex</strong></span> <span class='ocrx_word' id='word_1_79' title='bbox 1874 733 1994 772; x_wconf 86' lang='lat' dir='ltr'><strong>Arra-</strong></span> 
     </span>
     <span class='ocr_line' id='line_1_10' title="bbox 283 792 1994 845; baseline -0.001 -13"><span class='ocrx_word' id='word_1_80' title='bbox 283 808 436 845; x_wconf 82' lang='lat' dir='ltr'><strong>gonum</strong></span> <span class='ocrx_word' id='word_1_81' title='bbox 461 802 564 842; x_wconf 88' lang='lat' dir='ltr'><strong>erat,</strong></span> <span class='ocrx_word' id='word_1_82' title='bbox 592 793 829 832; x_wconf 84' lang='lat' dir='ltr'><strong>Valentiam</strong></span> <span class='ocrx_word' id='word_1_83' title='bbox 857 807 1021 843; x_wconf 90' lang='lat' dir='ltr'><strong>quoque</strong></span> <span class='ocrx_word' id='word_1_84' title='bbox 1046 792 1088 830; x_wconf 92' lang='lat' dir='ltr'><strong>in</strong></span> <span class='ocrx_word' id='word_1_85' title='bbox 1114 800 1324 843; x_wconf 83' lang='lat' dir='ltr'><strong>potestate</strong></span> <span class='ocrx_word' id='word_1_86' title='bbox 1350 792 1547 831; x_wconf 87' lang='lat' dir='ltr'><strong>habebat.</strong></span> <span class='ocrx_word' id='word_1_87' title='bbox 1577 792 1691 831; x_wconf 89' lang='lat' dir='ltr'><strong>Obiit</strong></span> <span class='ocrx_word' id='word_1_88' title='bbox 1716 800 1857 832; x_wconf 82' lang='lat' dir='ltr'><strong>autem</strong></span> <span class='ocrx_word' id='word_1_89' title='bbox 1883 807 1994 831; x_wconf 91' lang='lat' dir='ltr'><strong>anno</strong></span> 
     </span>
     <span class='ocr_line' id='line_1_11' title="bbox 282 851 1992 904; baseline -0.001 -11"><span class='ocrx_word' id='word_1_90' title='bbox 282 853 572 902; x_wconf 91' lang='lat' dir='ltr'><strong>MCCCXCVI,</strong></span> <span class='ocrx_word' id='word_1_91' title='bbox 606 853 669 892; x_wconf 92' lang='lat' dir='ltr'><strong>die</strong></span> <span class='ocrx_word' id='word_1_92' title='bbox 701 852 912 903; x_wconf 79' lang='lat' dir='ltr'><strong>trigesima</strong></span> <span class='ocrx_word' id='word_1_93' title='bbox 945 851 1059 900; x_wconf 90' lang='lat' dir='ltr'><strong>maii,</strong></span> <span class='ocrx_word' id='word_1_94' title='bbox 1091 860 1139 890; x_wconf 86' lang='lat' dir='ltr'><strong>ut</strong></span> <span class='ocrx_word' id='word_1_95' title='bbox 1170 860 1232 890; x_wconf 87' lang='lat' dir='ltr'><strong>est</strong></span> <span class='ocrx_word' id='word_1_96' title='bbox 1263 851 1305 890; x_wconf 92' lang='lat' dir='ltr'><strong>in</strong></span> <span class='ocrx_word' id='word_1_97' title='bbox 1335 851 1439 890; x_wconf 91' lang='lat' dir='ltr'><strong>libro</strong></span> <span class='ocrx_word' id='word_1_98' title='bbox 1472 852 1775 902; x_wconf 80' lang='lat' dir='ltr'><strong>Obligationum</strong></span> <span class='ocrx_word' id='word_1_99' title='bbox 1804 861 1846 892; x_wconf 89' lang='lat' dir='ltr'><strong>et</strong></span> <span class='ocrx_word' id='word_1_100' title='bbox 1880 853 1992 904; x_wconf 90' lang='lat' dir='ltr'><strong>apud</strong></span> 
     </span>
     <span class='ocr_line' id='line_1_12' title="bbox 283 911 1992 964; baseline -0.001 -12"><span class='ocrx_word' id='word_1_101' title='bbox 283 914 478 962; x_wconf 89' lang='lat' dir='ltr'><strong>Suritam,</strong></span> <span class='ocrx_word' id='word_1_102' title='bbox 501 927 591 964; x_wconf 89' lang='lat' dir='ltr'><strong>cap.</strong></span> <span class='ocrx_word' id='word_1_103' title='bbox 614 927 698 962; x_wconf 80' lang='lat' dir='ltr'><strong>Lxl,</strong></span> <span class='ocrx_word' id='word_1_104' title='bbox 721 912 792 963; x_wconf 90' lang='lat' dir='ltr'><strong>qui</strong></span> <span class='ocrx_word' id='word_1_105' title='bbox 811 912 931 950; x_wconf 89' lang='lat' dir='ltr'><strong>addit</strong></span> <span class='ocrx_word' id='word_1_106' title='bbox 952 911 1067 950; x_wconf 87' lang='lat' dir='ltr'><strong>illum</strong></span> <span class='ocrx_word' id='word_1_107' title='bbox 1089 911 1212 950; x_wconf 87' lang='lat' dir='ltr'><strong>fuisse</strong></span> <span class='ocrx_word' id='word_1_108' title='bbox 1234 911 1445 962; x_wconf 88' lang='lat' dir='ltr'><strong>sepultum</strong></span> <span class='ocrx_word' id='word_1_109' title='bbox 1465 911 1507 949; x_wconf 91' lang='lat' dir='ltr'><strong>in</strong></span> <span class='ocrx_word' id='word_1_110' title='bbox 1527 912 1684 963; x_wconf 85' lang='lat' dir='ltr'><strong>majore</strong></span> <span class='ocrx_word' id='word_1_111' title='bbox 1700 912 1847 951; x_wconf 89' lang='lat' dir='ltr'><strong>sacello</strong></span> <span class='ocrx_word' id='word_1_112' title='bbox 1867 913 1992 952; x_wconf 87' lang='lat' dir='ltr'><strong>eccle-</strong></span> 
     </span>
     <span class='ocr_line' id='line_1_13' title="bbox 281 973 655 1013; baseline 0 -1"><span class='ocrx_word' id='word_1_113' title='bbox 281 974 362 1013; x_wconf 84' lang='lat' dir='ltr'><strong>siae</strong></span> <span class='ocrx_word' id='word_1_114' title='bbox 395 973 655 1012; x_wconf 89' lang='lat' dir='ltr'><strong>Valentinae.</strong></span> 
     </span>
    </p>

    <p class='ocr_par' dir='ltr' id='par_1_5' title="bbox 278 1029 1996 1682">
     <span class='ocr_line' id='line_1_14' title="bbox 335 1029 1996 1083; baseline -0.001 -11"><span class='ocrx_word' id='word_1_115' title='bbox 335 1034 378 1072; x_wconf 89' lang='lat' dir='ltr'><strong>P.</strong></span> <span class='ocrx_word' id='word_1_116' title='bbox 395 1033 486 1081; x_wconf 82' lang='grc'>499,</span> <span class='ocrx_word' id='word_1_117' title='bbox 501 1032 567 1083; x_wconf 83' lang='lat' dir='ltr'><strong>lig.</strong></span> <span class='ocrx_word' id='word_1_118' title='bbox 587 1033 648 1071; x_wconf 85' lang='lat'><strong>17.</strong></span> <span class='ocrx_word' id='word_1_119' title='bbox 668 1032 878 1070; x_wconf 80' lang='lat' dir='ltr'>KAROLUS</span> <span class='ocrx_word' id='word_1_120' title='bbox 896 1047 934 1070; x_wconf 84' lang='lat' dir='ltr'><strong>R.</strong></span> <span class='ocrx_word' id='word_1_121' title='bbox 953 1029 1061 1070; x_wconf 77' lang='lat' dir='ltr'><strong>NAv.</strong></span> <span class='ocrx_word' id='word_1_122' title='bbox 1080 1031 1260 1069; x_wconf 90' lang='lat' dir='ltr'><strong>Multum</strong></span> <span class='ocrx_word' id='word_1_123' title='bbox 1274 1031 1441 1069; x_wconf 81' lang='lat' dir='ltr'><strong>variant</strong></span> <span class='ocrx_word' id='word_1_124' title='bbox 1457 1031 1505 1070; x_wconf 91' lang='lat' dir='ltr'><strong>de</strong></span> <span class='ocrx_word' id='word_1_125' title='bbox 1533 1039 1665 1070; x_wconf 89' lang='lat' dir='ltr'><strong>morte</strong></span> <span class='ocrx_word' id='word_1_126' title='bbox 1691 1032 1779 1082; x_wconf 80' lang='lat' dir='ltr'><strong>ejus</strong></span> <span class='ocrx_word' id='word_1_127' title='bbox 1804 1040 1996 1071; x_wconf 84' lang='lat' dir='ltr'><strong>auctores</strong></span> 
     </span>
     <span class='ocr_line' id='line_1_15' title="bbox 281 1091 1994 1142; baseline -0.001 -11"><span class='ocrx_word' id='word_1_128' title='bbox 281 1102 329 1132; x_wconf 88' lang='lat' dir='ltr'><strong>ut</strong></span> <span class='ocrx_word' id='word_1_129' title='bbox 354 1108 405 1132; x_wconf 82' lang='lat' dir='ltr'><strong>ex</strong></span> <span class='ocrx_word' id='word_1_130' title='bbox 429 1093 476 1131; x_wconf 89' lang='lat' dir='ltr'><strong>iis</strong></span> <span class='ocrx_word' id='word_1_131' title='bbox 504 1100 671 1131; x_wconf 88' lang='lat' dir='ltr'><strong>constat</strong></span> <span class='ocrx_word' id='word_1_132' title='bbox 698 1106 802 1142; x_wconf 89' lang='lat' dir='ltr'><strong>quae</strong></span> <span class='ocrx_word' id='word_1_133' title='bbox 829 1092 1065 1130; x_wconf 84' lang='lat' dir='ltr'><strong>referuntur</strong></span> <span class='ocrx_word' id='word_1_134' title='bbox 1092 1105 1114 1128; x_wconf 91' lang='lat' dir='ltr'><strong>a</strong></span> <span class='ocrx_word' id='word_1_135' title='bbox 1143 1091 1380 1141; x_wconf 85' lang='lat' dir='ltr'><strong>Spondano,</strong></span> <span class='ocrx_word' id='word_1_136' title='bbox 1407 1105 1474 1131; x_wconf 85' lang='lat' dir='ltr'><strong>an.</strong></span> <span class='ocrx_word' id='word_1_137' title='bbox 1503 1091 1618 1140; x_wconf 83' lang='grc'>1387,</span> <span class='ocrx_word' id='word_1_138' title='bbox 1651 1092 1668 1141; x_wconf 64' lang='grc' dir='ltr'><strong>ἕ</strong></span> <span class='ocrx_word' id='word_1_139' title='bbox 1696 1092 1732 1140; x_wconf 83' lang='grc'><strong>1,</strong></span> <span class='ocrx_word' id='word_1_140' title='bbox 1755 1092 1826 1130; x_wconf 88' lang='lat' dir='ltr'><strong>sed</strong></span> <span class='ocrx_word' id='word_1_141' title='bbox 1850 1100 1994 1131; x_wconf 86' lang='lat' dir='ltr'><strong>tamen</strong></span> 
     </span>
     <span class='ocr_line' id='line_1_16' title="bbox 281 1150 1991 1203; baseline -0.001 -11"><span class='ocrx_word' id='word_1_142' title='bbox 281 1153 548 1192; x_wconf 87' lang='lat' dir='ltr'><strong>consentiunt</strong></span> <span class='ocrx_word' id='word_1_143' title='bbox 579 1153 695 1191; x_wconf 91' lang='lat' dir='ltr'><strong>illum</strong></span> <span class='ocrx_word' id='word_1_144' title='bbox 724 1151 943 1203; x_wconf 89' lang='lat' dir='ltr'><strong>praecipiti</strong></span> <span class='ocrx_word' id='word_1_145' title='bbox 974 1159 1014 1190; x_wconf 89' lang='lat' dir='ltr'><strong>et</strong></span> <span class='ocrx_word' id='word_1_146' title='bbox 1045 1151 1249 1189; x_wconf 88' lang='lat' dir='ltr'><strong>horrendo</strong></span> <span class='ocrx_word' id='word_1_147' title='bbox 1281 1150 1425 1189; x_wconf 90' lang='lat' dir='ltr'><strong>mortis</strong></span> <span class='ocrx_word' id='word_1_148' title='bbox 1456 1165 1600 1202; x_wconf 82' lang='lat' dir='ltr'><strong>genere</strong></span> <span class='ocrx_word' id='word_1_149' title='bbox 1632 1151 1866 1190; x_wconf 83' lang='lat' dir='ltr'><strong>extinctum</strong></span> <span class='ocrx_word' id='word_1_150' title='bbox 1892 1167 1991 1191; x_wconf 89' lang='lat' dir='ltr'><strong>esse.</strong></span> 
     </span>
     <span class='ocr_line' id='line_1_17' title="bbox 283 1210 1991 1261; baseline -0.001 -9"><span class='ocrx_word' id='word_1_151' title='bbox 283 1213 438 1252; x_wconf 84' lang='lat' dir='ltr'><strong>Auctor</strong></span> <span class='ocrx_word' id='word_1_152' title='bbox 475 1213 588 1251; x_wconf 85' lang='lat' dir='ltr'><strong>Vitae</strong></span> <span class='ocrx_word' id='word_1_153' title='bbox 621 1212 765 1250; x_wconf 88' lang='lat' dir='ltr'><strong>Karoli</strong></span> <span class='ocrx_word' id='word_1_154' title='bbox 803 1212 876 1259; x_wconf 89' lang='lat' dir='ltr'><strong>VI,</strong></span> <span class='ocrx_word' id='word_1_155' title='bbox 907 1211 1011 1261; x_wconf 78' lang='lat' dir='ltr'><strong>regis</strong></span> <span class='ocrx_word' id='word_1_156' title='bbox 1046 1211 1312 1258; x_wconf 82' lang='lat' dir='ltr'><strong>Francorum,</strong></span> <span class='ocrx_word' id='word_1_157' title='bbox 1344 1210 1386 1248; x_wconf 92' lang='lat' dir='ltr'><strong>in</strong></span> <span class='ocrx_word' id='word_1_158' title='bbox 1427 1210 1565 1250; x_wconf 91' lang='lat' dir='ltr'><strong>codice</strong></span> <span class='ocrx_word' id='word_1_159' title='bbox 1597 1210 1675 1254; x_wconf 82' lang='lat'><strong>606</strong></span> <span class='ocrx_word' id='word_1_160' title='bbox 1715 1211 1991 1250; x_wconf 89' lang='lat' dir='ltr'><strong>bibliothecae</strong></span> 
     </span>
     <span class='ocr_line' id='line_1_18' title="bbox 281 1270 1991 1321; baseline -0.001 -10"><span class='ocrx_word' id='word_1_161' title='bbox 281 1272 542 1311; x_wconf 88' lang='lat' dir='ltr'><strong>Colbertinae</strong></span> <span class='ocrx_word' id='word_1_162' title='bbox 560 1272 575 1295; x_wconf 73' lang='lat'>1</span> <span class='ocrx_word' id='word_1_163' title='bbox 599 1272 655 1311; x_wconf 92' lang='lat' dir='ltr'><strong>sic</strong></span> <span class='ocrx_word' id='word_1_164' title='bbox 678 1286 770 1310; x_wconf 90' lang='lat' dir='ltr'><strong>eam</strong></span> <span class='ocrx_word' id='word_1_165' title='bbox 794 1270 989 1310; x_wconf 85' lang='lat' dir='ltr'><strong>describit</strong></span> <span class='ocrx_word' id='word_1_166' title='bbox 1014 1286 1021 1308; x_wconf 91' lang='lat'>:</span> <span class='ocrx_word' id='word_1_167' title='bbox 1050 1271 1160 1309; x_wconf 82' lang='lat' dir='ltr'><strong>Idem</strong></span> <span class='ocrx_word' id='word_1_168' title='bbox 1182 1285 1248 1308; x_wconf 71' lang='lat' dir='ltr'><strong>rex</strong></span> <span class='ocrx_word' id='word_1_169' title='bbox 1270 1271 1466 1320; x_wconf 75' lang='lat' dir='ltr'><strong>confectus</strong></span> <span class='ocrx_word' id='word_1_170' title='bbox 1487 1271 1598 1308; x_wconf 90' lang='lat' dir='ltr'><strong>senio</strong></span> <span class='ocrx_word' id='word_1_171' title='bbox 1621 1279 1655 1309; x_wconf 87' lang='lat' dir='ltr'><strong>et</strong></span> <span class='ocrx_word' id='word_1_172' title='bbox 1675 1271 1899 1321; x_wconf 75' lang='lat' dir='ltr'><strong>peregrinis</strong></span> <span class='ocrx_word' id='word_1_173' title='bbox 1920 1271 1991 1321; x_wconf 71' lang='lat' dir='ltr'><strong>fn·-</strong></span> 
     </span>
     <span class='ocr_line' id='line_1_19' title="bbox 282 1330 1994 1383; baseline -0.001 -13"><span class='ocrx_word' id='word_1_174' title='bbox 282 1332 522 1383; x_wconf 82' lang='lat' dir='ltr'><strong>giditatibus</strong></span> <span class='ocrx_word' id='word_1_175' title='bbox 542 1333 732 1380; x_wconf 89' lang='lat' dir='ltr'><strong>detentus,</strong></span> <span class='ocrx_word' id='word_1_176' title='bbox 755 1331 995 1369; x_wconf 84' lang='lat' dir='ltr'><strong>medicorum</strong></span> <span class='ocrx_word' id='word_1_177' title='bbox 1015 1330 1181 1368; x_wconf 87' lang='lat' dir='ltr'><strong>consilio</strong></span> <span class='ocrx_word' id='word_1_178' title='bbox 1200 1330 1242 1368; x_wconf 87' lang='lat' dir='ltr'><strong>in</strong></span> <span class='ocrx_word' id='word_1_179' title='bbox 1260 1330 1403 1380; x_wconf 77' lang='lat' dir='ltr'><strong>fasciis</strong></span> <span class='ocrx_word' id='word_1_180' title='bbox 1422 1330 1541 1368; x_wconf 90' lang='lat' dir='ltr'><strong>lineis</strong></span> <span class='ocrx_word' id='word_1_181' title='bbox 1555 1345 1654 1381; x_wconf 80' lang='lat' dir='ltr'><strong>aque</strong></span> <span class='ocrx_word' id='word_1_182' title='bbox 1674 1331 1748 1369; x_wconf 70' lang='lat' dir='ltr'><strong>vite</strong></span> <span class='ocrx_word' id='word_1_183' title='bbox 1762 1331 1994 1381; x_wconf 76' lang='lat' dir='ltr'><strong>madefactis</strong></span> 
     </span>
     <span class='ocr_line' id='line_1_20' title="bbox 281 1390 1993 1442; baseline -0.001 -12"><span class='ocrx_word' id='word_1_184' title='bbox 281 1407 349 1442; x_wconf 84' lang='lat' dir='ltr'><strong>per</strong></span> <span class='ocrx_word' id='word_1_185' title='bbox 372 1401 494 1430; x_wconf 89' lang='lat' dir='ltr'><strong>totum</strong></span> <span class='ocrx_word' id='word_1_186' title='bbox 517 1406 660 1442; x_wconf 88' lang='lat' dir='ltr'><strong>corpus</strong></span> <span class='ocrx_word' id='word_1_187' title='bbox 684 1391 860 1430; x_wconf 85' lang='lat' dir='ltr'><strong>consutis</strong></span> <span class='ocrx_word' id='word_1_188' title='bbox 883 1391 1020 1441; x_wconf 86' lang='lat' dir='ltr'><strong>sepius</strong></span> <span class='ocrx_word' id='word_1_189' title='bbox 1045 1390 1326 1429; x_wconf 69' lang='lat' dir='ltr'><strong>involvebatur.</strong></span> <span class='ocrx_word' id='word_1_190' title='bbox 1352 1390 1472 1428; x_wconf 89' lang='lat' dir='ltr'><strong>Hanc</strong></span> <span class='ocrx_word' id='word_1_191' title='bbox 1494 1390 1731 1428; x_wconf 64' lang='lat' dir='ltr'><strong>activitatem</strong></span> <span class='ocrx_word' id='word_1_192' title='bbox 1754 1390 1868 1429; x_wconf 74' lang='lat' dir='ltr'><strong>habet</strong></span> <span class='ocrx_word' id='word_1_193' title='bbox 1889 1406 1993 1441; x_wconf 81' lang='lat' dir='ltr'><strong>aqua</strong></span> 
     </span>
     <span class='ocr_line' id='line_1_21' title="bbox 282 1450 1993 1502; baseline -0.001 -12"><span class='ocrx_word' id='word_1_194' title='bbox 282 1452 364 1500; x_wconf 87' lang='lat' dir='ltr'><strong>illa,</strong></span> <span class='ocrx_word' id='word_1_195' title='bbox 392 1460 433 1490; x_wconf 87' lang='lat' dir='ltr'><strong>ut</strong></span> <span class='ocrx_word' id='word_1_196' title='bbox 456 1459 651 1499; x_wconf 85' lang='lat' dir='ltr'><strong>asserunt,</strong></span> <span class='ocrx_word' id='word_1_197' title='bbox 678 1452 780 1502; x_wconf 81' lang='lat' dir='ltr'><strong>quod</strong></span> <span class='ocrx_word' id='word_1_198' title='bbox 803 1465 925 1501; x_wconf 80' lang='lat' dir='ltr'><strong>prope</strong></span> <span class='ocrx_word' id='word_1_199' title='bbox 951 1450 1083 1500; x_wconf 78' lang='lat' dir='ltr'><strong>ignem</strong></span> <span class='ocrx_word' id='word_1_200' title='bbox 1107 1450 1238 1500; x_wconf 84' lang='lat' dir='ltr'><strong>posita</strong></span> <span class='ocrx_word' id='word_1_201' title='bbox 1261 1450 1393 1487; x_wconf 84' lang='lat' dir='ltr'><strong>subito</strong></span> <span class='ocrx_word' id='word_1_202' title='bbox 1411 1450 1617 1500; x_wconf 75' lang='lat' dir='ltr'><strong>flammam</strong></span> <span class='ocrx_word' id='word_1_203' title='bbox 1641 1450 1794 1489; x_wconf 86' lang='lat' dir='ltr'><strong>emittit.</strong></span> <span class='ocrx_word' id='word_1_204' title='bbox 1828 1450 1939 1489; x_wconf 87' lang='lat' dir='ltr'><strong>Unde</strong></span> <span class='ocrx_word' id='word_1_205' title='bbox 1960 1458 1993 1488; x_wconf 84' lang='lat' dir='ltr'><strong>et</strong></span> 
     </span>
     <span class='ocr_line' id='line_1_22' title="bbox 280 1510 1993 1562; baseline -0.002 -12"><span class='ocrx_word' id='word_1_206' title='bbox 280 1526 369 1550; x_wconf 84' lang='lat' dir='ltr'><strong>cum</strong></span> <span class='ocrx_word' id='word_1_207' title='bbox 403 1512 574 1562; x_wconf 76' lang='lat' dir='ltr'><strong>quadam</strong></span> <span class='ocrx_word' id='word_1_208' title='bbox 608 1520 714 1549; x_wconf 91' lang='lat' dir='ltr'><strong>nocte</strong></span> <span class='ocrx_word' id='word_1_209' title='bbox 747 1511 903 1561; x_wconf 69' lang='lat' dir='ltr'><strong>prefata</strong></span> <span class='ocrx_word' id='word_1_210' title='bbox 937 1510 1179 1548; x_wconf 61' lang='lat' dir='ltr'><strong>involutione</strong></span> <span class='ocrx_word' id='word_1_211' title='bbox 1220 1517 1401 1557; x_wconf 88' lang='lat' dir='ltr'><strong>uteretur,</strong></span> <span class='ocrx_word' id='word_1_212' title='bbox 1431 1518 1464 1547; x_wconf 89' lang='lat' dir='ltr'><strong>et</strong></span> <span class='ocrx_word' id='word_1_213' title='bbox 1492 1518 1663 1560; x_wconf 86' lang='lat' dir='ltr'><strong>peracta,</strong></span> <span class='ocrx_word' id='word_1_214' title='bbox 1698 1510 1993 1560; x_wconf 77' lang='lat' dir='ltr'><strong>impellentibus</strong></span> 
     </span>
     <span class='ocr_line' id='line_1_23' title="bbox 278 1569 1993 1621; baseline -0.001 -12"><span class='ocrx_word' id='word_1_215' title='bbox 278 1572 375 1621; x_wconf 78' lang='lat' dir='ltr'><strong>satis</strong></span> <span class='ocrx_word' id='word_1_216' title='bbox 402 1579 511 1609; x_wconf 82' lang='lat' dir='ltr'><strong>sutor</strong></span> <span class='ocrx_word' id='word_1_217' title='bbox 533 1570 756 1621; x_wconf 68' lang='lat' dir='ltr'><strong>familiaris</strong></span> <span class='ocrx_word' id='word_1_218' title='bbox 782 1570 914 1621; x_wconf 86' lang='lat' dir='ltr'><strong>ipsius</strong></span> <span class='ocrx_word' id='word_1_219' title='bbox 941 1570 1096 1608; x_wconf 85' lang='lat' dir='ltr'><strong>incaute</strong></span> <span class='ocrx_word' id='word_1_220' title='bbox 1118 1570 1322 1607; x_wconf 78' lang='lat' dir='ltr'><strong>candelam</strong></span> <span class='ocrx_word' id='word_1_221' title='bbox 1353 1584 1559 1608; x_wconf 80' lang='lat' dir='ltr'><strong>accensam</strong></span> <span class='ocrx_word' id='word_1_222' title='bbox 1587 1570 1639 1607; x_wconf 91' lang='lat' dir='ltr'><strong>ad</strong></span> <span class='ocrx_word' id='word_1_223' title='bbox 1661 1569 1993 1621; x_wconf 87' lang='lat' dir='ltr'><strong>disrumpendum</strong></span> 
     </span>
     <span class='ocr_line' id='line_1_24' title="bbox 281 1629 1992 1682; baseline -0.001 -13"><span class='ocrx_word' id='word_1_224' title='bbox 281 1631 395 1682; x_wconf 79' lang='lat' dir='ltr'><strong>filum</strong></span> <span class='ocrx_word' id='word_1_225' title='bbox 419 1632 606 1669; x_wconf 88' lang='lat' dir='ltr'><strong>ultimum</strong></span> <span class='ocrx_word' id='word_1_226' title='bbox 628 1631 884 1681; x_wconf 75' lang='lat' dir='ltr'><strong>applicasset,</strong></span> <span class='ocrx_word' id='word_1_227' title='bbox 908 1644 954 1668; x_wconf 70' lang='lat' dir='ltr'><strong>ex</strong></span> <span class='ocrx_word' id='word_1_228' title='bbox 969 1630 1170 1680; x_wconf 83' lang='lat' dir='ltr'><strong>insperato</strong></span> <span class='ocrx_word' id='word_1_229' title='bbox 1192 1637 1314 1666; x_wconf 86' lang='lat' dir='ltr'><strong>totum</strong></span> <span class='ocrx_word' id='word_1_230' title='bbox 1335 1643 1477 1679; x_wconf 83' lang='lat' dir='ltr'><strong>corpus</strong></span> <span class='ocrx_word' id='word_1_231' title='bbox 1499 1630 1664 1680; x_wconf 83' lang='lat' dir='ltr'><strong>flamma</strong></span> <span class='ocrx_word' id='word_1_232' title='bbox 1687 1644 1805 1668; x_wconf 68' lang='lat' dir='ltr'><strong>vorax</strong></span> <span class='ocrx_word' id='word_1_233' title='bbox 1826 1629 1992 1668; x_wconf 88' lang='lat' dir='ltr'><strong>circum-</strong></span> 
     </span>
    </p>
   </div>
   <div class='ocr_carea' id='block_1_3' title="bbox 215 1689 1990 1739">
    <p class='ocr_par' dir='ltr' id='par_1_6' title="bbox 215 1689 1990 1739">
     <span class='ocr_line' id='line_1_25' title="bbox 215 1689 1990 1739; baseline -0.001 -10"><span class='ocrx_word' id='word_1_234' title='bbox 215 1727 217 1730; x_wconf 87' lang='lat'><strong>.</strong></span> <span class='ocrx_word' id='word_1_235' title='bbox 280 1691 398 1738; x_wconf 84' lang='lat' dir='ltr'><strong>dedit,</strong></span> <span class='ocrx_word' id='word_1_236' title='bbox 422 1699 457 1728; x_wconf 91' lang='lat' dir='ltr'><strong>et</strong></span> <span class='ocrx_word' id='word_1_237' title='bbox 472 1691 535 1729; x_wconf 79' lang='lat' dir='ltr'><strong>-sic</strong></span> <span class='ocrx_word' id='word_1_238' title='bbox 560 1691 603 1728; x_wconf 87' lang='lat' dir='ltr'><strong>in</strong></span> <span class='ocrx_word' id='word_1_239' title='bbox 626 1690 828 1729; x_wconf 74' lang='lat' dir='ltr'><strong>continuis</strong></span> <span class='ocrx_word' id='word_1_240' title='bbox 852 1689 1092 1727; x_wconf 85' lang='lat' dir='ltr'><strong>clamoribus</strong></span> <span class='ocrx_word' id='word_1_241' title='bbox 1111 1689 1319 1739; x_wconf 69' lang='lat' dir='ltr'><strong>expiravit.</strong></span> <span class='ocrx_word' id='word_1_242' title='bbox 1345 1689 1550 1728; x_wconf 82' lang='lat' dir='ltr'><strong>Robertus</strong></span> <span class='ocrx_word' id='word_1_243' title='bbox 1572 1689 1782 1739; x_wconf 80' lang='lat' dir='ltr'><strong>Gaguinus</strong></span> <span class='ocrx_word' id='word_1_244' title='bbox 1805 1689 1885 1727; x_wconf 92' lang='lat' dir='ltr'><strong>ista</strong></span> <span class='ocrx_word' id='word_1_245' title='bbox 1908 1689 1990 1727; x_wconf 90' lang='lat' dir='ltr'><strong>suis</strong></span> 
     </span>
    </p>
   </div>
   <div class='ocr_carea' id='block_1_4' title="bbox 277 1749 1992 2930">
    <p class='ocr_par' dir='ltr' id='par_1_7' title="bbox 277 1749 1992 2930">
     <span class='ocr_line' id='line_1_26' title="bbox 280 1749 1992 1799; baseline -0.001 -12"><span class='ocrx_word' id='word_1_246' title='bbox 280 1750 414 1789; x_wconf 89' lang='lat' dir='ltr'><strong>verbis</strong></span> <span class='ocrx_word' id='word_1_247' title='bbox 448 1751 626 1789; x_wconf 85' lang='lat' dir='ltr'><strong>referens</strong></span> <span class='ocrx_word' id='word_1_248' title='bbox 660 1750 778 1787; x_wconf 89' lang='lat' dir='ltr'><strong>addit</strong></span> <span class='ocrx_word' id='word_1_249' title='bbox 813 1766 819 1788; x_wconf 90' lang='lat'><strong>:</strong></span> <span class='ocrx_word' id='word_1_250' title='bbox 854 1749 1060 1799; x_wconf 81' lang='lat' dir='ltr'><strong>Plerisque</strong></span> <span class='ocrx_word' id='word_1_251' title='bbox 1092 1757 1312 1786; x_wconf 81' lang='lat' dir='ltr'><strong>constanter</strong></span> <span class='ocrx_word' id='word_1_252' title='bbox 1356 1749 1650 1799; x_wconf 80' lang='lat' dir='ltr'><strong>affirmantibus</strong></span> <span class='ocrx_word' id='word_1_253' title='bbox 1691 1749 1872 1787; x_wconf 64' lang='lat' dir='ltr'><strong>divinam</strong></span> <span class='ocrx_word' id='word_1_254' title='bbox 1911 1763 1992 1786; x_wconf 82' lang='lat' dir='ltr'><strong>esse</strong></span> 
     </span>
     <span class='ocr_line' id='line_1_27' title="bbox 281 1808 1990 1861; baseline -0.001 -13"><span class='ocrx_word' id='word_1_255' title='bbox 281 1810 396 1858; x_wconf 87' lang='lat' dir='ltr'><strong>iram,</strong></span> <span class='ocrx_word' id='word_1_256' title='bbox 423 1825 520 1860; x_wconf 80' lang='lat' dir='ltr'><strong>quae</strong></span> <span class='ocrx_word' id='word_1_257' title='bbox 544 1810 744 1861; x_wconf 82' lang='lat' dir='ltr'><strong>perfidum</strong></span> <span class='ocrx_word' id='word_1_258' title='bbox 767 1824 896 1859; x_wconf 79' lang='lat' dir='ltr'><strong>regem</strong></span> <span class='ocrx_word' id='word_1_259' title='bbox 921 1809 1045 1858; x_wconf 81' lang='lat' dir='ltr'><strong>digna</strong></span> <span class='ocrx_word' id='word_1_260' title='bbox 1062 1808 1147 1846; x_wconf 85' lang='lat' dir='ltr'><strong>suis</strong></span> <span class='ocrx_word' id='word_1_261' title='bbox 1167 1808 1379 1846; x_wconf 82' lang='lat' dir='ltr'><strong>sceleribus</strong></span> <span class='ocrx_word' id='word_1_262' title='bbox 1397 1822 1524 1858; x_wconf 87' lang='lat' dir='ltr'><strong>poena</strong></span> <span class='ocrx_word' id='word_1_263' title='bbox 1545 1809 1768 1847; x_wconf 82' lang='lat' dir='ltr'><strong>cruciasset.</strong></span> <span class='ocrx_word' id='word_1_264' title='bbox 1792 1808 1990 1848; x_wconf 85' lang='lat' dir='ltr'><strong>Odoricus</strong></span> 
     </span>
     <span class='ocr_line' id='line_1_28' title="bbox 282 1868 1990 1920; baseline -0.001 -12"><span class='ocrx_word' id='word_1_265' title='bbox 282 1870 524 1920; x_wconf 87' lang='lat' dir='ltr'><strong>Raynaldus</strong></span> <span class='ocrx_word' id='word_1_266' title='bbox 539 1878 758 1920; x_wconf 90' lang='lat' dir='ltr'><strong>promptus</strong></span> <span class='ocrx_word' id='word_1_267' title='bbox 774 1877 816 1908; x_wconf 89' lang='lat' dir='ltr'><strong>et</strong></span> <span class='ocrx_word' id='word_1_268' title='bbox 832 1868 960 1907; x_wconf 87' lang='lat' dir='ltr'><strong>facilis</strong></span> <span class='ocrx_word' id='word_1_269' title='bbox 977 1868 1030 1906; x_wconf 93' lang='lat' dir='ltr'><strong>ad</strong></span> <span class='ocrx_word' id='word_1_270' title='bbox 1046 1868 1398 1906; x_wconf 83' lang='lat' dir='ltr'><strong>exardescendum</strong></span> <span class='ocrx_word' id='word_1_271' title='bbox 1414 1868 1636 1907; x_wconf 88' lang='lat' dir='ltr'><strong>adversum</strong></span> <span class='ocrx_word' id='word_1_272' title='bbox 1652 1868 1803 1916; x_wconf 83' lang='lat' dir='ltr'><strong>Gallos,</strong></span> <span class='ocrx_word' id='word_1_273' title='bbox 1818 1876 1990 1919; x_wconf 84' lang='lat' dir='ltr'><strong>paratus</strong></span> 
     </span>
     <span class='ocr_line' id='line_1_29' title="bbox 278 1927 1991 1979; baseline -0.002 -11"><span class='ocrx_word' id='word_1_274' title='bbox 278 1929 331 1967; x_wconf 83' lang='lat' dir='ltr'><strong>ad</strong></span> <span class='ocrx_word' id='word_1_275' title='bbox 358 1929 614 1968; x_wconf 85' lang='lat' dir='ltr'><strong>excusandos</strong></span> <span class='ocrx_word' id='word_1_276' title='bbox 641 1944 708 1967; x_wconf 91' lang='lat' dir='ltr'><strong>eos</strong></span> <span class='ocrx_word' id='word_1_277' title='bbox 737 1928 807 1979; x_wconf 90' lang='lat' dir='ltr'><strong>qui</strong></span> <span class='ocrx_word' id='word_1_278' title='bbox 836 1928 993 1968; x_wconf 91' lang='lat' dir='ltr'><strong>Urbani</strong></span> <span class='ocrx_word' id='word_1_279' title='bbox 1020 1928 1077 1966; x_wconf 89' lang='lat' dir='ltr'><strong>VI</strong></span> <span class='ocrx_word' id='word_1_280' title='bbox 1104 1935 1242 1979; x_wconf 90' lang='lat' dir='ltr'><strong>partes</strong></span> <span class='ocrx_word' id='word_1_281' title='bbox 1270 1927 1485 1976; x_wconf 88' lang='lat' dir='ltr'><strong>fovebant,</strong></span> <span class='ocrx_word' id='word_1_282' title='bbox 1513 1927 1783 1978; x_wconf 85' lang='lat' dir='ltr'><strong>quantumvis</strong></span> <span class='ocrx_word' id='word_1_283' title='bbox 1810 1927 1908 1966; x_wconf 90' lang='lat' dir='ltr'><strong>mali</strong></span> <span class='ocrx_word' id='word_1_284' title='bbox 1944 1942 1991 1966; x_wconf 91' lang='lat' dir='ltr'><strong>ac</strong></span> 
     </span>
     <span class='ocr_line' id='line_1_30' title="bbox 279 1986 1991 2040; baseline -0.002 -13"><span class='ocrx_word' id='word_1_285' title='bbox 279 1989 499 2028; x_wconf 85' lang='lat' dir='ltr'><strong>facinorosi</strong></span> <span class='ocrx_word' id='word_1_286' title='bbox 522 1997 673 2037; x_wconf 86' lang='lat' dir='ltr'><strong>essent,</strong></span> <span class='ocrx_word' id='word_1_287' title='bbox 696 1996 793 2040; x_wconf 90' lang='lat' dir='ltr'><strong>post</strong></span> <span class='ocrx_word' id='word_1_288' title='bbox 816 1989 945 2027; x_wconf 87' lang='lat' dir='ltr'><strong>relata</strong></span> <span class='ocrx_word' id='word_1_289' title='bbox 970 2002 1036 2026; x_wconf 90' lang='lat' dir='ltr'><strong>an.</strong></span> <span class='ocrx_word' id='word_1_290' title='bbox 1063 1987 1178 2035; x_wconf 76' lang='lat'><strong>1387,</strong></span> <span class='ocrx_word' id='word_1_291' title='bbox 1205 1987 1221 2036; x_wconf 63' lang='grc' dir='ltr'><strong>ἓ</strong></span> <span class='ocrx_word' id='word_1_292' title='bbox 1244 1987 1451 2035; x_wconf 82' lang='lat' dir='ltr'><strong>10„verba</strong></span> <span class='ocrx_word' id='word_1_293' title='bbox 1472 1987 1662 2038; x_wconf 81' lang='lat' dir='ltr'><strong>Gaguini,</strong></span> <span class='ocrx_word' id='word_1_294' title='bbox 1681 1987 1824 2026; x_wconf 87' lang='lat' dir='ltr'><strong>mortis</strong></span> <span class='ocrx_word' id='word_1_295' title='bbox 1849 1986 1991 2025; x_wconf 88' lang='lat' dir='ltr'><strong>Karoli</strong></span> 
     </span>
     <span class='ocr_line' id='line_1_31' title="bbox 278 2047 1989 2097; baseline -0.002 -10"><span class='ocrx_word' id='word_1_296' title='bbox 278 2048 494 2087; x_wconf 87' lang='lat' dir='ltr'><strong>historiam</strong></span> <span class='ocrx_word' id='word_1_297' title='bbox 523 2049 575 2086; x_wconf 91' lang='lat' dir='ltr'><strong>ab</strong></span> <span class='ocrx_word' id='word_1_298' title='bbox 604 2063 650 2087; x_wconf 93' lang='lat' dir='ltr'><strong>eo</strong></span> <span class='ocrx_word' id='word_1_299' title='bbox 679 2048 855 2087; x_wconf 86' lang='lat' dir='ltr'><strong>relatam</strong></span> <span class='ocrx_word' id='word_1_300' title='bbox 882 2055 1007 2086; x_wconf 88' lang='lat' dir='ltr'><strong>vocat</strong></span> <span class='ocrx_word' id='word_1_301' title='bbox 1034 2047 1076 2085; x_wconf 91' lang='lat' dir='ltr'><strong>in</strong></span> <span class='ocrx_word' id='word_1_302' title='bbox 1104 2047 1380 2097; x_wconf 88' lang='lat' dir='ltr'><strong>suspicionem</strong></span> <span class='ocrx_word' id='word_1_303' title='bbox 1409 2047 1617 2094; x_wconf 81' lang='lat' dir='ltr'><strong>falsitatis,</strong></span> <span class='ocrx_word' id='word_1_304' title='bbox 1645 2047 1819 2086; x_wconf 89' lang='lat' dir='ltr'><strong>innuens</strong></span> <span class='ocrx_word' id='word_1_305' title='bbox 1848 2061 1940 2086; x_wconf 91' lang='lat' dir='ltr'><strong>eam</strong></span> <span class='ocrx_word' id='word_1_306' title='bbox 1967 2061 1989 2084; x_wconf 90' lang='lat' dir='ltr'><strong>a</strong></span> 
     </span>
     <span class='ocr_line' id='line_1_32' title="bbox 281 2106 1989 2157; baseline -0.001 -10"><span class='ocrx_word' id='word_1_307' title='bbox 281 2108 404 2147; x_wconf 89' lang='lat' dir='ltr'><strong>Gallis</strong></span> <span class='ocrx_word' id='word_1_308' title='bbox 431 2108 702 2147; x_wconf 89' lang='lat' dir='ltr'><strong>schismaticis</strong></span> <span class='ocrx_word' id='word_1_309' title='bbox 731 2108 955 2146; x_wconf 89' lang='lat' dir='ltr'><strong>confictam</strong></span> <span class='ocrx_word' id='word_1_310' title='bbox 981 2107 1103 2145; x_wconf 84' lang='lat' dir='ltr'><strong>fuisse</strong></span> <span class='ocrx_word' id='word_1_311' title='bbox 1132 2107 1228 2157; x_wconf 89' lang='lat' dir='ltr'><strong>quia</strong></span> <span class='ocrx_word' id='word_1_312' title='bbox 1256 2106 1466 2145; x_wconf 84' lang='lat' dir='ltr'><strong>Navarrus</strong></span> <span class='ocrx_word' id='word_1_313' title='bbox 1487 2106 1655 2145; x_wconf 90' lang='lat' dir='ltr'><strong>Urbano</strong></span> <span class='ocrx_word' id='word_1_314' title='bbox 1681 2107 1878 2145; x_wconf 88' lang='lat' dir='ltr'><strong>adversus</strong></span> <span class='ocrx_word' id='word_1_315' title='bbox 1905 2107 1989 2145; x_wconf 90' lang='lat' dir='ltr'><strong>Cle-</strong></span> 
     </span>
     <span class='ocr_line' id='line_1_33' title="bbox 279 2165 1991 2217; baseline -0.001 -12"><span class='ocrx_word' id='word_1_316' title='bbox 279 2176 461 2206; x_wconf 89' lang='lat' dir='ltr'><strong>mentem</strong></span> <span class='ocrx_word' id='word_1_317' title='bbox 507 2166 767 2206; x_wconf 87' lang='lat' dir='ltr'><strong>adhaeserat.</strong></span> <span class='ocrx_word' id='word_1_318' title='bbox 815 2167 1000 2205; x_wconf 89' lang='lat' dir='ltr'><strong>Primum</strong></span> <span class='ocrx_word' id='word_1_319' title='bbox 1046 2166 1227 2204; x_wconf 87' lang='lat' dir='ltr'><strong>admiror</strong></span> <span class='ocrx_word' id='word_1_320' title='bbox 1271 2166 1639 2217; x_wconf 87' lang='lat' dir='ltr'><strong>intemperantiam</strong></span> <span class='ocrx_word' id='word_1_321' title='bbox 1679 2166 1872 2214; x_wconf 89' lang='lat' dir='ltr'><strong>hominis,</strong></span> <span class='ocrx_word' id='word_1_322' title='bbox 1919 2165 1991 2216; x_wconf 91' lang='lat' dir='ltr'><strong>qui</strong></span> 
     </span>
     <span class='ocr_line' id='line_1_34' title="bbox 278 2225 1989 2278; baseline -0.001 -13"><span class='ocrx_word' id='word_1_323' title='bbox 278 2228 435 2266; x_wconf 91' lang='lat' dir='ltr'><strong>nullam</strong></span> <span class='ocrx_word' id='word_1_324' title='bbox 459 2228 716 2266; x_wconf 87' lang='lat' dir='ltr'><strong>occasionem</strong></span> <span class='ocrx_word' id='word_1_325' title='bbox 738 2226 1039 2278; x_wconf 88' lang='lat' dir='ltr'><strong>praetermittit</strong></span> <span class='ocrx_word' id='word_1_326' title='bbox 1061 2225 1246 2264; x_wconf 86' lang='lat' dir='ltr'><strong>testandi</strong></span> <span class='ocrx_word' id='word_1_327' title='bbox 1270 2226 1351 2263; x_wconf 91' lang='lat' dir='ltr'><strong>odii</strong></span> <span class='ocrx_word' id='word_1_328' title='bbox 1374 2226 1436 2264; x_wconf 88' lang='lat' dir='ltr'><strong>sui</strong></span> <span class='ocrx_word' id='word_1_329' title='bbox 1458 2226 1655 2264; x_wconf 89' lang='lat' dir='ltr'><strong>adversus</strong></span> <span class='ocrx_word' id='word_1_330' title='bbox 1680 2235 1844 2276; x_wconf 84' lang='lat' dir='ltr'><strong>gentem</strong></span> <span class='ocrx_word' id='word_1_331' title='bbox 1866 2225 1989 2265; x_wconf 91' lang='lat' dir='ltr'><strong>Galli-</strong></span> 
     </span>
     <span class='ocr_line' id='line_1_35' title="bbox 279 2285 1987 2337; baseline -0.001 -12"><span class='ocrx_word' id='word_1_332' title='bbox 279 2301 382 2326; x_wconf 90' lang='lat' dir='ltr'><strong>cam.</strong></span> <span class='ocrx_word' id='word_1_333' title='bbox 417 2287 573 2325; x_wconf 88' lang='lat' dir='ltr'><strong>Deinde</strong></span> <span class='ocrx_word' id='word_1_334' title='bbox 604 2301 756 2337; x_wconf 88' lang='lat' dir='ltr'><strong>quaero</strong></span> <span class='ocrx_word' id='word_1_335' title='bbox 786 2287 839 2324; x_wconf 91' lang='lat' dir='ltr'><strong>ab</strong></span> <span class='ocrx_word' id='word_1_336' title='bbox 869 2301 916 2324; x_wconf 91' lang='lat' dir='ltr'><strong>eo</strong></span> <span class='ocrx_word' id='word_1_337' title='bbox 948 2285 1120 2324; x_wconf 91' lang='lat' dir='ltr'><strong>ubinam</strong></span> <span class='ocrx_word' id='word_1_338' title='bbox 1149 2285 1353 2324; x_wconf 81' lang='lat' dir='ltr'><strong>invenerit</strong></span> <span class='ocrx_word' id='word_1_339' title='bbox 1381 2286 1490 2324; x_wconf 90' lang='lat' dir='ltr'><strong>hunc</strong></span> <span class='ocrx_word' id='word_1_340' title='bbox 1521 2285 1722 2324; x_wconf 86' lang='lat' dir='ltr'><strong>Karolum</strong></span> <span class='ocrx_word' id='word_1_341' title='bbox 1754 2285 1987 2324; x_wconf 88' lang='lat' dir='ltr'><strong>adhaesisse</strong></span> 
     </span>
     <span class='ocr_line' id='line_1_36' title="bbox 280 2344 1987 2396; baseline -0.002 -11"><span class='ocrx_word' id='word_1_342' title='bbox 280 2346 462 2385; x_wconf 89' lang='lat' dir='ltr'><strong>Urbano.</strong></span> <span class='ocrx_word' id='word_1_343' title='bbox 491 2346 633 2396; x_wconf 89' lang='lat' dir='ltr'><strong>Neque</strong></span> <span class='ocrx_word' id='word_1_344' title='bbox 658 2346 768 2385; x_wconf 87' lang='lat' dir='ltr'><strong>enim</strong></span> <span class='ocrx_word' id='word_1_345' title='bbox 793 2346 896 2385; x_wconf 88' lang='lat' dir='ltr'><strong>citat</strong></span> <span class='ocrx_word' id='word_1_346' title='bbox 921 2354 1146 2384; x_wconf 81' lang='lat' dir='ltr'><strong>auctorem.</strong></span> <span class='ocrx_word' id='word_1_347' title='bbox 1177 2345 1308 2383; x_wconf 90' lang='lat' dir='ltr'><strong>Immo</strong></span> <span class='ocrx_word' id='word_1_348' title='bbox 1332 2359 1406 2395; x_wconf 81' lang='lat' dir='ltr'><strong>ego</strong></span> <span class='ocrx_word' id='word_1_349' title='bbox 1431 2353 1691 2396; x_wconf 87' lang='lat' dir='ltr'><strong>compertum</strong></span> <span class='ocrx_word' id='word_1_350' title='bbox 1715 2345 1848 2383; x_wconf 88' lang='lat' dir='ltr'><strong>habeo</strong></span> <span class='ocrx_word' id='word_1_351' title='bbox 1871 2344 1987 2383; x_wconf 90' lang='lat' dir='ltr'><strong>illum</strong></span> 
     </span>
     <span class='ocr_line' id='line_1_37' title="bbox 279 2404 1986 2455; baseline -0.001 -11"><span class='ocrx_word' id='word_1_352' title='bbox 279 2421 362 2445; x_wconf 91' lang='lat' dir='ltr'><strong>esse</strong></span> <span class='ocrx_word' id='word_1_353' title='bbox 385 2415 599 2444; x_wconf 84' lang='lat' dir='ltr'><strong>mortuum</strong></span> <span class='ocrx_word' id='word_1_354' title='bbox 621 2406 927 2454; x_wconf 79' lang='lat' dir='ltr'><strong>indifferentem</strong></span> <span class='ocrx_word' id='word_1_355' title='bbox 947 2405 974 2453; x_wconf 78' lang='lat'><strong>2,</strong></span> <span class='ocrx_word' id='word_1_356' title='bbox 997 2413 1045 2443; x_wconf 88' lang='lat' dir='ltr'><strong>ut</strong></span> <span class='ocrx_word' id='word_1_357' title='bbox 1068 2413 1157 2443; x_wconf 88' lang='lat' dir='ltr'><strong>tum</strong></span> <span class='ocrx_word' id='word_1_358' title='bbox 1180 2404 1539 2454; x_wconf 85' lang='lat' dir='ltr'><strong>loquebantur,&#39;id</strong></span> <span class='ocrx_word' id='word_1_359' title='bbox 1561 2412 1637 2453; x_wconf 82' lang='lat' dir='ltr'><strong>est,</strong></span> <span class='ocrx_word' id='word_1_360' title='bbox 1661 2419 1792 2455; x_wconf 84' lang='lat' dir='ltr'><strong>neque</strong></span> <span class='ocrx_word' id='word_1_361' title='bbox 1818 2404 1986 2443; x_wconf 90' lang='lat' dir='ltr'><strong>Urbano</strong></span> 
     </span>
     <span class='ocr_line' id='line_1_38' title="bbox 277 2463 1987 2515; baseline -0.001 -13"><span class='ocrx_word' id='word_1_362' title='bbox 277 2465 506 2513; x_wconf 88' lang='lat' dir='ltr'><strong>addictum,</strong></span> <span class='ocrx_word' id='word_1_363' title='bbox 539 2480 670 2515; x_wconf 85' lang='lat' dir='ltr'><strong>neque</strong></span> <span class='ocrx_word' id='word_1_364' title='bbox 703 2465 917 2504; x_wconf 87' lang='lat' dir='ltr'><strong>Clementi.</strong></span> <span class='ocrx_word' id='word_1_365' title='bbox 951 2464 1103 2502; x_wconf 90' lang='lat' dir='ltr'><strong>Narrat</strong></span> <span class='ocrx_word' id='word_1_366' title='bbox 1134 2464 1240 2502; x_wconf 90' lang='lat' dir='ltr'><strong>enim</strong></span> <span class='ocrx_word' id='word_1_367' title='bbox 1276 2465 1456 2502; x_wconf 84' lang='lat' dir='ltr'><strong>Joannes</strong></span> <span class='ocrx_word' id='word_1_368' title='bbox 1489 2463 1688 2512; x_wconf 90' lang='lat' dir='ltr'><strong>Mariana,</strong></span> <span class='ocrx_word' id='word_1_369' title='bbox 1719 2463 1788 2503; x_wconf 86' lang='lat' dir='ltr'><strong>lib.</strong></span> <span class='ocrx_word' id='word_1_370' title='bbox 1823 2463 1987 2512; x_wconf 90' lang='lat' dir='ltr'>XVIII,</span> 
     </span>
     <span class='ocr_line' id='line_1_39' title="bbox 278 2523 1984 2575; baseline -0.001 -12"><span class='ocrx_word' id='word_1_371' title='bbox 278 2539 366 2575; x_wconf 90' lang='lat' dir='ltr'><strong>cap.</strong></span> <span class='ocrx_word' id='word_1_372' title='bbox 389 2540 416 2563; x_wconf 94' lang='lat'><strong>11</strong></span> <span class='ocrx_word' id='word_1_373' title='bbox 440 2526 529 2563; x_wconf 85' lang='lat' dir='ltr'><strong>Rer.</strong></span> <span class='ocrx_word' id='word_1_374' title='bbox 554 2525 749 2575; x_wconf 87' lang='lat' dir='ltr'><strong>Hispan.,</strong></span> <span class='ocrx_word' id='word_1_375' title='bbox 776 2525 991 2571; x_wconf 85' lang='lat' dir='ltr'><strong>Karolum,</strong></span> <span class='ocrx_word' id='word_1_376' title='bbox 1015 2524 1102 2573; x_wconf 84' lang='lat' dir='ltr'><strong>ejus</strong></span> <span class='ocrx_word' id='word_1_377' title='bbox 1129 2523 1273 2569; x_wconf 74' lang='lat' dir='ltr'><strong>filium,</strong></span> <span class='ocrx_word' id='word_1_378' title='bbox 1296 2537 1395 2561; x_wconf 81' lang='lat' dir='ltr'><strong>mox</strong></span> <span class='ocrx_word' id='word_1_379' title='bbox 1415 2531 1511 2574; x_wconf 91' lang='lat' dir='ltr'><strong>post</strong></span> <span class='ocrx_word' id='word_1_380' title='bbox 1532 2523 1620 2573; x_wconf 86' lang='lat' dir='ltr'><strong>ejus</strong></span> <span class='ocrx_word' id='word_1_381' title='bbox 1645 2523 1806 2562; x_wconf 88' lang='lat' dir='ltr'><strong>obitum</strong></span> <span class='ocrx_word' id='word_1_382' title='bbox 1827 2523 1870 2562; x_wconf 91' lang='lat' dir='ltr'><strong>in</strong></span> <span class='ocrx_word' id='word_1_383' title='bbox 1893 2537 1984 2573; x_wconf 91' lang='lat' dir='ltr'><strong>pro-</strong></span> 
     </span>
     <span class='ocr_line' id='line_1_40' title="bbox 277 2582 1985 2634; baseline -0.002 -12"><span class='ocrx_word' id='word_1_384' title='bbox 277 2599 415 2622; x_wconf 88' lang='lat' dir='ltr'><strong>cerum</strong></span> <span class='ocrx_word' id='word_1_385' title='bbox 442 2593 651 2623; x_wconf 86' lang='lat' dir='ltr'><strong>conventu</strong></span> <span class='ocrx_word' id='word_1_386' title='bbox 679 2584 933 2623; x_wconf 87' lang='lat' dir='ltr'><strong>Clementem</strong></span> <span class='ocrx_word' id='word_1_387' title='bbox 960 2583 1041 2621; x_wconf 86' lang='lat' dir='ltr'><strong>VII</strong></span> <span class='ocrx_word' id='word_1_388' title='bbox 1068 2583 1359 2634; x_wconf 86' lang='lat' dir='ltr'><strong>pronuntiasse</strong></span> <span class='ocrx_word' id='word_1_389' title='bbox 1385 2583 1546 2632; x_wconf 86' lang='lat' dir='ltr'><strong>justum</strong></span> <span class='ocrx_word' id='word_1_390' title='bbox 1572 2582 1703 2621; x_wconf 87' lang='lat' dir='ltr'><strong>videri</strong></span> <span class='ocrx_word' id='word_1_391' title='bbox 1727 2582 1985 2634; x_wconf 85' lang='lat' dir='ltr'><strong>pontificem,</strong></span> 
     </span>
     <span class='ocr_line' id='line_1_41' title="bbox 278 2642 1984 2694; baseline -0.001 -14"><span class='ocrx_word' id='word_1_392' title='bbox 278 2644 380 2692; x_wconf 81' lang='lat' dir='ltr'><strong>quod</strong></span> <span class='ocrx_word' id='word_1_393' title='bbox 402 2652 576 2691; x_wconf 83' lang='lat' dir='ltr'><strong>eatenus,</strong></span> <span class='ocrx_word' id='word_1_394' title='bbox 603 2643 753 2694; x_wconf 88' lang='lat' dir='ltr'><strong>inquit,</strong></span> <span class='ocrx_word' id='word_1_395' title='bbox 781 2643 1011 2692; x_wconf 80' lang='lat' dir='ltr'><strong>Aragoniae</strong></span> <span class='ocrx_word' id='word_1_396' title='bbox 1036 2643 1211 2692; x_wconf 72' lang='lat' dir='ltr'><strong>exemplo</strong></span> <span class='ocrx_word' id='word_1_397' title='bbox 1234 2643 1385 2692; x_wconf 72' lang='lat' dir='ltr'><strong>jactum</strong></span> <span class='ocrx_word' id='word_1_398' title='bbox 1410 2656 1490 2679; x_wconf 90' lang='lat' dir='ltr'><strong>non</strong></span> <span class='ocrx_word' id='word_1_399' title='bbox 1514 2650 1608 2690; x_wconf 88' lang='lat' dir='ltr'><strong>erat,</strong></span> <span class='ocrx_word' id='word_1_400' title='bbox 1636 2642 1795 2680; x_wconf 86' lang='lat' dir='ltr'><strong>incertis</strong></span> <span class='ocrx_word' id='word_1_401' title='bbox 1818 2656 1984 2693; x_wconf 88' lang='lat' dir='ltr'><strong>suspen-</strong></span> 
     </span>
     <span class='ocr_line' id='line_1_42' title="bbox 277 2701 1983 2753; baseline 0 -14"><span class='ocrx_word' id='word_1_402' title='bbox 277 2702 407 2751; x_wconf 73' lang='lat' dir='ltr'><strong>sisque</strong></span> <span class='ocrx_word' id='word_1_403' title='bbox 429 2703 663 2753; x_wconf 84' lang='lat' dir='ltr'><strong>principum</strong></span> <span class='ocrx_word' id='word_1_404' title='bbox 684 2711 718 2740; x_wconf 90' lang='lat' dir='ltr'><strong>et</strong></span> <span class='ocrx_word' id='word_1_405' title='bbox 738 2703 880 2753; x_wconf 81' lang='lat' dir='ltr'><strong>populi</strong></span> <span class='ocrx_word' id='word_1_406' title='bbox 902 2702 1066 2740; x_wconf 87' lang='lat' dir='ltr'><strong>animis.</strong></span> <span class='ocrx_word' id='word_1_407' title='bbox 1092 2702 1216 2740; x_wconf 89' lang='lat' dir='ltr'><strong>Filius</strong></span> <span class='ocrx_word' id='word_1_408' title='bbox 1240 2710 1381 2739; x_wconf 89' lang='lat' dir='ltr'><strong>autem</strong></span> <span class='ocrx_word' id='word_1_409' title='bbox 1403 2701 1612 2740; x_wconf 88' lang='lat' dir='ltr'><strong>destinata</strong></span> <span class='ocrx_word' id='word_1_410' title='bbox 1634 2701 1763 2753; x_wconf 90' lang='lat' dir='ltr'><strong>patris</strong></span> <span class='ocrx_word' id='word_1_411' title='bbox 1785 2709 1983 2741; x_wconf 84' lang='lat' dir='ltr'><strong>executus</strong></span> 
     </span>
     <span class='ocr_line' id='line_1_43' title="bbox 277 2760 1980 2811; baseline -0.001 -11"><span class='ocrx_word' id='word_1_412' title='bbox 277 2770 351 2807; x_wconf 74' lang='lat' dir='ltr'><strong>est,</strong></span> <span class='ocrx_word' id='word_1_413' title='bbox 383 2770 430 2799; x_wconf 82' lang='lat' dir='ltr'><strong>ut</strong></span> <span class='ocrx_word' id='word_1_414' title='bbox 461 2762 582 2800; x_wconf 81' lang='lat' dir='ltr'><strong>docet</strong></span> <span class='ocrx_word' id='word_1_415' title='bbox 612 2770 758 2800; x_wconf 85' lang='lat' dir='ltr'><strong>auctor</strong></span> <span class='ocrx_word' id='word_1_416' title='bbox 794 2762 907 2799; x_wconf 87' lang='lat' dir='ltr'><strong>Vitae</strong></span> <span class='ocrx_word' id='word_1_417' title='bbox 938 2761 1163 2800; x_wconf 74' lang='lat' dir='ltr'><strong>Clementis.</strong></span> <span class='ocrx_word' id='word_1_418' title='bbox 1197 2762 1370 2799; x_wconf 89' lang='lat' dir='ltr'><strong>Constat</strong></span> <span class='ocrx_word' id='word_1_419' title='bbox 1400 2775 1494 2811; x_wconf 82' lang='lat' dir='ltr'><strong>ergo</strong></span> <span class='ocrx_word' id='word_1_420' title='bbox 1528 2761 1793 2810; x_wconf 86' lang='lat' dir='ltr'><strong>Raynaldum</strong></span> <span class='ocrx_word' id='word_1_421' title='bbox 1823 2760 1980 2811; x_wconf 90' lang='lat' dir='ltr'><strong>impetu</strong></span> 
     </span>
     <span class='ocr_line' id='line_1_44' title="bbox 277 2820 1982 2871; baseline 0.001 -14"><span class='ocrx_word' id='word_1_422' title='bbox 277 2821 414 2870; x_wconf 86' lang='lat' dir='ltr'><strong>potius</strong></span> <span class='ocrx_word' id='word_1_423' title='bbox 454 2836 579 2871; x_wconf 84' lang='lat' dir='ltr'><strong>quam</strong></span> <span class='ocrx_word' id='word_1_424' title='bbox 618 2822 778 2860; x_wconf 90' lang='lat' dir='ltr'><strong>ratione</strong></span> <span class='ocrx_word' id='word_1_425' title='bbox 817 2821 1024 2871; x_wconf 86' lang='lat' dir='ltr'><strong>scripsisse</strong></span> <span class='ocrx_word' id='word_1_426' title='bbox 1066 2820 1266 2858; x_wconf 88' lang='lat' dir='ltr'><strong>Karolum</strong></span> <span class='ocrx_word' id='word_1_427' title='bbox 1305 2820 1538 2859; x_wconf 89' lang='lat' dir='ltr'><strong>adhaesisse</strong></span> <span class='ocrx_word' id='word_1_428' title='bbox 1579 2820 1747 2859; x_wconf 91' lang='lat' dir='ltr'><strong>Urbano</strong></span> <span class='ocrx_word' id='word_1_429' title='bbox 1796 2820 1982 2870; x_wconf 88' lang='lat' dir='ltr'><strong>adeoque</strong></span> 
     </span>
     <span class='ocr_line' id='line_1_45' title="bbox 278 2879 1982 2930; baseline 0.001 -14"><span class='ocrx_word' id='word_1_430' title='bbox 278 2880 471 2917; x_wconf 83' lang='lat' dir='ltr'><strong>stolidam</strong></span> <span class='ocrx_word' id='word_1_431' title='bbox 496 2896 581 2919; x_wconf 83' lang='lat' dir='ltr'><strong>esse</strong></span> <span class='ocrx_word' id='word_1_432' title='bbox 609 2880 941 2919; x_wconf 86' lang='lat' dir='ltr'><strong>criminationem</strong></span> <span class='ocrx_word' id='word_1_433' title='bbox 967 2880 1054 2929; x_wconf 85' lang='lat' dir='ltr'><strong>ejus</strong></span> <span class='ocrx_word' id='word_1_434' title='bbox 1082 2880 1303 2918; x_wconf 83' lang='lat' dir='ltr'><strong>adversum</strong></span> <span class='ocrx_word' id='word_1_435' title='bbox 1332 2879 1482 2918; x_wconf 87' lang='lat' dir='ltr'><strong>Gallos.</strong></span> <span class='ocrx_word' id='word_1_436' title='bbox 1513 2879 1698 2930; x_wconf 89' lang='lat' dir='ltr'><strong>Denique</strong></span> <span class='ocrx_word' id='word_1_437' title='bbox 1725 2879 1825 2930; x_wconf 87' lang='lat' dir='ltr'><strong>quid</strong></span> <span class='ocrx_word' id='word_1_438' title='bbox 1857 2879 1982 2917; x_wconf 80' lang='lat' dir='ltr'><strong>refert</strong></span> 
     </span>
    </p>
   </div>
   <div class='ocr_carea' id='block_1_5' title="bbox 280 3014 1977 3166">
    <p class='ocr_par' dir='ltr' id='par_1_8' title="bbox 280 3014 1977 3166">
     <span class='ocr_line' id='line_1_46' title="bbox 325 3014 1567 3058; baseline -0.001 -9"><span class='ocrx_word' id='word_1_439' title='bbox 325 3018 356 3049; x_wconf 76' lang='grc'><strong>’1.</strong></span> <span class='ocrx_word' id='word_1_440' title='bbox 378 3016 417 3048; x_wconf 72' lang='lat' dir='ltr'><strong>B.</strong></span> <span class='ocrx_word' id='word_1_441' title='bbox 442 3015 500 3054; x_wconf 87' lang='lat' dir='ltr'><strong>N.,</strong></span> <span class='ocrx_word' id='word_1_442' title='bbox 521 3027 588 3048; x_wconf 89' lang='lat' dir='ltr'><strong>ms.</strong></span> <span class='ocrx_word' id='word_1_443' title='bbox 609 3015 705 3048; x_wconf 87' lang='lat' dir='ltr'><strong>latin</strong></span> <span class='ocrx_word' id='word_1_444' title='bbox 725 3015 831 3055; x_wconf 79' lang='lat'><strong>5958,</strong></span> <span class='ocrx_word' id='word_1_445' title='bbox 851 3015 914 3048; x_wconf 81' lang='lat' dir='ltr'><strong>fol.</strong></span> <span class='ocrx_word' id='word_1_446' title='bbox 936 3016 980 3049; x_wconf 82' lang='lat'><strong>58</strong></span> <span class='ocrx_word' id='word_1_447' title='bbox 999 3019 1033 3047; x_wconf 89' lang='lat' dir='ltr'><strong>r⁰</strong></span> <span class='ocrx_word' id='word_1_448' title='bbox 1051 3020 1090 3047; x_wconf 89' lang='lat' dir='ltr'><strong>et</strong></span> <span class='ocrx_word' id='word_1_449' title='bbox 1108 3014 1317 3058; x_wconf 85' lang='lat' dir='ltr'><strong>Bellaguet,</strong></span> <span class='ocrx_word' id='word_1_450' title='bbox 1338 3020 1364 3048; x_wconf 88' lang='lat' dir='ltr'><strong>t.</strong></span> <span class='ocrx_word' id='word_1_451' title='bbox 1384 3027 1407 3055; x_wconf 89' lang='lat'><strong>1,</strong></span> <span class='ocrx_word' id='word_1_452' title='bbox 1429 3026 1464 3058; x_wconf 93' lang='lat' dir='ltr'><strong>p.</strong></span> <span class='ocrx_word' id='word_1_453' title='bbox 1485 3014 1567 3048; x_wconf 82' lang='lat'><strong>472.</strong></span> 
     </span>
     <span class='ocr_line' id='line_1_47' title="bbox 327 3067 1977 3112; baseline 0 -10"><span class='ocrx_word' id='word_1_454' title='bbox 327 3070 356 3102; x_wconf 81' lang='lat'><strong>2.</strong></span> <span class='ocrx_word' id='word_1_455' title='bbox 387 3068 430 3101; x_wconf 90' lang='lat' dir='ltr'><strong>N.</strong></span> <span class='ocrx_word' id='word_1_456' title='bbox 453 3068 579 3100; x_wconf 84' lang='lat' dir='ltr'><strong>Valois</strong></span> <span class='ocrx_word' id='word_1_457' title='bbox 606 3080 626 3101; x_wconf 89' lang='lat' dir='ltr'><strong>a</strong></span> <span class='ocrx_word' id='word_1_458' title='bbox 653 3070 796 3112; x_wconf 77' lang='lat' dir='ltr'><strong>prouve</strong></span> <span class='ocrx_word' id='word_1_459' title='bbox 824 3080 896 3111; x_wconf 88' lang='lat' dir='ltr'><strong>que</strong></span> <span class='ocrx_word' id='word_1_460' title='bbox 922 3068 954 3101; x_wconf 91' lang='lat' dir='ltr'><strong>lc</strong></span> <span class='ocrx_word' id='word_1_461' title='bbox 980 3067 1035 3101; x_wconf 88' lang='lat' dir='ltr'><strong>roi</strong></span> <span class='ocrx_word' id='word_1_462' title='bbox 1062 3068 1106 3101; x_wconf 91' lang='lat' dir='ltr'><strong>de</strong></span> <span class='ocrx_word' id='word_1_463' title='bbox 1123 3068 1304 3100; x_wconf 64' lang='lat' dir='ltr'><strong>=Navarre</strong></span> <span class='ocrx_word' id='word_1_464' title='bbox 1331 3068 1492 3101; x_wconf 88' lang='lat' dir='ltr'><strong>observa</strong></span> <span class='ocrx_word' id='word_1_465' title='bbox 1516 3079 1590 3101; x_wconf 89' lang='lat' dir='ltr'><strong>une</strong></span> <span class='ocrx_word' id='word_1_466' title='bbox 1615 3068 1746 3101; x_wconf 85' lang='lat' dir='ltr'><strong>stricte</strong></span> <span class='ocrx_word' id='word_1_467' title='bbox 1772 3067 1977 3102; x_wconf 56' lang='lat' dir='ltr'><strong>neutralit&amp;</strong></span> 
     </span>
     <span class='ocr_line' id='line_1_48' title="bbox 280 3122 982 3166; baseline -0.001 -10"><span class='ocrx_word' id='word_1_468' title='bbox 280 3123 318 3166; x_wconf 84' lang='lat' dir='ltr'><strong>(t.</strong></span> <span class='ocrx_word' id='word_1_469' title='bbox 343 3134 366 3161; x_wconf 81' lang='lat'><strong>1,</strong></span> <span class='ocrx_word' id='word_1_470' title='bbox 392 3133 425 3164; x_wconf 88' lang='lat' dir='ltr'><strong>p.</strong></span> <span class='ocrx_word' id='word_1_471' title='bbox 453 3122 623 3160; x_wconf 78' lang='lat'>211-212‚</span> <span class='ocrx_word' id='word_1_472' title='bbox 649 3127 687 3154; x_wconf 85' lang='lat' dir='ltr'><strong>et</strong></span> <span class='ocrx_word' id='word_1_473' title='bbox 710 3127 736 3155; x_wconf 85' lang='lat' dir='ltr'><strong>t.</strong></span> <span class='ocrx_word' id='word_1_474' title='bbox 760 3133 798 3161; x_wconf 86' lang='lat'><strong>11,</strong></span> <span class='ocrx_word' id='word_1_475' title='bbox 824 3134 858 3165; x_wconf 92' lang='lat' dir='ltr'><strong>p.</strong></span> <span class='ocrx_word' id='word_1_476' title='bbox 886 3122 982 3166; x_wconf 87' lang='lat'><strong>216).</strong></span> 
     </span>
    </p>
   </div>
  </div>
 </body>
</html>
