2083 3458
120 239 271 294 [1040]
645 256 860 282 PAPARUM
896 258 1278 283 AVENIONENSIUM
1722 244 1802 285 557

107 352 227 388 porro
245 338 360 375 illum
379 338 478 376 satis
499 339 763 377 vehementer
782 355 827 377 eo
847 349 1030 390 tempore
1051 355 1131 390 quo
1149 341 1257 379 idem
1278 342 1493 391 Gregorius
1513 351 1601 381 erat
1619 343 1659 381 in
1684 343 1800 381 Italia

109 397 258 435 docent
276 397 436 446 aliquot
455 397 541 446 ejus
562 398 758 447 epistolae
778 399 818 436 in
838 400 980 437 eodem
1001 400 1150 438 codice.

162 456 224 493 Ex
245 469 290 494 ea
311 470 432 506 porro
455 456 702 505 Stagnorum
725 465 843 505 gente
864 458 905 495 in
930 458 1130 496 Ruthenis
1153 459 1232 496 fuit
1253 460 1356 497 alter
1379 460 1522 498 Petrus
1545 461 1592 498 de
1616 460 1769 510 Stagno
1789 460 1800 482 ¹

107 515 384 561 cancellarius,
413 522 459 552 ut
486 515 662 561 videtur,
690 516 924 554 academiae
953 517 1325 566 Montispessulani,
1354 518 1468 567 cujus
1496 527 1642 557 extant
1666 520 1802 557 variae

107 574 310 611 orationes
338 574 379 611 in
408 574 545 611 codice
575 572 650 610 753
677 574 948 613 bibliothecae
974 576 1230 614 Colbertinae
1250 575 1277 614 2.
1306 577 1454 615 Factus
1483 586 1545 616 est
1570 578 1635 617 ille
1660 579 1803 616 doctor

107 633 365 671 decretorum
398 646 506 670 anno
541 632 787 679 MCOELIV,
831 641 1015 684 tempore
1051 634 1234 672 Durandi
1277 636 1455 685 episcopi
1490 636 1800 686 Magalonensis.

161 691 358 740 Ejusdem
386 692 495 730 Petri
523 692 710 730 meminit
739 692 976 730 Franciscus
1005 693 1052 731 de
1080 693 1299 731 Zabarellis
1326 695 1542 733 cardinalis
1567 696 1607 733 in
1634 697 1802 746 prologo

104 751 285 789 lecturae
308 764 404 788 suae
428 765 549 800 super
571 750 843 795 Clementzlm's,
867 751 936 788 ubi
963 760 1140 789 testatur
1162 752 1275 790 illum
1299 753 1459 802 publice
1482 754 1802 804 interpretatum

107 823 191 847 esse
228 809 497 847 Clementinas
534 810 575 847 in
617 809 997 859 Montepcssulano:
1028 811 1135 859 quod
1167 812 1289 848 etiam
1324 819 1502 850 testatur
1542 814 1577 852 J.
1611 813 1800 864 Baptista

106 868 155 906 de
186 868 402 917 Gazalupis
434 868 475 906 in
508 869 692 906 Tractatu
718 868 761 905 de
783 868 894 906 modo
914 869 1095 906 stude-mli
1127 870 1168 906 in
1199 878 1356 920 utroque
1382 871 1481 919 jure.

159 927 202 975 P.
228 927 317 974 375,
340 928 406 977 lig.
433 927 493 966 22.
521 928 703 965 PETRUM
730 942 784 965 DE
810 928 1005 965 Consffils
1032 928 1159 965 filium
1184 929 1404 976 Thomasii‚
1429 930 1606 968 doctoris
1629 946 1676 969 ac
1699 932 1800 970 sacri

106 986 249 1036 palatii
271 986 485 1034 auditoris,
508 995 555 1024 ut
574 995 693 1037 patet
715 1001 765 1024 ex
784 986 1072 1037 Boninsegnio‚
1095 1002 1133 1036 p.
1158 987 1246 1035 375,
1269 988 1345 1025 414
1366 997 1407 1026 et
1428 989 1516 1036 459,
1545 998 1586 1029 et
1611 1004 1661 1028 ex
1688 998 1801 1028 tomo

108 1045 228 1083 tertio
258 1045 400 1083 Italiae
424 1059 570 1093 sacrae,
597 1060 636 1095 p.
667 1045 753 1084 150.
1411 1082 1414 1085 .

160 1104 299 1142 Fuisse
334 1118 427 1143 eum
452 1105 585 1154 primo
612 1104 810 1143 abbatem
837 1105 1234 1143 commendatarium
1259 1106 1452 1144 abbatiae
1478 1107 1737 1146 Florentinae
1760 1116 1800 1147 et

107 1176 202 1200 mox
232 1163 342 1201 urbis
372 1164 479 1201 illius
510 1163 748 1214 episcopum
778 1163 909 1201 tradit
941 1164 1128 1201 Placidus
1160 1164 1413 1203 Puccinellus
1442 1166 1484 1203 in
1514 1166 1729 1216 Apparatu
1757 1168 1801 1204 de

106 1222 330 1260 illustribus
353 1222 538 1271 ejusdem
561 1223 755 1260 abbatiae
780 1222 890 1269 viris,
915 1237 953 1272 p.
979 1222 1015 1261 8.

158 1282 277 1319 Anno
293 1274 575 1320 ‘MCCCLXVI
598 1281 789 1319 Urbanus
811 1281 845 1318 V
866 1296 911 1319 eo
933 1296 1027 1319 usus
1049 1290 1110 1319 est
1130 1282 1181 1319 ad
1203 1283 1529 1331 componendam
1556 1283 1800 1322 discordiam

108 1354 212 1390 quae
229 1348 317 1379 erat
333 1341 374 1378 in
391 1341 544 1391 populo
564 1341 819 1387 Florentin03
838 1340 978 1387 Bzov.‚
997 1355 1062 1378 an.
1084 1340 1196 1387 1366,
1223 1342 1238 1368 Q
1256 1342 1289 1379 (j.

158 1399 278 1438 Anno
313 1399 586 1447 MCCCLXX,
621 1400 685 1438 die
729 1414 782 1436 vn
823 1399 942 1448 junii,
976 1400 1085 1438 idem
1118 1400 1309 1437 Urbanus
1344 1401 1458 1439 illum
1490 1409 1580 1438 tum
1612 1402 1654 1441 in
1689 1402 1798 1440 curia

105 1467 365 1509 praesentem
425 1459 522 1497 fecit
580 1458 870 1508 presbyterum
933 1459 1182 1496 cardinalem
1236 1459 1346 1496 tituli
1399 1459 1537 1498 Sancti
1590 1460 1798 1499 Laurentii

103 1518 144 1555 in
171 1518 361 1556 Damaso.
394 1518 541 1556 Postea
578 1518 794 1568 Gregorius
833 1517 907 1564 XI,
944 1531 1052 1555 anno
1090 1517 1423 1565 MCCCLXXIV,
1458 1519 1499 1556 in
1534 1533 1627 1558 eum
1657 1528 1799 1557 contu-

103 1577 151 1614 lit
200 1577 485 1627 episcopatum
544 1577 813 1614 Portuensem
873 1585 1091 1614 vacantem
1150 1591 1220 1625 per
1279 1585 1454 1615 mortem
1504 1578 1700 1616 Guidonis
1751 1579 1799 1617 de

104 1636 287 1684 Bolonia‚
327 1651 409 1674 non
447 1645 588 1674 autem
624 1636 869 1683 Ostiensem,
906 1636 965 1673 uti
994 1636 1139 1673 vitiose
1165 1636 1364 1685 scriptum
1391 1645 1451 1674 est
1477 1637 1586 1686 apud
1614 1638 1797 1676 Contelo-

69 1689 72 1692 ’
101 1695 219 1735 rium.

158 1754 276 1792 Anno
301 1755 444 1792 eodem
469 1768 549 1803 quo
574 1754 707 1792 factus
732 1762 793 1792 est
818 1753 1035 1791 cardinalis
1060 1762 1223 1792 secutus
1249 1762 1309 1792 est
1336 1754 1549 1792 l'rbanum
1574 1755 1607 1791 V
1630 1755 1798 1794 redeun-

105 1821 188 1850 tem
205 1814 246 1851 in
265 1813 453 1851 Galliam.
473 1813 593 1851 Anno
611 1828 707 1852 vero
726 1812 1047 1851 MCCCLXXVI
1069 1813 1244 1850 Romam
1261 1813 1382 1850 rediit
1400 1827 1492 1852 cum
1511 1814 1703 1863 Gregorio
1723 1814 1798 1862 XI,

105 1872 173 1909 ubi
213 1872 256 1910 in
296 1872 439 1910 Sancto
485 1872 702 1921 Grisogono
741 1872 868 1909 dictus
908 1872 1093 1908 (lominus
1133 1872 1388 1909 Florentinus
1426 1872 1712 1921 hospitabatur,
1753 1881 1799 1911 ut

105 1931 341 1970 continetur
364 1932 405 1969 in
429 1931 822 1981 interrogationibus
843 1931 962 1969 factis
988 1945 1060 1980 per
1077 1930 1382 1968 ambaxiatores
1401 1932 1503 1980 regis
1527 1931 1795 1981 Arragonum.

106 1990 302 2029 Extincto
335 1999 476 2028 autem
509 1991 632 2040 paulo
663 1997 760 2040 post
792 1990 934 2028 eodem
969 1990 1175 2039 Gregori0‚
1211 1990 1315 2027 vidit
1349 1990 1492 2027 Petrus
1526 2004 1619 2029 cum
1651 2004 1798 2041 magno

102 2049 238 2088 dolore
263 2064 336 2087 suo
362 2049 586 2089 Ecclesiam
610 2049 825 2087 turbatam
850 2048 901 2085 ob
927 2048 1080 2086 furores
1104 2048 1385 2086 Romanorum
1407 2062 1614 2087 summum
1632 2050 1798 2100 pontifi-

104 2116 244 2146 catum
266 2109 441 2147 retinere
466 2108 696 2146 volentium
720 2123 792 2158 per
815 2108 875 2145 fas
901 2116 942 2146 et
966 2107 1092 2146 nefas.
1120 2107 1331 2156 Agebatur
1356 2108 1404 2145 de
1429 2108 1613 2156 eligendo
1637 2122 1797 2146 summo

104 2167 299 2217 pontifice
327 2168 553 2206 secundum
580 2168 733 2217 priscos
762 2180 937 2205 canones
966 2175 1006 2204 et
1035 2167 1196 2205 decreta
1225 2166 1471 2215 pontificum
1502 2166 1795 2214 Romanorum⁷

102 2226 142 2263 id
168 2234 242 2274 est,
265 2226 390 2264 libere
415 2234 456 2265 et
480 2227 581 2264 citra
606 2226 692 2264 vim
714 2234 840 2275 atque
865 2225 1118 2263 violentiam.
1146 2226 1312 2262 Certum
1335 2233 1397 2263 est
1420 2233 1560 2262 autem
1589 2225 1795 2263 Romanos

101 2286 228 2323 etiam
244 2294 340 2324 ante
358 2293 533 2324 mortem
551 2285 733 2335 Gregorii
750 2285 863 2322 varia
882 2284 1046 2321 consilia
1066 2283 1345 2331 celebravisse,
1364 2283 1404 2320 in
1422 2283 1568 2333 quibus
1587 2284 1796 2322 decretum

101 2352 163 2382 est
188 2344 248 2382 uti
274 2358 457 2382 summus
484 2344 754 2394 pontificatus
780 2344 1025 2382 retineretur
1049 2343 1090 2380 in
1120 2343 1251 2388 Italia,
1279 2351 1318 2379 et
1345 2342 1618 2380 cardinalibus
1644 2343 1795 2392 signifi-

101 2417 212 2441 casse
231 2417 312 2440 non
332 2417 524 2441 evasuros
544 2418 610 2441 eos
630 2411 806 2440 mortem
825 2403 856 2440 si
875 2402 1001 2440 alium
1026 2414 1177 2451 papam
1201 2402 1395 2450 eligerent
1418 2414 1542 2450 quam
1563 2401 1794 2439 Romanum

100 2470 174 2499 aut
200 2463 363 2500 Italum.
393 2462 508 2500 Istud
531 2462 669 2511 negari
691 2476 773 2499 non
796 2468 933 2511 potest
956 2461 1030 2498 nisi
1054 2460 1105 2497 ab
1128 2474 1174 2497 eo
1198 2461 1265 2508 qui
1289 2460 1466 2497 frontem
1488 2459 1614 2497 habet
1640 2460 1795 2498 invere-

101 2521 291 2559 cundam.
326 2521 471 2570 Itaque
500 2534 593 2559 cum
620 2535 702 2559 una
730 2534 870 2558 earum
899 2533 1048 2557 novem
1077 2519 1232 2557 dierum
1262 2518 1409 2567 quibus
1438 2518 1665 2556 celebratae
1699 2527 1796 2556 sunt

100 2580 297 2629 exequiae
325 2579 505 2629 Gregorii
533 2579 757 2618 cardinales
786 2579 1019 2627 congregati
1046 2578 1087 2615 in
1113 2577 1279 2615 ecclesia
1300 2577 1438 2614 Sancti
1463 2577 1636 2626 Spiritus
1663 2591 1794 2617 accer-

100 2639 292 2676 sivissent
319 2638 616 2685 BandarenseS‚
648 2638 906 2676 Florentinus
937 2651 1002 2674 eos
1032 2636 1192 2674 monuit
1222 2649 1475 2684 compescere
1517 2635 1793 2674 temeritatem

103 2698 398 2743 Romanorum,
434 2704 474 2734 et
508 2705 555 2734 ut
588 2696 845 2735 abstinerent
878 2709 900 2732 a
934 2695 1053 2732 minis
1089 2708 1188 2744 quas
1223 2693 1490 2731 intentabant
1519 2694 1793 2733 cardinalibus

100 2764 146 2794 ut
176 2756 377 2794 haberent
407 2769 559 2805 papam
593 2756 827 2793 Romanum
859 2755 921 2792 vel
957 2754 1119 2791 Italum.
1155 2753 1216 2790 Sic
1249 2753 1398 2802 quippe
1430 2752 1628 2802 scriptum
1659 2761 1720 2791 est
1752 2754 1793 2791 in

148 2903 178 2936 1.
201 2902 357 2946 D'apres
376 2902 423 2935 M.
446 2901 484 2934 P.
506 2901 685 2934 Fournier
705 2901 828 2944 (Notas
847 2899 1176 2944 complementaires
1198 2909 1289 2941 pour
1310 2898 1482 2931 l’lzi'stoire
1509 2898 1568 2930 des
1593 2899 1796 2932 canonis-les

98 2967 147 2989 αιι
165 2955 228 2988 XI
234 2955 281 2988 Ve
299 2955 415 2994 siecle,
436 2955 529 2987 dans
548 2955 721 2987 Nouvelle
738 2966 842 2987 revue
859 2954 1055 2995 historique
1074 2953 1114 2985 de
1132 2952 1224 2984 droit
1240 2951 1403 2993 jrancais
1421 2956 1452 2983 et
1469 2952 1642 2993 e'tranger‚
1660 2957 1686 2984 t.
1703 2963 1795 2985 xuu

103 3009 235 3051 (1919),
259 3020 294 3052 p.
319 3008 510 3051 642-644);
534 3019 572 3040 ce
596 3007 717 3040 Pierre
734 3007 943 3049 d'Estaing‚
967 3005 1030 3048 qui
1052 3010 1265 3037 commenta
1286 3004 1336 3036 les
1360 3003 1598 3037 Clementines
1618 3010 1656 3037 et
1677 3005 1793 3037 ensei-

101 3073 172 3105 gna
197 3062 217 3093 a
241 3060 489 3104 Montpellier‚
515 3060 612 3093 n'est
636 3067 742 3094 autre
768 3072 838 3103 que
862 3060 894 3092 le
919 3057 1084 3108 cardinal
1108 3054 1323 3090 lui-memes

150 3116 180 3148 2.
211 3114 259 3146 Le
288 3125 354 3146 ms.
383 3113 478 3146 latin
505 3112 599 3145 4113
626 3125 670 3146 ne
698 3113 867 3145 contient
895 3123 960 3155 pas
989 3111 1031 3143 de
1061 3111 1128 3143 tels
1157 3110 1333 3143 discours.
