2083 3458
94 209 219 264 [789]
622 225 839 250 PAPARUM
876 225 1260 250 AVENIONENSIUM
1700 206 1779 246 291

81 308 191 346 Tunc
214 308 377 346 intrabit
395 307 570 360 Domina
593 316 736 355 nostra,
760 316 850 345 tunc
874 308 1077 346 intrabunt
1099 308 1293 358 Apostoli,
1317 315 1408 345 tunc
1430 306 1634 344 intrabunt
1655 306 1781 344 sancti

79 368 121 404 in
140 367 332 416 gaudium
349 367 501 404 domini
517 365 594 404 sui.
617 367 693 414 Qui
710 367 821 405 locus
840 382 921 405 non
939 367 1114 416 adjuvat
1132 381 1272 405 eorum
1291 365 1522 416 opinionem
1542 364 1611 415 qui
1628 373 1780 416 putant

78 441 222 476 corpus
243 426 389 464 beatae
410 425 560 464 Mariae
581 433 841 475 assumptum
862 426 983 464 fuisse
1003 426 1044 463 in
1065 426 1222 464 caelum

132 485 247 523 Hanc
272 484 504 535 opinionem
522 484 535 507 1
562 484 732 522 Joannis
759 484 886 522 XXII
913 486 1062 523 multos
1087 484 1382 523 scandalizasse
1415 484 1535 522 docet
1567 483 1779 523 continua-

76 551 140 582 tor
170 543 318 593 Nangii
345 543 387 581 in
415 551 528 581 tomo
568 543 623 592 [11,
651 557 690 592 p.
724 543 810 591 127,
843 544 917 581 136
945 552 986 581 et
1016 544 1129 593 137]‚
1154 544 1223 582 sed
1250 551 1389 581 tamen
1414 543 1654 581 scandalum
1678 543 1778 582 illud

75 602 279 652 paulatim
301 616 475 641 cessasse
498 602 626 640 donec
641 616 748 647 anno
766 602 1102 640 MCCCXXXIII
1118 603 1261 640 eadem
1281 601 1418 652 opinio
1432 601 1536 640 vires
1559 603 1780 653 resumpsit

74 661 116 699 in
146 661 256 700 curia
287 660 575 702 Avenionensi„
609 661 811 709 Quoniam
842 676 937 699 vero
968 675 1075 711 papa
1107 661 1261 699 sciebat
1291 661 1502 711 theologos
1534 661 1778 700 Parisienses

73 720 115 758 in
139 720 299 759 diversa
322 735 406 759 esse
430 719 649 767 sententia,
674 721 847 767 occulto,
872 728 918 757 ut
943 720 1111 769 quidam
1135 720 1353 767 credidere,
1379 719 1545 757 consilio
1570 720 1778 758 Lutetiam

74 780 186 818 misit
203 787 515 818 conterraneum
532 793 651 817 suum
669 779 895 817 Gerardum
913 779 1066 817 Odonis
1086 779 1112 827 ²,
1131 779 1364 817 ministrum
1382 779 1609 828 generalem
1627 779 1778 817 ordinis

74 838 249 876 fratrum
273 838 490 883 Minorum,
509 846 550 876 et
573 838 794 887 quemdam
818 837 986 875 fratrem
1007 838 1157 876 ordinis
1179 838 1532 884 praedicatorum3
1557 838 1626 888 qui
1647 838 1778 888 specie

75 897 241 947 quidem
263 897 547 935 reformandae
574 896 686 947 pacis
714 896 821 934 inter
840 911 950 945 reges
980 897 1149 946 Angliae
1172 905 1213 935 et
1236 896 1396 935 Scotiae
1425 897 1536 935 missi
1561 911 1645 935 esse
1674 897 1778 936 dice-

73 956 238 1004 bantur,
264 957 334 994 sed
358 971 398 994 re
424 970 520 994 vera
545 955 655 994 missi
680 956 939 1005 putabantur
964 963 1009 992 ut
1047 956 1281 1006 opinionem
1306 970 1436 1005 papae
1461 956 1624 1006 publice
1657 956 1698 993 in
1731 971 1776 995 ea

73 1016 172 1054 urbe
200 1015 499 1066 praedicarent,
530 1014 582 1053 ad
612 1028 784 1064 eamque
814 1015 1066 1053 adducerent
1107 1016 1322 1064 magistros
1352 1014 1594 1064 theologiae.
1626 1015 1777 1053 Verum

73 1088 119 1112 ea
144 1089 205 1112 res
230 1074 272 1112 in
298 1074 505 1112 diversum
531 1073 646 1112 abiit.
676 1073 840 1111 Etenim
867 1088 959 1111 cum
986 1074 1189 1112 Gerardus
1216 1074 1401 1111 eamdem
1429 1074 1711 1123 quaestionem
1737 1074 1777 1111 in

73 1133 305 1183 praesentia
328 1133 574 1171 scholarium
598 1132 714 1182 quasi
736 1133 995 1170 infinitorum
1018 1132 1311 1170 determinaret
1334 1141 1374 1170 et
1397 1140 1555 1170 teneret
1577 1147 1650 1183 pro
1685 1147 1776 1171 con-

74 1192 252 1231 elusione
273 1192 515 1230 affirmando
537 1192 647 1242 quod
669 1191 829 1230 animae
852 1191 1137 1230 decedentium
1160 1206 1228 1229 seu
1256 1191 1416 1229 animae
1438 1199 1674 1229 sanctorum
1696 1207 1776 1230 non

74 1251 217 1289 vident
239 1266 312 1289 nec
334 1251 536 1289 videbunt
561 1251 692 1289 Deum
715 1251 869 1289 visione
894 1251 1085 1289 beatifica
1109 1259 1149 1288 et
1173 1250 1344 1300 gloriosa
1367 1265 1495 1300 usque
1518 1251 1570 1288 ad
1592 1265 1776 1301 assump-

72 1309 227 1348 tionem
252 1324 468 1360 corporum
490 1310 532 1348 in
556 1310 619 1348 die
644 1310 815 1348 extremi
839 1309 994 1359 judicii,
1019 1324 1214 1359 magnum
1240 1324 1423 1347 murmur
1446 1309 1552 1347 inter
1575 1310 1776 1348 scholares

72 1369 262 1407 auditum
293 1378 355 1408 est
385 1369 566 1408 dicentes
591 1370 716 1407 talem
747 1383 922 1407 errorem
954 1369 1038 1407 sine
1064 1368 1277 1419 punitione
1304 1369 1471 1406 transire
1504 1383 1585 1406 non
1616 1369 1773 1407 debere.

73 1428 162 1466 Rex
179 1428 391 1479 Philippus
409 1428 465 1465 VI
481 1437 698 1478 propterea
715 1428 978 1477 congregavit
996 1429 1211 1477 magistros
1228 1428 1270 1465 in
1285 1427 1490 1476 theologia
1507 1428 1617 1477 apud
1634 1442 1774 1465 nemus

72 1487 359 1526 Vicennarum.
396 1487 447 1525 Hi
478 1502 574 1526 vero
605 1502 687 1525 uno
719 1501 917 1537 consensu
949 1487 1248 1537 responderunt
1279 1486 1435 1524 animas
1468 1494 1704 1524 sanctorum
1735 1495 1777 1525 et

74 1546 256 1584 fidelium
281 1547 571 1585 defunctorum
597 1561 701 1597 quae
726 1546 827 1583 nihil
852 1546 1007 1584 habent
1032 1545 1257 1596 purgabile,
1284 1546 1348 1583 vel
1375 1560 1478 1594 quae
1502 1545 1588 1595 jam
1617 1545 1657 1583 in
1682 1560 1774 1595 pur-

72 1605 229 1655 gatorio
264 1613 361 1643 sunt
395 1614 607 1656 purgatae,
644 1606 696 1643 ad
731 1605 930 1643 visionem
966 1605 1120 1642 nudam
1156 1613 1197 1643 et
1232 1605 1383 1642 claram
1420 1604 1655 1642 beatificam
1691 1620 1775 1643 esse

70 1672 303 1715 assumptas
331 1665 501 1715 ipsaque
529 1665 683 1703 deitate
704 1665 826 1703 beata
854 1665 1032 1714 perfecte
1054 1664 1146 1711 frui,
1174 1664 1365 1713 quodque
1388 1663 1498 1701 dicta
1524 1663 1626 1701 visio
1651 1677 1774 1713 quam

70 1726 185 1761 nunc
208 1724 363 1761 habent
393 1723 611 1775 resumptis
644 1724 879 1774 corporibus
912 1723 1076 1761 minime
1108 1723 1378 1761 evacuabitur
1408 1722 1486 1760 alia
1518 1723 1772 1761 succedente.

70 1782 193 1820 Edita
215 1791 312 1820 sunt
333 1783 433 1820 Acta
454 1782 777 1832 congregationis
799 1782 905 1820 illius
927 1782 1033 1821 inter
1055 1782 1313 1819 probationes
1334 1781 1557 1819 libertatum
1578 1781 1775 1819 Ecclesiae

75 1841 316 1889 Gallicanae,
343 1856 379 1892 p.
408 1841 522 1890 1267,
548 1842 749 1881 secundae
774 1841 963 1880 editionis
991 1841 1239 1880 parisiensis.
1269 1841 1421 1878 Eorum
1446 1854 1542 1878 vero
1567 1842 1775 1890 exemplar

68 1900 355 1938 authenticum
384 1915 476 1938 cum
507 1901 583 1939 filis
606 1901 740 1939 sericis
770 1915 820 1939 ex
841 1900 987 1950 quibus
1017 1900 1255 1950 pendebant
1279 1900 1407 1949 sigilla
1436 1900 1713 1949 praelatorum
1733 1909 1773 1938 et

69 1960 284 1998 doctorum
305 1959 374 2009 qui
393 1960 435 1998 in
454 1974 500 1998 ea
521 1959 833 2009 congregatione
854 1968 985 2007 erant,
1002 1967 1189 1997 servatur
1208 1959 1246 1996 in
1270 1959 1518 1997 bibliotheca
1542 1958 1615 1996 viri
1636 1973 1771 2008 super-

68 2018 235 2057 illustris
255 2027 296 2056 et
314 2019 526 2057 literarum
544 2027 778 2057 nostrarum
798 2019 1070 2057 amantissimi
1089 2033 1135 2056 ac
1155 2017 1389 2068 peritissimi
1410 2018 1575 2055 Achillis
1595 2018 1771 2065 Harlaei,

68 2077 261 2128 principis
289 2086 454 2116 senatus
476 2078 723 2116 parisiensis.
749 2078 907 2115 Extant
929 2086 1069 2116 autem
1096 2078 1136 2115 in
1164 2077 1342 2115 editione
1361 2077 1520 2126 aliquot
1547 2077 1694 2114 menda
1723 2077 1771 2114 de

69 2136 215 2186 quibus
241 2137 376 2174 visum
401 2145 462 2174 est
487 2137 705 2177 admonere
731 2137 936 2175 lectorem.
966 2137 1148 2175 Primum
1174 2136 1281 2174 enim
1306 2136 1348 2173 in
1372 2135 1605 2173 nominibus
1632 2150 1771 2173 eorum

68 2195 137 2244 qui
158 2195 252 2233 huic
275 2196 496 2234 conventui
519 2196 738 2234 interfuere
762 2204 942 2234 erratum
965 2204 1039 2244 est,
1062 2196 1103 2233 in
1126 2195 1289 2233 nomine
1312 2195 1505 2232 nimirum
1529 2194 1699 2232 Joannis
1723 2194 1770 2232 de

68 2254 332 2301 Menthen0n‚
362 2255 431 2304 qui
459 2256 563 2293 male
592 2264 764 2293 vocatur
793 2255 840 2293 de
870 2255 1099 2302 Menthfono,
1124 2254 1269 2292 deinde
1297 2254 1337 2290 in
1366 2253 1528 2291 nomine
1555 2253 1693 2291 Garini
1723 2253 1770 2291 de

68 2313 220 2362 Gyaco,
239 2321 446 2363 postremo
463 2313 506 2351 in
522 2314 685 2352 nomine
705 2314 909 2352 Guillelmi
927 2315 1079 2352 Calcot.
1102 2314 1248 2351 Postea
1266 2313 1482 2362 legendum
1506 2319 1567 2350 est
1586 2327 1593 2349 :
1614 2311 1771 2360 Prejato

67 2380 196 2410 autem
212 2372 434 2421 juramento
452 2387 520 2422 per
539 2386 609 2410 nos
626 2373 786 2423 prestito
805 2373 878 2410 clue
898 2373 1024 2419 nobis,
1045 2380 1121 2410 etc.
1140 2372 1193 2409 Et
1210 2372 1332 2421 paulo
1352 2379 1458 2421 post,
1480 2378 1605 2408 nostre
1625 2370 1769 2407 ibidem

66 2430 271 2480 theologice
292 2431 505 2480 facultatis,
535 2432 644 2469 Infra
669 2447 676 2469 :
702 2433 977 2481 respondimus
999 2432 1065 2469 secl
1086 2445 1218 2468 omnes
1243 2430 1285 2467 in
1308 2430 1407 2467 hanc
1428 2428 1660 2466 sententiam
1683 2443 1769 2466 con-

67 2490 257 2528 venimus.
288 2490 456 2538 Deinde,
482 2490 584 2539 facie
609 2491 825 2540 adfaciem
850 2499 943 2528 sunt
976 2498 1187 2540 assumpte.
1218 2490 1272 2526 Et
1305 2489 1427 2538 paulo
1453 2496 1560 2538 post,
1597 2488 1769 2537 quodque

68 2548 169 2586 dicta
195 2549 294 2586 visio
321 2563 438 2598 quam
465 2564 570 2587 nunc
596 2549 737 2587 habent
762 2549 974 2600 resumptis
1000 2564 1102 2599 corp.
1132 2549 1226 2586 min.
1256 2547 1509 2585 evacuabitur
1534 2546 1616 2583 alia
1642 2560 1767 2583 succe—

67 2607 175 2645 dente
205 2608 272 2645 sed
303 2608 470 2657 ipsamet
513 2608 555 2645 in
597 2609 666 2656 eis,
711 2622 799 2645 cum
840 2609 891 2646 sit
933 2622 1065 2645 eorum
1108 2607 1187 2644 vita
1229 2615 1371 2652 eterna,
1415 2613 1600 2655 perpetuo
1643 2619 1766 2642 rema-

67 2666 184 2704 nebit.
214 2666 338 2714 Infra,
365 2666 467 2704 sicut
504 2667 666 2717 quilibet
702 2667 912 2716 sigillatim
950 2667 1211 2716 responderat.
1255 2665 1451 2713 Denique,
1490 2663 1692 2700 Henricus
1719 2664 1762 2700 cle

68 2724 252 2772 Sonions,
289 2725 468 2763 minister
499 2725 759 2776 provincialis
792 2726 945 2763 ordinis
988 2726 1156 2774 fratrum
1203 2723 1424 2761 Minorum.
1462 2722 1525 2760 Sic
1570 2721 1678 2759 enim
1723 2722 1764 2758 in

115 2874 146 2906 1.
176 2872 246 2906 Sur
263 2873 299 2906 la
317 2874 492 2917 question
510 2875 554 2907 de
573 2875 608 2907 la
627 2874 748 2907 vision
766 2874 983 2916 beatifiquc,
1005 2873 1085 2905 voir
1103 2873 1266 2915 l’expose
1286 2873 1359 2903 t1¹es
1380 2870 1543 2914 complet
1562 2871 1605 2902 dc
1628 2870 1670 2903 N.
1692 2869 1764 2903 Va-

64 2925 131 2959 lois
154 2926 214 2969 (H.
235 2926 289 2966 L.‚
311 2932 336 2960 t.
358 2939 495 2966 xxxw,
516 2939 551 2970 p.
572 2927 757 2970 551-627).

20 3020 23 3023 .
114 2980 146 3012 2.
169 2978 239 3011 Sur
259 2978 387 3012 Guiral
407 2979 458 3012 Ot
481 2979 675 3022 (Geraldus
694 2979 843 3022 Odonis)
868 2979 949 3011 voir
968 2978 1015 3011 H.
1037 2978 1091 3017 L„
1115 2983 1140 3011 1.
1163 2988 1300 3016 xxxw,
1334 2988 1369 3020 p.
1392 2976 1566 3015 609-613;
1589 2982 1614 3009 t.
1638 2988 1761 3016 xxxv,

64 3043 100 3075 p.
128 3032 297 3065 203-225.
325 3031 400 3065 Son
425 3043 661 3076 compagnon
687 3033 730 3064 de
757 3043 900 3074 voyage
938 3030 1138 3074 s'appelait
1162 3030 1317 3062 Arnaud
1343 3030 1387 3062 de
1419 3028 1690 3069 Saint-MicheL
1718 3030 1762 3062 de

63 3084 208 3118 l'Ordre
231 3085 293 3117 des
316 3084 518 3118 Precheurs
543 3084 702 3128 (Denifle
723 3090 761 3117 et
782 3084 988 3124 Chatelain,
1012 3083 1296 3122 Clzartularium,
1319 3087 1345 3115 t.
1366 3094 1417 3122 111,
1439 3093 1474 3125 p.
1496 3082 1594 3125 426).
