2083 3458
283 241 363 283 512
927 255 1079 280 NOTAE
1113 255 1174 280 AD
1209 255 1336 281 VITAs
1859 244 1986 301 [995]

280 342 448 380 lelinum
472 342 519 380 de
544 342 747 388 Chanaco,
773 354 894 391 quein
918 340 1134 390 Gregorius
1161 340 1223 377 XI
1246 340 1344 378 fecit
1371 341 1634 382 cardinalem.
1660 343 1738 382 Sed
1762 353 1853 382 tum
1877 345 1987 383 Heli-

282 401 425 439 siarius
450 410 535 440 erat
561 409 776 450 exemptus
801 399 920 438 rebus
945 400 1148 438 humanis.

337 461 377 499 P.
411 461 499 508 359,
532 462 595 509 lig.
631 460 689 498 17.
724 460 948 497 MARCHUM
973 473 1027 496 DE
1052 459 1273 497 VITERBIO.
1300 459 1402 497 Erat
1429 460 1575 499 absens
1607 476 1652 500 eo
1682 470 1868 513 tempore
1907 477 1993 514 quo·

284 520 417 558 sactus
440 529 500 558 est
523 519 752 558 cardinalis.
768 519 922 557 stMissus
945 519 1054 557 enim
1076 518 1211 556 fuerat
1231 517 1273 555 in
1298 519 1462 556 ltaliam
1483 527 1530 557 ut
1550 534 1695 570 pacem
1717 523 1989 561 constitueret

283 579 391 617 inter
420 580 587 617 Pisanos
618 588 657 618 et
689 578 946 617 Florentinos
966 578 992 617 1.
1024 577 1126 616 Vide
1156 577 1395 628 Philippum
1423 578 1662 629 Villanium‚
1690 581 1759 620 lib.
1791 581 1868 630 XI,
1898 596 1994 632 cap.

286 653 448 686 Lxxxu,
475 653 650 685 Lxxxiv,
679 653 728 675 cn
764 637 995 687 [Muratori‚
1020 646 1049 676 t.
1077 652 1163 685 XIV,
1191 638 1265 677 col.
1293 638 1381 686 749,
1412 638 1484 676 751
1510 647 1551 677 et
1575 639 1691 691 767],
1723 649 1765 679 et
1791 640 1988 680 Boninse-

286 698 438 747 guium,
468 713 505 748 p.
538 698 624 736 520.
659 697 799 735 Rediit
828 706 969 735 autem
997 697 1255 736 Avenionem
1284 697 1347 736 die
1377 712 1450 735 XIV
1479 698 1718 739 decembris.
1749 699 1864 739 Tunc
1891 714 1990 739 vero

286 757 406 794 datus
428 758 461 795 ei
483 766 542 795 est
562 758 708 795 titulus
729 757 960 806 presbyteri
981 757 1198 794 cardinalis
1218 757 1331 795 tituli
1352 757 1527 796 Sanctae
1548 758 1757 798 Praxedis.

337 817 455 855 Anno
494 816 794 854 MCCCLXVII
834 816 1025 854 Urbanus
1064 816 1098 853 V
1138 816 1314 855 Romam
1352 817 1613 867 proficiscens
1650 818 1759 857 hunc
1806 818 1991 857 Marcum

283 877 448 925 reliquit.
465 877 573 926 apud
593 877 786 923 Januam,
806 884 852 913 ut
870 884 1134 926 componeret
1147 876 1394 914 discordiam
1410 890 1514 926 quae
1531 886 1619 916 erat
1634 877 1742 916 inter
1754 878 1989 917 Genuenses

286 944 326 973 et.
348 936 648 982 Bernabonem.
673 944 719 973 ut
742 936 892 985 legitur
915 936 1021 973 infra
1048 933 1093 985 [t.
1122 933 1149 984 1]
1175 950 1214 985 p.
1240 935 1330 981 362,
1355 935 1444 975 387.

339 995 439 1033 Erat
462 996 571 1045 apud
596 995 1008 1034 Monteniflasconem
1031 1009 1125 1033 cum
1149 995 1318 1033 Urbano
1342 995 1375 1032 V
1399 1010 1507 1034 anno
1531 995 1873 1045 MCCCLXVIII,
1897 1010 1994 1035 cum

283 1068 390 1104 papa
411 1055 473 1093 die
493 1063 641 1104 quarta
660 1055 826 1104 augusti
846 1055 961 1093 dedit
980 1055 1112 1093 ordini
1131 1054 1472 1093 praedicatorum
1491 1070 1637 1106 corpus
1654 1064 1695 1095 et
1711 1064 1839 1107 caput
1857 1047 1991 1094 sancti

284 1114 464 1153 Thomae
483 1115 530 1152 de
548 1114 725 1164 Aquino,
745 1114 855 1164 quod
872 1115 1070 1164 magistro
1089 1115 1265 1163 generali
1283 1114 1469 1164 ejusdem
1487 1115 1639 1153 ordinis
1654 1116 1766 1154 tradi
1779 1115 1991 1166 praecepit

284 1188 355 1223 per
388 1174 614 1212 cardinales
650 1173 924 1213 Morinensem
958 1182 998 1212 et
1032 1173 1218 1212 Marcum
1252 1174 1404 1212 ordinis
1435 1174 1638 1213 Minorum
1673 1175 1992 1220 Viterbiensem.

285 1233 385 1271 Vide
412 1233 709 1282 Raymundum
736 1234 920 1283 Hugonis
944 1233 986 1271 in
1008 1233 1192 1271 Historia
1217 1233 1492 1271 translationis
1515 1234 1701 1284 ejusdem
1735 1234 1864 1272 sancti
1889 1234 1990 1271 Tho-

287 1307 384 1339 moe.
418 1301 446 1331 t.
480 1308 491 1330 1
524 1293 662 1331 martii
693 1292 971 1341 Bollandiani,
1005 1308 1043 1343 p.
1081 1293 1225 1340 731‚et
1258 1294 1396 1331 literas
1431 1294 1669 1332 eorumdem
1703 1294 1994 1342 cardinalium,

284 1367 322 1402 p.
344 1352 429 1391 733.
681 1393 683 1396 ,

339 1412 452 1450 Obiit
490 1412 663 1450 Viterhii
701 1426 808 1450 anno
848 1412 1133 1451 MCCCLXIX
1171 1412 1234 1450 die
1272 1412 1395 1451 tertia
1434 1413 1678 1462 septembris
1698 1412 1726 1461 2,
1763 1421 1811 1450 ut
1848 1412 1990 1451 scribit

285 1472 539 1511 Contelorius
573 1471 626 1522 [p.
651 1472 725 1522 93]
750 1487 800 1511 ex
819 1472 923 1510 libro
947 1472 1260 1521 Obligationum.

338 1532 379 1570 P.
408 1531 499 1579 359,
526 1532 592 1581 lig.
622 1531 682 1570 20.
708 1532 773 1568 AD
799 1532 1285 1570 MONTEMPESSULANUM
1302 1530 1330 1571 3.
1355 1532 1456 1570 Vide
1476 1532 1808 1570 continuatorem
1827 1531 1993 1581 Nangii,

283 1600 312 1629 t.
331 1606 372 1639 11,
392 1606 428 1641 p.
450 1591 539 1638 372,
559 1599 599 1629 et
619 1591 842 1630 Gariellum
860 1592 901 1630 in
921 1592 1029 1629 Serie
1040 1592 1272 1641 praesulum
1290 1591 1660 1641 Magolonmsfflm,
1679 1605 1765 1641 par.
1794 1591 1847 1638 ΙΙ,
1866 1605 1905 1641 p.
1927 1589 1990 1637 78,

337 1711 378 1749 Ρ.
409 1710 498 1758 359,
527 1711 593 1761 lig.
624 1710 686 1749 30.
719 1711 892 1749 PETRUS
931 1725 1017 1748 REX
1047 1711 1280 1749 CASTELLE.
1311 1710 1415 1749 Vide
1453 1710 1788 1748 continuatorem
1825 1709 1992 1758 Nangii,

284 1779 312 1808 t.
333 1785 374 1817 11,
394 1785 432 1820 p.
454 1770 544 1818 368,
566 1779 606 1809 et
626 1770 918 1818 Froissartum,
939 1779 968 1809 t.
991 1785 1045 1818 VI,
1065 1785 1104 1821 p.
1128 1770 1315 1818 185-209,
1344 1778 1373 1808 t.
1396 1784 1466 1818 vn,
1485 1784 1525 1820 p.
1548 1769 1583 1818 1,
1605 1769 1667 1808 32.
1693 1769 1739 1806 In
1759 1769 1897 1807 codice
1918 1765 1996 1805 765

285 1829 558 1868 bibliothecae
591 1830 850 1868 Colhertinae
868 1829 886 1852 4
916 1830 1153 1869 continetur
1190 1838 1397 1868 tractatus
1420 1830 1524 1879 ligae
1546 1837 1588 1868 et
1618 1826 1991 1867 confoederationis

282 1881 409 1927 initus
432 1903 540 1927 anno
558 1889 897 1936 MCCCLXVIII,
916 1891 1023 1928 inter
1047 1890 1248 1928 Karolum
1270 1889 1304 1926 V
1325 1903 1462 1939 regem
1484 1888 1680 1926 Franciae
1703 1896 1744 1926 et
1768 1887 2006 1926 Henricum.

285 1963 420 1998 regem
447 1949 645 1988 Castellae
671 1957 712 1987 et
738 1949 939 1999 Legionis.
972 1950 1017 1986 ln
1044 1949 1181 1987 codice
1200 1947 1216 1971 5
1244 1964 1337 1987 vero
1364 1962 1600 1987 sermonum
1626 1947 1798 1985 Joannis
1825 1946 1873 1985 de
1899 1946 1992 1984 Car-

285 2008 471 2056 dalhaco,
494 2009 753 2058 patriarchae
768 2009 1053 2056 Alexandrini,
1075 2008 1373 2058 archiepiscopi
1394 2007 1604 2055 Tolosam,
1625 2000 1804 2045 habetur
1829 2006 1993 2054 Arenga

282 2068 363 2105 sive
392 2068 609 2117 propositio
639 2083 758 2118 quum
788 2068 890 2106 idem
920 2068 1246 2117 archiepiscopus
1274 2068 1367 2117 fecit
1395 2081 1526 2105 coram
1556 2066 1715 2104 domino
1753 2064 1915 2103 Urbano
1961 2064 1996 2101 V

332 2238 364 2271 1.
395 2237 496 2270 Marc
519 2238 651 2271 devint
672 2238 841 2272 ministre
865 2239 1013 2282 general
1035 2238 1097 2271 des
1121 2237 1284 2270 Mineurs
1306 2237 1338 2270 le
1362 2237 1381 2270 9
1402 2236 1485 2279 juin
1506 2235 1599 2269 1359
1625 2234 1686 2278 (H.
1710 2234 1886 2278 Lippens,
1914 2232 1998 2266 Une

285 2291 445 2324 nouvelle
467 2283 653 2325 recension
677 2293 726 2325 du
749 2292 934 2335 catalogus
959 2291 1185 2334 generalium
1208 2291 1461 2324 ministrorum
1484 2288 1649 2328 O.F.M.,
1677 2288 1769 2321 dans
1793 2286 1996 2320 Archivum

285 2343 588 2385 Franciscanum,
609 2351 635 2379 t.
657 2357 711 2378 xv
732 2345 866 2389 (1922),
888 2356 923 2389 p.
943 2344 1041 2388 345).
1063 2344 1133 2377 Sur
1150 2356 1206 2378 ses
1225 2343 1398 2377 missions
1417 2354 1463 2376 en
1483 2342 1591 2375 Italie
1609 2353 1656 2375 en
1673 2341 1893 2380 1363-1366,
1914 2339 1999 2372 voir

287 2397 507 2431 Lecacheux
530 2398 577 2441 (n.
599 2399 703 2438 1147,
725 2399 830 2438 1228,
851 2399 956 2438 1249,
978 2399 1083 2438 1365,
1104 2398 1209 2437 1795,
1230 2397 1336 2441 1796)
1359 2402 1397 2430 et
1418 2396 1537 2429 Eubel
1560 2393 1622 2438 (B.
1643 2395 1700 2435 F.,
1721 2400 1748 2428 t.
1769 2406 1819 2434 V1,
1839 2405 1874 2438 p.
1896 2392 1993 2436 670).

337 2451 366 2483 2.
398 2451 447 2484 Le
467 2452 488 2483 4
507 2452 653 2495 d’apres
675 2452 794 2485 Eubel
818 2450 1068 2494 (Hierarchia,
1089 2457 1116 2484 t.
1134 2464 1158 2491 1,
1179 2462 1214 2494 p.
1236 2450 1308 2494 20).

336 2506 367 2537 3.
400 2505 544 2537 Urbain
566 2505 597 2537 V
618 2512 727 2538 entra
749 2506 770 2538 3
791 2505 1031 2549 Montpellier
1051 2505 1083 2538 le
1106 2505 1126 2538 9
1148 2503 1295 2548 janvier
1316 2503 1427 2542 1367;
1450 2502 1475 2535 il
1497 2513 1676 2535 consacra
1696 2501 1827 2543 l'autel
1848 2500 1998 2543 majeur

286 2557 317 2589 le
343 2558 387 2590 14
410 2557 546 2591 sevrier
568 2565 606 2591 ct
628 2559 789 2602 repartit
812 2570 907 2602 pour
929 2558 1106 2602 Avignon
1127 2558 1159 2591 16
1184 2558 1204 2591 8
1227 2568 1326 2590 mars
1355 2555 1471 2599 (Petit
1494 2555 1706 2594 Thalamus,
1731 2554 1788 2588 ed.
1812 2553 1997 2586 Albanes-

289 2610 492 2651 Chevalier,
514 2612 620 2644 Actes
639 2613 798 2651 anciens,
821 2619 846 2646 t.
866 2624 890 2652 1,
912 2624 946 2656 p.
969 2611 1106 2654 91-94),
1125 2610 1261 2644 Kirsch
1281 2608 1369 2653 (Die
1382 2608 1580 2648 Ruckloehr,
1601 2620 1636 2652 p.
1658 2607 1731 2651 72),
1751 2607 1795 2641 Α.
1818 2605 1997 2640 Germain

292 2662 474 2705 (Histoire
499 2665 539 2697 de
563 2665 598 2697 la
621 2677 808 2699 commune
833 2666 873 2698 de
897 2665 1144 2709 Alontpellier,
1171 2663 1420 2707 Montpellier‚
1447 2662 1552 2702 1851,
1580 2668 1606 2695 t.
1631 2674 1669 2702 11,
1695 2673 1730 2705 p.
1759 2658 1929 2703 267-272)
1957 2664 1996 2705 et

287 2716 449 2750 Histoire
474 2719 514 2750 de
538 2718 755 2761 Languecloc
784 2720 822 2762 (t.
848 2731 902 2758 1x,
929 2729 964 2761 p.
993 2717 1179 2761 785—787).
1207 2717 1278 2750 Sur
1301 2717 1333 2749 le
1359 2716 1496 2758 college
1521 2714 1635 2748 fonde
1661 2726 1729 2758 par
1753 2714 1785 2747 le
1810 2724 1919 2757 pape,
1947 2711 1994 2746 cf.

287 2770 332 2802 M.
360 2770 536 2804 (3113111311,
556 2771 738 2814 (Registre
760 2773 819 2805 des
841 2778 995 2816 comples
1017 2783 1111 2816 pour
1132 2771 1162 2803 le
1182 2770 1311 2813 college
1332 2769 1447 2813 papal
1476 2765 1996 2802 saints-Renoua-Germain

286 2824 305 2855 ὰ
331 2823 564 2867 Monlpellier
589 2824 836 2868 (1368-1370),
864 2825 977 2865 Paris,
1002 2824 1123 2868 1916),
1149 2824 1282 2857 Mollat
1308 2821 1395 2865 (Les
1416 2833 1531 2866 papas
1553 2821 1775 2864 d’Avignon,
1805 2832 1846 2863 p.
1864 2819 1933 2852 103
1956 2823 1994 2851 et

286 2876 367 2918 415>
391 2884 428 2909 et
448 2877 494 2910 M.
518 2877 697 2911 Fournier
720 2877 889 2920 (statuis,
912 2885 937 2912 t.
957 2891 994 2918 11,
1016 2890 1050 2921 p.
1071 2878 1176 2917 1004,
1198 2877 1303 2916 1009,
1324 2876 1428 2916 1011,
1452 2876 1557 2914 1016,
1578 2873 1700 2918 1018).

335 2929 365 2962 Δἰ.
399 2930 440 2962 N.
467 2931 519 2969 13..
546 2943 611 2964 ms.
637 2931 849 2965 1311115956
870 2932 916 2964 A.
943 2932 1010 2965 Les
1034 2931 1165 2965 traites
1190 2942 1261 2974 que
1283 2929 1424 2973 signale
1447 2928 1584 2961 Baluze
1608 2939 1652 2961 ne
1676 2931 1902 2961 concernent
1925 2935 1991 2968 pas

286 2982 530 3025 l’expssdiiion
554 2984 596 3015 dc
620 2984 769 3017 Castille
792 2985 886 3017 dont
906 2985 937 3017 le
961 2984 1212 3027 chroniqueur
1233 2983 1334 3026 parle
1356 2982 1413 3021 ici,
1437 2981 1530 3014 mais
1551 2982 1594 3014 ils
1616 2986 1703 3013 sont
1724 2978 1950 3023 posterieurs
1973 2977 1994 3009 a

288 3036 425 3067 celle-‹fi
446 3036 698 3077 (Dclnchenal,
716 3038 878 3071 Histoire
893 3038 933 3071 de
948 3037 1096 3070 Cliarles
1114 3037 1156 3076 V,
1174 3043 1266 3076 t.111‚
1283 3048 1318 3080 p.
1335 3035 1432 3078 466).
1450 3035 1521 3068 Sur
1534 3035 1584 3067 les
1600 3033 1748 3066 affaires
1764 3032 1993 3075 d’Espagne,

291 3087 369 3119 voir
393 3090 421 3120 lc
446 3091 563 3122 inemo
587 3098 721 3123 autcur
746 3091 784 3132 (t.
808 3103 858 3129 111,
883 3103 916 3134 p.
941 3090 1128 3133 303—417).

339 3142 369 3173 Γ).
402 3142 439 3173 B.
470 3142 525 3181 N.‚
553 3154 617 3176 ms.
645 3144 737 3175 latin
763 3143 869 3183 3294,
896 3143 956 3177 sol.
985 3144 1053 3177 235
1079 3148 1128 3176 νῦ.
