2083 3458
282 168 364 210 764
932 181 1084 223 NQTAE
1119 181 1180 206 AD
1214 180 1342 206 vers
1838 162 1993 221 [1240]

279 266 410 315 primo
433 264 607 303 articulo
630 279 712 302 non
736 264 905 302 obscure
927 263 1065 301 innuit
1088 263 1316 304 violentam
1338 263 1461 302 luisse
1484 263 1760 314 cupiditatem
1785 264 1990 301 Romano-

280 339 369 362 rum
398 339 471 375 pro
500 323 714 363 retinendo
744 337 906 362 summo
934 323 1187 373 pontificatu
1214 322 1256 361 in
1288 323 1422 363 Italia.
1453 323 1516 362 Sic
1544 323 1653 362 enim
1681 322 1762 361 illic
1790 322 1992 373 scriptum

279 393 339 422 est
359 384 372 406 ¹
393 400 399 421 :
419 385 514 421 Post
538 392 697 421 mortem
719 382 873 421 domini
903 382 1082 432 Gregorii
1103 397 1208 433 pape
1223 383 1399 421 Romani
1415 383 1585 421 consilia
1601 391 1810 421 tenuerunt
1825 381 1993 433 qualiter

276 458 317 480 se
341 445 388 481 lza
398 444 525 481 herent
550 441 590 480 ut
613 443 723 481 curia
749 457 869 493 penes
898 443 1077 481 Ytaliam
1100 452 1327 482 remaneret.
1354 443 1405 481 Et
1428 443 1591 493 quidam
1615 443 1743 481 doctor
1766 441 1994 480 consulebat

280 504 380 553 quod
398 503 570 552 fuissent
592 502 788 540 nominati
806 502 1032 552 quindecim
1052 502 1143 540 boni
1159 502 1301 553 prelati
1318 504 1363 541 de
1378 503 1505 541 Roma
1525 511 1559 541 et
1579 503 1623 541 de
1641 502 1827 553 partibus
1847 501 1992 554 Ytalie.

278 563 357 600 Sed
381 563 481 600 illud
503 562 717 600 consilium
741 576 821 599 non
844 562 985 600 habuit
1008 563 1201 612 effectum.
1228 563 1371 600 Postea
1395 570 1604 600 tenuerunt
1626 562 1741 600 aliud
1762 561 1992 600 consilium.

280 623 328 660 Et
361 622 430 660 iste
461 622 647 660 dominus
677 622 911 669 cardinalis,
943 622 1011 672 qui
1042 630 1135 660 tunc
1164 631 1246 660 erat
1276 622 1471 672 generalis
1501 622 1795 670 heremitarum,
1825 621 1904 671 fuit
1934 619 1992 658 ibi

277 690 449 728 vocatus,
476 690 508 719 et
534 682 636 719 divit
661 681 704 719 in
729 681 895 719 consilio
921 682 1024 732 quod
1048 682 1253 720 videbatur
1277 682 1357 720 sibi
1383 683 1485 732 quod
1508 682 1684 720 Romani
1709 696 1789 719 non
1813 681 1992 719 deberent

278 756 415 779 curme
437 750 569 779 utrum
588 750 684 779 esset
705 742 913 779 Romanus
933 742 990 779 vel
1016 741 1211 788 Ytalicus,
1231 743 1299 779 sed
1317 742 1446 779 solum
1466 741 1741 792 supplicarent
1761 741 1863 792 quod
1882 755 1992 791 papa

279 809 492 839 remaneret
518 815 637 851 penes
666 800 762 838 istas
789 809 920 851 partes
953 801 1084 839 Ytalie
1110 810 1268 852 propter
1294 801 1601 840 consolationem
1633 800 1755 840 Urbis
1780 809 1815 839 et
1846 799 1990 839 Ytalie.

279 861 344 899 Set
367 860 488 898 nescit
510 875 621 910 quem
644 862 803 898 modurn
824 869 958 911 postea
979 869 1188 899 tenuerunt
1209 861 1397 900 Romani.
1420 861 1628 899 Predictus
1649 860 1870 899 cardinalis
1891 859 1993 898 dixit

278 920 398 958 etiam
414 921 515 970 quod
526 921 700 958 Romani
714 921 905 974 debebant
919 935 1000 958 esse
1012 920 1182 959 contenti
1199 922 1243 959 de
1255 935 1497 972 quocumque
1507 920 1708 972 pontifice,
1723 921 1992 970 undecumque

277 989 386 1027 esset,
417 989 713 1030 verumptamen
741 981 843 1030 quod
869 988 994 1019 creato
1023 980 1210 1031 pontifice
1237 989 1417 1031 poterant
1442 981 1673 1032 supplicare
1692 979 1895 1018 sanctitati
1922 993 1992 1017 sue

281 1048 321 1077 ut
344 1040 512 1090 placeret
535 1040 660 1078 eidem
684 1040 941 1078 residentiam
962 1040 1090 1090 facere
1115 1040 1158 1078 in
1182 1040 1337 1079 civitate
1361 1041 1559 1088 Romana,
1585 1040 1680 1091 quia
1703 1041 1887 1078 honestus
1911 1045 1994 1077 erat

280 1114 482 1137 summum
507 1099 744 1149 Pontificem
769 1100 934 1138 residere
961 1100 1003 1137 in
1028 1115 1102 1138 sua
1126 1101 1214 1138 sede
1239 1115 1357 1151 quam
1381 1115 1450 1151 per
1474 1100 1650 1139 civitates
1678 1100 1784 1139 alias
1816 1099 1990 1149 evagari.

281 1159 358 1197 Sed
391 1159 512 1197 nescit
545 1174 657 1209 quem
691 1161 850 1197 modum
882 1168 1015 1210 postea
1049 1169 1258 1199 tenuerunt
1288 1160 1477 1200 Romani.
1513 1161 1567 1198 Et
1600 1160 1745 1201 statim
1778 1159 1948 1198 additur
1982 1173 1989 1196 ε

284 1220 381 1257 Item
410 1219 510 1257 discit
538 1219 684 1257 eisdem
712 1220 908 1257 Romanis
936 1220 1136 1270 predictus
1165 1220 1385 1259 cardinalis
1414 1221 1515 1270 quod
1543 1221 1652 1258 nullo
1682 1220 1794 1258 modo
1823 1219 1993 1257 dicerent

277 1279 396 1316 verba
417 1293 485 1317 nec
503 1280 675 1328 jacerent
694 1287 799 1328 jacta
819 1294 888 1317 seu
908 1280 1029 1329 signa
1048 1280 1320 1330 pretendentia
1341 1280 1570 1318 violentiam
1592 1280 1650 1318 vel
1676 1279 1989 1330 impressionem.

281 1338 390 1376 Nam
413 1353 481 1389 per
506 1338 580 1377 ista
604 1348 733 1389 posset
755 1339 886 1377 electio
910 1339 1074 1378 variari.

335 1398 566 1436 NicorAUH
595 1399 819 1448 quemdam
845 1399 967 1437 fuisse
993 1399 1153 1437 factum
1178 1399 1429 1438 cardinalem
1455 1399 1507 1437 ab
1535 1399 1704 1438 Urbano
1730 1407 1889 1439 certum
1914 1406 1990 1445 est,

278 1466 321 1496 et
341 1458 524 1508 plerique
546 1473 686 1497 omnes
706 1459 882 1496 tradunt
902 1459 1018 1497 illum
1038 1474 1123 1497 esse
1145 1468 1283 1497 ortum
1303 1475 1354 1498 ex
1374 1467 1493 1509 gente
1514 1459 1747 1498 Caracciola
1768 1467 1810 1498 et
1828 1472 1991 1509 promo-

280 1526 370 1555 tum
391 1518 443 1555 ad
466 1517 714 1568 dignitatem
736 1518 923 1568 magistri
944 1518 1141 1568 generalis
1164 1518 1315 1558 ordinis
1338 1519 1515 1557 fratrum
1537 1518 1890 1558 praedicatorum.
1912 1516 1992 1555 Alii

278 1592 372 1615 eum
401 1586 555 1616 vocant
584 1578 801 1616 Nicolaum
831 1578 1107 1628 Mesquinum,
1136 1579 1402 1617 continuator
1430 1579 1607 1617 Gallicus
1638 1578 1788 1629 Nangii
1815 1576 1991 1628 Mesqui-

281 1651 379 1675 num
402 1637 451 1676 de
476 1637 649 1688 Neapoli
667 1637 694 1676 2.
720 1637 937 1678 Nicolaum
958 1647 1101 1677 tamen
1124 1638 1282 1677 Urbani
1304 1638 1556 1677 cardinalem
1576 1647 1775 1677 vocatum
1796 1637 1920 1676 fuisse
1942 1637 1991 1676 de

281 1697 479 1734 Cremona
502 1697 632 1735 tradit
654 1706 799 1735 auctor
821 1697 932 1736 omni
952 1698 1194 1749 exceptione
1217 1699 1351 1748 major
1373 1698 1565 1748 Aegidius
1587 1698 1815 1738 Bellamera
1836 1697 1879 1735 in
1900 1710 1989 1747 cap.

277 1756 421 1794 Dilecti
441 1756 533 1806 filii,
549 1757 608 1794 De
626 1757 751 1794 libelli
769 1758 902 1805 oblat„
921 1757 993 1795 ubi
1011 1758 1066 1796 sic
1084 1757 1234 1808 legitur
1255 1775 1262 1796 :
1281 1758 1381 1796 Fuit
1397 1748 1530 1796 tamen
1544 1766 1676 1808 aperte
1694 1757 1814 1796 michi
1831 1771 1990 1807 respon-

278 1830 368 1853 sum
391 1830 457 1865 per
479 1816 686 1854 dominum
709 1816 952 1855 Nicholaum
974 1818 1017 1855 de
1039 1817 1247 1866 Cremona,
1272 1826 1364 1856 tunc
1386 1832 1516 1855 meum
1536 1817 1802 1856 coauditorem
1822 1825 1857 1855 et
1886 1831 1992 1854 nunc

280 1876 546 1913 Bartholomei
583 1876 728 1914 intrusi
763 1877 1110 1916 anticardinalern.
1150 1877 1264 1916 Idem
1298 1877 1341 1916 in
1374 1891 1447 1916 sua
1483 1876 1776 1928 depositione3
1809 1875 1916 1915 dixit
1950 1890 1991 1915 se

280 1935 320 1972 in
342 1935 529 1973 tumultu
555 1936 840 1974 Romanorum
863 1936 1099 1987 deposuisse
1122 1945 1286 1987 partem
1309 1937 1511 1975 bonorum
1535 1951 1704 1975 suorum
1726 1951 1844 1987 penes
1868 1935 1990 1974 domi-

279 2006 378 2032 num
398 1994 640 2033 Niclzolaum
668 1996 711 2033 de
730 1995 940 2044 Cremona,
961 2005 1053 2035 tunc
1070 1996 1217 2047 palatii
1244 1996 1453 2047 apostolici
1471 1996 1705 2035 auditorem.
1726 1996 1866 2035 Fuisse
1894 2009 1991 2034 sane

280 2062 371 2092 tum
387 2054 567 2104 aliquem
584 2055 701 2093 istius
719 2056 896 2094 nominis
914 2056 1147 2096 auditorem
1164 2056 1518 2095 contradictarum
1537 2057 1661 2095 fidem
1677 2056 1778 2095 facit
1795 2055 1990 2102 Jacobus‚

277 2114 527 2153 camerarius
557 2115 775 2153 cardinalis
806 2116 947 2153 Sancti
976 2115 1101 2163 Petri,
1128 2116 1170 2153 in
1198 2130 1272 2154 sua
1300 2116 1557 2167 depositione
1574 2115 1591 2139 4
1619 2132 1625 2154 :
1655 2116 1707 2154 Et
1731 2123 1826 2153 sunt
1853 2115 1896 2152 in
1925 2114 1992 2152 illo

282 2173 542 2211 instrumento
583 2175 781 2212 nominati
821 2183 987 2224 quatuor
1027 2183 1150 2223 testes,
1192 2175 1378 2213 dominus
1418 2175 1660 2225 Corjftensis
1699 2174 1921 2213 cardinalis
1958 2182 1993 2212 et

279 2233 466 2270 dominus
483 2232 704 2272 Nicholaus
720 2235 764 2272 de
780 2234 988 2282 Cremona,
1005 2235 1163 2273 auditor
1178 2235 1523 2274 contradictarum.
1544 2235 1669 2273 Recte
1684 2249 1779 2285 ergo
1796 2233 1989 2285 Aegidius

278 2292 521 2339 Bellamera,
548 2293 618 2343 qui
640 2308 680 2332 se
704 2293 746 2331 in
769 2293 857 2344 ipso
881 2294 1026 2332 statim
1050 2294 1169 2332 initio
1193 2294 1462 2345 depositionis
1486 2309 1583 2333 suae
1607 2302 1732 2333 vocat
1754 2293 1990 2332 audientiae

281 2351 494 2392 literarum
519 2353 875 2391 contradictarum
902 2354 1057 2391 domini
1082 2368 1213 2404 papae
1240 2354 1486 2402 auditorem,
1513 2368 1608 2392 eum
1633 2353 1801 2403 vocavit
1826 2352 1990 2392 coaudi-

281 2419 411 2449 torem
442 2426 575 2450 suum.
608 2413 672 2449 Ex
712 2412 772 2451 his
802 2413 976 2463 insurgit
1007 2413 1161 2463 duplex
1190 2413 1424 2452 difficultas.
1459 2413 1607 2462 Prima,
1636 2428 1690 2451 an
1720 2413 1911 2452 Nicolaus
1941 2412 1989 2450 de

282 2470 481 2508 Cremona
501 2471 554 2509 sit
574 2471 888 2511 confundendus
909 2487 1003 2511 cum
1024 2473 1192 2511 Nicolao
1212 2487 1335 2523 quem
1354 2481 1508 2512 vocant
1528 2472 1815 2523 Mesquinum?
1836 2472 1991 2519 Altera,

282 2538 421 2567 utrum
447 2545 590 2568 verum
615 2531 668 2569 sit
691 2532 799 2570 hunc
826 2532 1041 2570 Nicolaum
1067 2531 1190 2571 fuisse
1215 2532 1374 2572 factum
1399 2532 1649 2572 cardinalem
1679 2533 1731 2570 ab
1757 2532 1926 2571 Urbano
1949 2531 1991 2568 in

282 2588 348 2626 illa
376 2590 648 2630 cardinalium
674 2591 879 2630 creatione
907 2591 972 2630 cui
996 2606 1138 2642 parem
1165 2592 1298 2630 nullus
1325 2606 1512 2642 unquam
1541 2592 1824 2630 Romanorum
1850 2590 1990 2629 Ponti-

280 2647 408 2687 ficum
426 2648 523 2687 fecit
541 2658 704 2699 praeter
724 2651 902 2690 Leonem
920 2651 1153 2691 decimum?
1174 2651 1236 2690 Ad
1254 2651 1431 2701 primam
1449 2651 1737 2691 difficultatem
1756 2650 1835 2689 dici
1851 2657 1991 2701 potest

286 2706 500 2747 Nicolaum
523 2708 570 2747 de
593 2709 793 2748 Cremona
817 2710 983 2748 omnino
1007 2710 1347 2760 distinguendum
1369 2725 1453 2749 esse
1475 2725 1497 2748 a
1521 2710 1749 2760 Mesquino,
1771 2724 1864 2748 cum
1888 2710 1988 2748 Mes·

281 2766 455 2815 quinum
475 2776 637 2806 constet
658 2768 779 2807 fuisse
802 2769 1078 2808 constitutum
1099 2770 1140 2807 in
1160 2778 1275 2808 statu
1295 2769 1484 2819 regulari,
1507 2770 1723 2810 Nicolaum
1743 2769 1786 2807 in
1804 2768 1990 2816 seculari,

336 2911 361 2942 l.
394 2911 432 2943 B.
457 2911 513 2950 N.,
533 2923 599 2944 ms.
620 2912 715 2944 latin
735 2912 864 2952 11745‚
883 2913 946 2945 fol.
967 2913 1011 2946 72
1028 2918 1071 2946 1⁸⁰.

333 2965 360 2995 2.
400 2964 562 2997 Grandes
581 2966 795 3009 chroniques
814 2967 854 2999 de
872 2966 1024 3002 France.
1046 2967 1102 3000 ed.
1126 2966 1367 3005 Delachenal,
1391 2973 1416 3000 t.
1435 2979 1472 3006 11,
1493 2979 1528 3011 p.
1548 2968 1630 3001 347.

331 3017 361 3047 3.
396 3017 433 3049 B.
458 3018 514 3053 N.
536 3030 602 3051 ms.
623 3019 718 3051 latin
739 3019 951 3054 11745.f01.
973 3020 1016 3052 57
1035 3024 1077 3052 r0.

332 3069 361 3100 si.
395 3069 461 3102 Ms.
483 3071 566 3109 uite,
589 3072 648 3104 fol.
670 3073 715 3104 70
734 3077 777 3105 1²⁰.
