2083 3458
66 192 189 248 [609]
593 205 810 230 PAPARUM
846 203 1232 230 AVENIONENSIUM
1435 188 1441 191 ’
1705 189 1759 230 81

57 289 245 339 (clement
267 288 314 336 V,
333 302 373 326 n.
393 286 495 326 4245
514 294 556 325 et
574 286 706 336 5277).
729 287 783 325 Le
802 301 907 338 pape
926 287 1012 325 leur
1030 286 1204 325 accorda
1223 285 1357 325 divers
1376 285 1591 337 privileges
1611 288 1633 323 3
1653 294 1760 325 cette

55 347 235 387 derniere
253 347 349 386 date
370 345 560 389 (Clamant
582 345 627 394 V,
646 360 685 384 n.
706 345 961 395 5273-5276).

107 407 151 446 P.
175 406 239 454 33,
260 405 327 456 lig.
365 405 426 444 21.
468 405 776 443 INTEmomBUS
829 404 986 445 civibus
1027 404 1304 445 Januensibus
1352 403 1435 454 qui,
1476 403 1761 443 recedentibus

57 464 286 514 Grimaldis,
317 471 600 504 remanserant
629 463 672 501 in
703 463 884 502 civitate.
915 463 974 502 De
1007 462 1311 502 Grimaldorum
1342 477 1438 501 vero
1468 463 1604 511 rebus,
1631 462 1761 513 qualis

54 532 160 564 esset
191 538 332 563 eorum
365 531 499 561 status
532 522 600 561 illo
633 531 832 573 tempore,
865 523 1094 561 luculenter
1126 522 1276 561 docent
1309 521 1602 561 conventiones
1636 521 1763 561 initae

55 598 162 623 anno
182 582 403 621 MCCCVII
418 582 526 620 inter
540 581 740 620 Karolum
757 582 810 629 II,
826 596 961 631 regem
983 581 1155 630 Siciliae,
1171 589 1212 620 et
1233 581 1461 620 Januenses
1476 582 1502 619 ¹.
1519 580 1621 620 Vide
1637 581 1762 619 etiam

55 641 314 681 Albertinum
330 642 561 679 Mussatum
575 640 693 678 initio
710 640 802 678 libri
818 641 952 691 quinti
964 641 1023 678 De
1043 641 1160 690 gestis
1174 640 1343 678 Henrici
1363 640 1451 678 VII
1463 640 1714 690 imperatoris
1735 642 1761 678 ².

108 702 150 740 Ρ.
167 701 231 748 34,
246 700 312 751 lig.
333 700 368 739 5.
386 701 748 740 AMBASQIATORES
773 700 973 748 HEchI,
995 700 1096 738 Otto
1119 699 1313 739 nimirum
1329 699 1573 738 Basileensis
1588 707 1630 738 et
1652 699 1762 738 Sifri-

55 761 130 799 dus
169 759 370 799 Curiensis
401 759 594 809 episcopi,
627 758 833 797 Amedeus
875 773 1008 797 comes
1045 758 1289 804 Sabaudiae‚
1322 759 1502 797 Joannes
1544 757 1762 809 dalphinus

55 818 294 858 Viennensis
324 826 365 857 et
396 832 530 857 comes
561 817 818 865 Albonensis,
851 817 984 856 Guido
1016 818 1064 856 de
1097 817 1303 865 Flandria,
1336 818 1517 856 Joannes
1549 831 1682 856 comes
1715 817 1764 857 de

56 879 292 928 Seraponte,
315 885 357 916 et
380 877 520 916 Simon
542 877 590 915 de
614 876 801 914 Marvilla
824 877 1103 915 thesaurarius
1126 877 1333 925 Metensis,
1356 885 1404 914 ut
1425 884 1544 927 patet
1566 891 1616 915 ex
1636 876 1763 916 literis

54 937 238 988 ejusdem
261 936 426 975 Henrici
448 944 539 974 tum
561 936 721 986 scriptis
744 936 796 974 ad
819 936 1070 974 Clementem
1092 950 1257 986 papam.
1283 937 1444 974 Extant
1464 935 1506 973 in
1528 935 1665 974 codiee
1687 937 1766 976 919

65 997 151 1048 [lat.
184 997 288 1036 4038
316 995 374 1046 B]
405 995 680 1035 bibliothecae
708 995 841 1045 regiae
870 1010 1005 1033 rerum
1035 1009 1081 1033 ea
1111 1003 1360 1045 tempestate
1391 1003 1600 1045 gestarum
1636 1003 1762 1033 testes

53 1055 194 1096 literae
223 1055 391 1095 eaedem
414 1062 455 1093 et
481 1068 582 1105 quas
614 1054 777 1104 scripsit
807 1054 1005 1102 Clemens,
1028 1062 1118 1092 tum
1144 1054 1271 1092 etiam
1293 1055 1505 1093 decretum
1536 1054 1759 1101 electionis,

54 1123 95 1154 et
114 1114 437 1153 instrumentum
463 1113 674 1152 fidelitatis
698 1113 947 1164 praestitum
966 1113 1132 1153 domino
1157 1128 1290 1164 papae
1310 1128 1381 1164 per
1404 1113 1569 1152 eosdem
1592 1113 1762 1152 nuntios

54 1182 95 1212 et
123 1181 408 1224 procuratores
444 1172 547 1223 regis
585 1173 868 1211 Romanorum
883 1172 910 1211 3.
951 1174 1152 1212 Recenset
1187 1180 1327 1211 autem
1363 1173 1528 1211 easdem
1562 1187 1624 1210 res
1661 1172 1763 1210 liber

54 1232 223 1271 Arnaldi
241 1231 475 1280 Camerarii,
491 1246 714 1282 earumque
730 1240 891 1282 partem
907 1231 1089 1282 aliquam
1103 1231 1232 1270 edidit
1248 1231 1447 1270 Odoricus
1465 1231 1706 1281 Raynaldus
1721 1231 1764 1270 in

53 1291 285 1330 Annalibus
303 1291 589 1339 ecclesiasticis,
610 1305 675 1329 an.
699 1290 813 1338 1309,
840 1291 857 1340 ἓ
877 1291 900 1329 9
919 1299 960 1329 et
980 1305 1039 1341 sq.
1058 1291 1116 1329 De
1137 1291 1333 1329 electione
1353 1305 1473 1341 porro
1496 1290 1661 1329 Henrim
1680 1290 1762 1328 VII

53 1350 310 1402 imperatoris
335 1350 429 1389 vide
455 1364 559 1400 quae
585 1349 737 1400 scripta
762 1358 859 1388 sunt
882 1350 923 1388 in
947 1350 1050 1388 libro
1075 1350 1207 1400 primo
1232 1350 1583 1388 Miscellaneorum
1617 1358 1762 1387 nostro-

54 1424 154 1458 rum,
180 1425 219 1460 p.
246 1409 320 1448 311
348 1417 389 1448 61;
414 1423 472 1459 sq.

106 1469 150 1507 P.
180 1469 243 1518 34,
271 1468 338 1519 lig.
370 1468 430 1507 16.
463 1469 783 1507 PISTORIENSES.
814 1468 911 1506 Voir
942 1468 1198 1516 Davidsohn,
1235 1468 1455 1506 Geschichte
1484 1482 1557 1505 von
1586 1468 1763 1515 Florenz,

52 1535 83 1567 t.
106 1543 161 1577 111,
186 1543 224 1579 p.
250 1527 436 1566 374-376.

107 1587 150 1626 Ρ.
174 1587 239 1635 34,
262 1587 328 1637 lig.
354 1586 415 1625 20.
441 1587 700 1625 VENERUNT.
728 1586 916 1625 Diverses
941 1586 1184 1637 chroniques
1213 1594 1286 1624 ont
1309 1588 1502 1625 conserve
1524 1587 1563 1624 la
1579 1594 1689 1624 trace
1714 1586 1763 1624 de

55 1654 161 1685 cette
177 1648 312 1685 armee
329 1646 378 1684 de
395 1646 540 1684 croises
559 1646 628 1696 qui
644 1645 735 1684 vint
752 1654 916 1685 surtout
933 1646 1214 1696 d’Allemagne
1231 1646 1513 1696 (Monumenta
1531 1645 1767 1685 Germaniae

55 1705 252 1753 historica,
277 1713 306 1743 t.
330 1720 389 1753 1x,
413 1720 452 1756 p.
478 1704 573 1752 7523
597 1713 627 1743 t.
654 1720 695 1753 x,
720 1720 759 1755 p.
784 1704 834 1743 39
857 1713 898 1743 et
921 1702 1016 1752 4123
1041 1713 1071 1743 t.
1098 1719 1183 1753 xvr,
1207 1720 1246 1756 p.
1272 1704 1367 1752 4213
1392 1712 1421 1743 t.
1448 1719 1536 1752 xlx,
1561 1719 1600 1755 p.
1626 1704 1701 1742 692
1725 1712 1767 1743 et

56 1763 149 1812 7173
168 1772 198 1803 t.
220 1779 338 1812 XXIV,
357 1779 397 1815 p.
419 1763 469 1802 26
487 1772 529 1803 et
546 1763 642 1811 825;
663 1764 751 1802 voir
770 1764 878 1802 aussi
899 1765 941 1802 F.
966 1764 1268 1814 Heidelberger,
1289 1764 1680 1813 Kreuzugsversuche
1700 1778 1766 1801 um

55 1823 116 1861 die
144 1823 291 1861 Wende
319 1824 384 1861 des
411 1824 464 1862 13
494 1823 795 1871 Jahrhunderts,
817 1823 993 1874 Leipzig,
1025 1823 1139 1871 1911,
1170 1838 1208 1874 p.
1239 1823 1303 1871 44,
1328 1823 1408 1872 45).
1434 1823 1619 1861 Clement
1647 1823 1682 1860 V
1710 1823 1765 1861 les

54 1882 188 1921 releva
216 1882 265 1921 de
292 1882 378 1921 leur
404 1897 501 1920 voeu
530 1882 578 1921 de
606 1882 736 1933 partir
763 1897 813 1921 en
841 1883 960 1921 Terre
989 1882 1120 1922 sainte
1148 1890 1189 1921 et
1215 1882 1302 1921 leur
1330 1890 1499 1932 octroya
1528 1882 1596 1920 des
1633 1882 1766 1920 indul-

55 1955 211 1992 gences,
229 1942 264 1980 le
283 1941 331 1979 25
347 1941 482 1991 juillet
501 1941 603 1980 1309
623 1941 812 1992 (Clement
834 1942 880 1989 V,
899 1955 937 1980 n.
957 1941 1090 1990 4400).
1108 1964 1161 1968 —
1179 1941 1254 1980 Sur
1270 1942 1309 1980 la
1328 1941 1509 1980 croisade
1528 1941 1597 1980 des
1618 1941 1765 1991 Hospi-

55 2000 191 2039 taliers
208 2000 296 2039 voir
315 2000 604 2051 Heidelberger
623 2001 662 2051 (l.
680 2016 726 2048 c.,
743 2016 782 2051 p.
801 2001 935 2048 41-44,
952 2000 1103 2050 47-50).

108 2059 151 2098 P.
171 2058 233 2108 35,
251 2059 317 2109 lig.
338 2059 373 2098 2.
394 2059 729 2098 COMMENDAVIT.
750 2060 846 2098 Voir
863 2060 901 2098 13
919 2060 1028 2098 bulle
1042 2059 1207 2098 Dudum
1224 2068 1444 2110 postquam,
1464 2060 1565 2097 dans
1586 2058 1765 2107 Rinaldi,

57 2117 170 2167 1309,
201 2118 218 2167 ἓ
241 2119 278 2157 4.

109 2177 151 2216 Ρ.
174 2177 238 2226 35,
259 2177 326 2228 lig.
349 2177 384 2216 2.
409 2177 611 2216 MENSEM.
636 2178 689 2216 Le
713 2177 761 2216 18
783 2178 950 2216 octobre
972 2177 1073 2216 1309
1096 2177 1287 2225 (Clement
1312 2178 1358 2225 V,
1380 2192 1418 2216 n.
1442 2177 1575 2227 5068),
1597 2178 1634 2215 la
1658 2177 1765 2216 bulle

56 2235 162 2274 Licet
181 2236 336 2287 pridem
357 2237 495 2275 donna
516 2251 620 2287 pour
641 2244 770 2275 terme
791 2237 925 2287 prima
946 2237 1009 2275 die
1027 2236 1204 2287 juridica
1224 2245 1312 2287 post
1332 2237 1574 2275 dominicam
1597 2236 1639 2274 in
1661 2236 1765 2286 Qua-

55 2295 278 2345 dragesima
288 2295 470 2346 proximo
481 2295 633 2345 sutura,
644 2310 721 2346 qua
730 2304 912 2334 cantatur
922 2296 1200 2335 Reminiscere.
1215 2296 1271 2346 (2θ
1284 2295 1501 2334 dimanche
1514 2296 1563 2334 de
1576 2296 1764 2345 careme.)

109 2354 153 2393 P.
170 2354 233 2402 35,
249 2354 316 2405 lig.
334 2354 370 2393 9.
390 2355 620 2393 HOM1NUM.
639 2355 716 2393 Sur
730 2355 766 2393 le
782 2355 924 2394 chiffre
939 2355 1010 2394 des
1026 2363 1154 2393 morts
1171 2354 1260 2393 voir
1276 2355 1322 2394 G.
1341 2355 1533 2401 Soranzo,
1550 2354 1610 2392 La
1626 2368 1766 2403 guerra

55 2413 119 2462 fra
143 2413 312 2451 Venezia
331 2427 350 2451 e
370 2413 409 2451 la
430 2413 470 2452 S.
494 2413 604 2462 Sede,
625 2429 664 2464 p.
689 2413 776 2452 157.

110 2472 152 2510 P.
174 2471 238 2520 35,
258 2472 325 2523 lig.
348 2472 409 2512 11.
432 2472 691 2511 MARCHABO.
714 2473 771 2511 La
792 2473 1006 2512 forteresse
1026 2472 1262 2513 venitienne
1283 2473 1332 2511 de
1353 2472 1660 2519 Sant-Alberto,
1681 2471 1765 2510 dite

57 2529 278 2579 Marcamo,
307 2532 373 2569 fut
399 2530 505 2582 prise
533 2532 569 2570 16
596 2531 794 2570 mercredi
822 2531 872 2570 24
900 2532 1131 2583 septembre
1160 2534 1183 2570 a
1210 2532 1364 2570 l’heure
1393 2531 1441 2569 de
1470 2545 1576 2570 none
1606 2530 1764 2578 <Finke,

57 2589 157 2628 Acta
176 2590 470 2640 Aragonensia‚
490 2598 521 2629 t.
542 2604 584 2638 11,
606 2605 645 2641 p.
668 2590 774 2640 657).
800 2591 1018 2641 Raymond
1042 2591 1183 2630 Athon
1204 2592 1248 2629 de
1269 2591 1443 2641 AspeZZO,
1466 2589 1536 2640 qui
1557 2602 1765 2628 comman-

58 2647 145 2687 dait
173 2649 339 2688 l’armee
368 2649 622 2700 pontificale,
653 2664 676 2688 a
706 2649 824 2688 laisse
854 2664 911 2688 un
940 2650 1042 2688 recit
1072 2650 1366 2689 circonstancie
1397 2649 1451 2686 du
1482 2648 1560 2686 fait
1589 2647 1765 2686 d’armes

60 2706 217 2756 (Finke,
235 2716 266 2746 t.
289 2722 331 2756 11,
348 2722 388 2758 p.
412 2707 605 2756 653-6553
623 2708 713 2747 voir
735 2709 916 2748 d'autres
938 2709 1151 2759 depeches,
1174 2723 1213 2759 p.
1235 2707 1422 2756 655-658,
1443 2707 1511 2757 qui
1534 2708 1711 2745 relatent
1726 2706 1765 2745 la

58 2765 312 2805 destruction
331 2767 380 2805 de
397 2767 436 2805 la
454 2767 569 2818 place
588 2767 724 2816 forte).
746 2768 792 2806 G.
815 2767 992 2806 Soranzo
1017 2770 1094 2818 (op.
1116 2768 1193 2815 cit„
1213 2782 1252 2818 p.
1275 2766 1365 2816 160)
1386 2766 1520 2805 donne
1539 2780 1614 2816 par
1632 2780 1767 2804 erreur

58 2824 96 2863 la
113 2824 208 2864 date
226 2825 281 2863 du
299 2825 348 2864 23
365 2826 611 2877 septembre.

108 2963 140 2995 1.
159 2963 309 3003 Baluze,
328 2970 354 2996 t.
371 2975 423 3003 111,
442 2975 477 3007 p.
496 2964 667 2997 162-216.

109 3017 140 3048 2.
162 3016 243 3049 Lib.
263 3016 307 3056 V,
327 3028 408 3060 cap.
427 3029 451 3056 1,
472 3017 565 3050 dans
585 3017 781 3057 Muratori,
802 3023 828 3051 t.
850 3029 889 3058 x,
908 3018 976 3050 col.
996 3018 1078 3050 304.

108 3070 141 3102 3.
161 3069 310 3109 Baluze,
332 3076 358 3102 t.
376 3082 427 3109 111,
448 3082 482 3113 p.
503 3071 674 3104 216-226.
