<?xml version="1.0" encoding="UTF-8"?>
<!DOCTYPE html PUBLIC "-//W3C//DTD XHTML 1.0 Transitional//EN"
    "http://www.w3.org/TR/xhtml1/DTD/xhtml1-transitional.dtd">
<html xmlns="http://www.w3.org/1999/xhtml" xml:lang="en" lang="en">
 <head>
  <title>
</title>
<meta http-equiv="Content-Type" content="text/html;charset=utf-8" />
  <meta name='ocr-system' content='tesseract 3.04.00' />
  <meta name='ocr-capabilities' content='ocr_page ocr_carea ocr_par ocr_line ocrx_word'/>
</head>
<body>
  <div class='ocr_page' id='page_1' title='image "./vitaepaparumaven02balu_0455.png"; bbox 0 0 2083 3458; ppageno 0'>
   <div class='ocr_carea' id='block_1_1' title="bbox 87 204 1782 263">
    <p class='ocr_par' dir='ltr' id='par_1_1' title="bbox 87 204 1782 263">
     <span class='ocr_line' id='line_1_1' title="bbox 87 204 1782 263; baseline -0.001 -15"><span class='ocrx_word' id='word_1_1' title='bbox 87 204 223 263; x_wconf 88' lang='lat'>[929]</span> <span class='ocrx_word' id='word_1_2' title='bbox 604 224 821 249; x_wconf 80' lang='lat' dir='ltr'>PAPARUM</span> <span class='ocrx_word' id='word_1_3' title='bbox 857 223 1239 250; x_wconf 82' lang='lat' dir='ltr'><strong>AVENIONENSIUM</strong></span> <span class='ocrx_word' id='word_1_4' title='bbox 1700 205 1782 246; x_wconf 81' lang='lat'>445</span> 
     </span>
    </p>
   </div>
   <div class='ocr_carea' id='block_1_2' title="bbox 69 307 1781 2727">
    <p class='ocr_par' dir='ltr' id='par_1_2' title="bbox 69 307 1781 771">
     <span class='ocr_line' id='line_1_2' title="bbox 141 307 1781 360; baseline -0.001 -15"><span class='ocrx_word' id='word_1_5' title='bbox 141 308 184 347; x_wconf 90' lang='lat' dir='ltr'>P.</span> <span class='ocrx_word' id='word_1_6' title='bbox 211 307 300 356; x_wconf 88' lang='grc'>315,</span> <span class='ocrx_word' id='word_1_7' title='bbox 325 308 391 358; x_wconf 83' lang='lat' dir='ltr'>lig.</span> <span class='ocrx_word' id='word_1_8' title='bbox 420 308 481 347; x_wconf 84' lang='lat'>23.</span> <span class='ocrx_word' id='word_1_9' title='bbox 511 309 651 347; x_wconf 81' lang='lat' dir='ltr'>LEGES</span> <span class='ocrx_word' id='word_1_10' title='bbox 680 323 836 347; x_wconf 77' lang='lat' dir='ltr'>ED1D1T.</span> <span class='ocrx_word' id='word_1_11' title='bbox 866 310 1025 347; x_wconf 82' lang='lat' dir='ltr'><strong>Extant</strong></span> <span class='ocrx_word' id='word_1_12' title='bbox 1050 310 1161 360; x_wconf 89' lang='lat' dir='ltr'>apud</span> <span class='ocrx_word' id='word_1_13' title='bbox 1188 309 1447 355; x_wconf 82' lang='lat' dir='ltr'>Goldastuni,</span> <span class='ocrx_word' id='word_1_14' title='bbox 1474 318 1502 346; x_wconf 82' lang='lat' dir='ltr'>t.</span> <span class='ocrx_word' id='word_1_15' title='bbox 1529 323 1554 355; x_wconf 81' lang='lat'>1,</span> <span class='ocrx_word' id='word_1_16' title='bbox 1582 307 1781 346; x_wconf 81' lang='lat' dir='ltr'>Constitu-</span> 
     </span>
     <span class='ocr_line' id='line_1_3' title="bbox 84 365 1781 417; baseline -0.001 -13"><span class='ocrx_word' id='word_1_17' title='bbox 84 367 240 405; x_wconf 79' lang='lat' dir='ltr'>tionum</span> <span class='ocrx_word' id='word_1_18' title='bbox 263 367 475 416; x_wconf 63' lang='lat' dir='ltr'>imperial„</span> <span class='ocrx_word' id='word_1_19' title='bbox 499 382 536 417; x_wconf 92' lang='lat' dir='ltr'>p.</span> <span class='ocrx_word' id='word_1_20' title='bbox 562 368 651 415; x_wconf 84' lang='lat'>350,</span> <span class='ocrx_word' id='word_1_21' title='bbox 675 377 716 406; x_wconf 90' lang='lat' dir='ltr'>et</span> <span class='ocrx_word' id='word_1_22' title='bbox 737 369 778 406; x_wconf 87' lang='lat' dir='ltr'>in</span> <span class='ocrx_word' id='word_1_23' title='bbox 802 369 938 407; x_wconf 82' lang='lat' dir='ltr'>codiee</span> <span class='ocrx_word' id='word_1_24' title='bbox 962 365 1033 403; x_wconf 83' lang='lat'>75]</span> <span class='ocrx_word' id='word_1_25' title='bbox 1058 369 1331 406; x_wconf 79' lang='lat' dir='ltr'>bibliothecae</span> <span class='ocrx_word' id='word_1_26' title='bbox 1355 368 1612 406; x_wconf 76' lang='lat' dir='ltr'>Colbcrtinae</span> <span class='ocrx_word' id='word_1_27' title='bbox 1632 366 1657 405; x_wconf 82' lang='lat'>¹.</span> <span class='ocrx_word' id='word_1_28' title='bbox 1680 366 1781 404; x_wconf 83' lang='lat' dir='ltr'>Vide</span> 
     </span>
     <span class='ocr_line' id='line_1_4' title="bbox 88 426 1175 478; baseline 0.002 -14"><span class='ocrx_word' id='word_1_29' title='bbox 88 426 311 464; x_wconf 88' lang='lat' dir='ltr'>Henricum</span> <span class='ocrx_word' id='word_1_30' title='bbox 341 426 636 473; x_wconf 84' lang='lat' dir='ltr'>Rebdorffium‚</span> <span class='ocrx_word' id='word_1_31' title='bbox 665 427 716 464; x_wconf 86' lang='lat' dir='ltr'>ad</span> <span class='ocrx_word' id='word_1_32' title='bbox 744 442 808 465; x_wconf 87' lang='lat' dir='ltr'>an.</span> <span class='ocrx_word' id='word_1_33' title='bbox 840 427 940 465; x_wconf 86' lang='grc'>1356</span> <span class='ocrx_word' id='word_1_34' title='bbox 978 427 1031 477; x_wconf 85' lang='lat' dir='ltr'>[p.</span> <span class='ocrx_word' id='word_1_35' title='bbox 1061 427 1175 478; x_wconf 61' lang='lat'>542}</span> 
     </span>
     <span class='ocr_line' id='line_1_5' title="bbox 69 482 1780 535; baseline 0.001 -13"><span class='ocrx_word' id='word_1_36' title='bbox 69 482 73 486; x_wconf 49' lang='lat'><strong>⁴</strong></span> <span class='ocrx_word' id='word_1_37' title='bbox 140 485 182 524; x_wconf 91' lang='lat' dir='ltr'>P.</span> <span class='ocrx_word' id='word_1_38' title='bbox 207 485 296 533; x_wconf 82' lang='lat'><strong>315,</strong></span> <span class='ocrx_word' id='word_1_39' title='bbox 319 486 385 535; x_wconf 83' lang='lat' dir='ltr'>lig.</span> <span class='ocrx_word' id='word_1_40' title='bbox 411 484 471 523; x_wconf 85' lang='grc'>26.</span> <span class='ocrx_word' id='word_1_41' title='bbox 499 486 674 523; x_wconf 74' lang='lat' dir='ltr'>FESTUM</span> <span class='ocrx_word' id='word_1_42' title='bbox 701 502 754 524; x_wconf 78' lang='lat' dir='ltr'>DE</span> <span class='ocrx_word' id='word_1_43' title='bbox 781 500 961 524; x_wconf 75' lang='lat' dir='ltr'>LANCEA.</span> <span class='ocrx_word' id='word_1_44' title='bbox 981 487 1143 524; x_wconf 89' lang='lat' dir='ltr'>Bullam</span> <span class='ocrx_word' id='word_1_45' title='bbox 1171 483 1398 525; x_wconf 77' lang='lat' dir='ltr'>Innocentii</span> <span class='ocrx_word' id='word_1_46' title='bbox 1418 487 1473 524; x_wconf 86' lang='lat' dir='ltr'>Vl</span> <span class='ocrx_word' id='word_1_47' title='bbox 1495 486 1543 523; x_wconf 88' lang='lat' dir='ltr'>de</span> <span class='ocrx_word' id='word_1_48' title='bbox 1566 499 1612 523; x_wconf 87' lang='lat' dir='ltr'>ea</span> <span class='ocrx_word' id='word_1_49' title='bbox 1635 500 1675 523; x_wconf 89' lang='lat' dir='ltr'>re</span> <span class='ocrx_word' id='word_1_50' title='bbox 1699 486 1780 524; x_wconf 90' lang='lat' dir='ltr'>edi-</span> 
     </span>
     <span class='ocr_line' id='line_1_6' title="bbox 84 543 1781 595; baseline 0.001 -13"><span class='ocrx_word' id='word_1_51' title='bbox 84 552 173 582; x_wconf 90' lang='lat' dir='ltr'>tam</span> <span class='ocrx_word' id='word_1_52' title='bbox 199 545 381 583; x_wconf 84' lang='lat' dir='ltr'>invenies</span> <span class='ocrx_word' id='word_1_53' title='bbox 410 544 521 595; x_wconf 88' lang='lat' dir='ltr'>apud</span> <span class='ocrx_word' id='word_1_54' title='bbox 549 546 800 592; x_wconf 84' lang='lat' dir='ltr'>Gretserum,</span> <span class='ocrx_word' id='word_1_55' title='bbox 829 560 867 595; x_wconf 81' lang='lat' dir='ltr'>p.</span> <span class='ocrx_word' id='word_1_56' title='bbox 894 543 1245 593; x_wconf 72' lang='lat' dir='ltr'>1S,Sy11tagmat1&#39;s</span> <span class='ocrx_word' id='word_1_57' title='bbox 1272 543 1317 582; x_wconf 78' lang='lat' dir='ltr'>de</span> <span class='ocrx_word' id='word_1_58' title='bbox 1352 545 1584 594; x_wconf 73' lang='lat' dir='ltr'><em>insignibus</em></span> <span class='ocrx_word' id='word_1_59' title='bbox 1620 544 1781 593; x_wconf 86' lang='lat' dir='ltr'>imperii</span> 
     </span>
     <span class='ocr_line' id='line_1_7' title="bbox 82 600 1779 654; baseline 0.001 -14"><span class='ocrx_word' id='word_1_60' title='bbox 82 600 276 654; x_wconf 81' lang='lat' dir='ltr'>reliquiis.</span> <span class='ocrx_word' id='word_1_61' title='bbox 303 604 405 642; x_wconf 87' lang='lat' dir='ltr'>Vide</span> <span class='ocrx_word' id='word_1_62' title='bbox 424 603 439 626; x_wconf 77' lang='lat'>2</span> <span class='ocrx_word' id='word_1_63' title='bbox 462 603 590 643; x_wconf 86' lang='lat' dir='ltr'>etiam</span> <span class='ocrx_word' id='word_1_64' title='bbox 616 605 806 642; x_wconf 86' lang='lat' dir='ltr'>eumdem</span> <span class='ocrx_word' id='word_1_65' title='bbox 833 603 1113 642; x_wconf 75' lang='lat' dir='ltr'>Rebdorffium</span> <span class='ocrx_word' id='word_1_66' title='bbox 1138 605 1189 641; x_wconf 88' lang='lat' dir='ltr'>ad</span> <span class='ocrx_word' id='word_1_67' title='bbox 1222 619 1285 642; x_wconf 87' lang='lat' dir='ltr'>an.</span> <span class='ocrx_word' id='word_1_68' title='bbox 1318 604 1431 651; x_wconf 86' lang='grc'>1350,</span> <span class='ocrx_word' id='word_1_69' title='bbox 1466 604 1566 642; x_wconf 79' lang='lat'>1352</span> <span class='ocrx_word' id='word_1_70' title='bbox 1594 611 1635 641; x_wconf 78' lang='lat' dir='ltr'>et</span> <span class='ocrx_word' id='word_1_71' title='bbox 1665 603 1779 654; x_wconf 84' lang='grc'>1361,</span> 
     </span>
     <span class='ocr_line' id='line_1_8' title="bbox 95 662 1778 713; baseline 0.001 -13"><span class='ocrx_word' id='word_1_72' title='bbox 95 662 148 713; x_wconf 87' lang='lat' dir='ltr'>[p.</span> <span class='ocrx_word' id='word_1_73' title='bbox 179 662 267 710; x_wconf 86' lang='lat'>537,</span> <span class='ocrx_word' id='word_1_74' title='bbox 296 662 385 710; x_wconf 82' lang='lat'><strong>547,</strong></span> <span class='ocrx_word' id='word_1_75' title='bbox 413 662 529 712; x_wconf 80' lang='lat'><strong>564],</strong></span> <span class='ocrx_word' id='word_1_76' title='bbox 557 664 770 707; x_wconf 69' lang='lat' dir='ltr'>Bzovium,</span> <span class='ocrx_word' id='word_1_77' title='bbox 800 678 863 701; x_wconf 85' lang='lat' dir='ltr'>an.</span> <span class='ocrx_word' id='word_1_78' title='bbox 896 663 1009 710; x_wconf 87' lang='grc'>1350,</span> <span class='ocrx_word' id='word_1_79' title='bbox 1044 664 1060 711; x_wconf 56' lang='grc' dir='ltr'>ξ</span> <span class='ocrx_word' id='word_1_80' title='bbox 1090 664 1150 710; x_wconf 75' lang='grc'>14,</span> <span class='ocrx_word' id='word_1_81' title='bbox 1179 672 1219 700; x_wconf 89' lang='lat' dir='ltr'>et</span> <span class='ocrx_word' id='word_1_82' title='bbox 1248 664 1470 701; x_wconf 87' lang='lat' dir='ltr'>Odoricum</span> <span class='ocrx_word' id='word_1_83' title='bbox 1501 663 1778 712; x_wconf 81' lang='lat' dir='ltr'>Raynaldum,</span> 
     </span>
     <span class='ocr_line' id='line_1_9' title="bbox 80 721 803 771; baseline 0.001 -12"><span class='ocrx_word' id='word_1_84' title='bbox 80 735 146 759; x_wconf 37' lang='lat' dir='ltr'>»an«</span> <span class='ocrx_word' id='word_1_85' title='bbox 174 721 288 769; x_wconf 81' lang='lat'><strong>1354,</strong></span> <span class='ocrx_word' id='word_1_86' title='bbox 316 722 332 771; x_wconf 66' lang='grc' dir='ltr'><strong>ἓ</strong></span> <span class='ocrx_word' id='word_1_87' title='bbox 355 722 416 769; x_wconf 80' lang='grc'>18,</span> <span class='ocrx_word' id='word_1_88' title='bbox 438 730 479 760; x_wconf 86' lang='lat' dir='ltr'>et</span> <span class='ocrx_word' id='word_1_89' title='bbox 500 736 564 760; x_wconf 91' lang='lat' dir='ltr'>an.</span> <span class='ocrx_word' id='word_1_90' title='bbox 590 722 703 765; x_wconf 71' lang='lat'><strong>1361,</strong></span> <span class='ocrx_word' id='word_1_91' title='bbox 732 723 748 771; x_wconf 63' lang='grc' dir='ltr'><strong>ἓ</strong></span> <span class='ocrx_word' id='word_1_92' title='bbox 770 723 803 760; x_wconf 78' lang='lat'>2.</span> 
     </span>
    </p>

    <p class='ocr_par' dir='ltr' id='par_1_3' title="bbox 70 781 1780 2727">
     <span class='ocr_line' id='line_1_10' title="bbox 139 781 1780 831; baseline 0.001 -13"><span class='ocrx_word' id='word_1_93' title='bbox 139 781 180 820; x_wconf 90' lang='lat' dir='ltr'>P.</span> <span class='ocrx_word' id='word_1_94' title='bbox 202 781 292 828; x_wconf 85' lang='grc'>316,</span> <span class='ocrx_word' id='word_1_95' title='bbox 311 782 377 831; x_wconf 82' lang='lat' dir='ltr'>lig.</span> <span class='ocrx_word' id='word_1_96' title='bbox 399 781 434 820; x_wconf 78' lang='lat' dir='ltr'>S.</span> <span class='ocrx_word' id='word_1_97' title='bbox 460 781 667 818; x_wconf 60' lang='lat' dir='ltr'><strong>KAROLUz</strong></span> <span class='ocrx_word' id='word_1_98' title='bbox 694 796 745 818; x_wconf 83' lang='lat' dir='ltr'>DE</span> <span class='ocrx_word' id='word_1_99' title='bbox 774 782 964 819; x_wconf 68' lang='lat' dir='ltr'>YSPANIA</span> <span class='ocrx_word' id='word_1_100' title='bbox 991 782 1106 830; x_wconf 87' lang='lat' dir='ltr'>cujus</span> <span class='ocrx_word' id='word_1_101' title='bbox 1126 782 1339 830; x_wconf 77' lang='lat' dir='ltr'>parentela,</span> <span class='ocrx_word' id='word_1_102' title='bbox 1367 790 1413 818; x_wconf 91' lang='lat' dir='ltr'>ut</span> <span class='ocrx_word' id='word_1_103' title='bbox 1436 782 1494 818; x_wconf 88' lang='lat' dir='ltr'>ait</span> <span class='ocrx_word' id='word_1_104' title='bbox 1515 781 1780 820; x_wconf 78' lang='lat' dir='ltr'>continuator</span> 
     </span>
     <span class='ocr_line' id='line_1_11' title="bbox 83 838 1776 891; baseline -0.001 -14"><span class='ocrx_word' id='word_1_105' title='bbox 83 840 232 890; x_wconf 79' lang='lat' dir='ltr'>Nangii</span> <span class='ocrx_word' id='word_1_106' title='bbox 255 838 302 888; x_wconf 84' lang='lat' dir='ltr'>[t.</span> <span class='ocrx_word' id='word_1_107' title='bbox 323 855 363 888; x_wconf 88' lang='lat'>11,</span> <span class='ocrx_word' id='word_1_108' title='bbox 378 856 423 891; x_wconf 15' lang='lat' dir='ltr'>Vp.</span> <span class='ocrx_word' id='word_1_109' title='bbox 446 838 554 888; x_wconf 73' lang='lat'>227],</span> <span class='ocrx_word' id='word_1_110' title='bbox 575 838 668 875; x_wconf 83' lang='lat' dir='ltr'>olim</span> <span class='ocrx_word' id='word_1_111' title='bbox 683 854 704 875; x_wconf 83' lang='lat' dir='ltr'>a</span> <span class='ocrx_word' id='word_1_112' title='bbox 721 838 850 875; x_wconf 78' lang='lat' dir='ltr'>radice</span> <span class='ocrx_word' id='word_1_113' title='bbox 871 838 1087 885; x_wconf 78' lang='lat' dir='ltr'>sanguinis</span> <span class='ocrx_word' id='word_1_114' title='bbox 1108 852 1244 885; x_wconf 79' lang='lat' dir='ltr'>regum</span> <span class='ocrx_word' id='word_1_115' title='bbox 1260 839 1504 875; x_wconf 68' lang='lat' dir='ltr'>Francjrum</span> <span class='ocrx_word' id='word_1_116' title='bbox 1529 846 1776 887; x_wconf 71' lang='lat' dir='ltr'>processerat.</span> 
     </span>
     <span class='ocr_line' id='line_1_12' title="bbox 84 897 1777 950; baseline -0.001 -13"><span class='ocrx_word' id='word_1_117' title='bbox 84 899 185 937; x_wconf 83' lang='lat' dir='ltr'>Erat</span> <span class='ocrx_word' id='word_1_118' title='bbox 207 900 313 937; x_wconf 88' lang='lat' dir='ltr'>enim</span> <span class='ocrx_word' id='word_1_119' title='bbox 338 914 462 950; x_wconf 85' lang='lat' dir='ltr'>nepos</span> <span class='ocrx_word' id='word_1_120' title='bbox 485 900 692 938; x_wconf 88' lang='lat' dir='ltr'>Blanchae</span> <span class='ocrx_word' id='word_1_121' title='bbox 719 900 823 937; x_wconf 85' lang='lat' dir='ltr'>filiae</span> <span class='ocrx_word' id='word_1_122' title='bbox 856 900 988 937; x_wconf 85' lang='lat' dir='ltr'>sancti</span> <span class='ocrx_word' id='word_1_123' title='bbox 1022 900 1233 947; x_wconf 87' lang='lat' dir='ltr'>Ludovici,</span> <span class='ocrx_word' id='word_1_124' title='bbox 1258 914 1362 948; x_wconf 83' lang='lat' dir='ltr'>quae</span> <span class='ocrx_word' id='word_1_125' title='bbox 1396 914 1503 936; x_wconf 78' lang='lat' dir='ltr'>anno</span> <span class='ocrx_word' id='word_1_126' title='bbox 1529 897 1777 937; x_wconf 77' lang='lat' dir='ltr'>MCCLXIX</span> 
     </span>
     <span class='ocr_line' id='line_1_13' title="bbox 82 956 1778 1008; baseline 0.001 -12"><span class='ocrx_word' id='word_1_127' title='bbox 82 967 279 1008; x_wconf 79' lang='lat' dir='ltr'>nupserat</span> <span class='ocrx_word' id='word_1_128' title='bbox 296 959 556 997; x_wconf 87' lang='lat' dir='ltr'>Ferdinando</span> <span class='ocrx_word' id='word_1_129' title='bbox 576 967 848 1008; x_wconf 84' lang='lat' dir='ltr'>cognomento</span> <span class='ocrx_word' id='word_1_130' title='bbox 865 957 1071 1005; x_wconf 77' lang='lat' dir='ltr'>deCcrda,</span> <span class='ocrx_word' id='word_1_131' title='bbox 1090 959 1170 995; x_wconf 82' lang='lat' dir='ltr'>filio</span> <span class='ocrx_word' id='word_1_132' title='bbox 1185 959 1342 996; x_wconf 73' lang='lat' dir='ltr'>Alfonsi</span> <span class='ocrx_word' id='word_1_133' title='bbox 1361 958 1398 995; x_wconf 83' lang='lat' dir='ltr'><em>X</em></span> <span class='ocrx_word' id='word_1_134' title='bbox 1415 959 1516 1007; x_wconf 79' lang='lat' dir='ltr'>regis</span> <span class='ocrx_word' id='word_1_135' title='bbox 1534 957 1732 997; x_wconf 80' lang='lat' dir='ltr'>Castellae</span> <span class='ocrx_word' id='word_1_136' title='bbox 1748 956 1778 1000; x_wconf 80' lang='lat'>3.</span> 
     </span>
     <span class='ocr_line' id='line_1_14' title="bbox 82 1018 1780 1069; baseline 0.001 -14"><span class='ocrx_word' id='word_1_137' title='bbox 82 1018 196 1056; x_wconf 86' lang='lat' dir='ltr'>Obiit</span> <span class='ocrx_word' id='word_1_138' title='bbox 225 1018 429 1069; x_wconf 32' lang='lat' dir='ltr'>ille-anno</span> <span class='ocrx_word' id='word_1_139' title='bbox 462 1018 726 1056; x_wconf 79' lang='lat' dir='ltr'>MCCLXXV</span> <span class='ocrx_word' id='word_1_140' title='bbox 757 1018 904 1056; x_wconf 86' lang='lat' dir='ltr'>liberos</span> <span class='ocrx_word' id='word_1_141' title='bbox 936 1032 986 1055; x_wconf 79' lang='lat' dir='ltr'>ex</span> <span class='ocrx_word' id='word_1_142' title='bbox 1014 1018 1196 1055; x_wconf 84' lang='lat' dir='ltr'>Blancha</span> <span class='ocrx_word' id='word_1_143' title='bbox 1228 1018 1459 1066; x_wconf 81' lang='lat' dir='ltr'>relinquens</span> <span class='ocrx_word' id='word_1_144' title='bbox 1493 1018 1708 1057; x_wconf 66' lang='lat' dir='ltr'>Alfonsum</span> <span class='ocrx_word' id='word_1_145' title='bbox 1739 1027 1780 1057; x_wconf 84' lang='lat' dir='ltr'>et</span> 
     </span>
     <span class='ocr_line' id='line_1_15' title="bbox 82 1072 1778 1128; baseline -0.001 -14"><span class='ocrx_word' id='word_1_146' title='bbox 82 1077 403 1125; x_wconf 87' lang='lat' dir='ltr'>Ferdinandum,</span> <span class='ocrx_word' id='word_1_147' title='bbox 423 1078 492 1128; x_wconf 86' lang='lat' dir='ltr'>qui</span> <span class='ocrx_word' id='word_1_148' title='bbox 511 1091 736 1127; x_wconf 82' lang='lat' dir='ltr'>cognomen</span> <span class='ocrx_word' id='word_1_149' title='bbox 755 1077 802 1115; x_wconf 85' lang='lat' dir='ltr'>de</span> <span class='ocrx_word' id='word_1_150' title='bbox 824 1077 1023 1127; x_wconf 80' lang='lat' dir='ltr'>Hispania</span> <span class='ocrx_word' id='word_1_151' title='bbox 1042 1085 1302 1127; x_wconf 84' lang='lat' dir='ltr'>acceperunt.</span> <span class='ocrx_word' id='word_1_152' title='bbox 1323 1072 1514 1113; x_wconf 80' lang='lat' dir='ltr'>Alfonsus</span> <span class='ocrx_word' id='word_1_153' title='bbox 1533 1077 1778 1115; x_wconf 84' lang='lat' dir='ltr'>Ferdinandi</span> 
     </span>
     <span class='ocr_line' id='line_1_16' title="bbox 83 1134 1775 1186; baseline 0 -12"><span class='ocrx_word' id='word_1_154' title='bbox 83 1136 188 1174; x_wconf 90' lang='lat' dir='ltr'>filius</span> <span class='ocrx_word' id='word_1_155' title='bbox 215 1137 347 1186; x_wconf 88' lang='lat' dir='ltr'>primo</span> <span class='ocrx_word' id='word_1_156' title='bbox 374 1138 454 1175; x_wconf 89' lang='lat' dir='ltr'>fuit</span> <span class='ocrx_word' id='word_1_157' title='bbox 481 1137 699 1175; x_wconf 81' lang='lat' dir='ltr'>canonicus</span> <span class='ocrx_word' id='word_1_158' title='bbox 728 1134 868 1174; x_wconf 83' lang='lat' dir='ltr'>Sancti</span> <span class='ocrx_word' id='word_1_159' title='bbox 893 1136 1080 1184; x_wconf 86' lang='lat' dir='ltr'>Quintini</span> <span class='ocrx_word' id='word_1_160' title='bbox 1110 1144 1151 1174; x_wconf 91' lang='lat' dir='ltr'>et</span> <span class='ocrx_word' id='word_1_161' title='bbox 1186 1135 1497 1174; x_wconf 82' lang='lat' dir='ltr'>archidiaconus</span> <span class='ocrx_word' id='word_1_162' title='bbox 1525 1136 1775 1184; x_wconf 71' lang='lat' dir='ltr'>parisiensis,</span> 
     </span>
     <span class='ocr_line' id='line_1_17' title="bbox 80 1194 1776 1246; baseline -0.002 -12"><span class='ocrx_word' id='word_1_163' title='bbox 80 1204 128 1234; x_wconf 91' lang='lat' dir='ltr'>ut</span> <span class='ocrx_word' id='word_1_164' title='bbox 142 1203 261 1246; x_wconf 87' lang='lat' dir='ltr'>patet</span> <span class='ocrx_word' id='word_1_165' title='bbox 277 1211 328 1234; x_wconf 86' lang='lat' dir='ltr'>ex</span> <span class='ocrx_word' id='word_1_166' title='bbox 342 1196 486 1235; x_wconf 87' lang='lat' dir='ltr'>eodem</span> <span class='ocrx_word' id='word_1_167' title='bbox 505 1196 792 1234; x_wconf 82' lang='lat' dir='ltr'>continuatore</span> <span class='ocrx_word' id='word_1_168' title='bbox 813 1194 958 1245; x_wconf 71' lang='lat' dir='ltr'>Nangii</span> <span class='ocrx_word' id='word_1_169' title='bbox 977 1203 1018 1233; x_wconf 87' lang='lat' dir='ltr'>et</span> <span class='ocrx_word' id='word_1_170' title='bbox 1033 1210 1083 1233; x_wconf 81' lang='lat' dir='ltr'>ex</span> <span class='ocrx_word' id='word_1_171' title='bbox 1099 1195 1269 1233; x_wconf 87' lang='lat' dir='ltr'>Claudio</span> <span class='ocrx_word' id='word_1_172' title='bbox 1291 1196 1516 1233; x_wconf 88' lang='lat' dir='ltr'>Hemeraeo</span> <span class='ocrx_word' id='word_1_173' title='bbox 1534 1195 1573 1232; x_wconf 86' lang='lat' dir='ltr'>in</span> <span class='ocrx_word' id='word_1_174' title='bbox 1591 1195 1776 1244; x_wconf 75' lang='lat' dir='ltr'>Augusta</span> 
     </span>
     <span class='ocr_line' id='line_1_18' title="bbox 86 1251 1777 1304; baseline 0.001 -12"><span class='ocrx_word' id='word_1_175' title='bbox 86 1255 450 1294; x_wconf 76' lang='lat' dir='ltr'>Viromanduorum</span> <span class='ocrx_word' id='word_1_176' title='bbox 480 1251 690 1298; x_wconf 81' lang='lat' dir='ltr'>illustrata,</span> <span class='ocrx_word' id='word_1_177' title='bbox 720 1269 759 1304; x_wconf 91' lang='lat' dir='ltr'>p.</span> <span class='ocrx_word' id='word_1_178' title='bbox 793 1254 879 1292; x_wconf 79' lang='grc'>268.</span> <span class='ocrx_word' id='word_1_179' title='bbox 911 1255 1132 1293; x_wconf 83' lang='lat' dir='ltr'>Extinctus</span> <span class='ocrx_word' id='word_1_180' title='bbox 1163 1263 1225 1292; x_wconf 85' lang='lat' dir='ltr'>est</span> <span class='ocrx_word' id='word_1_181' title='bbox 1254 1262 1394 1292; x_wconf 86' lang='lat' dir='ltr'>autem</span> <span class='ocrx_word' id='word_1_182' title='bbox 1425 1268 1534 1291; x_wconf 87' lang='lat' dir='ltr'>anno</span> <span class='ocrx_word' id='word_1_183' title='bbox 1562 1254 1777 1293; x_wconf 79' lang='lat' dir='ltr'>millesimo</span> 
     </span>
     <span class='ocr_line' id='line_1_19' title="bbox 81 1307 1778 1364; baseline 0 -12"><span class='ocrx_word' id='word_1_184' title='bbox 81 1314 361 1362; x_wconf 90' lang='lat' dir='ltr'>CCCXXVII,</span> <span class='ocrx_word' id='word_1_185' title='bbox 398 1321 445 1353; x_wconf 84' lang='lat' dir='ltr'>ut</span> <span class='ocrx_word' id='word_1_186' title='bbox 480 1315 600 1352; x_wconf 90' lang='lat' dir='ltr'>docet</span> <span class='ocrx_word' id='word_1_187' title='bbox 633 1314 742 1352; x_wconf 87' lang='lat' dir='ltr'>idem</span> <span class='ocrx_word' id='word_1_188' title='bbox 773 1313 1048 1351; x_wconf 88' lang='lat' dir='ltr'>Continuator</span> <span class='ocrx_word' id='word_1_189' title='bbox 1070 1311 1116 1361; x_wconf 87' lang='lat' dir='ltr'>[t.</span> <span class='ocrx_word' id='word_1_190' title='bbox 1137 1328 1177 1361; x_wconf 90' lang='lat'>11,</span> <span class='ocrx_word' id='word_1_191' title='bbox 1210 1329 1248 1364; x_wconf 88' lang='lat' dir='ltr'>p.</span> <span class='ocrx_word' id='word_1_192' title='bbox 1282 1307 1455 1361; x_wconf 73' lang='lat' dir='ltr'>81],&#39;his</span> <span class='ocrx_word' id='word_1_193' title='bbox 1485 1313 1618 1350; x_wconf 83' lang='lat' dir='ltr'>verbis</span> <span class='ocrx_word' id='word_1_194' title='bbox 1655 1329 1661 1350; x_wconf 90' lang='grc'>;</span> <span class='ocrx_word' id='word_1_195' title='bbox 1692 1315 1778 1352; x_wconf 89' lang='lat' dir='ltr'>Hoc</span> 
     </span>
     <span class='ocr_line' id='line_1_20' title="bbox 76 1371 1778 1423; baseline -0.001 -12"><span class='ocrx_word' id='word_1_196' title='bbox 76 1387 186 1411; x_wconf 87' lang='lat' dir='ltr'>anno</span> <span class='ocrx_word' id='word_1_197' title='bbox 204 1374 390 1412; x_wconf 89' lang='lat' dir='ltr'>dominus</span> <span class='ocrx_word' id='word_1_198' title='bbox 409 1374 604 1423; x_wconf 73' lang='lat' dir='ltr'>Alsonsus</span> <span class='ocrx_word' id='word_1_199' title='bbox 629 1375 674 1411; x_wconf 86' lang='lat' dir='ltr'>de</span> <span class='ocrx_word' id='word_1_200' title='bbox 696 1374 919 1423; x_wconf 78' lang='lat' dir='ltr'>Hispania,</span> <span class='ocrx_word' id='word_1_201' title='bbox 942 1387 987 1410; x_wconf 76' lang='lat' dir='ltr'>ex</span> <span class='ocrx_word' id='word_1_202' title='bbox 1013 1373 1149 1411; x_wconf 79' lang='lat' dir='ltr'>clerico</span> <span class='ocrx_word' id='word_1_203' title='bbox 1168 1381 1201 1411; x_wconf 90' lang='lat' dir='ltr'>et</span> <span class='ocrx_word' id='word_1_204' title='bbox 1219 1371 1408 1410; x_wconf 82' lang='lat' dir='ltr'>Parisius</span> <span class='ocrx_word' id='word_1_205' title='bbox 1433 1372 1621 1409; x_wconf 84' lang='lat' dir='ltr'>canonico</span> <span class='ocrx_word' id='word_1_206' title='bbox 1652 1387 1778 1422; x_wconf 87' lang='lat' dir='ltr'>nuper</span> 
     </span>
     <span class='ocr_line' id='line_1_21' title="bbox 76 1431 1777 1483; baseline -0.001 -13"><span class='ocrx_word' id='word_1_207' title='bbox 76 1432 207 1481; x_wconf 74' lang='lat' dir='ltr'>factus</span> <span class='ocrx_word' id='word_1_208' title='bbox 226 1433 350 1481; x_wconf 80' lang='lat' dir='ltr'>miles,</span> <span class='ocrx_word' id='word_1_209' title='bbox 370 1447 416 1471; x_wconf 70' lang='lat' dir='ltr'>ecc</span> <span class='ocrx_word' id='word_1_210' title='bbox 434 1433 667 1482; x_wconf 77' lang='lat' dir='ltr'>infirmitate</span> <span class='ocrx_word' id='word_1_211' title='bbox 685 1447 802 1483; x_wconf 86' lang='lat' dir='ltr'>quam</span> <span class='ocrx_word' id='word_1_212' title='bbox 830 1433 873 1470; x_wconf 88' lang='lat' dir='ltr'>in</span> <span class='ocrx_word' id='word_1_213' title='bbox 903 1432 1102 1470; x_wconf 87' lang='lat' dir='ltr'>Vasconia</span> <span class='ocrx_word' id='word_1_214' title='bbox 1128 1440 1340 1481; x_wconf 80' lang='lat' dir='ltr'>acceperat,</span> <span class='ocrx_word' id='word_1_215' title='bbox 1371 1432 1482 1481; x_wconf 86' lang='lat' dir='ltr'>apud</span> <span class='ocrx_word' id='word_1_216' title='bbox 1511 1431 1777 1469; x_wconf 68' lang='lat' dir='ltr'>Gemiliacum</span> 
     </span>
     <span class='ocr_line' id='line_1_22' title="bbox 75 1490 1776 1541; baseline -0.001 -12"><span class='ocrx_word' id='word_1_217' title='bbox 75 1491 192 1541; x_wconf 73' lang='lat' dir='ltr'>juxta</span> <span class='ocrx_word' id='word_1_218' title='bbox 224 1492 413 1530; x_wconf 89' lang='lat' dir='ltr'>Parisius</span> <span class='ocrx_word' id='word_1_219' title='bbox 440 1492 484 1530; x_wconf 89' lang='lat' dir='ltr'>in</span> <span class='ocrx_word' id='word_1_220' title='bbox 510 1493 622 1530; x_wconf 91' lang='lat' dir='ltr'>domo</span> <span class='ocrx_word' id='word_1_221' title='bbox 647 1492 801 1530; x_wconf 81' lang='lat' dir='ltr'>comitis</span> <span class='ocrx_word' id='word_1_222' title='bbox 828 1492 1057 1531; x_wconf 80' lang='lat' dir='ltr'>Sabaudiae</span> <span class='ocrx_word' id='word_1_223' title='bbox 1083 1491 1261 1539; x_wconf 80' lang='lat' dir='ltr'>moritur,</span> <span class='ocrx_word' id='word_1_224' title='bbox 1288 1500 1322 1529; x_wconf 87' lang='lat' dir='ltr'>et</span> <span class='ocrx_word' id='word_1_225' title='bbox 1346 1492 1456 1540; x_wconf 87' lang='lat' dir='ltr'>apud</span> <span class='ocrx_word' id='word_1_226' title='bbox 1480 1490 1776 1528; x_wconf 71' lang='lat' dir='ltr'>praedicatores</span> 
     </span>
     <span class='ocr_line' id='line_1_23' title="bbox 78 1550 1776 1601; baseline -0.001 -13"><span class='ocrx_word' id='word_1_227' title='bbox 78 1550 330 1588; x_wconf 86' lang='lat' dir='ltr'>Parisienses</span> <span class='ocrx_word' id='word_1_228' title='bbox 359 1551 642 1589; x_wconf 84' lang='lat' dir='ltr'>ecclesiasticae</span> <span class='ocrx_word' id='word_1_229' title='bbox 674 1551 845 1590; x_wconf 81' lang='lat' dir='ltr'>traditur</span> <span class='ocrx_word' id='word_1_230' title='bbox 874 1553 1112 1601; x_wconf 83' lang='lat' dir='ltr'>sepulturae.</span> <span class='ocrx_word' id='word_1_231' title='bbox 1157 1551 1220 1588; x_wconf 84' lang='lat' dir='ltr'>Ex</span> <span class='ocrx_word' id='word_1_232' title='bbox 1262 1551 1337 1589; x_wconf 89' lang='lat' dir='ltr'>hoc</span> <span class='ocrx_word' id='word_1_233' title='bbox 1373 1550 1542 1588; x_wconf 75' lang='lat' dir='ltr'>Alfonso</span> <span class='ocrx_word' id='word_1_234' title='bbox 1584 1550 1776 1599; x_wconf 80' lang='lat' dir='ltr'>prognati</span> 
     </span>
     <span class='ocr_line' id='line_1_24' title="bbox 78 1609 1775 1662; baseline 0 -15"><span class='ocrx_word' id='word_1_235' title='bbox 78 1617 176 1647; x_wconf 91' lang='lat' dir='ltr'>sunt</span> <span class='ocrx_word' id='word_1_236' title='bbox 207 1610 271 1648; x_wconf 90' lang='lat' dir='ltr'>hic</span> <span class='ocrx_word' id='word_1_237' title='bbox 306 1610 481 1649; x_wconf 86' lang='lat' dir='ltr'>Karolus</span> <span class='ocrx_word' id='word_1_238' title='bbox 515 1618 556 1648; x_wconf 89' lang='lat' dir='ltr'>et</span> <span class='ocrx_word' id='word_1_239' title='bbox 595 1611 843 1659; x_wconf 82' lang='lat' dir='ltr'>Ludovicus,</span> <span class='ocrx_word' id='word_1_240' title='bbox 876 1612 1064 1662; x_wconf 86' lang='lat' dir='ltr'>princeps</span> <span class='ocrx_word' id='word_1_241' title='bbox 1097 1611 1325 1648; x_wconf 79' lang='lat' dir='ltr'>insularum</span> <span class='ocrx_word' id='word_1_242' title='bbox 1363 1610 1685 1656; x_wconf 85' lang='lat' dir='ltr'>fortunatarum,</span> <span class='ocrx_word' id='word_1_243' title='bbox 1727 1609 1775 1647; x_wconf 87' lang='lat' dir='ltr'>de</span> 
     </span>
     <span class='ocr_line' id='line_1_25' title="bbox 76 1669 1775 1720; baseline 0 -14"><span class='ocrx_word' id='word_1_244' title='bbox 76 1682 160 1718; x_wconf 89' lang='lat' dir='ltr'>quo</span> <span class='ocrx_word' id='word_1_245' title='bbox 198 1684 335 1719; x_wconf 87' lang='lat' dir='ltr'>supra,</span> <span class='ocrx_word' id='word_1_246' title='bbox 375 1685 413 1720; x_wconf 89' lang='lat' dir='ltr'>p.</span> <span class='ocrx_word' id='word_1_247' title='bbox 456 1669 545 1717; x_wconf 88' lang='grc'>913,</span> <span class='ocrx_word' id='word_1_248' title='bbox 582 1670 741 1709; x_wconf 85' lang='lat' dir='ltr'>dictum</span> <span class='ocrx_word' id='word_1_249' title='bbox 780 1679 854 1709; x_wconf 85' lang='lat' dir='ltr'>est.</span> <span class='ocrx_word' id='word_1_250' title='bbox 906 1671 1098 1709; x_wconf 86' lang='lat' dir='ltr'>Nutritus</span> <span class='ocrx_word' id='word_1_251' title='bbox 1142 1670 1277 1708; x_wconf 87' lang='lat' dir='ltr'>fuerat</span> <span class='ocrx_word' id='word_1_252' title='bbox 1325 1669 1500 1707; x_wconf 82' lang='lat' dir='ltr'>Karolus</span> <span class='ocrx_word' id='word_1_253' title='bbox 1547 1682 1639 1706; x_wconf 89' lang='lat' dir='ltr'>cum</span> <span class='ocrx_word' id='word_1_254' title='bbox 1684 1682 1775 1717; x_wconf 82' lang='lat' dir='ltr'>rege</span> 
     </span>
     <span class='ocr_line' id='line_1_26' title="bbox 80 1727 1775 1777; baseline -0.001 -12"><span class='ocrx_word' id='word_1_255' title='bbox 80 1727 330 1766; x_wconf 85' lang='lat' dir='ltr'>Francorum</span> <span class='ocrx_word' id='word_1_256' title='bbox 365 1729 540 1777; x_wconf 86' lang='lat' dir='ltr'>Joanne,</span> <span class='ocrx_word' id='word_1_257' title='bbox 572 1738 619 1767; x_wconf 92' lang='lat' dir='ltr'>ut</span> <span class='ocrx_word' id='word_1_258' title='bbox 665 1730 901 1768; x_wconf 86' lang='lat' dir='ltr'>Matthaeus</span> <span class='ocrx_word' id='word_1_259' title='bbox 939 1730 1139 1768; x_wconf 88' lang='lat' dir='ltr'>Villanius</span> <span class='ocrx_word' id='word_1_260' title='bbox 1176 1730 1319 1777; x_wconf 85' lang='lat' dir='ltr'>tradit,</span> <span class='ocrx_word' id='word_1_261' title='bbox 1349 1729 1418 1768; x_wconf 89' lang='lat' dir='ltr'>lib.</span> <span class='ocrx_word' id='word_1_262' title='bbox 1450 1728 1527 1775; x_wconf 86' lang='grc' dir='ltr'>ΙΙΙ,</span> <span class='ocrx_word' id='word_1_263' title='bbox 1559 1741 1646 1777; x_wconf 88' lang='lat' dir='ltr'>cap.</span> <span class='ocrx_word' id='word_1_264' title='bbox 1692 1741 1775 1765; x_wconf 85' lang='lat' dir='ltr'>xcv</span> 
     </span>
     <span class='ocr_line' id='line_1_27' title="bbox 87 1786 1776 1839; baseline -0.001 -15"><span class='ocrx_word' id='word_1_265' title='bbox 87 1786 318 1837; x_wconf 86' lang='lat' dir='ltr'>[Muratori,</span> <span class='ocrx_word' id='word_1_266' title='bbox 337 1796 366 1826; x_wconf 89' lang='lat' dir='ltr'>t.</span> <span class='ocrx_word' id='word_1_267' title='bbox 388 1802 473 1836; x_wconf 80' lang='lat' dir='ltr'>le,</span> <span class='ocrx_word' id='word_1_268' title='bbox 493 1789 564 1827; x_wconf 66' lang='lat' dir='ltr'>col⁴</span> <span class='ocrx_word' id='word_1_269' title='bbox 588 1788 688 1839; x_wconf 86' lang='lat'><strong>219]</strong></span> <span class='ocrx_word' id='word_1_270' title='bbox 708 1803 717 1830; x_wconf 66' lang='lat' dir='ltr'>v:</span> <span class='ocrx_word' id='word_1_271' title='bbox 738 1789 973 1827; x_wconf 78' lang='lat' dir='ltr'>accresciuto</span> <span class='ocrx_word' id='word_1_272' title='bbox 994 1790 1101 1827; x_wconf 84' lang='lat' dir='ltr'>dalla</span> <span class='ocrx_word' id='word_1_273' title='bbox 1123 1789 1305 1838; x_wconf 75' lang='lat' dir='ltr'>insanzia</span> <span class='ocrx_word' id='word_1_274' title='bbox 1328 1789 1371 1827; x_wconf 87' lang='lat' dir='ltr'>in</span> <span class='ocrx_word' id='word_1_275' title='bbox 1389 1787 1629 1836; x_wconf 74' lang='lat' dir='ltr'>campagnia</span> <span class='ocrx_word' id='word_1_276' title='bbox 1653 1786 1713 1823; x_wconf 72' lang='lat' dir='ltr'>del</span> <span class='ocrx_word' id='word_1_277' title='bbox 1737 1800 1776 1823; x_wconf 91' lang='lat' dir='ltr'>re</span> 
     </span>
     <span class='ocr_line' id='line_1_28' title="bbox 82 1844 1774 1899; baseline -0.001 -16"><span class='ocrx_word' id='word_1_278' title='bbox 82 1845 283 1884; x_wconf 70' lang='lat' dir='ltr'>Giovanni</span> <span class='ocrx_word' id='word_1_279' title='bbox 319 1844 359 1884; x_wconf 77' lang='lat' dir='ltr'>di</span> <span class='ocrx_word' id='word_1_280' title='bbox 395 1847 585 1886; x_wconf 78' lang='lat' dir='ltr'>Francia.</span> <span class='ocrx_word' id='word_1_281' title='bbox 622 1848 666 1885; x_wconf 92' lang='lat' dir='ltr'>Id</span> <span class='ocrx_word' id='word_1_282' title='bbox 697 1849 833 1899; x_wconf 89' lang='lat' dir='ltr'>ipsum</span> <span class='ocrx_word' id='word_1_283' title='bbox 873 1857 1053 1887; x_wconf 86' lang='lat' dir='ltr'>testatur</span> <span class='ocrx_word' id='word_1_284' title='bbox 1074 1849 1159 1899; x_wconf 84' lang='lat' dir='ltr'>ipse</span> <span class='ocrx_word' id='word_1_285' title='bbox 1193 1850 1374 1887; x_wconf 82' lang='lat' dir='ltr'>Joannes</span> <span class='ocrx_word' id='word_1_286' title='bbox 1398 1849 1440 1886; x_wconf 90' lang='lat' dir='ltr'>in</span> <span class='ocrx_word' id='word_1_287' title='bbox 1467 1846 1593 1885; x_wconf 86' lang='lat' dir='ltr'>literis</span> <span class='ocrx_word' id='word_1_288' title='bbox 1626 1845 1774 1895; x_wconf 88' lang='lat' dir='ltr'>quibus</span> 
     </span>
     <span class='ocr_line' id='line_1_29' title="bbox 79 1904 1776 1957; baseline 0 -15"><span class='ocrx_word' id='word_1_289' title='bbox 79 1905 431 1955; x_wconf 79' lang='lat' dir='ltr'>Eng‘olismensem</span> <span class='ocrx_word' id='word_1_290' title='bbox 453 1907 701 1945; x_wconf 83' lang='lat' dir='ltr'>comitatum</span> <span class='ocrx_word' id='word_1_291' title='bbox 721 1908 836 1946; x_wconf 88' lang='lat' dir='ltr'>dedit</span> <span class='ocrx_word' id='word_1_292' title='bbox 862 1908 1029 1955; x_wconf 82' lang='lat' dir='ltr'>Karolo,</span> <span class='ocrx_word' id='word_1_293' title='bbox 1047 1921 1151 1957; x_wconf 87' lang='lat' dir='ltr'>quae</span> <span class='ocrx_word' id='word_1_294' title='bbox 1171 1916 1320 1946; x_wconf 85' lang='lat' dir='ltr'>extant</span> <span class='ocrx_word' id='word_1_295' title='bbox 1340 1909 1380 1946; x_wconf 89' lang='lat' dir='ltr'>in</span> <span class='ocrx_word' id='word_1_296' title='bbox 1402 1909 1565 1956; x_wconf 81' lang='lat' dir='ltr'>Regesto</span> <span class='ocrx_word' id='word_1_297' title='bbox 1584 1904 1776 1942; x_wconf 86' lang='lat' dir='ltr'><em>LXXXI</em></span> 
     </span>
     <span class='ocr_line' id='line_1_30' title="bbox 73 1963 1773 2018; baseline 0 -16"><span class='ocrx_word' id='word_1_298' title='bbox 73 1964 233 2002; x_wconf 87' lang='lat' dir='ltr'>archivi</span> <span class='ocrx_word' id='word_1_299' title='bbox 257 1965 355 2014; x_wconf 84' lang='lat' dir='ltr'>regii</span> <span class='ocrx_word' id='word_1_300' title='bbox 382 1965 506 2004; x_wconf 89' lang='lat' dir='ltr'>Paris.</span> <span class='ocrx_word' id='word_1_301' title='bbox 546 1966 635 2016; x_wconf 86' lang='lat' dir='ltr'>[JJ.</span> <span class='ocrx_word' id='word_1_302' title='bbox 661 1963 737 2018; x_wconf 87' lang='grc'>81]</span> <span class='ocrx_word' id='word_1_303' title='bbox 775 1981 862 2017; x_wconf 88' lang='lat' dir='ltr'>cap.</span> <span class='ocrx_word' id='word_1_304' title='bbox 899 1979 1070 2014; x_wconf 76' lang='lat' dir='ltr'>anxw,</span> <span class='ocrx_word' id='word_1_305' title='bbox 1096 1967 1137 2004; x_wconf 92' lang='lat' dir='ltr'>in</span> <span class='ocrx_word' id='word_1_306' title='bbox 1171 1967 1320 2017; x_wconf 84' lang='lat' dir='ltr'>quibus</span> <span class='ocrx_word' id='word_1_307' title='bbox 1354 1969 1413 2006; x_wconf 91' lang='lat' dir='ltr'>ita</span> <span class='ocrx_word' id='word_1_308' title='bbox 1447 1966 1647 2016; x_wconf 85' lang='lat' dir='ltr'>scriptum</span> <span class='ocrx_word' id='word_1_309' title='bbox 1675 1973 1737 2003; x_wconf 89' lang='lat' dir='ltr'>est</span> <span class='ocrx_word' id='word_1_310' title='bbox 1765 1980 1773 2002; x_wconf 88' lang='lat'>:</span> 
     </span>
     <span class='ocr_line' id='line_1_31' title="bbox 76 2023 1776 2077; baseline 0 -17"><span class='ocrx_word' id='word_1_311' title='bbox 76 2023 138 2060; x_wconf 86' lang='lat' dir='ltr'>Ea</span> <span class='ocrx_word' id='word_1_312' title='bbox 163 2032 321 2074; x_wconf 88' lang='lat' dir='ltr'>propter</span> <span class='ocrx_word' id='word_1_313' title='bbox 356 2032 492 2063; x_wconf 89' lang='lat' dir='ltr'>notum</span> <span class='ocrx_word' id='word_1_314' title='bbox 515 2025 689 2074; x_wconf 70' lang='lat' dir='ltr'>facimus</span> <span class='ocrx_word' id='word_1_315' title='bbox 727 2026 924 2064; x_wconf 78' lang='lat' dir='ltr'>universis</span> <span class='ocrx_word' id='word_1_316' title='bbox 959 2034 1039 2064; x_wconf 86' lang='lat' dir='ltr'>tam</span> <span class='ocrx_word' id='word_1_317' title='bbox 1065 2027 1315 2075; x_wconf 86' lang='lat' dir='ltr'>presentibus</span> <span class='ocrx_word' id='word_1_318' title='bbox 1350 2041 1468 2077; x_wconf 83' lang='lat' dir='ltr'>quam</span> <span class='ocrx_word' id='word_1_319' title='bbox 1499 2024 1649 2074; x_wconf 75' lang='lat' dir='ltr'>futuris</span> <span class='ocrx_word' id='word_1_320' title='bbox 1674 2024 1776 2074; x_wconf 85' lang='lat' dir='ltr'>quod</span> 
     </span>
     <span class='ocr_line' id='line_1_32' title="bbox 75 2082 1773 2135; baseline 0.002 -16"><span class='ocrx_word' id='word_1_321' title='bbox 75 2095 147 2119; x_wconf 90' lang='lat' dir='ltr'>nos</span> <span class='ocrx_word' id='word_1_322' title='bbox 171 2084 409 2121; x_wconf 83' lang='lat' dir='ltr'>attendentes</span> <span class='ocrx_word' id='word_1_323' title='bbox 441 2084 670 2133; x_wconf 71' lang='lat' dir='ltr'>devotionis,</span> <span class='ocrx_word' id='word_1_324' title='bbox 698 2085 804 2134; x_wconf 77' lang='lat' dir='ltr'>fidei,</span> <span class='ocrx_word' id='word_1_325' title='bbox 831 2094 864 2123; x_wconf 82' lang='lat' dir='ltr'>et</span> <span class='ocrx_word' id='word_1_326' title='bbox 898 2082 1100 2133; x_wconf 82' lang='lat' dir='ltr'>fidelitatis</span> <span class='ocrx_word' id='word_1_327' title='bbox 1126 2086 1287 2135; x_wconf 86' lang='lat' dir='ltr'>probate</span> <span class='ocrx_word' id='word_1_328' title='bbox 1320 2084 1597 2130; x_wconf 83' lang='lat' dir='ltr'>constantiam,</span> <span class='ocrx_word' id='word_1_329' title='bbox 1624 2097 1773 2121; x_wconf 80' lang='lat' dir='ltr'>necnon</span> 
     </span>
     <span class='ocr_line' id='line_1_33' title="bbox 74 2142 1773 2194; baseline 0.001 -15"><span class='ocrx_word' id='word_1_330' title='bbox 74 2142 329 2191; x_wconf 79' lang='lat' dir='ltr'>prudentiam</span> <span class='ocrx_word' id='word_1_331' title='bbox 352 2151 386 2180; x_wconf 89' lang='lat' dir='ltr'>et</span> <span class='ocrx_word' id='word_1_332' title='bbox 408 2143 569 2193; x_wconf 69' lang='lat' dir='ltr'>provide</span> <span class='ocrx_word' id='word_1_333' title='bbox 589 2144 954 2194; x_wconf 75' lang='lat' dir='ltr'>circumspectionis</span> <span class='ocrx_word' id='word_1_334' title='bbox 985 2145 1226 2183; x_wconf 80' lang='lat' dir='ltr'>industriam</span> <span class='ocrx_word' id='word_1_335' title='bbox 1254 2145 1455 2183; x_wconf 80' lang='lat' dir='ltr'>carissimi</span> <span class='ocrx_word' id='word_1_336' title='bbox 1483 2142 1773 2192; x_wconf 81' lang='lat' dir='ltr'>consanguinei</span> 
     </span>
     <span class='ocr_line' id='line_1_34' title="bbox 74 2201 1772 2254; baseline 0.002 -16"><span class='ocrx_word' id='word_1_337' title='bbox 74 2201 198 2238; x_wconf 84' lang='lat' dir='ltr'>nostri</span> <span class='ocrx_word' id='word_1_338' title='bbox 218 2201 361 2240; x_wconf 83' lang='lat' dir='ltr'>Karoli</span> <span class='ocrx_word' id='word_1_339' title='bbox 387 2203 432 2240; x_wconf 85' lang='lat' dir='ltr'>de</span> <span class='ocrx_word' id='word_1_340' title='bbox 455 2203 653 2253; x_wconf 85' lang='lat' dir='ltr'>Yspania,</span> <span class='ocrx_word' id='word_1_341' title='bbox 673 2204 740 2254; x_wconf 83' lang='lat' dir='ltr'>qui</span> <span class='ocrx_word' id='word_1_342' title='bbox 768 2204 812 2241; x_wconf 88' lang='lat' dir='ltr'>de</span> <span class='ocrx_word' id='word_1_343' title='bbox 838 2204 961 2253; x_wconf 85' lang='lat' dir='ltr'>stirpe</span> <span class='ocrx_word' id='word_1_344' title='bbox 988 2204 1183 2253; x_wconf 82' lang='lat' dir='ltr'>regalium</span> <span class='ocrx_word' id='word_1_345' title='bbox 1207 2203 1522 2252; x_wconf 81' lang='lat' dir='ltr'>predecessorum</span> <span class='ocrx_word' id='word_1_346' title='bbox 1552 2211 1772 2240; x_wconf 80' lang='lat' dir='ltr'>nostrorum</span> 
     </span>
     <span class='ocr_line' id='line_1_35' title="bbox 75 2260 1772 2312; baseline 0 -15"><span class='ocrx_word' id='word_1_347' title='bbox 75 2260 250 2298; x_wconf 84' lang='lat' dir='ltr'>noscitur</span> <span class='ocrx_word' id='word_1_348' title='bbox 263 2261 518 2310; x_wconf 81' lang='lat' dir='ltr'>descendisse,</span> <span class='ocrx_word' id='word_1_349' title='bbox 531 2271 566 2300; x_wconf 89' lang='lat' dir='ltr'>et</span> <span class='ocrx_word' id='word_1_350' title='bbox 581 2263 787 2301; x_wconf 83' lang='lat' dir='ltr'>nobiscum</span> <span class='ocrx_word' id='word_1_351' title='bbox 798 2263 969 2312; x_wconf 87' lang='lat' dir='ltr'>pueritie</span> <span class='ocrx_word' id='word_1_352' title='bbox 984 2263 1223 2301; x_wconf 85' lang='lat' dir='ltr'>incrementa</span> <span class='ocrx_word' id='word_1_353' title='bbox 1237 2276 1375 2311; x_wconf 88' lang='lat' dir='ltr'>suscep</span> <span class='ocrx_word' id='word_1_354' title='bbox 1383 2264 1422 2308; x_wconf 86' lang='lat' dir='ltr'>it,</span> <span class='ocrx_word' id='word_1_355' title='bbox 1441 2271 1552 2312; x_wconf 81' lang='lat' dir='ltr'>grata</span> <span class='ocrx_word' id='word_1_356' title='bbox 1566 2271 1601 2300; x_wconf 87' lang='lat' dir='ltr'>et</span> <span class='ocrx_word' id='word_1_357' title='bbox 1615 2268 1772 2309; x_wconf 82' lang='lat' dir='ltr'>accepta</span> 
     </span>
     <span class='ocr_line' id='line_1_36' title="bbox 70 2319 1769 2372; baseline 0 -16"><span class='ocrx_word' id='word_1_358' title='bbox 70 2319 247 2367; x_wconf 72' lang='lat' dir='ltr'>servitia,</span> <span class='ocrx_word' id='word_1_359' title='bbox 267 2328 343 2358; x_wconf 85' lang='lat' dir='ltr'>etc.</span> <span class='ocrx_word' id='word_1_360' title='bbox 368 2320 430 2359; x_wconf 92' lang='lat' dir='ltr'>Ob</span> <span class='ocrx_word' id='word_1_361' title='bbox 453 2321 567 2358; x_wconf 87' lang='lat' dir='ltr'>illam</span> <span class='ocrx_word' id='word_1_362' title='bbox 588 2336 756 2360; x_wconf 85' lang='lat' dir='ltr'>causam</span> <span class='ocrx_word' id='word_1_363' title='bbox 784 2322 904 2360; x_wconf 86' lang='lat' dir='ltr'>valde</span> <span class='ocrx_word' id='word_1_364' title='bbox 928 2336 1043 2360; x_wconf 87' lang='lat' dir='ltr'>carus</span> <span class='ocrx_word' id='word_1_365' title='bbox 1071 2331 1160 2360; x_wconf 88' lang='lat' dir='ltr'>erat</span> <span class='ocrx_word' id='word_1_366' title='bbox 1178 2323 1273 2372; x_wconf 82' lang='lat' dir='ltr'>regi,</span> <span class='ocrx_word' id='word_1_367' title='bbox 1292 2331 1340 2360; x_wconf 91' lang='lat' dir='ltr'>ut</span> <span class='ocrx_word' id='word_1_368' title='bbox 1357 2323 1417 2360; x_wconf 91' lang='lat' dir='ltr'>ait</span> <span class='ocrx_word' id='word_1_369' title='bbox 1437 2323 1546 2360; x_wconf 90' lang='lat' dir='ltr'>idem</span> <span class='ocrx_word' id='word_1_370' title='bbox 1572 2320 1769 2358; x_wconf 81' lang='lat' dir='ltr'>Villanius</span> 
     </span>
     <span class='ocr_line' id='line_1_37' title="bbox 72 2377 1769 2433; baseline -0.001 -18"><span class='ocrx_word' id='word_1_371' title='bbox 72 2378 116 2416; x_wconf 86' lang='lat' dir='ltr'>in</span> <span class='ocrx_word' id='word_1_372' title='bbox 147 2378 236 2416; x_wconf 90' lang='grc'>1000</span> <span class='ocrx_word' id='word_1_373' title='bbox 260 2379 394 2433; x_wconf 73' lang='grc' dir='ltr'>ρ3ι110ι</span> <span class='ocrx_word' id='word_1_374' title='bbox 417 2388 513 2418; x_wconf 90' lang='lat' dir='ltr'>ante</span> <span class='ocrx_word' id='word_1_375' title='bbox 537 2381 722 2428; x_wconf 87' lang='lat' dir='ltr'>laudato,</span> <span class='ocrx_word' id='word_1_376' title='bbox 747 2389 781 2419; x_wconf 83' lang='lat' dir='ltr'>et</span> <span class='ocrx_word' id='word_1_377' title='bbox 806 2381 835 2419; x_wconf 83' lang='lat' dir='ltr'>il</span> <span class='ocrx_word' id='word_1_378' title='bbox 865 2395 904 2418; x_wconf 91' lang='lat' dir='ltr'>re</span> <span class='ocrx_word' id='word_1_379' title='bbox 939 2381 993 2430; x_wconf 77' lang='lat' dir='ltr'>gli</span> <span class='ocrx_word' id='word_1_380' title='bbox 1019 2390 1213 2420; x_wconf 66' lang='lat' dir='ltr'>mostrava</span> <span class='ocrx_word' id='word_1_381' title='bbox 1244 2382 1450 2431; x_wconf 81' lang='lat' dir='ltr'>singulare</span> <span class='ocrx_word' id='word_1_382' title='bbox 1476 2395 1617 2419; x_wconf 87' lang='lat' dir='ltr'>amore.</span> <span class='ocrx_word' id='word_1_383' title='bbox 1652 2377 1769 2425; x_wconf 86' lang='lat' dir='ltr'>Item,</span> 
     </span>
     <span class='ocr_line' id='line_1_38' title="bbox 72 2437 1769 2491; baseline 0 -17"><span class='ocrx_word' id='word_1_384' title='bbox 72 2437 142 2476; x_wconf 88' lang='lat' dir='ltr'>lib.</span> <span class='ocrx_word' id='word_1_385' title='bbox 168 2437 238 2484; x_wconf 93' lang='lat' dir='ltr'>VI,</span> <span class='ocrx_word' id='word_1_386' title='bbox 259 2452 346 2488; x_wconf 89' lang='lat' dir='ltr'>cap.</span> <span class='ocrx_word' id='word_1_387' title='bbox 373 2453 477 2476; x_wconf 80' lang='lat' dir='ltr'>xxlv</span> <span class='ocrx_word' id='word_1_388' title='bbox 512 2439 742 2489; x_wconf 84' lang='lat' dir='ltr'>[Muratori,</span> <span class='ocrx_word' id='word_1_389' title='bbox 766 2449 796 2479; x_wconf 93' lang='lat' dir='ltr'>t.</span> <span class='ocrx_word' id='word_1_390' title='bbox 818 2455 904 2487; x_wconf 80' lang='grc' dir='ltr'>Χιν,</span> <span class='ocrx_word' id='word_1_391' title='bbox 926 2441 1000 2479; x_wconf 90' lang='lat' dir='ltr'>col.</span> <span class='ocrx_word' id='word_1_392' title='bbox 1021 2440 1145 2491; x_wconf 79' lang='lat'>369]:</span> <span class='ocrx_word' id='word_1_393' title='bbox 1166 2456 1189 2479; x_wconf 89' lang='grc' dir='ltr'><em>α</em></span> <span class='ocrx_word' id='word_1_394' title='bbox 1207 2441 1271 2478; x_wconf 86' lang='lat' dir='ltr'>cui</span> <span class='ocrx_word' id='word_1_395' title='bbox 1291 2440 1321 2478; x_wconf 86' lang='lat' dir='ltr'>il</span> <span class='ocrx_word' id='word_1_396' title='bbox 1347 2455 1397 2487; x_wconf 90' lang='lat' dir='ltr'>re,</span> <span class='ocrx_word' id='word_1_397' title='bbox 1419 2442 1582 2479; x_wconf 88' lang='lat' dir='ltr'>secondo</span> <span class='ocrx_word' id='word_1_398' title='bbox 1602 2440 1631 2476; x_wconf 82' lang='lat' dir='ltr'>il</span> <span class='ocrx_word' id='word_1_399' title='bbox 1647 2438 1769 2486; x_wconf 66' lang='lat' dir='ltr'>volgo,</span> 
     </span>
     <span class='ocr_line' id='line_1_39' title="bbox 71 2495 1771 2550; baseline 0.001 -18"><span class='ocrx_word' id='word_1_400' title='bbox 71 2495 194 2533; x_wconf 76' lang='lat' dir='ltr'>havea</span> <span class='ocrx_word' id='word_1_401' title='bbox 205 2505 356 2546; x_wconf 87' lang='lat' dir='ltr'>portato</span> <span class='ocrx_word' id='word_1_402' title='bbox 371 2498 617 2537; x_wconf 82' lang='lat' dir='ltr'>disordinato</span> <span class='ocrx_word' id='word_1_403' title='bbox 631 2514 773 2538; x_wconf 87' lang='lat' dir='ltr'>amore.</span> <span class='ocrx_word' id='word_1_404' title='bbox 792 2499 1066 2538; x_wconf 89' lang='lat' dir='ltr'>Continuator</span> <span class='ocrx_word' id='word_1_405' title='bbox 1085 2500 1247 2550; x_wconf 81' lang='lat' dir='ltr'>Nangii,</span> <span class='ocrx_word' id='word_1_406' title='bbox 1266 2497 1313 2548; x_wconf 84' lang='lat' dir='ltr'>[t.</span> <span class='ocrx_word' id='word_1_407' title='bbox 1330 2514 1370 2547; x_wconf 87' lang='lat'>11,</span> <span class='ocrx_word' id='word_1_408' title='bbox 1392 2515 1430 2550; x_wconf 92' lang='lat' dir='ltr'>p.</span> <span class='ocrx_word' id='word_1_409' title='bbox 1449 2497 1539 2547; x_wconf 80' lang='lat'>227]</span> <span class='ocrx_word' id='word_1_410' title='bbox 1563 2516 1569 2537; x_wconf 90' lang='lat'>:</span> <span class='ocrx_word' id='word_1_411' title='bbox 1592 2497 1771 2536; x_wconf 56' lang='lat' dir='ltr'>AIultum</span> 
     </span>
     <span class='ocr_line' id='line_1_40' title="bbox 70 2554 1768 2608; baseline 0 -16"><span class='ocrx_word' id='word_1_412' title='bbox 70 2554 235 2594; x_wconf 83' lang='lat' dir='ltr'>dilectus</span> <span class='ocrx_word' id='word_1_413' title='bbox 261 2570 285 2593; x_wconf 85' lang='lat' dir='ltr'>a</span> <span class='ocrx_word' id='word_1_414' title='bbox 312 2571 398 2606; x_wconf 82' lang='lat' dir='ltr'>rege</span> <span class='ocrx_word' id='word_1_415' title='bbox 425 2557 622 2595; x_wconf 88' lang='lat' dir='ltr'>Franciae</span> <span class='ocrx_word' id='word_1_416' title='bbox 656 2558 840 2596; x_wconf 83' lang='lat' dir='ltr'>Johanne</span> <span class='ocrx_word' id='word_1_417' title='bbox 866 2567 958 2606; x_wconf 86' lang='lat' dir='ltr'>erat,</span> <span class='ocrx_word' id='word_1_418' title='bbox 987 2567 1020 2597; x_wconf 81' lang='lat' dir='ltr'>et</span> <span class='ocrx_word' id='word_1_419' title='bbox 1050 2559 1270 2608; x_wconf 77' lang='lat' dir='ltr'>familiaris</span> <span class='ocrx_word' id='word_1_420' title='bbox 1305 2559 1434 2607; x_wconf 78' lang='lat' dir='ltr'>suerat</span> <span class='ocrx_word' id='word_1_421' title='bbox 1460 2560 1581 2597; x_wconf 72' lang='lat' dir='ltr'>valde.</span> <span class='ocrx_word' id='word_1_422' title='bbox 1619 2559 1768 2595; x_wconf 87' lang='lat' dir='ltr'>Factus</span> 
     </span>
     <span class='ocr_line' id='line_1_41' title="bbox 70 2614 1768 2666; baseline 0.001 -15"><span class='ocrx_word' id='word_1_423' title='bbox 70 2614 124 2652; x_wconf 89' lang='lat' dir='ltr'>ab</span> <span class='ocrx_word' id='word_1_424' title='bbox 152 2629 198 2653; x_wconf 90' lang='grc'>00</span> <span class='ocrx_word' id='word_1_425' title='bbox 226 2615 361 2653; x_wconf 88' lang='lat' dir='ltr'>fuerat</span> <span class='ocrx_word' id='word_1_426' title='bbox 398 2617 749 2655; x_wconf 89' lang='lat' dir='ltr'>conestabularius</span> <span class='ocrx_word' id='word_1_427' title='bbox 784 2632 892 2656; x_wconf 89' lang='lat' dir='ltr'>anno</span> <span class='ocrx_word' id='word_1_428' title='bbox 922 2618 1130 2665; x_wconf 89' lang='lat' dir='ltr'>MCCCLI,</span> <span class='ocrx_word' id='word_1_429' title='bbox 1161 2632 1297 2656; x_wconf 88' lang='lat' dir='ltr'>mense</span> <span class='ocrx_word' id='word_1_430' title='bbox 1324 2618 1528 2666; x_wconf 87' lang='lat' dir='ltr'>januario,</span> <span class='ocrx_word' id='word_1_431' title='bbox 1558 2625 1604 2654; x_wconf 89' lang='lat' dir='ltr'>ut</span> <span class='ocrx_word' id='word_1_432' title='bbox 1645 2615 1768 2654; x_wconf 85' lang='lat' dir='ltr'>refert</span> 
     </span>
     <span class='ocr_line' id='line_1_42' title="bbox 73 2674 1767 2727; baseline 0 -16"><span class='ocrx_word' id='word_1_433' title='bbox 73 2674 338 2722; x_wconf 82' lang='lat' dir='ltr'>Froissartus,</span> <span class='ocrx_word' id='word_1_434' title='bbox 371 2683 401 2714; x_wconf 89' lang='lat' dir='ltr'>t.</span> <span class='ocrx_word' id='word_1_435' title='bbox 435 2690 491 2723; x_wconf 81' lang='grc' dir='ltr'>ιν,</span> <span class='ocrx_word' id='word_1_436' title='bbox 524 2691 562 2726; x_wconf 92' lang='lat' dir='ltr'>p.</span> <span class='ocrx_word' id='word_1_437' title='bbox 596 2676 683 2724; x_wconf 85' lang='lat'><strong>129,</strong></span> <span class='ocrx_word' id='word_1_438' title='bbox 717 2677 801 2726; x_wconf 85' lang='lat' dir='ltr'>qui,</span> <span class='ocrx_word' id='word_1_439' title='bbox 834 2692 872 2727; x_wconf 89' lang='lat' dir='ltr'>p.</span> <span class='ocrx_word' id='word_1_440' title='bbox 908 2677 1092 2723; x_wconf 82' lang='lat'><strong>129-131,</strong></span> <span class='ocrx_word' id='word_1_441' title='bbox 1128 2675 1213 2724; x_wconf 80' lang='lat' dir='ltr'>agit</span> <span class='ocrx_word' id='word_1_442' title='bbox 1234 2677 1282 2714; x_wconf 88' lang='lat' dir='ltr'>de</span> <span class='ocrx_word' id='word_1_443' title='bbox 1315 2677 1437 2714; x_wconf 86' lang='lat' dir='ltr'>caede</span> <span class='ocrx_word' id='word_1_444' title='bbox 1469 2677 1568 2725; x_wconf 83' lang='lat' dir='ltr'>ejus.</span> <span class='ocrx_word' id='word_1_445' title='bbox 1604 2676 1767 2713; x_wconf 87' lang='lat' dir='ltr'>Liberos</span> 
     </span>
    </p>
   </div>
   <div class='ocr_carea' id='block_1_3' title="bbox 67 2825 1767 3135">
    <p class='ocr_par' dir='ltr' id='par_1_4' title="bbox 119 2825 949 2867">
     <span class='ocr_line' id='line_1_43' title="bbox 119 2825 949 2867; baseline 0.004 -9"><span class='ocrx_word' id='word_1_446' title='bbox 119 2826 149 2858; x_wconf 83' lang='lat'>1.</span> <span class='ocrx_word' id='word_1_447' title='bbox 186 2825 223 2858; x_wconf 72' lang='grc' dir='ltr'>Β.</span> <span class='ocrx_word' id='word_1_448' title='bbox 250 2826 307 2866; x_wconf 87' lang='grc' dir='ltr'>Ν.,</span> <span class='ocrx_word' id='word_1_449' title='bbox 333 2838 402 2859; x_wconf 83' lang='lat' dir='ltr'>ms.</span> <span class='ocrx_word' id='word_1_450' title='bbox 432 2826 527 2860; x_wconf 88' lang='lat' dir='ltr'>latin</span> <span class='ocrx_word' id='word_1_451' title='bbox 555 2827 651 2861; x_wconf 80' lang='lat'><em>4931</em></span> <span class='ocrx_word' id='word_1_452' title='bbox 672 2827 715 2867; x_wconf 85' lang='lat' dir='ltr'>A,</span> <span class='ocrx_word' id='word_1_453' title='bbox 739 2828 800 2862; x_wconf 81' lang='lat' dir='ltr'>fol.</span> <span class='ocrx_word' id='word_1_454' title='bbox 824 2830 892 2863; x_wconf 89' lang='grc'>175</span> <span class='ocrx_word' id='word_1_455' title='bbox 906 2833 949 2862; x_wconf 87' lang='lat' dir='ltr'>r0.</span> 
     </span>
    </p>

    <p class='ocr_par' dir='ltr' id='par_1_5' title="bbox 67 2879 1767 2979">
     <span class='ocr_line' id='line_1_44' title="bbox 119 2879 1767 2925; baseline 0.002 -14"><span class='ocrx_word' id='word_1_456' title='bbox 119 2880 149 2912; x_wconf 78' lang='lat'>2.</span> <span class='ocrx_word' id='word_1_457' title='bbox 179 2879 267 2912; x_wconf 89' lang='lat' dir='ltr'>Voir</span> <span class='ocrx_word' id='word_1_458' title='bbox 295 2879 339 2913; x_wconf 91' lang='lat' dir='ltr'>H.</span> <span class='ocrx_word' id='word_1_459' title='bbox 368 2880 410 2913; x_wconf 94' lang='lat' dir='ltr'>V.</span> <span class='ocrx_word' id='word_1_460' title='bbox 440 2880 647 2914; x_wconf 88' lang='lat' dir='ltr'>Sauerland</span> <span class='ocrx_word' id='word_1_461' title='bbox 676 2881 895 2924; x_wconf 70' lang='lat' dir='ltr'>(Urkunden</span> <span class='ocrx_word' id='word_1_462' title='bbox 921 2883 997 2916; x_wconf 86' lang='lat' dir='ltr'>und</span> <span class='ocrx_word' id='word_1_463' title='bbox 1020 2883 1193 2925; x_wconf 81' lang='lat' dir='ltr'>Regesten</span> <span class='ocrx_word' id='word_1_464' title='bbox 1227 2894 1290 2915; x_wconf 75' lang='lat' dir='ltr'>zur</span> <span class='ocrx_word' id='word_1_465' title='bbox 1320 2882 1522 2915; x_wconf 79' lang='lat' dir='ltr'>Geschi&#39;clite</span> <span class='ocrx_word' id='word_1_466' title='bbox 1547 2882 1608 2914; x_wconf 86' lang='lat' dir='ltr'>der</span> <span class='ocrx_word' id='word_1_467' title='bbox 1631 2881 1767 2914; x_wconf 83' lang='lat' dir='ltr'>Rhein-</span> 
     </span>
     <span class='ocr_line' id='line_1_45' title="bbox 67 2931 1071 2979; baseline 0.005 -15"><span class='ocrx_word' id='word_1_468' title='bbox 67 2931 185 2971; x_wconf 87' lang='lat' dir='ltr'>lande,</span> <span class='ocrx_word' id='word_1_469' title='bbox 206 2932 324 2972; x_wconf 89' lang='lat' dir='ltr'>Bonn,</span> <span class='ocrx_word' id='word_1_470' title='bbox 345 2933 450 2973; x_wconf 87' lang='grc'>1910,</span> <span class='ocrx_word' id='word_1_471' title='bbox 471 2939 497 2967; x_wconf 90' lang='lat' dir='ltr'>t.</span> <span class='ocrx_word' id='word_1_472' title='bbox 516 2946 567 2974; x_wconf 85' lang='lat' dir='ltr'>1v‚</span> <span class='ocrx_word' id='word_1_473' title='bbox 589 2946 623 2968; x_wconf 91' lang='lat' dir='ltr'>n.</span> <span class='ocrx_word' id='word_1_474' title='bbox 645 2935 714 2968; x_wconf 89' lang='grc'>100</span> <span class='ocrx_word' id='word_1_475' title='bbox 733 2941 771 2968; x_wconf 82' lang='grc'>01;</span> <span class='ocrx_word' id='word_1_476' title='bbox 789 2941 816 2968; x_wconf 84' lang='lat' dir='ltr'>t.</span> <span class='ocrx_word' id='word_1_477' title='bbox 838 2947 873 2975; x_wconf 90' lang='lat' dir='ltr'>v,</span> <span class='ocrx_word' id='word_1_478' title='bbox 894 2947 928 2969; x_wconf 91' lang='lat' dir='ltr'>n.</span> <span class='ocrx_word' id='word_1_479' title='bbox 950 2936 1071 2979; x_wconf 87' lang='grc'>1318).</span> 
     </span>
    </p>

    <p class='ocr_par' dir='ltr' id='par_1_6' title="bbox 69 2984 1762 3135">
     <span class='ocr_line' id='line_1_46' title="bbox 118 2984 1762 3031; baseline 0.002 -14"><span class='ocrx_word' id='word_1_480' title='bbox 118 2986 150 3018; x_wconf 89' lang='grc'>3.</span> <span class='ocrx_word' id='word_1_481' title='bbox 180 2984 251 3018; x_wconf 77' lang='lat' dir='ltr'>Sur</span> <span class='ocrx_word' id='word_1_482' title='bbox 273 2985 322 3018; x_wconf 87' lang='lat' dir='ltr'>les</span> <span class='ocrx_word' id='word_1_483' title='bbox 347 2987 602 3029; x_wconf 74' lang='lat' dir='ltr'>evenements,</span> <span class='ocrx_word' id='word_1_484' title='bbox 619 2987 700 3020; x_wconf 89' lang='lat' dir='ltr'>voir</span> <span class='ocrx_word' id='word_1_485' title='bbox 716 2987 866 3021; x_wconf 89' lang='lat' dir='ltr'>Denisse</span> <span class='ocrx_word' id='word_1_486' title='bbox 885 2988 952 3030; x_wconf 87' lang='lat' dir='ltr'>(La</span> <span class='ocrx_word' id='word_1_487' title='bbox 967 2989 1238 3028; x_wconf 73' lang='lat' dir='ltr'>Desolation‚·t.</span> <span class='ocrx_word' id='word_1_488' title='bbox 1264 3000 1301 3026; x_wconf 85' lang='lat'>11,</span> <span class='ocrx_word' id='word_1_489' title='bbox 1328 3000 1361 3031; x_wconf 92' lang='lat' dir='ltr'>p.</span> <span class='ocrx_word' id='word_1_490' title='bbox 1389 2988 1461 3030; x_wconf 84' lang='lat'><strong>99),</strong></span> <span class='ocrx_word' id='word_1_491' title='bbox 1482 2987 1644 3020; x_wconf 85' lang='lat' dir='ltr'>Grandes</span> <span class='ocrx_word' id='word_1_492' title='bbox 1667 2987 1762 3020; x_wconf 81' lang='lat' dir='ltr'>chro-</span> 
     </span>
     <span class='ocr_line' id='line_1_47' title="bbox 69 3038 1762 3084; baseline 0.002 -14"><span class='ocrx_word' id='word_1_493' title='bbox 69 3038 196 3080; x_wconf 90' lang='lat' dir='ltr'>niques</span> <span class='ocrx_word' id='word_1_494' title='bbox 225 3038 293 3081; x_wconf 73' lang='lat' dir='ltr'>(ed.</span> <span class='ocrx_word' id='word_1_495' title='bbox 324 3038 561 3079; x_wconf 88' lang='lat' dir='ltr'>Delachenal‚</span> <span class='ocrx_word' id='word_1_496' title='bbox 591 3046 616 3074; x_wconf 87' lang='lat' dir='ltr'>t.</span> <span class='ocrx_word' id='word_1_497' title='bbox 649 3052 672 3081; x_wconf 87' lang='lat'>1,</span> <span class='ocrx_word' id='word_1_498' title='bbox 713 3052 748 3084; x_wconf 89' lang='lat' dir='ltr'>p.</span> <span class='ocrx_word' id='word_1_499' title='bbox 777 3041 849 3084; x_wconf 85' lang='grc'>64),</span> <span class='ocrx_word' id='word_1_500' title='bbox 879 3040 1106 3074; x_wconf 85' lang='lat' dir='ltr'>Delaehenal</span> <span class='ocrx_word' id='word_1_501' title='bbox 1146 3041 1320 3083; x_wconf 85' lang='lat' dir='ltr'>(Histoire</span> <span class='ocrx_word' id='word_1_502' title='bbox 1358 3042 1399 3074; x_wconf 83' lang='lat' dir='ltr'>de</span> <span class='ocrx_word' id='word_1_503' title='bbox 1433 3040 1581 3073; x_wconf 82' lang='lat' dir='ltr'>Charles</span> <span class='ocrx_word' id='word_1_504' title='bbox 1610 3040 1652 3080; x_wconf 90' lang='lat' dir='ltr'>V,</span> <span class='ocrx_word' id='word_1_505' title='bbox 1687 3047 1711 3073; x_wconf 84' lang='lat' dir='ltr'>t.</span> <span class='ocrx_word' id='word_1_506' title='bbox 1738 3053 1762 3080; x_wconf 86' lang='lat'>1,</span> 
     </span>
     <span class='ocr_line' id='line_1_48' title="bbox 69 3091 444 3135; baseline 0.005 -11"><span class='ocrx_word' id='word_1_507' title='bbox 69 3102 103 3134; x_wconf 86' lang='lat' dir='ltr'>p.</span> <span class='ocrx_word' id='word_1_508' title='bbox 118 3091 238 3131; x_wconf 87' lang='lat'>82-85‚</span> <span class='ocrx_word' id='word_1_509' title='bbox 259 3092 364 3124; x_wconf 59' lang='lat'>1404</span> <span class='ocrx_word' id='word_1_510' title='bbox 373 3091 444 3135; x_wconf 91' lang='lat'>57).</span> 
     </span>
    </p>
   </div>
  </div>
 </body>
</html>
