2083 3458
269 233 351 274 292
902 248 1053 284 ΝΟΤᾼΕ
1088 248 1147 272 AD
1182 247 1310 272 vlTAs
1859 230 1984 286 [790]

268 335 509 373 authentico
547 334 697 384 legitur
743 332 1096 383 quemadmodum
1142 345 1215 369 nos
1261 330 1497 369 monuimus
1544 345 1628 369 esse
1655 352 1657 356 ·
1683 329 1981 380 reponendum.

323 394 489 432 Praeter
508 394 614 431 hanc
634 393 920 442 theologorum
941 390 1276 439 declarationem,
1299 390 1415 440 cujus
1442 390 1677 440 exemplum
1706 389 1877 427 missum
1897 404 1983 427 esse

268 454 319 491 ad
346 467 498 503 papam
524 460 703 491 testatur
729 451 993 489 continuator
1020 449 1183 499 Nangii,
1210 449 1374 488 eosdem
1403 450 1614 499 theologos
1641 448 1741 486 alias
1765 448 1905 486 literas
1931 448 1983 486 ad

269 527 362 551 eum
390 511 596 562 scripsisse
615 512 626 534 ¹
658 511 777 549 docet
799 510 991 548 Nicolaus
1021 509 1214 547 Minorita
1234 509 1261 556 2,
1282 508 1349 548 fol.
1381 508 1457 547 305
1482 513 1531 555 ΓΟ,
1563 508 1714 556 dicens,
1735 507 1830 558 quia
1857 507 1985 545 noluit

269 571 455 614 exaudire
474 572 642 609 doctores
657 579 691 608 et
710 570 918 619 magistros
937 568 1201 615 Parisienses,
1218 568 1285 618 qui
1300 568 1537 606 concorditer
1549 567 1627 605 scri
1630 574 1794 618 pserunt
1806 581 1876 617 per
1888 581 1984 604 suas

269 631 417 668 litteras
439 630 597 668 domino
622 629 800 668 Johanni
823 629 924 678 quod
954 629 1038 678 ipse
1059 636 1210 677 partem
1231 627 1520 677 affirmativam,
1543 626 1691 665 scilicet
1722 626 1824 676 quod
1852 625 1985 664 anime

269 699 494 727 sanctorum
515 689 582 739 qui
603 697 697 726 sunt
719 689 762 726 in
784 689 861 726 celo
882 703 927 725 esc
949 702 1055 725 nunc
1076 687 1207 725 vident
1224 686 1404 724 divinam
1425 686 1648 733 essentiam,
1672 685 1715 723 in
1736 700 1813 735 qua
1835 684 1985 723 nutrita

268 749 397 798 fuerat
422 749 607 786 hactenus
633 748 779 786 devotio
804 747 946 798 populi
971 746 1193 793 christiani,
1221 746 1451 795 dignaretur
1484 760 1613 783 veram
1647 759 1727 782 esse
1752 744 1984 782 determina-

271 808 374 846 tione
395 807 611 858 apostolica
634 807 877 856 confirmare.
905 806 994 844 Rex
1016 805 1142 844 etiam
1165 805 1200 844 ei
1222 805 1419 856 privatim
1443 804 1618 855 scripsit,
1641 813 1689 842 ut
1712 804 1833 842 docet
1856 803 1985 842 conti-

270 875 420 914 nuator
448 867 598 916 Nangii
635 867 680 916 [t.
708 881 749 913 11,
777 881 815 916 p.
846 865 960 915 138],
990 865 1186 903 mandans
1211 864 1292 902 sibi
1326 879 1351 902 a
1386 865 1501 902 latere
1528 864 1717 914 quatinus
1750 862 1985 901 sententiam

272 926 551 975 magistrorum
574 926 617 963 de
640 925 841 973 Parisius,
866 924 932 975 qui
957 924 1096 962 melius
1119 924 1251 962 sciunt
1272 923 1368 974 quid
1389 923 1496 961 debet
1518 923 1638 961 teneri
1661 931 1695 960 et
1716 922 1819 960 credi
1844 922 1887 960 in
1911 921 1986 972 fide

272 1000 389 1035 quam
408 985 577 1035 juristae
599 994 633 1023 et
654 984 728 1022 alii
751 984 894 1031 clerici,
919 984 985 1034 qui
1008 998 1153 1034 parum
1175 991 1245 1021 aut
1267 983 1371 1020 nihil
1392 983 1524 1020 sciunt
1546 983 1589 1020 de
1612 981 1817 1031 theologia,
1841 996 1985 1032 appro-

275 1045 389 1091 baret,
407 1052 441 1082 et
457 1045 558 1094 quod
572 1044 809 1081 sustinentes
825 1043 1067 1081 contrarium
1083 1042 1299 1092 corrigeret.
1319 1043 1471 1081 Contra
1496 1042 1606 1080 idem
1635 1042 1659 1079 J
1664 1056 1815 1080 oannes
1834 1040 1849 1063 3
1874 1041 1985 1091 apud

273 1104 495 1142 Odoricum
520 1103 798 1152 Raynaldum,
823 1117 887 1141 an.
915 1102 1028 1149 1333,
1059 1102 1075 1151 ξ
1099 1101 1162 1149 45,
1181 1101 1244 1149 46,
1268 1102 1416 1140 acriter
1430 1115 1565 1151 regem
1588 1100 1852 1151 reprehendit
1875 1100 1986 1150 quod

274 1164 431 1201 foveret
448 1170 610 1213 partem
628 1162 934 1209 affirmativam,
955 1161 1198 1211 monuitque
1215 1169 1263 1198 ut
1281 1161 1332 1199 ab
1350 1160 1516 1211 incepto
1532 1160 1760 1207 desisteret,
1780 1174 1826 1198 ac
1844 1167 1986 1197 tamen

273 1237 312 1261 se
343 1222 528 1272 pluribus
560 1221 649 1260 aliis
678 1221 806 1260 literis
838 1220 1053 1258 excusavit
1083 1220 1194 1270 apud
1225 1220 1416 1258 eumdem
1446 1234 1581 1270 regem
1613 1227 1654 1258 et
1683 1219 1867 1269 reginam
1885 1218 1985 1268 'ejus

273 1296 457 1329 uxorem,
490 1295 740 1331 conquerens
774 1281 822 1318 de
852 1280 1073 1330 iniquitate
1105 1294 1246 1318 eorum
1277 1279 1346 1329 qui
1378 1294 1417 1318 se
1448 1279 1490 1316 in
1522 1279 1673 1317 crimen
1704 1286 1902 1317 vocarent
1933 1278 1985 1316 ob

273 1355 363 1379 eam
391 1340 689 1390 quaestionem,
718 1354 811 1377 cum
836 1339 922 1389 ipse
950 1339 1050 1376 nihil
1077 1338 1292 1377 statuisset
1319 1347 1392 1376 aut
1420 1338 1748 1386 determinasset,
1776 1338 1847 1376 sed
1874 1337 1985 1376 dicta

272 1408 440 1449 patrum
460 1399 754 1437 tantummodo
776 1398 964 1436 veritatis
986 1398 1244 1448 indagandae
1267 1398 1405 1435 studio
1427 1398 1667 1447 collegisset,
1692 1410 1796 1447 quae
1818 1411 1841 1435 a
1864 1397 1986 1435 Petro

275 1459 451 1508 Rogerii,
472 1458 777 1508 archiepiscopo
799 1458 1144 1506 Rothomagense‚
1167 1457 1330 1496 Gallicis
1355 1457 1489 1495 verbis
1512 1457 1627 1495 reddi
1654 1471 1700 1494 ac
1726 1456 1811 1506 regi
1836 1455 1986 1506 exponi

272 1518 406 1567 jussit.

328 1577 369 1615 P.
399 1577 486 1625 175,
511 1577 578 1626 lig.
607 1577 641 1615 7.
670 1577 841 1614 PLURES
868 1590 1090 1613 AUCTORES
1119 1570 1408 1623 coLLEGERAT,
1435 1576 1477 1613 id
1503 1584 1577 1623 est,
1603 1574 1723 1613 loca4
1747 1582 1986 1613 sanctorum

273 1644 441 1686 patrum
457 1636 505 1674 de
520 1636 675 1674 visione
692 1635 884 1674 beatifica
899 1635 1159 1685 loquentium
1173 1634 1215 1672 in
1230 1643 1450 1684 utramque
1466 1643 1639 1685 partem.
1659 1635 1839 1673 ,Ioannes
1857 1633 1986 1671 XXII

274 1696 313 1732 in
344 1695 517 1745 epistola
547 1695 599 1733 ad
628 1695 811 1744 reginam
842 1693 1037 1732 Franciae
1067 1694 1177 1744 apud
1209 1693 1431 1731 Odoricum
1464 1694 1741 1743 Raynaldum,
1773 1708 1838 1732 an.
1871 1693 1986 1740 1334,

280 1754 296 1802 ξ
323 1754 370 1791 27
399 1770 406 1791 :
434 1754 541 1804 Quid
564 1754 668 1792 cirea
693 1754 932 1804 questionem
957 1753 1124 1790 visionis
1149 1753 1379 1790 animarum
1404 1753 1720 1791 ordinaverimus
1745 1753 1796 1790 ad
1820 1752 1989 1802 regalem

275 1813 457 1851 notitiam
479 1813 673 1851 credimus
696 1813 766 1850 diu
789 1821 843 1850 est
864 1812 1097 1862 pervenisse.
1127 1812 1388 1861 Injun-:cimus
1410 1812 1606 1861 siquidem
1626 1812 1821 1861 fratribus
1844 1811 1989 1849 nostris

274 1872 419 1910 scilicet
440 1872 479 1911 S.
502 1872 548 1911 R.
571 1872 618 1911 E.
640 1872 926 1919 cardinalibus,
948 1887 993 1909 ac
1012 1871 1174 1921 prelatis
1193 1871 1301 1919 aliis,
1322 1880 1356 1908 et
1375 1871 1596 1908 doctoribus
1615 1871 1802 1921 theologie
1820 1885 1866 1909 ac
1882 1870 1989 1920 juris

275 1931 456 1969 canonici
476 1931 724 1982 presentibus
747 1931 789 1968 in
809 1931 933 1978 curia,
956 1939 998 1968 ut
1016 1944 1135 1980 super
1156 1930 1226 1968 illa
1246 1945 1334 1968 cum
1355 1930 1564 1980 diligentia
1583 1931 1777 1978 studeant,
1800 1930 1988 1980 nobisque

275 1991 376 2039 quod
405 1990 462 2027 eis
493 1991 671 2028 videatur
700 1998 910 2040 exponant,
945 1989 1057 2040 Quod
1088 1997 1129 2027 ut
1158 1989 1383 2039 promptius
1414 1998 1572 2040 possent
1600 1989 1739 2039 facere,
1773 1990 1988 2027 multarum

276 2049 552 2087 auctoritatum
575 2058 654 2087 tam
678 2049 842 2086 canonis
865 2049 922 2097 (id
947 2057 1021 2095 est,
1038 2048 1191 2086 Decreti
1219 2048 1416 2087 Gratiani.
1444 2048 1507 2086 Sic
1531 2048 1640 2087 enim
1664 2057 1755 2086 tum
1778 2049 1988 2087 vocabant

276 2108 362 2157 cjus
392 2109 689 2157 collectionem)
720 2123 837 2158 quam
873 2107 1136 2157 originalium
1171 2115 1395 2145 sanctorum
1422 2122 1494 2157 pro
1524 2116 1684 2158 utraque
1720 2116 1830 2158 parte
1858 2108 1988 2146 collec-

278 2176 403 2204 torum.
419 2167 575 2218 copiam
589 2167 767 2217 jecimus.
788 2168 865 2204 Pro
883 2166 1072 2217 opinione
1090 2180 1220 2216 papae
1238 2167 1517 2204 afferebantur
1533 2166 1575 2204 in
1590 2167 1731 2217 primis
1748 2166 1987 2205 testimonia

276 2235 513 2264 sanctorum
537 2226 757 2276 Augustini
782 2234 822 2264 et
844 2225 1056 2272 Bernardi,
1080 2234 1127 2263 ut
1150 2233 1268 2275 patet
1292 2225 1418 2263 etiam
1442 2240 1491 2263 ex
1513 2226 1561 2264 iis
1587 2240 1691 2275 quae
1715 2229 1766 2264 ex
1790 2226 1987 2264 Durando

278 2286 473 2324 Meldensi
492 2286 725 2324 referuntur
745 2285 796 2323 ab
817 2284 992 2323 Odorico
1015 2285 1245 2333 Raynaldo,
1267 2299 1330 2323 an.
1355 2284 1468 2332 1333,
1492 2284 1586 2333 ἓ57,
1601 2285 1672 2323 ubi
1692 2285 1906 2335 singularis
1927 2292 1989 2323 est

280 2345 390 2383 locus
408 2345 455 2383 de
472 2345 720 2383 auctoritate
734 2344 979 2394 scriptorum
995 2343 1126 2381 sancti
1140 2343 1351 2382 Bernardi.
1366 2343 1436 2381 Ait
1451 2343 1558 2381 enim
1574 2344 1645 2381 :Et
1660 2344 1878 2382 notandum
1889 2344 1991 2394 quod

279 2403 366 2441 licet
382 2404 612 2441 Bernardus
627 2403 748 2452 suerit
765 2403 824 2440 vir
842 2417 982 2451 magne
1000 2402 1214 2439 devotionis
1234 2402 1276 2440 in
1294 2403 1467 2440 oratione
1485 2411 1519 2440 et
1535 2403 1796 2451 sermonibus,
1817 2418 1895 2441 non
1910 2402 1991 2452 fuit

280 2469 409 2499 tamen
431 2477 571 2511 magne
591 2462 836 2500 auctoritatis
858 2462 901 2498 in
921 2461 1247 2511 eaepositionibus.
1266 2461 1316 2498 Et
1338 2462 1421 2498 ideo
1444 2462 1487 2498 in
1507 2462 1654 2499 talibus
1672 2462 1739 2512 qui
1761 2463 1842 2501 vult
1867 2470 1990 2512 potest

280 2536 367 2558 eum
395 2529 519 2559 tenere
547 2522 604 2559 vel
630 2535 771 2570 negare
797 2520 883 2558 sine
911 2520 1218 2570 reprehensione.

337 2580 407 2617 His
429 2581 487 2618 ita
508 2581 720 2628 enarratis,
743 2587 928 2630 superest
948 2587 994 2616 ut
1015 2579 1220 2629 paulisper
1240 2588 1496 2617 revertamur
1516 2580 1568 2617 ad
1589 2580 1804 2618 historiam
1825 2594 1989 2630 congre-

281 2639 455 2685 gationis
484 2640 769 2689 theologorum
799 2638 1100 2677 parisiensium.
1134 2638 1321 2676 Diximus
1351 2653 1443 2688 ergo
1472 2647 1639 2689 putasse
1667 2647 1758 2678 tum
1787 2639 1988 2689 quosdam

281 2712 431 2746 papam
458 2698 661 2736 ,loannem
686 2698 845 2735 occulto
870 2696 1036 2734 consilio
1060 2697 1214 2735 misisse
1238 2697 1279 2734 in
1303 2697 1478 2735 Galliam
1502 2698 1737 2737 ministrum
1760 2699 1990 2748 generalem

330 2856 361 2887 «1.
397 2853 537 2885 l)‹=ni[le
561 2859 598 2885 ct
623 2852 829 2890 Chatelain,
855 2851 1141 2891 (fluv-talariam,
1168 2858 1193 2884 ί.
1217 2864 1253 2891 11,
1279 2864 1313 2885 n.
1339 2852 1419 2887 981,
1446 2852 1513 2885 982
1542 2852 1574 2895 (2
1597 2853 1744 2896 janvier
1768 2853 1890 2897 1334).

331 2909 361 2940 2.
391 2907 430 2939 B.
458 2906 514 2945 N„
538 2918 604 2939 ms.
628 2905 722 2938 latin
744 2904 847 2938 5154.

331 2963 361 2992 25.
394 2959 539 2991 Dcnisso
558 2964 595 2991 ct
613 2957 819 2997 Chatelain,
841 2957 1126 2992 Clmrwlarium.
1147 2963 1172 2991 t.
1191 2970 1228 2993 11,
1249 2970 1282 3000 p.
1303 2958 1382 2990 978.

331 3013 361 3044 4.
386 3011 427 3044 N.
449 3011 573 3044 Valois
594 3024 614 3044 a
633 3011 837 3043 ‹lccouvcrt
856 3011 947 3042 daus
966 3010 997 3042 lc
1018 3022 1083 3043 ms.
1106 3010 1199 3043 latin
1217 3011 1322 3050 4367,
1343 3010 1405 3045 fol.
1427 3013 1470 3044 52
1490 3013 1586 3045 r0-82
1613 3017 1657 3053 ΓΟ,
1678 3025 1692 3043 ‹<
1709 3024 1781 3045 une
1811 3012 1991 3057 compila-

288 3065 364 3096 tion
389 3066 431 3097 (lc
455 3071 576 3096 tcxtcs
598 3076 612 3094 »
634 3063 861 3096 interessent
883 3063 915 3094 la
950 3063 1123 3105 question
1146 3064 1351 3107 beatifiquc
1375 3070 1411 3096 ct
1435 3065 1573 3098 divisee
1603 3078 1648 3099 cn
1679 3072 1813 3109 quatre
1837 3065 1991 3110 parties.

283 3118 379 3150 C‘vst
402 3117 557 3149 l’muvre
577 3117 620 3149 dc
640 3116 736 3148 Jcan
757 3116 886 3152 XXII,
909 3117 1126 3149 ‹112110111mcc
1146 3116 1455 3160 Quadripertitum
1479 3117 1540 3161 (H.
1556 3118 1610 3159 L.,
1632 3125 1658 3152 t.
1680 3130 1817 3160 xxxw,
1838 3131 1874 3163 p.
1895 3117 1994 3161 602).

1871 2935 1921 2958 M.

1873 2973 1890 2983 ‚v
