<?xml version="1.0" encoding="UTF-8"?>
<!DOCTYPE html PUBLIC "-//W3C//DTD XHTML 1.0 Transitional//EN"
    "http://www.w3.org/TR/xhtml1/DTD/xhtml1-transitional.dtd">
<html xmlns="http://www.w3.org/1999/xhtml" xml:lang="en" lang="en">
 <head>
  <title>
</title>
<meta http-equiv="Content-Type" content="text/html;charset=utf-8" />
  <meta name='ocr-system' content='tesseract 3.04.00' />
  <meta name='ocr-capabilities' content='ocr_page ocr_carea ocr_par ocr_line ocrx_word'/>
</head>
<body>
  <div class='ocr_page' id='page_1' title='image "./vitaepaparumaven02balu_0810.png"; bbox 0 0 2083 3458; ppageno 0'>
   <div class='ocr_carea' id='block_1_1' title="bbox 281 232 1989 289">
    <p class='ocr_par' dir='ltr' id='par_1_1' title="bbox 281 232 1989 289">
     <span class='ocr_line' id='line_1_1' title="bbox 281 232 1989 289; baseline -0.001 -14"><span class='ocrx_word' id='word_1_1' title='bbox 281 234 362 275; x_wconf 84' lang='lat'>800</span> <span class='ocrx_word' id='word_1_2' title='bbox 930 246 1081 272; x_wconf 82' lang='lat' dir='ltr'><strong>NOTAE</strong></span> <span class='ocrx_word' id='word_1_3' title='bbox 1115 247 1176 271; x_wconf 85' lang='lat' dir='ltr'>AD</span> <span class='ocrx_word' id='word_1_4' title='bbox 1211 247 1339 271; x_wconf 76' lang='lat' dir='ltr'>viTAs</span> <span class='ocrx_word' id='word_1_5' title='bbox 1758 272 1762 278; x_wconf 85' lang='grc'>,</span> <span class='ocrx_word' id='word_1_6' title='bbox 1806 237 1808 239; x_wconf 66' lang='grc'><strong><em>’</em></strong></span> <span class='ocrx_word' id='word_1_7' title='bbox 1836 232 1989 289; x_wconf 86' lang='grc'>[1280]</span> 
     </span>
    </p>
   </div>
   <div class='ocr_carea' id='block_1_2' title="bbox 278 328 1993 3057">
    <p class='ocr_par' dir='ltr' id='par_1_2' title="bbox 282 328 1992 677">
     <span class='ocr_line' id='line_1_2' title="bbox 282 328 1991 381; baseline -0.002 -9"><span class='ocrx_word' id='word_1_8' title='bbox 282 334 403 372; x_wconf 87' lang='lat' dir='ltr'>docet</span> <span class='ocrx_word' id='word_1_9' title='bbox 427 331 759 381; x_wconf 81' lang='lat' dir='ltr'>Walsinghamus</span> <span class='ocrx_word' id='word_1_10' title='bbox 795 329 840 380; x_wconf 86' lang='lat' dir='ltr'>[t.</span> <span class='ocrx_word' id='word_1_11' title='bbox 865 345 892 377; x_wconf 86' lang='lat'>1,</span> <span class='ocrx_word' id='word_1_12' title='bbox 915 344 955 380; x_wconf 91' lang='lat' dir='ltr'>p.</span> <span class='ocrx_word' id='word_1_13' title='bbox 980 328 1088 378; x_wconf 64' lang='grc'>3181.</span> <span class='ocrx_word' id='word_1_14' title='bbox 1115 329 1174 367; x_wconf 92' lang='lat' dir='ltr'>De</span> <span class='ocrx_word' id='word_1_15' title='bbox 1198 329 1285 379; x_wconf 84' lang='lat' dir='ltr'>ejus</span> <span class='ocrx_word' id='word_1_16' title='bbox 1309 337 1441 367; x_wconf 88' lang='lat' dir='ltr'>morte</span> <span class='ocrx_word' id='word_1_17' title='bbox 1474 328 1568 368; x_wconf 82' lang='lat' dir='ltr'>vide</span> <span class='ocrx_word' id='word_1_18' title='bbox 1602 330 1794 370; x_wconf 89' lang='lat' dir='ltr'>eumdem</span> <span class='ocrx_word' id='word_1_19' title='bbox 1818 330 1991 369; x_wconf 84' lang='lat' dir='ltr'>Walsin-</span> 
     </span>
     <span class='ocr_line' id='line_1_3' title="bbox 284 387 1991 443; baseline -0.001 -13"><span class='ocrx_word' id='word_1_20' title='bbox 284 394 480 443; x_wconf 79' lang='lat' dir='ltr'>ghamum</span> <span class='ocrx_word' id='word_1_21' title='bbox 507 392 567 441; x_wconf 84' lang='lat' dir='ltr'>[t.</span> <span class='ocrx_word' id='word_1_22' title='bbox 585 406 610 439; x_wconf 91' lang='lat'>1,</span> <span class='ocrx_word' id='word_1_23' title='bbox 628 406 666 441; x_wconf 87' lang='lat' dir='ltr'>p.</span> <span class='ocrx_word' id='word_1_24' title='bbox 694 389 901 439; x_wconf 77' lang='lat'><strong>459-461]‚</strong></span> <span class='ocrx_word' id='word_1_25' title='bbox 926 389 1202 427; x_wconf 85' lang='lat' dir='ltr'>Froissartum</span> <span class='ocrx_word' id='word_1_26' title='bbox 1231 388 1278 438; x_wconf 79' lang='lat' dir='ltr'>[t.</span> <span class='ocrx_word' id='word_1_27' title='bbox 1297 403 1340 436; x_wconf 83' lang='lat' dir='ltr'>x,</span> <span class='ocrx_word' id='word_1_28' title='bbox 1357 403 1397 439; x_wconf 90' lang='lat' dir='ltr'>p.</span> <span class='ocrx_word' id='word_1_29' title='bbox 1417 387 1507 438; x_wconf 82' lang='lat'>111]</span> <span class='ocrx_word' id='word_1_30' title='bbox 1527 397 1568 428; x_wconf 90' lang='lat' dir='ltr'>et</span> <span class='ocrx_word' id='word_1_31' title='bbox 1590 389 1724 428; x_wconf 89' lang='lat' dir='ltr'>Vitam</span> <span class='ocrx_word' id='word_1_32' title='bbox 1750 390 1894 428; x_wconf 84' lang='lat' dir='ltr'>Karoli</span> <span class='ocrx_word' id='word_1_33' title='bbox 1918 391 1991 439; x_wconf 88' lang='lat' dir='ltr'>VI,</span> 
     </span>
     <span class='ocr_line' id='line_1_4' title="bbox 283 448 1992 502; baseline -0.001 -12"><span class='ocrx_word' id='word_1_34' title='bbox 283 452 385 502; x_wconf 79' lang='lat' dir='ltr'>regis</span> <span class='ocrx_word' id='word_1_35' title='bbox 414 452 678 497; x_wconf 79' lang='lat' dir='ltr'>Francorum,</span> <span class='ocrx_word' id='word_1_36' title='bbox 703 464 744 500; x_wconf 87' lang='lat' dir='ltr'>p.</span> <span class='ocrx_word' id='word_1_37' title='bbox 771 448 833 496; x_wconf 84' lang='lat'>18,</span> <span class='ocrx_word' id='word_1_38' title='bbox 854 448 917 496; x_wconf 82' lang='lat'>36,</span> <span class='ocrx_word' id='word_1_39' title='bbox 940 448 1038 487; x_wconf 87' lang='lat' dir='ltr'>edit.</span> <span class='ocrx_word' id='word_1_40' title='bbox 1064 448 1212 498; x_wconf 82' lang='lat' dir='ltr'><strong>regiae.</strong></span> <span class='ocrx_word' id='word_1_41' title='bbox 1237 448 1423 486; x_wconf 77' lang='lat' dir='ltr'>Fratrem</span> <span class='ocrx_word' id='word_1_42' title='bbox 1442 448 1591 487; x_wconf 86' lang='lat' dir='ltr'>habuit</span> <span class='ocrx_word' id='word_1_43' title='bbox 1615 449 1832 497; x_wconf 90' lang='lat' dir='ltr'>Thomam,</span> <span class='ocrx_word' id='word_1_44' title='bbox 1854 450 1992 500; x_wconf 84' lang='lat' dir='ltr'>legum</span> 
     </span>
     <span class='ocr_line' id='line_1_5' title="bbox 283 507 1991 556; baseline -0.001 -6"><span class='ocrx_word' id='word_1_45' title='bbox 283 512 496 550; x_wconf 87' lang='lat' dir='ltr'>doctorem</span> <span class='ocrx_word' id='word_1_46' title='bbox 523 518 564 548; x_wconf 92' lang='lat' dir='ltr'>et</span> <span class='ocrx_word' id='word_1_47' title='bbox 590 518 705 548; x_wconf 90' lang='lat' dir='ltr'>rotae</span> <span class='ocrx_word' id='word_1_48' title='bbox 736 509 948 547; x_wconf 82' lang='lat' dir='ltr'>Romanae</span> <span class='ocrx_word' id='word_1_49' title='bbox 976 507 1223 556; x_wconf 79' lang='lat' dir='ltr'>auditorem,</span> <span class='ocrx_word' id='word_1_50' title='bbox 1251 515 1299 545; x_wconf 88' lang='lat' dir='ltr'>ut</span> <span class='ocrx_word' id='word_1_51' title='bbox 1325 516 1507 546; x_wconf 83' lang='lat' dir='ltr'>testatur</span> <span class='ocrx_word' id='word_1_52' title='bbox 1536 508 1775 548; x_wconf 89' lang='lat' dir='ltr'>Guillelmus</span> <span class='ocrx_word' id='word_1_53' title='bbox 1807 509 1991 548; x_wconf 87' lang='lat' dir='ltr'>Horbort</span> 
     </span>
     <span class='ocr_line' id='line_1_6' title="bbox 284 566 1988 620; baseline -0.001 -11"><span class='ocrx_word' id='word_1_54' title='bbox 284 566 535 609; x_wconf 50' lang='lat' dir='ltr'>A&#39;lemannus</span> <span class='ocrx_word' id='word_1_55' title='bbox 567 569 608 607; x_wconf 89' lang='lat' dir='ltr'>in</span> <span class='ocrx_word' id='word_1_56' title='bbox 640 567 914 607; x_wconf 82' lang='lat' dir='ltr'>decisionibus</span> <span class='ocrx_word' id='word_1_57' title='bbox 948 567 1211 606; x_wconf 88' lang='lat' dir='ltr'>dominorum</span> <span class='ocrx_word' id='word_1_58' title='bbox 1242 568 1290 605; x_wconf 88' lang='lat' dir='ltr'>de</span> <span class='ocrx_word' id='word_1_59' title='bbox 1324 576 1413 607; x_wconf 88' lang='lat' dir='ltr'>rota</span> <span class='ocrx_word' id='word_1_60' title='bbox 1448 582 1548 617; x_wconf 88' lang='lat' dir='ltr'>quas</span> <span class='ocrx_word' id='word_1_61' title='bbox 1589 583 1717 607; x_wconf 86' lang='lat' dir='ltr'>novas</span> <span class='ocrx_word' id='word_1_62' title='bbox 1761 569 1988 620; x_wconf 81' lang='lat' dir='ltr'>appellant,</span> 
     </span>
     <span class='ocr_line' id='line_1_7' title="bbox 283 628 791 677; baseline -0.006 -8"><span class='ocrx_word' id='word_1_63' title='bbox 283 630 405 669; x_wconf 90' lang='lat' dir='ltr'>decis.</span> <span class='ocrx_word' id='word_1_64' title='bbox 433 645 487 677; x_wconf 81' lang='lat' dir='ltr'>vl,</span> <span class='ocrx_word' id='word_1_65' title='bbox 511 630 571 666; x_wconf 88' lang='lat' dir='ltr'>De</span> <span class='ocrx_word' id='word_1_66' title='bbox 596 628 791 666; x_wconf 77' lang='lat' dir='ltr'>electione.</span> 
     </span>
    </p>

    <p class='ocr_par' dir='ltr' id='par_1_3' title="bbox 283 686 1993 918">
     <span class='ocr_line' id='line_1_8' title="bbox 364 686 1990 738; baseline -0.001 -11"><span class='ocrx_word' id='word_1_67' title='bbox 364 690 407 728; x_wconf 89' lang='lat' dir='ltr'>P.</span> <span class='ocrx_word' id='word_1_68' title='bbox 438 689 528 736; x_wconf 86' lang='lat'><strong>483,</strong></span> <span class='ocrx_word' id='word_1_69' title='bbox 558 688 624 738; x_wconf 85' lang='lat' dir='ltr'>lig.</span> <span class='ocrx_word' id='word_1_70' title='bbox 655 689 692 726; x_wconf 90' lang='lat'>4.</span> <span class='ocrx_word' id='word_1_71' title='bbox 724 688 988 725; x_wconf 80' lang='lat' dir='ltr'>ADOPTAVIT.</span> <span class='ocrx_word' id='word_1_72' title='bbox 1020 686 1272 737; x_wconf 77' lang='lat' dir='ltr'>L’adoption</span> <span class='ocrx_word' id='word_1_73' title='bbox 1301 686 1350 724; x_wconf 89' lang='lat' dir='ltr'>de</span> <span class='ocrx_word' id='word_1_74' title='bbox 1382 686 1503 725; x_wconf 88' lang='lat' dir='ltr'>Louis</span> <span class='ocrx_word' id='word_1_75' title='bbox 1535 687 1717 737; x_wconf 84' lang='lat' dir='ltr'>d’Anjou</span> <span class='ocrx_word' id='word_1_76' title='bbox 1746 696 1818 726; x_wconf 88' lang='lat' dir='ltr'>eut</span> <span class='ocrx_word' id='word_1_77' title='bbox 1846 688 1926 726; x_wconf 89' lang='lat' dir='ltr'>lieu</span> <span class='ocrx_word' id='word_1_78' title='bbox 1955 689 1990 727; x_wconf 97' lang='grc'>16</span> 
     </span>
     <span class='ocr_line' id='line_1_9' title="bbox 284 746 1991 799; baseline -0.001 -12"><span class='ocrx_word' id='word_1_79' title='bbox 284 749 333 787; x_wconf 86' lang='grc'>29</span> <span class='ocrx_word' id='word_1_80' title='bbox 347 749 437 799; x_wconf 87' lang='lat' dir='ltr'>juin</span> <span class='ocrx_word' id='word_1_81' title='bbox 454 748 555 788; x_wconf 84' lang='grc'>1380</span> <span class='ocrx_word' id='word_1_82' title='bbox 571 757 612 787; x_wconf 87' lang='lat' dir='ltr'>et</span> <span class='ocrx_word' id='word_1_83' title='bbox 628 747 745 785; x_wconf 86' lang='lat' dir='ltr'>futla</span> <span class='ocrx_word' id='word_1_84' title='bbox 762 761 882 785; x_wconf 88' lang='lat' dir='ltr'>cause</span> <span class='ocrx_word' id='word_1_85' title='bbox 899 747 947 784; x_wconf 90' lang='lat' dir='ltr'>de</span> <span class='ocrx_word' id='word_1_86' title='bbox 964 747 1002 784; x_wconf 88' lang='lat' dir='ltr'>la</span> <span class='ocrx_word' id='word_1_87' title='bbox 1018 746 1213 785; x_wconf 80' lang='lat' dir='ltr'>rebellion</span> <span class='ocrx_word' id='word_1_88' title='bbox 1231 746 1279 784; x_wconf 91' lang='lat' dir='ltr'>de</span> <span class='ocrx_word' id='word_1_89' title='bbox 1296 746 1460 785; x_wconf 77' lang='lat' dir='ltr'>Cliarles</span> <span class='ocrx_word' id='word_1_90' title='bbox 1477 747 1525 785; x_wconf 90' lang='lat' dir='ltr'>de</span> <span class='ocrx_word' id='word_1_91' title='bbox 1545 747 1691 785; x_wconf 89' lang='lat' dir='ltr'>Duras.</span> <span class='ocrx_word' id='word_1_92' title='bbox 1709 748 1895 786; x_wconf 80' lang='lat' dir='ltr'>Clement</span> <span class='ocrx_word' id='word_1_93' title='bbox 1910 748 1991 786; x_wconf 90' lang='lat' dir='ltr'>VII</span> 
     </span>
     <span class='ocr_line' id='line_1_10' title="bbox 283 806 1993 857; baseline -0.001 -10"><span class='ocrx_word' id='word_1_94' title='bbox 283 810 320 847; x_wconf 91' lang='grc'>13</span> <span class='ocrx_word' id='word_1_95' title='bbox 346 809 485 847; x_wconf 85' lang='lat' dir='ltr'>ratifia</span> <span class='ocrx_word' id='word_1_96' title='bbox 511 808 566 847; x_wconf 90' lang='lat' dir='ltr'>les</span> <span class='ocrx_word' id='word_1_97' title='bbox 593 807 641 845; x_wconf 83' lang='lat'>22</span> <span class='ocrx_word' id='word_1_98' title='bbox 667 815 708 845; x_wconf 87' lang='lat' dir='ltr'>et</span> <span class='ocrx_word' id='word_1_99' title='bbox 733 807 782 845; x_wconf 83' lang='lat'>23</span> <span class='ocrx_word' id='word_1_100' title='bbox 806 806 942 857; x_wconf 87' lang='lat' dir='ltr'>juillet</span> <span class='ocrx_word' id='word_1_101' title='bbox 966 806 1136 844; x_wconf 76' lang='lat' dir='ltr'>suivant</span> <span class='ocrx_word' id='word_1_102' title='bbox 1163 806 1229 855; x_wconf 88' lang='lat' dir='ltr'>(N.</span> <span class='ocrx_word' id='word_1_103' title='bbox 1257 806 1305 845; x_wconf 91' lang='lat' dir='ltr'>de</span> <span class='ocrx_word' id='word_1_104' title='bbox 1331 806 1484 854; x_wconf 87' lang='lat' dir='ltr'>Valois,</span> <span class='ocrx_word' id='word_1_105' title='bbox 1509 814 1540 845; x_wconf 93' lang='lat' dir='ltr'>t.</span> <span class='ocrx_word' id='word_1_106' title='bbox 1565 821 1592 854; x_wconf 93' lang='lat'>1,</span> <span class='ocrx_word' id='word_1_107' title='bbox 1617 821 1656 857; x_wconf 89' lang='lat' dir='ltr'>p.</span> <span class='ocrx_word' id='word_1_108' title='bbox 1685 807 1877 854; x_wconf 78' lang='lat'><strong>189-1803</strong></span> <span class='ocrx_word' id='word_1_109' title='bbox 1903 807 1993 846; x_wconf 89' lang='lat' dir='ltr'>voir</span> 
     </span>
     <span class='ocr_line' id='line_1_11' title="bbox 283 866 737 918; baseline -0.004 -12"><span class='ocrx_word' id='word_1_110' title='bbox 283 868 392 907; x_wconf 89' lang='lat' dir='ltr'>aussi</span> <span class='ocrx_word' id='word_1_111' title='bbox 417 876 447 906; x_wconf 87' lang='lat' dir='ltr'>t.</span> <span class='ocrx_word' id='word_1_112' title='bbox 473 883 516 916; x_wconf 90' lang='lat'>11,</span> <span class='ocrx_word' id='word_1_113' title='bbox 541 882 582 918; x_wconf 89' lang='lat' dir='ltr'>p.</span> <span class='ocrx_word' id='word_1_114' title='bbox 608 866 737 914; x_wconf 73' lang='grc'>8-12).</span> 
     </span>
    </p>

    <p class='ocr_par' dir='ltr' id='par_1_4' title="bbox 279 925 1990 2158">
     <span class='ocr_line' id='line_1_12' title="bbox 336 925 1990 977; baseline -0.001 -11"><span class='ocrx_word' id='word_1_115' title='bbox 336 929 380 966; x_wconf 89' lang='grc' dir='ltr'>Ρ.</span> <span class='ocrx_word' id='word_1_116' title='bbox 408 927 498 975; x_wconf 92' lang='grc'>484,</span> <span class='ocrx_word' id='word_1_117' title='bbox 526 927 592 977; x_wconf 81' lang='lat' dir='ltr'>lig.</span> <span class='ocrx_word' id='word_1_118' title='bbox 623 927 657 965; x_wconf 92' lang='grc'>1.</span> <span class='ocrx_word' id='word_1_119' title='bbox 687 927 841 964; x_wconf 85' lang='lat' dir='ltr'><strong>VELUD</strong></span> <span class='ocrx_word' id='word_1_120' title='bbox 872 940 1066 963; x_wconf 81' lang='lat' dir='ltr'><strong>MARTYR.</strong></span> <span class='ocrx_word' id='word_1_121' title='bbox 1098 925 1296 974; x_wconf 84' lang='lat' dir='ltr'>Quamvis</span> <span class='ocrx_word' id='word_1_122' title='bbox 1324 934 1552 975; x_wconf 77' lang='lat' dir='ltr'>martyrem</span> <span class='ocrx_word' id='word_1_123' title='bbox 1579 940 1662 964; x_wconf 87' lang='lat' dir='ltr'>non</span> <span class='ocrx_word' id='word_1_124' title='bbox 1689 925 1816 965; x_wconf 84' lang='lat' dir='ltr'>faciat</span> <span class='ocrx_word' id='word_1_125' title='bbox 1842 941 1990 977; x_wconf 89' lang='lat' dir='ltr'>poena,</span> 
     </span>
     <span class='ocr_line' id='line_1_13' title="bbox 283 984 1990 1037; baseline -0.001 -11"><span class='ocrx_word' id='word_1_126' title='bbox 283 988 353 1026; x_wconf 90' lang='lat' dir='ltr'>sed</span> <span class='ocrx_word' id='word_1_127' title='bbox 372 1001 509 1035; x_wconf 87' lang='lat' dir='ltr'>causa,</span> <span class='ocrx_word' id='word_1_128' title='bbox 527 995 575 1025; x_wconf 91' lang='lat' dir='ltr'>ut</span> <span class='ocrx_word' id='word_1_129' title='bbox 593 986 653 1024; x_wconf 91' lang='lat' dir='ltr'>ait</span> <span class='ocrx_word' id='word_1_130' title='bbox 671 994 838 1025; x_wconf 87' lang='lat' dir='ltr'>sanctus</span> <span class='ocrx_word' id='word_1_131' title='bbox 859 985 1104 1036; x_wconf 83' lang='lat' dir='ltr'>Cyprianus,</span> <span class='ocrx_word' id='word_1_132' title='bbox 1123 993 1266 1023; x_wconf 89' lang='lat' dir='ltr'>tamen</span> <span class='ocrx_word' id='word_1_133' title='bbox 1284 984 1406 1023; x_wconf 90' lang='lat' dir='ltr'>multi</span> <span class='ocrx_word' id='word_1_134' title='bbox 1425 985 1564 1023; x_wconf 90' lang='lat' dir='ltr'>vocati</span> <span class='ocrx_word' id='word_1_135' title='bbox 1582 993 1679 1024; x_wconf 91' lang='lat' dir='ltr'>sunt</span> <span class='ocrx_word' id='word_1_136' title='bbox 1697 994 1900 1035; x_wconf 78' lang='lat' dir='ltr'>martyres</span> <span class='ocrx_word' id='word_1_137' title='bbox 1920 986 1990 1037; x_wconf 90' lang='lat' dir='ltr'>qui</span> 
     </span>
     <span class='ocr_line' id='line_1_14' title="bbox 283 1044 1989 1097; baseline -0.001 -12"><span class='ocrx_word' id='word_1_138' title='bbox 283 1046 392 1097; x_wconf 86' lang='lat' dir='ltr'>passi</span> <span class='ocrx_word' id='word_1_139' title='bbox 424 1061 506 1084; x_wconf 89' lang='lat' dir='ltr'>non</span> <span class='ocrx_word' id='word_1_140' title='bbox 537 1054 656 1084; x_wconf 88' lang='lat' dir='ltr'>erant</span> <span class='ocrx_word' id='word_1_141' title='bbox 687 1060 760 1096; x_wconf 87' lang='lat' dir='ltr'>pro</span> <span class='ocrx_word' id='word_1_142' title='bbox 794 1045 1012 1084; x_wconf 85' lang='lat' dir='ltr'>asserenda</span> <span class='ocrx_word' id='word_1_143' title='bbox 1042 1044 1237 1094; x_wconf 80' lang='lat' dir='ltr'>&#39;religione</span> <span class='ocrx_word' id='word_1_144' title='bbox 1270 1044 1508 1083; x_wconf 90' lang='lat' dir='ltr'>christiana.</span> <span class='ocrx_word' id='word_1_145' title='bbox 1543 1045 1668 1095; x_wconf 86' lang='lat' dir='ltr'>Cujus</span> <span class='ocrx_word' id='word_1_146' title='bbox 1701 1045 1824 1084; x_wconf 89' lang='lat' dir='ltr'>moris</span> <span class='ocrx_word' id='word_1_147' title='bbox 1857 1046 1989 1084; x_wconf 88' lang='lat' dir='ltr'>multa</span> 
     </span>
     <span class='ocr_line' id='line_1_15' title="bbox 283 1104 1988 1156; baseline -0.001 -11"><span class='ocrx_word' id='word_1_148' title='bbox 283 1115 430 1145; x_wconf 80' lang='lat' dir='ltr'>extant</span> <span class='ocrx_word' id='word_1_149' title='bbox 452 1106 656 1156; x_wconf 82' lang='lat' dir='ltr'>exempla,</span> <span class='ocrx_word' id='word_1_150' title='bbox 680 1105 722 1143; x_wconf 92' lang='lat' dir='ltr'>in</span> <span class='ocrx_word' id='word_1_151' title='bbox 744 1104 886 1156; x_wconf 90' lang='lat' dir='ltr'>primis</span> <span class='ocrx_word' id='word_1_152' title='bbox 910 1119 1008 1143; x_wconf 87' lang='lat' dir='ltr'>vero</span> <span class='ocrx_word' id='word_1_153' title='bbox 1032 1104 1281 1154; x_wconf 85' lang='lat' dir='ltr'>martyrium</span> <span class='ocrx_word' id='word_1_154' title='bbox 1304 1104 1438 1143; x_wconf 87' lang='lat' dir='ltr'>sancti</span> <span class='ocrx_word' id='word_1_155' title='bbox 1462 1105 1643 1143; x_wconf 89' lang='lat' dir='ltr'>Thomae</span> <span class='ocrx_word' id='word_1_156' title='bbox 1668 1105 1988 1144; x_wconf 88' lang='lat' dir='ltr'>Cantuariensis.</span> 
     </span>
     <span class='ocr_line' id='line_1_16' title="bbox 284 1164 1988 1216; baseline -0.001 -12"><span class='ocrx_word' id='word_1_157' title='bbox 284 1167 347 1204; x_wconf 84' lang='lat' dir='ltr'>Ad</span> <span class='ocrx_word' id='word_1_158' title='bbox 373 1167 473 1204; x_wconf 88' lang='lat' dir='ltr'>haec</span> <span class='ocrx_word' id='word_1_159' title='bbox 499 1174 688 1216; x_wconf 89' lang='lat' dir='ltr'>tempora</span> <span class='ocrx_word' id='word_1_160' title='bbox 717 1165 828 1215; x_wconf 86' lang='lat' dir='ltr'>quod</span> <span class='ocrx_word' id='word_1_161' title='bbox 855 1164 1024 1212; x_wconf 88' lang='lat' dir='ltr'>attinet,</span> <span class='ocrx_word' id='word_1_162' title='bbox 1054 1164 1294 1203; x_wconf 89' lang='lat' dir='ltr'>Franciscus</span> <span class='ocrx_word' id='word_1_163' title='bbox 1323 1164 1372 1202; x_wconf 91' lang='lat' dir='ltr'>de</span> <span class='ocrx_word' id='word_1_164' title='bbox 1402 1164 1559 1203; x_wconf 89' lang='lat' dir='ltr'>Urbino</span> <span class='ocrx_word' id='word_1_165' title='bbox 1587 1164 1802 1215; x_wconf 85' lang='lat' dir='ltr'>episcopus</span> <span class='ocrx_word' id='word_1_166' title='bbox 1831 1165 1988 1203; x_wconf 86' lang='lat' dir='ltr'>Faven—</span> 
     </span>
     <span class='ocr_line' id='line_1_17' title="bbox 283 1223 1989 1277; baseline -0.001 -13"><span class='ocrx_word' id='word_1_167' title='bbox 283 1226 393 1264; x_wconf 84' lang='lat' dir='ltr'>tinus</span> <span class='ocrx_word' id='word_1_168' title='bbox 426 1225 468 1263; x_wconf 93' lang='lat' dir='ltr'>in</span> <span class='ocrx_word' id='word_1_169' title='bbox 501 1225 686 1264; x_wconf 81' lang='lat' dir='ltr'>oratione</span> <span class='ocrx_word' id='word_1_170' title='bbox 720 1239 846 1275; x_wconf 87' lang='lat' dir='ltr'>quam</span> <span class='ocrx_word' id='word_1_171' title='bbox 877 1223 1027 1262; x_wconf 86' lang='lat' dir='ltr'>habuit</span> <span class='ocrx_word' id='word_1_172' title='bbox 1058 1224 1111 1262; x_wconf 90' lang='lat' dir='ltr'>ad</span> <span class='ocrx_word' id='word_1_173' title='bbox 1143 1238 1279 1274; x_wconf 81' lang='lat' dir='ltr'>regem</span> <span class='ocrx_word' id='word_1_174' title='bbox 1314 1224 1512 1277; x_wconf 21' lang='lat' dir='ltr'>Cnastellae</span> <span class='ocrx_word' id='word_1_175' title='bbox 1545 1224 1717 1264; x_wconf 81' lang='lat' dir='ltr'>fratrem</span> <span class='ocrx_word' id='word_1_176' title='bbox 1740 1223 1989 1263; x_wconf 89' lang='lat' dir='ltr'>Menendum</span> 
     </span>
     <span class='ocr_line' id='line_1_18' title="bbox 282 1282 1988 1335; baseline -0.001 -12"><span class='ocrx_word' id='word_1_177' title='bbox 282 1286 589 1324; x_wconf 88' lang='lat' dir='ltr'>Cordubensem</span> <span class='ocrx_word' id='word_1_178' title='bbox 623 1284 877 1335; x_wconf 87' lang='lat' dir='ltr'>episcopum,</span> <span class='ocrx_word' id='word_1_179' title='bbox 914 1298 1038 1334; x_wconf 87' lang='lat' dir='ltr'>quem</span> <span class='ocrx_word' id='word_1_180' title='bbox 1073 1283 1244 1323; x_wconf 85' lang='lat' dir='ltr'>missum</span> <span class='ocrx_word' id='word_1_181' title='bbox 1278 1283 1320 1321; x_wconf 92' lang='lat' dir='ltr'>in</span> <span class='ocrx_word' id='word_1_182' title='bbox 1357 1283 1603 1334; x_wconf 85' lang='lat' dir='ltr'>Hispaniam</span> <span class='ocrx_word' id='word_1_183' title='bbox 1637 1282 1694 1321; x_wconf 39' lang='lat' dir='ltr'>ab*</span> <span class='ocrx_word' id='word_1_184' title='bbox 1727 1284 1895 1322; x_wconf 91' lang='lat' dir='ltr'>Urbano</span> <span class='ocrx_word' id='word_1_185' title='bbox 1931 1285 1988 1322; x_wconf 84' lang='lat' dir='ltr'>VI</span> 
     </span>
     <span class='ocr_line' id='line_1_19' title="bbox 284 1342 1990 1395; baseline -0.001 -12"><span class='ocrx_word' id='word_1_186' title='bbox 284 1353 448 1395; x_wconf 82' lang='lat' dir='ltr'>ceperat</span> <span class='ocrx_word' id='word_1_187' title='bbox 473 1345 618 1383; x_wconf 84' lang='lat' dir='ltr'>Petrus</span> <span class='ocrx_word' id='word_1_188' title='bbox 642 1344 843 1382; x_wconf 88' lang='lat' dir='ltr'>Bernardi</span> <span class='ocrx_word' id='word_1_189' title='bbox 863 1343 1086 1382; x_wconf 89' lang='lat' dir='ltr'>Catalanus</span> <span class='ocrx_word' id='word_1_190' title='bbox 1112 1352 1160 1381; x_wconf 94' lang='lat' dir='ltr'>ut</span> <span class='ocrx_word' id='word_1_191' title='bbox 1184 1343 1235 1381; x_wconf 92' lang='lat' dir='ltr'>ad</span> <span class='ocrx_word' id='word_1_192' title='bbox 1261 1342 1417 1382; x_wconf 90' lang='lat' dir='ltr'>annum</span> <span class='ocrx_word' id='word_1_193' title='bbox 1443 1343 1558 1391; x_wconf 79' lang='lat'>1379,</span> <span class='ocrx_word' id='word_1_194' title='bbox 1587 1343 1603 1392; x_wconf 63' lang='grc' dir='ltr'>ἓ</span> <span class='ocrx_word' id='word_1_195' title='bbox 1626 1343 1690 1391; x_wconf 85' lang='grc'>43,</span> <span class='ocrx_word' id='word_1_196' title='bbox 1716 1343 1778 1392; x_wconf 84' lang='lat'>50,</span> <span class='ocrx_word' id='word_1_197' title='bbox 1799 1343 1857 1382; x_wconf 85' lang='lat' dir='ltr'>ait</span> <span class='ocrx_word' id='word_1_198' title='bbox 1883 1344 1990 1383; x_wconf 88' lang='lat' dir='ltr'>Odo-</span> 
     </span>
     <span class='ocr_line' id='line_1_20' title="bbox 283 1399 1987 1454; baseline -0.001 -12"><span class='ocrx_word' id='word_1_199' title='bbox 283 1404 389 1444; x_wconf 88' lang='lat' dir='ltr'>ricus</span> <span class='ocrx_word' id='word_1_200' title='bbox 414 1399 673 1454; x_wconf 45' lang='lat' dir='ltr'>&#39;Raynalduffi</span> <span class='ocrx_word' id='word_1_201' title='bbox 698 1412 739 1442; x_wconf 92' lang='lat' dir='ltr'>et</span> <span class='ocrx_word' id='word_1_202' title='bbox 763 1403 964 1443; x_wconf 89' lang='lat' dir='ltr'>Clementi</span> <span class='ocrx_word' id='word_1_203' title='bbox 988 1403 1233 1450; x_wconf 85' lang='lat' dir='ltr'>tradiderat,</span> <span class='ocrx_word' id='word_1_204' title='bbox 1259 1403 1329 1453; x_wconf 91' lang='lat' dir='ltr'>qui</span> <span class='ocrx_word' id='word_1_205' title='bbox 1352 1417 1461 1451; x_wconf 90' lang='lat' dir='ltr'>eum,</span> <span class='ocrx_word' id='word_1_206' title='bbox 1486 1403 1518 1441; x_wconf 88' lang='lat' dir='ltr'>si</span> <span class='ocrx_word' id='word_1_207' title='bbox 1542 1417 1638 1442; x_wconf 88' lang='lat' dir='ltr'>vera</span> <span class='ocrx_word' id='word_1_208' title='bbox 1663 1403 1788 1451; x_wconf 87' lang='lat' dir='ltr'>fama,</span> <span class='ocrx_word' id='word_1_209' title='bbox 1813 1403 1987 1443; x_wconf 81' lang='lat' dir='ltr'>vinculis</span> 
     </span>
     <span class='ocr_line' id='line_1_21' title="bbox 281 1462 1987 1513; baseline 0 -12"><span class='ocrx_word' id='word_1_210' title='bbox 281 1464 513 1511; x_wconf 78' lang='lat' dir='ltr'>addixerat,</span> <span class='ocrx_word' id='word_1_211' title='bbox 530 1464 640 1502; x_wconf 89' lang='lat' dir='ltr'>hunc</span> <span class='ocrx_word' id='word_1_212' title='bbox 656 1463 829 1513; x_wconf 88' lang='lat' dir='ltr'>inquam</span> <span class='ocrx_word' id='word_1_213' title='bbox 847 1462 1097 1502; x_wconf 90' lang='lat' dir='ltr'>Menendum</span> <span class='ocrx_word' id='word_1_214' title='bbox 1114 1462 1328 1513; x_wconf 89' lang='lat' dir='ltr'>episcopus</span> <span class='ocrx_word' id='word_1_215' title='bbox 1348 1462 1602 1501; x_wconf 84' lang='lat' dir='ltr'>Faventinus</span> <span class='ocrx_word' id='word_1_216' title='bbox 1620 1471 1744 1502; x_wconf 88' lang='lat' dir='ltr'>vocat</span> <span class='ocrx_word' id='word_1_217' title='bbox 1761 1471 1987 1512; x_wconf 84' lang='lat' dir='ltr'>martyrem</span> 
     </span>
     <span class='ocr_line' id='line_1_22' title="bbox 281 1516 1988 1573; baseline -0.001 -11"><span class='ocrx_word' id='word_1_218' title='bbox 281 1523 340 1562; x_wconf 90' lang='lat' dir='ltr'>his</span> <span class='ocrx_word' id='word_1_219' title='bbox 368 1523 503 1562; x_wconf 86' lang='lat' dir='ltr'>verbis</span> <span class='ocrx_word' id='word_1_220' title='bbox 532 1539 539 1561; x_wconf 79' lang='lat' dir='ltr'>z</span> <span class='ocrx_word' id='word_1_221' title='bbox 570 1523 742 1561; x_wconf 75' lang='lat' dir='ltr'>Miserat</span> <span class='ocrx_word' id='word_1_222' title='bbox 765 1523 964 1573; x_wconf 76' lang='lat' dir='ltr'>siquidem</span> <span class='ocrx_word' id='word_1_223' title='bbox 988 1522 1120 1573; x_wconf 80' lang='lat' dir='ltr'>primo</span> <span class='ocrx_word' id='word_1_224' title='bbox 1145 1516 1298 1573; x_wconf 66' lang='lat' dir='ltr'>patrem</span> <span class='ocrx_word' id='word_1_225' title='bbox 1325 1536 1454 1560; x_wconf 88' lang='lat' dir='ltr'>meum</span> <span class='ocrx_word' id='word_1_226' title='bbox 1480 1523 1732 1560; x_wconf 69' lang='lat' dir='ltr'>reverendum</span> <span class='ocrx_word' id='word_1_227' title='bbox 1757 1522 1988 1573; x_wconf 81' lang='lat' dir='ltr'>episcopum</span> 
     </span>
     <span class='ocr_line' id='line_1_23' title="bbox 281 1582 1987 1633; baseline -0.001 -13"><span class='ocrx_word' id='word_1_228' title='bbox 281 1583 574 1621; x_wconf 77' lang='lat' dir='ltr'>Cordubensem</span> <span class='ocrx_word' id='word_1_229' title='bbox 599 1597 731 1620; x_wconf 67' lang='lat' dir='ltr'>verum</span> <span class='ocrx_word' id='word_1_230' title='bbox 757 1591 981 1633; x_wconf 69' lang='lat' dir='ltr'>martyrem,</span> <span class='ocrx_word' id='word_1_231' title='bbox 1008 1582 1075 1632; x_wconf 82' lang='lat' dir='ltr'>qui</span> <span class='ocrx_word' id='word_1_232' title='bbox 1102 1582 1145 1620; x_wconf 86' lang='lat' dir='ltr'>in</span> <span class='ocrx_word' id='word_1_233' title='bbox 1169 1582 1256 1620; x_wconf 88' lang='lat' dir='ltr'>suis</span> <span class='ocrx_word' id='word_1_234' title='bbox 1281 1582 1636 1633; x_wconf 80' lang='lat' dir='ltr'>persecutionibus,</span> <span class='ocrx_word' id='word_1_235' title='bbox 1662 1597 1687 1620; x_wconf 91' lang='lat' dir='ltr'>a</span> <span class='ocrx_word' id='word_1_236' title='bbox 1711 1582 1856 1632; x_wconf 77' lang='lat' dir='ltr'>quibus</span> <span class='ocrx_word' id='word_1_237' title='bbox 1881 1597 1987 1620; x_wconf 88' lang='lat' dir='ltr'>anno</span> 
     </span>
     <span class='ocr_line' id='line_1_24' title="bbox 281 1642 1984 1692; baseline 0.001 -13"><span class='ocrx_word' id='word_1_238' title='bbox 281 1644 448 1681; x_wconf 66' lang='lat' dir='ltr'>revoluto</span> <span class='ocrx_word' id='word_1_239' title='bbox 480 1643 556 1681; x_wconf 89' lang='lat' dir='ltr'>Dei</span> <span class='ocrx_word' id='word_1_240' title='bbox 593 1643 723 1692; x_wconf 76' lang='lat' dir='ltr'>gratia</span> <span class='ocrx_word' id='word_1_241' title='bbox 758 1643 947 1680; x_wconf 79' lang='lat' dir='ltr'>liberatus</span> <span class='ocrx_word' id='word_1_242' title='bbox 983 1650 1061 1690; x_wconf 71' lang='lat' dir='ltr'>est,</span> <span class='ocrx_word' id='word_1_243' title='bbox 1091 1642 1182 1680; x_wconf 82' lang='lat' dir='ltr'>bene</span> <span class='ocrx_word' id='word_1_244' title='bbox 1217 1642 1385 1680; x_wconf 75' lang='lat' dir='ltr'>ostendit</span> <span class='ocrx_word' id='word_1_245' title='bbox 1419 1642 1683 1680; x_wconf 89' lang='lat' dir='ltr'>constantiam</span> <span class='ocrx_word' id='word_1_246' title='bbox 1717 1642 1984 1692; x_wconf 79' lang='lat' dir='ltr'>hispanicam.</span> 
     </span>
     <span class='ocr_line' id='line_1_25' title="bbox 281 1701 1987 1753; baseline 0 -14"><span class='ocrx_word' id='word_1_247' title='bbox 281 1701 424 1740; x_wconf 87' lang='lat' dir='ltr'>Nescio</span> <span class='ocrx_word' id='word_1_248' title='bbox 445 1702 541 1752; x_wconf 78' lang='lat' dir='ltr'>quid</span> <span class='ocrx_word' id='word_1_249' title='bbox 559 1702 632 1740; x_wconf 89' lang='lat' dir='ltr'>erit</span> <span class='ocrx_word' id='word_1_250' title='bbox 654 1702 696 1739; x_wconf 89' lang='lat' dir='ltr'>in</span> <span class='ocrx_word' id='word_1_251' title='bbox 716 1702 851 1753; x_wconf 77' lang='lat' dir='ltr'>patria</span> <span class='ocrx_word' id='word_1_252' title='bbox 870 1716 957 1740; x_wconf 85' lang='lat' dir='ltr'>sua.</span> <span class='ocrx_word' id='word_1_253' title='bbox 981 1702 1059 1739; x_wconf 87' lang='lat' dir='ltr'>Sed</span> <span class='ocrx_word' id='word_1_254' title='bbox 1077 1701 1158 1739; x_wconf 87' lang='lat' dir='ltr'>scio</span> <span class='ocrx_word' id='word_1_255' title='bbox 1179 1702 1281 1752; x_wconf 78' lang='lat' dir='ltr'>quod</span> <span class='ocrx_word' id='word_1_256' title='bbox 1302 1701 1345 1739; x_wconf 88' lang='lat' dir='ltr'>in</span> <span class='ocrx_word' id='word_1_257' title='bbox 1366 1710 1500 1740; x_wconf 86' lang='lat' dir='ltr'>nostra</span> <span class='ocrx_word' id='word_1_258' title='bbox 1522 1701 1624 1739; x_wconf 89' lang='lat' dir='ltr'>idem</span> <span class='ocrx_word' id='word_1_259' title='bbox 1652 1701 1862 1752; x_wconf 79' lang='lat' dir='ltr'>episcopus</span> <span class='ocrx_word' id='word_1_260' title='bbox 1883 1710 1987 1749; x_wconf 84' lang='lat' dir='ltr'>tante</span> 
     </span>
     <span class='ocr_line' id='line_1_26' title="bbox 279 1761 1987 1812; baseline -0.001 -13"><span class='ocrx_word' id='word_1_261' title='bbox 279 1761 358 1811; x_wconf 70' lang='lat' dir='ltr'>fuit</span> <span class='ocrx_word' id='word_1_262' title='bbox 374 1761 636 1812; x_wconf 79' lang='lat' dir='ltr'>reputationis</span> <span class='ocrx_word' id='word_1_263' title='bbox 653 1770 687 1799; x_wconf 91' lang='lat' dir='ltr'>et</span> <span class='ocrx_word' id='word_1_264' title='bbox 703 1771 770 1810; x_wconf 86' lang='lat' dir='ltr'>est,</span> <span class='ocrx_word' id='word_1_265' title='bbox 789 1770 872 1800; x_wconf 89' lang='lat' dir='ltr'>tum</span> <span class='ocrx_word' id='word_1_266' title='bbox 888 1770 1046 1812; x_wconf 79' lang='lat' dir='ltr'>propter</span> <span class='ocrx_word' id='word_1_267' title='bbox 1063 1761 1272 1810; x_wconf 80' lang='lat' dir='ltr'>religionis</span> <span class='ocrx_word' id='word_1_268' title='bbox 1289 1769 1323 1799; x_wconf 87' lang='lat' dir='ltr'>et</span> <span class='ocrx_word' id='word_1_269' title='bbox 1339 1761 1414 1799; x_wconf 70' lang='lat' dir='ltr'>vite</span> <span class='ocrx_word' id='word_1_270' title='bbox 1429 1761 1711 1809; x_wconf 79' lang='lat' dir='ltr'>austeritatem,</span> <span class='ocrx_word' id='word_1_271' title='bbox 1730 1769 1813 1799; x_wconf 89' lang='lat' dir='ltr'>tum</span> <span class='ocrx_word' id='word_1_272' title='bbox 1828 1769 1987 1811; x_wconf 81' lang='lat' dir='ltr'>propter</span> 
     </span>
     <span class='ocr_line' id='line_1_27' title="bbox 279 1821 1987 1871; baseline 0.001 -14"><span class='ocrx_word' id='word_1_273' title='bbox 279 1821 439 1859; x_wconf 80' lang='lat' dir='ltr'>scientie</span> <span class='ocrx_word' id='word_1_274' title='bbox 465 1821 789 1871; x_wconf 74' lang='lat' dir='ltr'>profunditatem,</span> <span class='ocrx_word' id='word_1_275' title='bbox 819 1821 914 1871; x_wconf 81' lang='lat' dir='ltr'>quia</span> <span class='ocrx_word' id='word_1_276' title='bbox 939 1821 1158 1871; x_wconf 80' lang='lat' dir='ltr'>solempnis</span> <span class='ocrx_word' id='word_1_277' title='bbox 1186 1821 1373 1870; x_wconf 81' lang='lat' dir='ltr'>magister</span> <span class='ocrx_word' id='word_1_278' title='bbox 1400 1829 1466 1869; x_wconf 88' lang='lat' dir='ltr'>est,</span> <span class='ocrx_word' id='word_1_279' title='bbox 1497 1821 1639 1858; x_wconf 83' lang='lat' dir='ltr'>multos</span> <span class='ocrx_word' id='word_1_280' title='bbox 1665 1834 1737 1858; x_wconf 86' lang='lat' dir='ltr'>suo</span> <span class='ocrx_word' id='word_1_281' title='bbox 1765 1829 1987 1870; x_wconf 64' lang='lat' dir='ltr'>provocaret</span> 
     </span>
     <span class='ocr_line' id='line_1_28' title="bbox 279 1880 1986 1931; baseline 0.001 -14"><span class='ocrx_word' id='word_1_282' title='bbox 279 1881 465 1928; x_wconf 71' lang='lat' dir='ltr'>exemplo.</span> <span class='ocrx_word' id='word_1_283' title='bbox 498 1881 587 1929; x_wconf 84' lang='lat' dir='ltr'>Quo</span> <span class='ocrx_word' id='word_1_284' title='bbox 615 1881 704 1920; x_wconf 91' lang='lat' dir='ltr'>loco</span> <span class='ocrx_word' id='word_1_285' title='bbox 733 1880 873 1919; x_wconf 89' lang='lat' dir='ltr'>mirari</span> <span class='ocrx_word' id='word_1_286' title='bbox 901 1896 1023 1931; x_wconf 81' lang='lat' dir='ltr'>cogor</span> <span class='ocrx_word' id='word_1_287' title='bbox 1050 1895 1141 1919; x_wconf 89' lang='lat' dir='ltr'>acre</span> <span class='ocrx_word' id='word_1_288' title='bbox 1169 1880 1371 1930; x_wconf 83' lang='lat' dir='ltr'>judicium</span> <span class='ocrx_word' id='word_1_289' title='bbox 1402 1880 1565 1919; x_wconf 89' lang='lat' dir='ltr'>Odorici</span> <span class='ocrx_word' id='word_1_290' title='bbox 1597 1880 1817 1930; x_wconf 85' lang='lat' dir='ltr'>Raynaldi,</span> <span class='ocrx_word' id='word_1_291' title='bbox 1847 1880 1917 1930; x_wconf 90' lang='lat' dir='ltr'>qui</span> <span class='ocrx_word' id='word_1_292' title='bbox 1944 1880 1986 1918; x_wconf 93' lang='lat' dir='ltr'>in</span> 
     </span>
     <span class='ocr_line' id='line_1_29' title="bbox 280 1939 1986 1990; baseline 0 -13"><span class='ocrx_word' id='word_1_293' title='bbox 280 1940 356 1978; x_wconf 86' lang='lat' dir='ltr'>hoc</span> <span class='ocrx_word' id='word_1_294' title='bbox 381 1941 469 1978; x_wconf 92' lang='grc'>1060</span> <span class='ocrx_word' id='word_1_295' title='bbox 492 1950 660 1979; x_wconf 87' lang='lat' dir='ltr'>accusat</span> <span class='ocrx_word' id='word_1_296' title='bbox 678 1940 895 1979; x_wconf 89' lang='lat' dir='ltr'>Clementis</span> <span class='ocrx_word' id='word_1_297' title='bbox 914 1949 954 1979; x_wconf 92' lang='lat' dir='ltr'>et</span> <span class='ocrx_word' id='word_1_298' title='bbox 978 1940 1218 1990; x_wconf 82' lang='lat' dir='ltr'>sequacium</span> <span class='ocrx_word' id='word_1_299' title='bbox 1236 1940 1322 1990; x_wconf 83' lang='lat' dir='ltr'>ejus</span> <span class='ocrx_word' id='word_1_300' title='bbox 1348 1939 1651 1987; x_wconf 88' lang='lat' dir='ltr'>crudelitatem,</span> <span class='ocrx_word' id='word_1_301' title='bbox 1671 1939 1738 1990; x_wconf 81' lang='lat' dir='ltr'>qui</span> <span class='ocrx_word' id='word_1_302' title='bbox 1763 1940 1806 1977; x_wconf 89' lang='lat' dir='ltr'>in</span> <span class='ocrx_word' id='word_1_303' title='bbox 1829 1940 1986 1978; x_wconf 85' lang='lat' dir='ltr'>Urbani</span> 
     </span>
     <span class='ocr_line' id='line_1_30' title="bbox 281 1995 1986 2050; baseline 0.001 -14"><span class='ocrx_word' id='word_1_304' title='bbox 281 2000 442 2037; x_wconf 86' lang='lat' dir='ltr'>nuntios</span> <span class='ocrx_word' id='word_1_305' title='bbox 482 2000 723 2047; x_wconf 64' lang='lat' dir='ltr'>saeviebant,</span> <span class='ocrx_word' id='word_1_306' title='bbox 753 1999 904 2050; x_wconf 90' lang='lat' dir='ltr'>inquit,</span> <span class='ocrx_word' id='word_1_307' title='bbox 936 2015 983 2038; x_wconf 88' lang='lat' dir='ltr'>ne</span> <span class='ocrx_word' id='word_1_308' title='bbox 1024 2014 1158 2037; x_wconf 89' lang='lat' dir='ltr'>eorum</span> <span class='ocrx_word' id='word_1_309' title='bbox 1188 2014 1251 2037; x_wconf 88' lang='lat' dir='ltr'>ore</span> <span class='ocrx_word' id='word_1_310' title='bbox 1281 2000 1424 2038; x_wconf 71' lang='lat' dir='ltr'>veritas</span> <span class='ocrx_word' id='word_1_311' title='bbox 1456 1999 1499 2037; x_wconf 89' lang='lat' dir='ltr'>in</span> <span class='ocrx_word' id='word_1_312' title='bbox 1541 2000 1665 2037; x_wconf 83' lang='lat' dir='ltr'>lucem</span> <span class='ocrx_word' id='word_1_313' title='bbox 1695 1995 1914 2048; x_wconf 81' lang='lat' dir='ltr'>emergeret,</span> <span class='ocrx_word' id='word_1_314' title='bbox 1945 2007 1986 2038; x_wconf 83' lang='lat' dir='ltr'>et</span> 
     </span>
     <span class='ocr_line' id='line_1_31' title="bbox 280 2058 1985 2109; baseline 0.001 -14"><span class='ocrx_word' id='word_1_315' title='bbox 280 2059 435 2096; x_wconf 86' lang='lat' dir='ltr'>nullam</span> <span class='ocrx_word' id='word_1_316' title='bbox 466 2059 719 2098; x_wconf 86' lang='lat' dir='ltr'>mentionem</span> <span class='ocrx_word' id='word_1_317' title='bbox 750 2059 851 2098; x_wconf 84' lang='lat' dir='ltr'>facit</span> <span class='ocrx_word' id='word_1_318' title='bbox 881 2058 1127 2098; x_wconf 87' lang='lat' dir='ltr'>insatiabilis</span> <span class='ocrx_word' id='word_1_319' title='bbox 1151 2059 1409 2098; x_wconf 86' lang='lat' dir='ltr'>crudelitatis</span> <span class='ocrx_word' id='word_1_320' title='bbox 1442 2073 1567 2109; x_wconf 89' lang='lat' dir='ltr'>quam</span> <span class='ocrx_word' id='word_1_321' title='bbox 1590 2058 1838 2097; x_wconf 88' lang='lat' dir='ltr'>Urbanistae</span> <span class='ocrx_word' id='word_1_322' title='bbox 1871 2059 1985 2096; x_wconf 91' lang='lat' dir='ltr'>adhi-</span> 
     </span>
     <span class='ocr_line' id='line_1_32' title="bbox 280 2118 1206 2158; baseline 0.002 -3"><span class='ocrx_word' id='word_1_323' title='bbox 280 2118 460 2156; x_wconf 87' lang='lat' dir='ltr'>buerant</span> <span class='ocrx_word' id='word_1_324' title='bbox 478 2119 519 2156; x_wconf 92' lang='lat' dir='ltr'>in</span> <span class='ocrx_word' id='word_1_325' title='bbox 541 2119 745 2157; x_wconf 67' lang='lat' dir='ltr'>jaeobum</span> <span class='ocrx_word' id='word_1_326' title='bbox 765 2119 813 2158; x_wconf 92' lang='lat' dir='ltr'>de</span> <span class='ocrx_word' id='word_1_327' title='bbox 838 2119 921 2157; x_wconf 90' lang='lat' dir='ltr'>Itro</span> <span class='ocrx_word' id='word_1_328' title='bbox 941 2119 1206 2158; x_wconf 86' lang='lat' dir='ltr'>cardinalem.</span> 
     </span>
    </p>

    <p class='ocr_par' dir='ltr' id='par_1_5' title="bbox 278 2177 1986 3057">
     <span class='ocr_line' id='line_1_33' title="bbox 333 2177 1986 2228; baseline 0 -13"><span class='ocrx_word' id='word_1_329' title='bbox 333 2178 362 2215; x_wconf 86' lang='lat' dir='ltr'>P</span> <span class='ocrx_word' id='word_1_330' title='bbox 379 2209 387 2216; x_wconf 87' lang='lat'><strong>.</strong></span> <span class='ocrx_word' id='word_1_331' title='bbox 409 2178 499 2226; x_wconf 88' lang='lat'><strong>484,</strong></span> <span class='ocrx_word' id='word_1_332' title='bbox 524 2178 590 2228; x_wconf 74' lang='lat' dir='ltr'>lig.</span> <span class='ocrx_word' id='word_1_333' title='bbox 616 2180 653 2218; x_wconf 79' lang='lat'>4.</span> <span class='ocrx_word' id='word_1_334' title='bbox 680 2179 915 2216; x_wconf 80' lang='lat' dir='ltr'>JOHANNES</span> <span class='ocrx_word' id='word_1_335' title='bbox 941 2194 1026 2217; x_wconf 78' lang='lat' dir='ltr'>REX</span> <span class='ocrx_word' id='word_1_336' title='bbox 1061 2179 1296 2217; x_wconf 71' lang='lat' dir='ltr'><strong>CAerLLE.</strong></span> <span class='ocrx_word' id='word_1_337' title='bbox 1336 2179 1448 2226; x_wconf 88' lang='lat' dir='ltr'>Quae</span> <span class='ocrx_word' id='word_1_338' title='bbox 1481 2177 1573 2216; x_wconf 89' lang='lat' dir='ltr'>istic</span> <span class='ocrx_word' id='word_1_339' title='bbox 1607 2185 1986 2217; x_wconf 83' lang='lat' dir='ltr'>commemorantur</span> 
     </span>
     <span class='ocr_line' id='line_1_34' title="bbox 280 2236 1983 2288; baseline 0.001 -15"><span class='ocrx_word' id='word_1_340' title='bbox 280 2245 377 2274; x_wconf 83' lang='lat' dir='ltr'>acta</span> <span class='ocrx_word' id='word_1_341' title='bbox 406 2237 447 2274; x_wconf 93' lang='lat' dir='ltr'>in</span> <span class='ocrx_word' id='word_1_342' title='bbox 476 2237 625 2276; x_wconf 89' lang='lat' dir='ltr'>celebri</span> <span class='ocrx_word' id='word_1_343' title='bbox 654 2238 1003 2288; x_wconf 76' lang='lat' dir='ltr'>conventuregni</span> <span class='ocrx_word' id='word_1_344' title='bbox 1033 2238 1246 2285; x_wconf 85' lang='lat' dir='ltr'>Castellae,</span> <span class='ocrx_word' id='word_1_345' title='bbox 1276 2252 1321 2276; x_wconf 93' lang='lat' dir='ltr'>ea</span> <span class='ocrx_word' id='word_1_346' title='bbox 1352 2237 1488 2275; x_wconf 89' lang='lat' dir='ltr'>omnia</span> <span class='ocrx_word' id='word_1_347' title='bbox 1519 2236 1635 2275; x_wconf 86' lang='lat' dir='ltr'>nobis</span> <span class='ocrx_word' id='word_1_348' title='bbox 1664 2236 1847 2275; x_wconf 87' lang='lat' dir='ltr'>servavit</span> <span class='ocrx_word' id='word_1_349' title='bbox 1876 2237 1983 2275; x_wconf 89' lang='lat' dir='ltr'>bona</span> 
     </span>
     <span class='ocr_line' id='line_1_35' title="bbox 280 2295 1984 2348; baseline 0.001 -16"><span class='ocrx_word' id='word_1_350' title='bbox 280 2296 497 2336; x_wconf 84' lang='lat' dir='ltr'>literarum</span> <span class='ocrx_word' id='word_1_351' title='bbox 526 2296 694 2335; x_wconf 84' lang='lat' dir='ltr'>fortuna</span> <span class='ocrx_word' id='word_1_352' title='bbox 723 2297 765 2335; x_wconf 92' lang='lat' dir='ltr'>in</span> <span class='ocrx_word' id='word_1_353' title='bbox 793 2297 1151 2348; x_wconf 88' lang='lat' dir='ltr'>praestantissimo</span> <span class='ocrx_word' id='word_1_354' title='bbox 1181 2297 1318 2336; x_wconf 87' lang='lat' dir='ltr'>codice</span> <span class='ocrx_word' id='word_1_355' title='bbox 1348 2311 1422 2335; x_wconf 88' lang='lat' dir='ltr'>ms.</span> <span class='ocrx_word' id='word_1_356' title='bbox 1454 2296 1524 2347; x_wconf 87' lang='lat' dir='ltr'>qui</span> <span class='ocrx_word' id='word_1_357' title='bbox 1553 2296 1631 2334; x_wconf 81' lang='lat' dir='ltr'>fuit</span> <span class='ocrx_word' id='word_1_358' title='bbox 1661 2296 1757 2334; x_wconf 89' lang='lat' dir='ltr'>olim</span> <span class='ocrx_word' id='word_1_359' title='bbox 1788 2295 1898 2334; x_wconf 87' lang='lat' dir='ltr'>Petri</span> <span class='ocrx_word' id='word_1_360' title='bbox 1935 2296 1984 2334; x_wconf 91' lang='lat' dir='ltr'>de</span> 
     </span>
     <span class='ocr_line' id='line_1_36' title="bbox 281 2355 1984 2407; baseline 0.001 -15"><span class='ocrx_word' id='word_1_361' title='bbox 281 2356 397 2393; x_wconf 82' lang='lat' dir='ltr'>Luna</span> <span class='ocrx_word' id='word_1_362' title='bbox 418 2356 650 2404; x_wconf 88' lang='lat' dir='ltr'>cardinalis,</span> <span class='ocrx_word' id='word_1_363' title='bbox 669 2356 774 2394; x_wconf 86' lang='lat' dir='ltr'>illius</span> <span class='ocrx_word' id='word_1_364' title='bbox 796 2357 866 2407; x_wconf 86' lang='lat' dir='ltr'>qui</span> <span class='ocrx_word' id='word_1_365' title='bbox 885 2358 960 2395; x_wconf 88' lang='lat' dir='ltr'>sub</span> <span class='ocrx_word' id='word_1_366' title='bbox 978 2356 1193 2395; x_wconf 88' lang='lat' dir='ltr'>Benedicti</span> <span class='ocrx_word' id='word_1_367' title='bbox 1213 2357 1321 2394; x_wconf 88' lang='lat' dir='ltr'>XIII</span> <span class='ocrx_word' id='word_1_368' title='bbox 1341 2356 1505 2394; x_wconf 90' lang='lat' dir='ltr'>nomine</span> <span class='ocrx_word' id='word_1_369' title='bbox 1523 2364 1727 2406; x_wconf 88' lang='lat' dir='ltr'>papatum</span> <span class='ocrx_word' id='word_1_370' title='bbox 1749 2355 1984 2393; x_wconf 84' lang='lat' dir='ltr'>Romanum</span> 
     </span>
     <span class='ocr_line' id='line_1_37' title="bbox 278 2414 1983 2465; baseline 0.001 -14"><span class='ocrx_word' id='word_1_371' title='bbox 278 2415 414 2452; x_wconf 83' lang='lat' dir='ltr'>tenuit</span> <span class='ocrx_word' id='word_1_372' title='bbox 429 2430 500 2465; x_wconf 87' lang='lat' dir='ltr'>per</span> <span class='ocrx_word' id='word_1_373' title='bbox 516 2424 580 2453; x_wconf 85' lang='lat' dir='ltr'>tot</span> <span class='ocrx_word' id='word_1_374' title='bbox 597 2430 740 2454; x_wconf 89' lang='lat' dir='ltr'>annos.</span> <span class='ocrx_word' id='word_1_375' title='bbox 762 2416 931 2454; x_wconf 88' lang='lat' dir='ltr'>Institui</span> <span class='ocrx_word' id='word_1_376' title='bbox 947 2425 1088 2455; x_wconf 89' lang='lat' dir='ltr'>autem</span> <span class='ocrx_word' id='word_1_377' title='bbox 1104 2416 1225 2455; x_wconf 84' lang='lat' dir='ltr'>isthic</span> <span class='ocrx_word' id='word_1_378' title='bbox 1251 2430 1392 2455; x_wconf 88' lang='lat' dir='ltr'>earum</span> <span class='ocrx_word' id='word_1_379' title='bbox 1408 2430 1542 2454; x_wconf 89' lang='lat' dir='ltr'>rerum</span> <span class='ocrx_word' id='word_1_380' title='bbox 1570 2414 1820 2453; x_wconf 86' lang='lat' dir='ltr'>breviarium</span> <span class='ocrx_word' id='word_1_381' title='bbox 1835 2415 1983 2453; x_wconf 82' lang='lat' dir='ltr'>referre</span> 
     </span>
     <span class='ocr_line' id='line_1_38' title="bbox 280 2473 1983 2525; baseline 0.002 -16"><span class='ocrx_word' id='word_1_382' title='bbox 280 2473 319 2510; x_wconf 85' lang='lat' dir='ltr'>in</span> <span class='ocrx_word' id='word_1_383' title='bbox 352 2474 525 2522; x_wconf 74' lang='lat' dir='ltr'>gratiam</span> <span class='ocrx_word' id='word_1_384' title='bbox 556 2475 848 2514; x_wconf 86' lang='lat' dir='ltr'>studiosorum.</span> <span class='ocrx_word' id='word_1_385' title='bbox 881 2476 959 2514; x_wconf 83' lang='lat' dir='ltr'>Sed</span> <span class='ocrx_word' id='word_1_386' title='bbox 988 2484 1085 2514; x_wconf 88' lang='lat' dir='ltr'>ante</span> <span class='ocrx_word' id='word_1_387' title='bbox 1115 2490 1241 2525; x_wconf 88' lang='lat' dir='ltr'>quam</span> <span class='ocrx_word' id='word_1_388' title='bbox 1271 2475 1480 2513; x_wconf 85' lang='lat' dir='ltr'>destinata</span> <span class='ocrx_word' id='word_1_389' title='bbox 1507 2488 1768 2525; x_wconf 83' lang='lat' dir='ltr'>componam,</span> <span class='ocrx_word' id='word_1_390' title='bbox 1799 2488 1983 2525; x_wconf 86' lang='lat' dir='ltr'>necessa-</span> 
     </span>
     <span class='ocr_line' id='line_1_39' title="bbox 280 2532 1984 2584; baseline 0.001 -15"><span class='ocrx_word' id='word_1_391' title='bbox 280 2532 384 2569; x_wconf 85' lang='lat' dir='ltr'>rium</span> <span class='ocrx_word' id='word_1_392' title='bbox 410 2533 451 2570; x_wconf 92' lang='lat' dir='ltr'>in</span> <span class='ocrx_word' id='word_1_393' title='bbox 477 2534 617 2583; x_wconf 85' lang='lat' dir='ltr'>primis</span> <span class='ocrx_word' id='word_1_394' title='bbox 645 2535 822 2573; x_wconf 85' lang='lat' dir='ltr'>arbitror</span> <span class='ocrx_word' id='word_1_395' title='bbox 848 2550 1035 2577; x_wconf 81' lang='lat' dir='ltr'>enarrare</span> <span class='ocrx_word' id='word_1_396' title='bbox 1058 2535 1274 2574; x_wconf 86' lang='lat' dir='ltr'>historiam</span> <span class='ocrx_word' id='word_1_397' title='bbox 1298 2535 1420 2584; x_wconf 88' lang='lat' dir='ltr'>hujus</span> <span class='ocrx_word' id='word_1_398' title='bbox 1452 2534 1616 2581; x_wconf 87' lang='lat' dir='ltr'>codicis,</span> <span class='ocrx_word' id='word_1_399' title='bbox 1637 2542 1683 2572; x_wconf 91' lang='lat' dir='ltr'>ut</span> <span class='ocrx_word' id='word_1_400' title='bbox 1701 2533 1794 2571; x_wconf 87' lang='lat' dir='ltr'>hinc</span> <span class='ocrx_word' id='word_1_401' title='bbox 1820 2548 1984 2583; x_wconf 86' lang='lat' dir='ltr'>quoque</span> 
     </span>
     <span class='ocr_line' id='line_1_40' title="bbox 279 2591 1983 2643; baseline 0.002 -17"><span class='ocrx_word' id='word_1_402' title='bbox 279 2591 365 2639; x_wconf 60' lang='lat' dir='ltr'>ojus</span> <span class='ocrx_word' id='word_1_403' title='bbox 396 2593 620 2631; x_wconf 87' lang='lat' dir='ltr'>auctoritas</span> <span class='ocrx_word' id='word_1_404' title='bbox 648 2595 973 2633; x_wconf 85' lang='lat' dir='ltr'>commendetur.</span> <span class='ocrx_word' id='word_1_405' title='bbox 1003 2595 1183 2633; x_wconf 84' lang='lat' dir='ltr'>Joannes</span> <span class='ocrx_word' id='word_1_406' title='bbox 1210 2608 1282 2633; x_wconf 83' lang='lat' dir='ltr'>rex</span> <span class='ocrx_word' id='word_1_407' title='bbox 1308 2594 1523 2641; x_wconf 84' lang='lat' dir='ltr'>Castellae,</span> <span class='ocrx_word' id='word_1_408' title='bbox 1550 2593 1666 2643; x_wconf 87' lang='lat' dir='ltr'>cujus</span> <span class='ocrx_word' id='word_1_409' title='bbox 1694 2606 1790 2632; x_wconf 91' lang='lat' dir='ltr'>cura</span> <span class='ocrx_word' id='word_1_410' title='bbox 1816 2592 1983 2630; x_wconf 91' lang='lat' dir='ltr'>habitus</span> 
     </span>
     <span class='ocr_line' id='line_1_41' title="bbox 280 2651 1982 2704; baseline 0.002 -19"><span class='ocrx_word' id='word_1_411' title='bbox 280 2659 340 2687; x_wconf 59' lang='lat' dir='ltr'>«nst</span> <span class='ocrx_word' id='word_1_412' title='bbox 361 2651 428 2688; x_wconf 88' lang='grc'>1116</span> <span class='ocrx_word' id='word_1_413' title='bbox 451 2661 693 2700; x_wconf 83' lang='lat' dir='ltr'>conventus,</span> <span class='ocrx_word' id='word_1_414' title='bbox 717 2667 810 2691; x_wconf 89' lang='lat' dir='ltr'>cum</span> <span class='ocrx_word' id='word_1_415' title='bbox 831 2654 942 2704; x_wconf 89' lang='lat' dir='ltr'>apud</span> <span class='ocrx_word' id='word_1_416' title='bbox 964 2669 1004 2692; x_wconf 90' lang='lat' dir='ltr'>se</span> <span class='ocrx_word' id='word_1_417' title='bbox 1026 2655 1175 2693; x_wconf 89' lang='lat' dir='ltr'>habere</span> <span class='ocrx_word' id='word_1_418' title='bbox 1192 2654 1315 2692; x_wconf 85' lang='lat' dir='ltr'>vellet</span> <span class='ocrx_word' id='word_1_419' title='bbox 1331 2653 1534 2702; x_wconf 81' lang='lat' dir='ltr'>integram</span> <span class='ocrx_word' id='word_1_420' title='bbox 1550 2652 1832 2691; x_wconf 85' lang='lat' dir='ltr'>collectionem</span> <span class='ocrx_word' id='word_1_421' title='bbox 1848 2665 1982 2690; x_wconf 91' lang='lat' dir='ltr'>rerum</span> 
     </span>
     <span class='ocr_line' id='line_1_42' title="bbox 280 2708 1982 2762; baseline 0.002 -17"><span class='ocrx_word' id='word_1_422' title='bbox 280 2708 320 2745; x_wconf 90' lang='grc'>111</span> <span class='ocrx_word' id='word_1_423' title='bbox 345 2724 390 2746; x_wconf 76' lang='lat' dir='ltr'>co</span> <span class='ocrx_word' id='word_1_424' title='bbox 418 2720 639 2759; x_wconf 76' lang='lat' dir='ltr'>gestarum,</span> <span class='ocrx_word' id='word_1_425' title='bbox 667 2713 803 2751; x_wconf 83' lang='lat' dir='ltr'>onmia</span> <span class='ocrx_word' id='word_1_426' title='bbox 830 2727 934 2762; x_wconf 84' lang='lat' dir='ltr'>quae</span> <span class='ocrx_word' id='word_1_427' title='bbox 961 2713 1040 2751; x_wconf 89' lang='lat' dir='ltr'>illic</span> <span class='ocrx_word' id='word_1_428' title='bbox 1066 2714 1177 2751; x_wconf 85' lang='lat' dir='ltr'>dicta</span> <span class='ocrx_word' id='word_1_429' title='bbox 1212 2721 1285 2750; x_wconf 89' lang='lat' dir='ltr'>aut</span> <span class='ocrx_word' id='word_1_430' title='bbox 1309 2713 1414 2751; x_wconf 91' lang='lat' dir='ltr'>lecta</span> <span class='ocrx_word' id='word_1_431' title='bbox 1441 2720 1539 2750; x_wconf 87' lang='lat' dir='ltr'>sunt</span> <span class='ocrx_word' id='word_1_432' title='bbox 1563 2712 1604 2749; x_wconf 92' lang='lat' dir='ltr'>in</span> <span class='ocrx_word' id='word_1_433' title='bbox 1629 2726 1711 2749; x_wconf 90' lang='lat' dir='ltr'>uno</span> <span class='ocrx_word' id='word_1_434' title='bbox 1737 2711 1982 2761; x_wconf 83' lang='lat' dir='ltr'>praegrandi</span> 
     </span>
     <span class='ocr_line' id='line_1_43' title="bbox 284 2768 1980 2821; baseline 0.002 -18"><span class='ocrx_word' id='word_1_435' title='bbox 284 2768 485 2807; x_wconf 47' lang='lat' dir='ltr'>volumine</span> <span class='ocrx_word' id='word_1_436' title='bbox 516 2771 828 2810; x_wconf 83' lang='lat' dir='ltr'>membranaceo</span> <span class='ocrx_word' id='word_1_437' title='bbox 857 2773 1031 2810; x_wconf 87' lang='lat' dir='ltr'>describi</span> <span class='ocrx_word' id='word_1_438' title='bbox 1059 2772 1234 2819; x_wconf 88' lang='lat' dir='ltr'>curavit,</span> <span class='ocrx_word' id='word_1_439' title='bbox 1265 2772 1374 2821; x_wconf 88' lang='lat' dir='ltr'>quod</span> <span class='ocrx_word' id='word_1_440' title='bbox 1403 2772 1455 2809; x_wconf 90' lang='lat' dir='ltr'>ad</span> <span class='ocrx_word' id='word_1_441' title='bbox 1485 2770 1709 2821; x_wconf 78' lang='lat' dir='ltr'>originalia,</span> <span class='ocrx_word' id='word_1_442' title='bbox 1738 2779 1785 2808; x_wconf 88' lang='lat' dir='ltr'>ut</span> <span class='ocrx_word' id='word_1_443' title='bbox 1813 2778 1980 2817; x_wconf 88' lang='lat' dir='ltr'>vocant,</span> 
     </span>
     <span class='ocr_line' id='line_1_44' title="bbox 282 2829 1980 2881; baseline 0.003 -20"><span class='ocrx_word' id='word_1_444' title='bbox 282 2829 509 2875; x_wconf 58' lang='lat' dir='ltr'>recognosci</span> <span class='ocrx_word' id='word_1_445' title='bbox 541 2838 581 2866; x_wconf 77' lang='lat' dir='ltr'>et</span> <span class='ocrx_word' id='word_1_446' title='bbox 612 2830 787 2868; x_wconf 82' lang='lat' dir='ltr'>conferri</span> <span class='ocrx_word' id='word_1_447' title='bbox 817 2832 950 2870; x_wconf 79' lang='lat' dir='ltr'>voluit</span> <span class='ocrx_word' id='word_1_448' title='bbox 980 2847 1052 2881; x_wconf 84' lang='lat' dir='ltr'>per</span> <span class='ocrx_word' id='word_1_449' title='bbox 1084 2833 1253 2870; x_wconf 85' lang='lat' dir='ltr'>Petrum</span> <span class='ocrx_word' id='word_1_450' title='bbox 1286 2830 1491 2869; x_wconf 85' lang='lat' dir='ltr'>Fernandi</span> <span class='ocrx_word' id='word_1_451' title='bbox 1522 2830 1570 2868; x_wconf 92' lang='lat' dir='ltr'>de</span> <span class='ocrx_word' id='word_1_452' title='bbox 1603 2830 1747 2876; x_wconf 87' lang='lat' dir='ltr'>Pinna,</span> <span class='ocrx_word' id='word_1_453' title='bbox 1779 2829 1980 2867; x_wconf 87' lang='lat' dir='ltr'>archidia-</span> 
     </span>
     <span class='ocr_line' id='line_1_45' title="bbox 279 2888 1980 2940; baseline 0.004 -21"><span class='ocrx_word' id='word_1_454' title='bbox 279 2900 426 2922; x_wconf 61' lang='lat' dir='ltr'>‹wmm</span> <span class='ocrx_word' id='word_1_455' title='bbox 454 2888 760 2927; x_wconf 66' lang='lat' dir='ltr'>(jari-ionensem</span> <span class='ocrx_word' id='word_1_456' title='bbox 787 2890 828 2927; x_wconf 91' lang='lat' dir='ltr'>in</span> <span class='ocrx_word' id='word_1_457' title='bbox 855 2891 1021 2929; x_wconf 71' lang='lat' dir='ltr'>ecclesia</span> <span class='ocrx_word' id='word_1_458' title='bbox 1050 2891 1282 2938; x_wconf 88' lang='lat' dir='ltr'>Palentina,</span> <span class='ocrx_word' id='word_1_459' title='bbox 1303 2890 1373 2940; x_wconf 82' lang='lat' dir='ltr'>qui</span> <span class='ocrx_word' id='word_1_460' title='bbox 1399 2889 1530 2928; x_wconf 84' lang='lat' dir='ltr'>officio</span> <span class='ocrx_word' id='word_1_461' title='bbox 1556 2889 1708 2927; x_wconf 87' lang='lat' dir='ltr'>notarii</span> <span class='ocrx_word' id='word_1_462' title='bbox 1731 2888 1980 2938; x_wconf 80' lang='lat' dir='ltr'>fungebatur</span> 
     </span>
     <span class='ocr_line' id='line_1_46' title="bbox 281 2943 1979 2996; baseline 0.002 -15"><span class='ocrx_word' id='word_1_463' title='bbox 281 2943 319 2979; x_wconf 78' lang='grc'>111</span> <span class='ocrx_word' id='word_1_464' title='bbox 342 2952 431 2980; x_wconf 55' lang='lat' dir='ltr'>&#39;loto</span> <span class='ocrx_word' id='word_1_465' title='bbox 456 2945 533 2981; x_wconf 58' lang='lat' dir='ltr'>mo</span> <span class='ocrx_word' id='word_1_466' title='bbox 559 2948 736 2996; x_wconf 63' lang='lat' dir='ltr'>nogotio.</span> <span class='ocrx_word' id='word_1_467' title='bbox 763 2949 825 2986; x_wconf 78' lang='lat' dir='ltr'>Sie</span> <span class='ocrx_word' id='word_1_468' title='bbox 850 2950 958 2987; x_wconf 83' lang='grc'>6111111</span> <span class='ocrx_word' id='word_1_469' title='bbox 982 2959 1164 2988; x_wconf 74' lang='lat' dir='ltr'>testatur</span> <span class='ocrx_word' id='word_1_470' title='bbox 1187 2950 1296 2988; x_wconf 91' lang='lat' dir='ltr'>idem</span> <span class='ocrx_word' id='word_1_471' title='bbox 1320 2948 1632 2988; x_wconf 87' lang='lat' dir='ltr'>archidiaconus</span> <span class='ocrx_word' id='word_1_472' title='bbox 1656 2948 1698 2985; x_wconf 93' lang='lat' dir='ltr'>in</span> <span class='ocrx_word' id='word_1_473' title='bbox 1722 2947 1830 2986; x_wconf 88' lang='lat' dir='ltr'>calce</span> <span class='ocrx_word' id='word_1_474' title='bbox 1865 2947 1979 2984; x_wconf 89' lang='lat' dir='ltr'>volu-</span> 
     </span>
     <span class='ocr_line' id='line_1_47' title="bbox 283 3001 1980 3057; baseline 0.005 -22"><span class='ocrx_word' id='word_1_475' title='bbox 283 3001 359 3038; x_wconf 68' lang='lat' dir='ltr'>miu</span> <span class='ocrx_word' id='word_1_476' title='bbox 372 3003 411 3037; x_wconf 51' lang='lat' dir='ltr'>is¹</span> <span class='ocrx_word' id='word_1_477' title='bbox 437 3020 442 3040; x_wconf 76' lang='lat' dir='ltr'><em>z</em></span> <span class='ocrx_word' id='word_1_478' title='bbox 466 3005 546 3050; x_wconf 56' lang='lat' dir='ltr'>Ego</span> <span class='ocrx_word' id='word_1_479' title='bbox 564 3007 703 3043; x_wconf 72' lang='lat' dir='ltr'>Petrus</span> <span class='ocrx_word' id='word_1_480' title='bbox 726 3008 929 3046; x_wconf 78' lang='lat' dir='ltr'>Fernandi</span> <span class='ocrx_word' id='word_1_481' title='bbox 947 3010 990 3046; x_wconf 85' lang='lat' dir='ltr'>de</span> <span class='ocrx_word' id='word_1_482' title='bbox 1007 3010 1158 3057; x_wconf 84' lang='lat' dir='ltr'>Pinna,</span> <span class='ocrx_word' id='word_1_483' title='bbox 1172 3008 1477 3047; x_wconf 77' lang='lat' dir='ltr'>archidiaconus</span> <span class='ocrx_word' id='word_1_484' title='bbox 1494 3008 1537 3045; x_wconf 83' lang='lat' dir='ltr'>de</span> <span class='ocrx_word' id='word_1_485' title='bbox 1552 3007 1743 3045; x_wconf 83' lang='lat' dir='ltr'>Carrione</span> <span class='ocrx_word' id='word_1_486' title='bbox 1761 3006 1803 3044; x_wconf 89' lang='lat' dir='ltr'>in</span> <span class='ocrx_word' id='word_1_487' title='bbox 1821 3006 1980 3044; x_wconf 85' lang='lat' dir='ltr'>ecclesia</span> 
     </span>
    </p>
   </div>
   <div class='ocr_carea' id='block_1_3' title="bbox 328 3125 1173 3170">
    <p class='ocr_par' dir='ltr' id='par_1_6' title="bbox 328 3125 1173 3170">
     <span class='ocr_line' id='line_1_48' title="bbox 328 3125 1173 3170; baseline 0.013 -15"><span class='ocrx_word' id='word_1_488' title='bbox 328 3125 358 3155; x_wconf 75' lang='grc' dir='ltr'>Ί.</span> <span class='ocrx_word' id='word_1_489' title='bbox 392 3125 429 3156; x_wconf 68' lang='grc'>11.</span> <span class='ocrx_word' id='word_1_490' title='bbox 464 3126 520 3165; x_wconf 47' lang='grc' dir='ltr'>Χ,</span> <span class='ocrx_word' id='word_1_491' title='bbox 554 3140 616 3160; x_wconf 68' lang='lat' dir='ltr'>ms.</span> <span class='ocrx_word' id='word_1_492' title='bbox 648 3129 743 3160; x_wconf 72' lang='lat' dir='ltr'>latin</span> <span class='ocrx_word' id='word_1_493' title='bbox 772 3130 901 3170; x_wconf 72' lang='lat'>11745,</span> <span class='ocrx_word' id='word_1_494' title='bbox 932 3131 993 3164; x_wconf 81' lang='lat' dir='ltr'>sol.</span> <span class='ocrx_word' id='word_1_495' title='bbox 1026 3133 1092 3165; x_wconf 73' lang='lat'>277</span> <span class='ocrx_word' id='word_1_496' title='bbox 1123 3137 1173 3165; x_wconf 73' lang='grc' dir='ltr'>νο.</span> 
     </span>
    </p>
   </div>
  </div>
 </body>
</html>
