2083 3458
235 188 315 228 902
885 202 1036 227 NOTAE
1071 202 1132 227 AD
1167 203 1295 227 VITAS
1791 173 1943 242 [1390]

235 287 454 327 consiliarii
489 287 700 338 putabant
736 302 821 325 esse
860 286 1070 325 meliorem
1116 295 1163 324 ut
1202 286 1292 324 finis
1340 286 1498 337 imponi
1541 295 1681 337 posset
1717 286 1945 334 schismati,

236 347 421 386 dominas
446 346 667 385 cardinalis
693 347 736 384 de
768 346 954 396 Vergeyo,
980 354 1027 384 ut
1053 354 1115 384 est
1140 345 1181 384 in
1206 345 1338 384 Veteri
1363 346 1501 385 codice
1527 346 1685 384 archivi
1709 346 1808 396 regii
1835 346 1946 384 Pari-

236 407 379 446 riensis
394 406 423 454 ¹,
447 406 548 444 dimit
569 406 671 456 quod
691 406 849 444 attentis
882 406 925 443 in
948 405 1113 443 materia
1135 405 1306 456 presenti
1329 405 1627 444 considerandis
1658 406 1723 444 via
1756 405 1946 444 cessionis

237 475 291 505 est
315 467 435 516 justa,
462 474 613 513 sancta,
640 473 675 503 et
700 465 969 512 rationabilis,
996 473 1030 503 et
1056 465 1157 515 quod
1193 479 1240 503 ea
1276 465 1436 503 domino
1463 474 1592 503 nostro
1619 480 1723 516 pape
1758 474 1948 515 tanquam

239 526 374 564 melior
399 525 553 564 consuli
580 524 703 574 εἰρήκει,
730 524 823 563 vide
849 533 965 562 tomo
992 533 1110 563 seXto
1136 524 1346 575 Spicilegiz'
1376 525 1621 563 Dacheriani
1640 524 1667 572 2,
1693 540 1732 576 p.
1760 525 1848 573 141,
1874 524 1946 562 ubi

239 586 375 636 agitur
405 585 453 623 de
485 583 689 623 cardinale
720 584 768 622 de
799 584 1010 634 Vergiaco.
1043 584 1151 622 Nam
1178 583 1221 622 in
1249 583 1424 622 articulo
1454 584 1658 634 sequenti,
1687 584 1730 622 in
1760 598 1842 634 quo
1880 583 1947 634 agi

239 659 401 684 rursum
421 644 587 683 videtur
606 644 655 682 de
674 643 743 682 illo
763 643 984 692 cardinale,
1004 643 1224 694 legendum
1242 651 1305 682 est
1330 644 1461 693 Vergn
1478 658 1552 695 pro
1578 644 1719 694 Vergy,
1739 643 1802 682 uti
1821 657 1945 694 supra

239 720 278 756 p.
315 704 415 742 1121
450 703 700 742 monuimus.

296 764 339 803 P.
362 763 452 811 507,
473 763 539 814 lig.
562 763 624 802 27.
648 763 909 801 ARMANIACI.
934 763 1039 801 Jean
1060 763 1337 813 d'Armagnac
1358 771 1527 801 mourut
1556 763 1590 802 16
1613 763 1662 801 25
1689 762 1823 813 juillet
1844 762 1944 801 1391

245 824 311 873 (N.
336 822 487 870 Valois,
509 832 540 861 t.
563 837 605 871 11,
627 837 667 873 p.
693 822 784 872 187)
808 831 849 860 et
871 822 1051 860 Histoire
1073 823 1118 859 de
1138 823 1374 871 Langaedoc
1398 823 1444 872 (t.
1467 837 1526 870 1X,
1549 838 1588 873 p.
1612 822 1702 870 959,
1726 822 1833 871 960).

297 883 341 921 Ρ.
365 882 455 930 509,
478 882 544 933 lig.
571 882 631 921 16.
654 883 773 921 OBIIT
791 882 947 921 GASTo.
970 882 1144 920 Mortem
1159 881 1174 904 3
1191 882 1278 932 ejus
1299 890 1341 921 et
1362 896 1467 932 quae
1490 891 1581 920 tum
1599 882 1805 932 contigere
1828 896 1945 920 accu-

243 951 331 981 rate
356 950 397 981 et
423 941 640 992 diligenter
664 941 861 980 describit
888 941 1140 980 Froissartus
1172 941 1249 992 [ed.
1280 942 1465 991 Kervyn,
1490 949 1521 981 t.
1558 956 1645 990 le,
1670 957 1710 992 p.
1737 940 1946 991 325—350].

298 1002 341 1041 Ρ.
375 1001 465 1049 509,
498 1001 564 1052 lig.
599 1001 660 1040 22.
696 1001 779 1040 SIBI
824 1015 952 1039 MAGIS
986 1016 1218 1049 PRQPINQUI
1258 1001 1477 1053 praecipue
1509 1016 1606 1040 Vero
1642 1002 1829 1039 Jubanus
1863 1001 1948 1039 sive

246 1062 432 1108 Yvanus,
462 1075 584 1111 quem
613 1061 682 1099 alii
712 1062 917 1099 Joannem
946 1069 1113 1108 vocant,
1145 1061 1250 1099 filius
1279 1061 1367 1111 ejus
1397 1062 1564 1109 nothus,
1593 1069 1641 1099 ut
1669 1069 1811 1099 narrat
1839 1060 1949 1099 idem

245 1121 497 1160 Froissartus
526 1120 723 1171 [ibidem]

299 1181 342 1219 P.
369 1180 459 1228 510,
484 1180 551 1231 lig.
578 1180 615 1219 9.
643 1181 801 1219 PAUCIs
829 1194 1193 1219 CONCOMITANTIB.
1225 1180 1341 1218 Istud
1369 1194 1511 1219 verum
1537 1195 1619 1219 non
1645 1195 1729 1218 esse
1755 1187 1874 1230 patet
1900 1193 1951 1217 ex

246 1240 541 1291 Froissarto[ut
563 1254 610 1288 8.,
634 1255 675 1291 p.
701 1239 791 1288 335,
816 1239 1025 1290 338-339].

298 1300 342 1339 Ρ.
360 1299 451 1347 510,
468 1299 535 1350 lig.
555 1299 617 1338 18.
637 1300 812 1338 NULLos
830 1313 1009 1337 LIBEROS
1028 1314 1164 1338 LEGIT.
1185 1299 1332 1337 Filium
1349 1299 1458 1338 enim
1474 1314 1595 1338 suum
1614 1299 1840 1338 Gastonem
1863 1297 1952 1336 vita

242 1359 495 1410 privaverat,
515 1359 612 1409 quia
629 1359 661 1397 is
681 1359 986 1398 circumventus
1006 1373 1028 1396 a
1046 1373 1138 1409 rege
1158 1359 1368 1398 Navarrae
1386 1359 1573 1398 toxicum
1591 1358 1758 1398 miscere
1785 1358 1954 1396 volebat

244 1418 343 1457 cibis
380 1419 525 1469 patris,
563 1427 611 1457 ut
650 1418 825 1457 tradunt
864 1418 1115 1457 Froissartus
1160 1418 1237 1469 [ed.
1272 1419 1456 1468 Kervyn,
1489 1426 1520 1457 t.
1551 1433 1608 1467 X1,
1641 1433 1680 1470 p.
1711 1417 1874 1468 92-100]
1912 1424 1954 1455 et

244 1479 425 1517 Joannes
457 1478 670 1517 Juvenalis
700 1478 749 1517 de
782 1477 937 1517 Ursinis
967 1477 1010 1516 in
1038 1478 1223 1516 Historia
1252 1478 1395 1516 Karoli
1425 1479 1497 1526 VJ,
1524 1493 1564 1529 p.
1592 1478 1654 1526 78,
1681 1477 1780 1517 edit.
1804 1477 1951 1528 regiae.

246 1537 484 1588 Aymericus
517 1537 565 1576 de
598 1538 793 1588 Peyraco,
821 1537 891 1588 qui
918 1539 1028 1576 hunc
1067 1537 1259 1576 Gastonis
1301 1538 1432 1576 filium
1460 1546 1583 1576 vocat
1615 1537 1866 1588 Philippum,
1895 1535 1954 1574 ait

243 1597 359 1635 illum
386 1597 551 1648 propria
580 1612 705 1636 manu
740 1597 869 1648 patris
907 1597 1206 1648 interemptum
1243 1597 1385 1644 fuisse3
1424 1597 1534 1648 quod
1571 1597 1697 1636 etiam
1734 1597 1955 1636 confirmat

245 1657 427 1695 narratio
464 1656 693 1696 Froissarti.
723 1657 882 1695 Nothos
908 1658 960 1694 ab
987 1672 1033 1695 60
1058 1665 1294 1707 procreatos
1323 1657 1570 1696 Oihenartus
1597 1657 1638 1695 in
1669 1656 1824 1695 Notitia
1859 1656 1955 1693 Vas-

246 1716 395 1764 eoniae,
431 1731 470 1767 p.
508 1716 597 1764 553,
635 1725 814 1766 quatuor
846 1716 1048 1764 nominat,
1081 1717 1339 1755 Bernardum
1371 1716 1562 1756 videlicet
1596 1716 1743 1755 ducem
1769 1708 1956 1754 Medinae

249 1775 387 1823 Zelim,
419 1777 636 1823 Joannem,
685 1776 1017 1815 Perenaudetum
1055 1785 1096 1814 et
1135 1776 1394 1815 Gratianum.
1434 1776 1489 1814 At
1531 1776 1781 1814 Froissartus
1819 1776 1877 1826 [ut
1910 1789 1957 1822 8.,

248 1844 277 1874 t.
308 1850 397 1882 XXI,
425 1850 464 1885 p.
494 1836 583 1883 283,
613 1835 705 1885 284]
738 1836 838 1874 duos
874 1844 1042 1874 tantum
1083 1844 1322 1874 constanter
1349 1836 1538 1874 nominat
1567 1836 1763 1873 Yvanum
1789 1844 1829 1874 et
1861 1835 1958 1873 Gra-

248 1894 429 1941 tianum;
468 1895 578 1945 quod
610 1895 736 1933 etiam
775 1895 1045 1933 confirmatur
1083 1895 1332 1934 auctoritate
1360 1895 1519 1945 Aegidii
1551 1895 1598 1934 de
1628 1895 1870 1933 Bellamera.
1897 1894 1960 1931 Ex

251 1954 311 1992 his
362 1954 555 1992 Yvanum
598 1963 716 2005 pater
748 1955 927 1992 multum
982 1954 1191 2005 diligebat.
1238 1956 1339 1993 Erat
1381 1955 1490 1993 enim
1526 1955 1689 2005 juvenis
1728 1952 1959 2005 praestanti

254 2014 399 2061 forma,
426 2014 594 2052 decorus
619 2023 805 2065 aspectu,
828 2023 921 2052 tum
946 2014 1062 2052 fortis
1088 2023 1128 2052 et
1152 2023 1357 2062 strenuus,
1382 2023 1430 2052 ut
1453 2023 1665 2053 testantur
1692 2013 1801 2053 idem
1829 2012 1961 2051 Frois-

254 2082 389 2112 sartus
417 2067 474 2123 [ut
501 2088 546 2121 s.,
568 2088 607 2124 p.
637 2089 709 2121 XV,
730 2088 769 2124 p.
792 2073 859 2123 84]
884 2082 925 2112 et
948 2073 1160 2112 Juvenalis
1183 2074 1232 2112 de
1267 2074 1423 2112 Ursinis
1449 2074 1491 2112 in
1519 2074 1608 2113 loco
1628 2087 1752 2124 supra
1773 2073 1958 2111 laudato.

260 2133 380 2170 Illum
409 2133 584 2171 Karolus
612 2133 668 2170 VI
695 2133 807 2184 apud
831 2148 872 2171 se
897 2133 1045 2171 habuit
1070 2133 1177 2171 inter
1201 2133 1442 2184 praecipuos
1478 2134 1595 2172 aulae
1629 2133 1763 2184 regiae
1787 2133 1959 2183 juvenes

258 2200 305 2230 ut
330 2192 483 2230 ibidem
508 2192 639 2230 tradit
666 2192 932 2231 Froissartus.
960 2193 1049 2241 Quo
1077 2193 1124 2230 fit
1149 2201 1196 2230 ut
1222 2193 1270 2231 de
1296 2193 1364 2231 1110
1390 2193 1623 2232 existimem
1648 2192 1961 2243 intelligendum

259 2266 343 2290 esse
364 2251 405 2289 id
427 2252 537 2301 quod
558 2251 617 2289 ait
639 2251 879 2301 Aymericus
902 2252 950 2290 de
974 2253 1155 2301 Peyraco
1175 2252 1217 2290 in
1237 2267 1311 2291 suo
1333 2252 1528 2290 Chronico
1543 2252 1572 2300 4,
1597 2252 1793 2290 nimirum
1815 2252 1961 2290 Gasto-

261 2325 355 2348 nem
371 2311 562 2350 habuisse
582 2311 713 2349 filium
728 2311 928 2362 spurium,
946 2311 1016 2361 qui
1031 2327 1055 2349 α
1070 2326 1165 2349 casu
1181 2320 1268 2362 post
1284 2320 1443 2350 mortem
1457 2326 1587 2359 suam,
1603 2312 1644 2350 id
1660 2319 1736 2359 est,
1755 2310 1963 2357 Gastonis‚

262 2370 450 2407 parisius
473 2371 552 2420 suit
575 2371 812 2409 combustus.
838 2371 917 2409 Sed
942 2371 1189 2421 conjecturis
1213 2380 1356 2409 tamen
1381 2386 1481 2422 opus
1507 2386 1590 2410 non
1613 2379 1675 2410 est
1699 2371 1741 2409 in
1767 2385 1807 2409 re
1836 2377 1961 2409 certa.

264 2429 459 2467 Yvanum
483 2430 591 2467 enim
617 2430 790 2468 fortuito
813 2429 1002 2469 incendio
1026 2430 1191 2480 periisse
1216 2445 1325 2469 anno
1366 2431 1626 2470 MCCCXCII
1650 2438 1831 2469 testatur
1854 2429 1964 2467 idem

265 2488 514 2527 Froissartus
552 2490 609 2531 sut
632 2504 678 2537 8.,
704 2504 743 2539 p.
771 2504 843 2537 XV,
869 2504 908 2540 p.
935 2489 1069 2537 85-86,
1095 2490 1159 2538 89,
1186 2490 1340 2540 91-92].

319 2548 361 2585 Ρ.
383 2548 471 2595 510,
492 2548 557 2598 lig.
580 2548 640 2587 19.
662 2549 911 2587 VICECOMES
932 2550 1204 2588 CASTRIBONI.
1227 2549 1327 2587 Vide
1360 2549 1635 2587 Froissartum
1666 2548 1724 2598 [ut
1749 2563 1796 2595 s.‚
1824 2556 1855 2587 t.
1877 2562 1964 2594 XIV,

264 2620 302 2655 p.
329 2607 515 2654 337-349,
541 2607 727 2655 357-361,
753 2608 960 2658 374-376].
989 2608 1180 2658 Aegidius
1205 2609 1432 2647 Bellamera
1456 2608 1508 2649 ,111
1534 2622 1622 2658 cap.
1658 2607 1804 2646 Petitio
1827 2615 1966 2654 vestra,

262 2665 319 2701 De
339 2665 521 2715 jnrejnn,
545 2666 603 2704 ait
625 2666 701 2705 sibi
721 2667 978 2718 propositam
1001 2667 1123 2706 fuisse
1146 2668 1431 2718 quaestionem
1452 2676 1546 2718 post
1568 2676 1744 2705 mortem
1774 2664 1967 2705 Gastonis

266 2724 424 2762 comitis
456 2726 666 2773 Fuxensis‚
696 2726 766 2775 qui
795 2726 953 2764 obierat
982 2727 1149 2765 dimisso
1177 2741 1326 2777 magno
1354 2728 1549 2765 thesauro
1578 2727 1620 2764 in
1647 2734 1781 2765 castro
1809 2739 1882 2764 suo
1918 2725 1968 2762 de

314 2869 345 2901 1.
368 2869 404 2901 J.
428 2870 507 2909 313,
529 2872 591 2905 10].
613 2872 682 2904 102
703 2876 747 2912 r0‚
769 2878 807 2904 et
825 2871 997 2905 Martene
1021 2872 1285 2917 (Amplissima
1303 2873 1472 2913 collectio,
1493 2878 1521 2906 t.
1543 2884 1607 2912 vn,
1629 2872 1696 2905 col.
1718 2871 1817 2915 471).

316 2922 345 2954 2.
372 2922 580 2966 Bellaguct,
607 2930 632 2957 t.
657 2936 694 2964 11,
722 2937 755 2967 p.
783 2925 863 2958 274.
888 2944 937 2948 —-
959 2925 1031 2958 Sur
1052 2926 1084 2958 le
1110 2926 1279 2959 cardinal
1304 2926 1348 2958 de
1373 2926 1509 2969 Vergy,
1537 2925 1619 2958 voir
1644 2924 1687 2958 N.
1714 2923 1842 2957 Valois
1867 2923 1906 2967 (t.
1930 2935 1968 2962 11,

268 2986 300 3016 p.
332 2976 412 3014 5¹13,
442 2982 479 3007 et
507 2983 533 3009 t.
560 2988 613 3017 111,
641 2989 676 3020 p.
707 2979 763 3017 ¹10,
795 2978 891 3022 200).

316 3031 346 3059 35.
378 3028 466 3061 Voir
485 3029 490 3060 1
507 3029 684 3063 ’Histoire
710 3031 751 3064 de
776 3030 1008 3074 Languedoc,
1037 3038 1063 3065 t.
1091 3044 1145 3072 1X,
1173 3044 1209 3076 p.
1239 3032 1411 3066 960-962.

317 3081 347 3112 4.
375 3080 413 3112 B.
445 3081 500 3121 N.‚
528 3093 595 3116 ms,
620 3083 718 3115 latin
741 3084 835 3117 4991
859 3084 907 3119 A.
933 3085 997 3118 fol.
1023 3085 1093 3118 147
1119 3089 1162 3119 r0.
1211 3101 1215 3105 ·
