2083 3458
299 247 381 290 540
946 267 1098 293 NOTAE
1131 268 1192 293 AD
1226 269 1353 294 VITAs
1852 252 2006 309 [1023]

303 347 445 386 Eidem
466 364 572 387 anno
594 350 809 389 millesimo
830 352 1081 390 CCCXXIX
1101 352 1297 402 Opicinus
1318 353 1366 391 de
1387 353 1583 392 Canistris
1602 353 1758 392 dicavit
1780 362 2009 393 tractatum

300 407 353 443 De
376 422 492 456 regno
513 410 722 448 Ecclesiae.
749 410 811 449 Sic
833 412 943 450 enim
964 412 1165 461 scriptum
1187 421 1248 450 est
1268 413 1310 450 in
1332 413 1440 451 calce
1463 413 1613 455 codicis
1634 411 1713 451 506
1732 413 2008 453 bibliothecae

299 466 556 506 Colbortinae
578 468 590 490 ¹
617 485 623 505 :
650 468 848 518 Opicinas
865 471 909 508 de
931 470 1134 508 Cani-stris
1166 471 1387 521 Papiensis
1403 480 1611 510 tractatum
1635 473 1680 510 de
1702 487 1821 522 regno
1836 472 2010 511 Ecclesie

299 525 402 563 [licat.
432 527 558 564 nobili
588 537 622 565 et
651 530 866 579 magnifico
897 530 979 567 viro
1009 531 1169 568 domino
1202 531 1382 568 Jolzanni
1413 531 1457 568 de
1486 531 1712 579 Cabamde,
1742 532 1848 580 juris
1878 531 2010 570 civilis

297 586 522 634 professori,
547 602 691 636 magno
712 589 816 637 regie
837 589 944 627 carie
966 589 1155 639 magistro
1176 590 1378 629 rationali.

351 645 413 681 Ex
439 646 717 686 instrumento
746 648 1022 687 donationum
1040 649 1054 671 2
1081 664 1102 687 a
1133 650 1323 700 Philippo
1359 650 1565 689 factarum
1595 651 1801 690 Ecclesiae
1837 650 2009 690 Cabelli-

297 705 404 742 censi
432 715 596 744 constat
623 722 717 746 eum
744 708 936 747 habuisse
963 709 1110 747 fratres
1141 709 1359 748 Isnardum
1386 717 1427 748 et
1454 709 1679 750 Alziarium
1693 710 1722 758 3,
1753 711 1882 749 istum
1912 725 2009 749 vero

296 772 508 805 mortuum
530 766 654 805 fuisse
677 775 773 806 ante
797 782 953 807 annum
976 769 1240 808 millesimum
1263 769 1558 807 CCCXXXIX
1580 778 1621 808 et
1645 770 1776 809 filium
1797 770 2009 820 reliquisse

297 824 461 862 nomine
480 826 697 866 Joannem.
719 827 826 866 Puto
843 836 985 866 autem
1003 828 1051 866 de
1069 828 1145 866 hoc
1163 828 1340 866 Alziario
1357 828 1671 879 intelligendam
1687 844 1772 868 esse
1790 829 2010 880 epistolam

297 885 616 923 consolatoriam
631 887 679 924 de
695 895 828 925 morte
843 887 981 926 fratris
999 901 1125 937 quam
1139 888 1191 925 ad
1208 888 1446 938 Philippum
1461 889 1625 939 scripsit
1640 890 1864 928 Petrarcha
1878 889 1947 927 lib.
1969 888 2009 925 II

297 942 384 981 Rer.
410 944 621 993 familiar„
639 946 766 996 epist.
793 961 819 994 1,
846 962 897 985 ex
922 962 1002 997 qua
1029 947 1235 997 colligitur
1257 948 1374 986 illum
1399 943 1866 995 adhucwadolescenltem
1891 956 2008 986 extra

295 1003 476 1051 patriam
502 1005 727 1044 immatura
756 1015 888 1045 morte
916 1007 1130 1045 sublatum
1156 1007 1293 1045 fuisse.

350 1062 529 1113 Philippi
554 1078 681 1114 nepos
708 1065 788 1103 fuit
815 1066 1056 1104 Rossolinus
1083 1067 1132 1104 de
1158 1066 1390 1114 Cabassole,
1417 1075 1465 1104 ut
1491 1067 1611 1106 docet
1638 1067 1941 1106 Nostradamus
1966 1066 2008 1105 in

296 1120 481 1159 Historia
502 1122 753 1170 Provinciae,
787 1140 826 1175 p.
859 1125 947 1164 430.

352 1180 495 1233 Habeo
528 1183 634 1221 inter
673 1184 798 1222 libros
829 1199 940 1223 meos
969 1193 1152 1225 veterem
1182 1184 1718 1235 editionem=apostillarum
1748 1186 1790 1224 in
1817 1186 2005 1224 Extrava-

297 1248 432 1288 gantes
452 1242 624 1280 Joannis
646 1243 790 1291 XXII,
810 1244 852 1282 in
873 1244 989 1294 cujus
1010 1245 1118 1283 calce
1138 1245 1346 1294 quaedam
1364 1245 1517 1295 scripta
1537 1254 1635 1284 sunt
1655 1260 1760 1296 quae
1780 1245 2008 1284 ostendunt

294 1298 400 1337 hanc
432 1311 597 1350 gentem
628 1302 752 1341 fuisse
784 1304 919 1343 adhuc.
951 1304 1218 1354 superstitem
1249 1304 1505 1354 temporibus
1539 1305 1739 1343 Ludovici
1772 1305 1872 1352 XII,
1903 1304 2007 1354 regis

297 1358 561 1400 Francorum.
581 1362 644 1400 Sic
661 1363 770 1401 enim
785 1364 866 1402 illic
882 1364 1084 1414 scriptum
1100 1372 1162 1402 est
1180 1380 1186 1401 :
1205 1364 1326 1401 Anno
1339 1364 1508 1401 Domini
1525 1364 1735 1402 millesimo
1751 1363 2007 1411 CCCCCVI,

296 1417 357 1455 die
386 1434 471 1457 vero
498 1421 655 1460 XXVI
682 1423 830 1460 mensis
856 1424 1103 1474 septembris,
1133 1423 1238 1461 eirca
1266 1432 1441 1461 octavam
1469 1424 1606 1461 horam
1635 1424 1759 1462 noctis
1785 1437 1895 1461 soror
1923 1437 2009 1460 mea

293 1478 505 1518 carissima
522 1482 676 1531 peperit
694 1482 824 1532 filiam
841 1499 865 1521 a
884 1484 1010 1521 nobili
1029 1484 1111 1521 Viro
1130 1483 1290 1520 domino
1309 1483 1451 1521 Nieolo
1473 1483 1626 1521 Joanni
1647 1483 1876 1521 Florentino
1894 1490 2009 1532 atque

259 1580 260 1586 ¹
293 1547 457 1587 cognato
485 1555 567 1578 meo
593 1542 835 1581 honorando.
866 1543 1062 1581 Patrinus
1090 1557 1176 1580 vero
1205 1543 1313 1592 filiae
1339 1542 1420 1592 fuit
1445 1543 1588 1580 Petrus
1616 1543 1775 1580 llffaneti
1803 1541 2009 1580 Avenione

293 1610 550 1639 commorans.
578 1601 840 1652 [Watrirzaqae
860 1603 941 1652 fuit
963 1603 1111 1641 nobilis
1133 1603 1269 1653 puella
1291 1602 1434 1640 Pierra
1455 1602 1668 1642 Cabasola.
1693 1602 1908 1652 Baptizata
1929 1600 2010 1650 fuit

296 1655 396 1694 inter
420 1660 601 1708 quintam
624 1670 659 1699 et
688 1662 748 1699 VI
771 1663 909 1701 horam
934 1672 1123 1701 nocturno
1148 1671 1329 1712 tempore.
1359 1662 1615 1712 Superos-que.
1631 1662 1786 1700 obsecro
1812 1670 1854 1700 ut
1878 1661 2008 1711 filiam

295 1725 407 1766 atque
425 1733 495 1756 nos
513 1735 645 1759 omnes
662 1730 850 1772 perpetuo
867 1730 1102 1761 conservent.
1123 1722 1328 1771 Scriptum
1345 1736 1414 1771 per
1431 1736 1489 1759 me
1506 1722 1780 1771 Raynaadam
1796 1721 2006 1768 Riecte-um,

295 1786 485 1825 patricam
500 1794 631 1819 stiam.

351 1837 392 1875 Ρ.
415 1837 504 1886 368,
525 1840 591 1890 lig.
614 1840 675 1879 26.
700 1842 919 1880 SYMONEM
949 1857 1004 1880 DE
1025 1843 1234 1879 LANGARI.
1257 1841 1380 1890 Apud
1401 1840 1759 1891 Walsinghamum
1778 1841 1830 1878 ad
1850 1853 2007 1878 annum

299 1895 397 1933 1361
434 1897 478 1947 [t.
504 1914 530 1946 1,
555 1915 593 1950 p.
621 1900 723 1951 296]
748 1910 858 1940 recte
883 1909 1059 1940 vocatur
1084 1901 1223 1941 Simon
1255 1901 1303 1938 de
1329 1900 1556 1951 Langham.
1584 1900 1640 1937 At
1662 1900 1838 1950 pessime
1862 1899 1914 1937 ad
1939 1912 2004 1937 an.

298 1954 399 1993 1349
431 1957 475 2006 [t.
498 1973 524 2005 1,
547 1974 584 2009 p.
609 1960 710 2011 274]
732 1962 909 2000 <locatur
930 1961 1071 2001 Simon
1090 1961 1293 2006 Banham.
1760 1993 1762 1995 .

351 2015 413 2054 Ex
443 2021 659 2068 monacho,
690 2021 837 2071 priore,
869 2030 910 2060 et
947 2021 1100 2059 abbate
1131 2020 1564 2059 Westmonasteriensi
1603 2019 1738 2058 factus
1768 2017 1862 2058 est4
1898 2017 2001 2068 epis-

296 2089 422 2125 copus
461 2078 632 2118 Eliensis
671 2095 779 2119 anno
817 2080 1072 2127 MCCCLXI,
1110 2088 1151 2119 et
1179 2079 1510 2130 archiepiscopus
1548 2078 1855 2118 Cantuariensis
1892 2091 2000 2115 anno

297 2134 587 2186 MCCCLXVL
615 2148 662 2177 ut
687 2140 746 2178 ait
772 2140 1008 2178 Godwinus.

350 2195 468 2235 Anno
499 2197 839 2248 MCCCLXVIII,
869 2214 964 2239 eum
991 2207 1092 2238 tunc
1121 2199 1337 2238 absentem
1366 2164 1558 2237 Urbanus
1588 2199 1623 2236 V
1652 2197 1808 2237 creavit
1836 2196 2005 2247 presby-

294 2261 431 2295 terum
466 2258 728 2299 cardinalem.
768 2260 856 2308 Quo
891 2259 1036 2297 audito
1070 2267 1282 2310 permotus
1318 2274 1389 2297 rex
1423 2258 1594 2308 Angliae
1630 2257 1849 2295 Eduardus
1883 2255 2002 2294 istius

295 2316 470 2355 nominis
490 2318 637 2356 tertius
657 2319 825 2368 praedia
844 2319 1223 2369 archiepiscopatus
1241 2326 1446 2368 tanquam
1464 2311 1653 2356 vacantis
1671 2317 1712 2355 in
1732 2330 1850 2355 suam
1868 2322 2005 2366 potes-

293 2380 427 2413 tatem
448 2378 613 2427 recepit.
638 2379 693 2416 At
714 2379 1045 2428 archiepiscopus
1067 2378 1194 2417 nihilo
1214 2378 1409 2416 turbatus
1430 2378 1602 2416 tandem
1624 2390 1646 2414 a
1666 2390 1758 2426 rege
1779 2376 2012 2427 impetrata-

298 2433 472 2473 Romam
497 2437 784 2486 proficiscendi
807 2438 973 2476 licentia
998 2452 1017 2476 e
1041 2453 1114 2476 suo
1139 2437 1344 2475 famulatu
1369 2437 1595 2475 destitutus
1621 2436 1825 2483 omnibus,
1850 2433 2004 2497 archia:

295 2494 533 2544 piscopatus
563 2496 791 2545 insignibus
822 2505 986 2544 exutus,
1019 2497 1212 2547 omnique
1241 2495 1527 2546 jurisdictione
1554 2495 1678 2545 priori
1709 2503 1750 2534 et
1780 2500 2004 2553 conventui

346 2619 377 2652 1.
407 2619 447 2652 B.
468 2619 525 2659 N„
545 2633 611 2654 ms.
629 2621 724 2654 latin
741 2621 846 2662 4046,
865 2621 927 2656 fol.
947 2623 1016 2656 208
1033 2626 1084 2656 νῦ.

346 2673 375 2704 2.
409 2673 474 2705 Ph.
501 2673 678 2718 Tamizey
714 2675 758 2708 de
793 2675 966 2719 Laroque
995 2674 1080 2718 (Un
1103 2676 1290 2708 document
1313 2675 1427 2708 incidit
1447 2686 1511 2707 sur
1533 2674 1711 2718 Philippa
1731 2674 1774 2707 de
1795 2672 2001 2713 Cabassole,

296 2725 388 2757 dans
414 2725 577 2759 Balletin
600 2728 796 2772 historique
820 2734 850 2761 et
873 2729 1143 2772 archeologiqae
1167 2729 1207 2761 de
1235 2728 1425 2768 Vauchcse,
1453 2735 1479 2761 t.
1504 2740 1529 2761 11
1559 2726 1693 2771 (1880),
1720 2738 1754 2770 p.
1782 2725 1952 2770 470-473)
1982 2737 2003 2758 a

297 2778 436 2819 signalc
460 2780 625 2813 d⁷autrcs
647 2781 862 2815 liberalitas.

345 2832 376 2863 3.
410 2832 580 2866 Diversos
611 2834 728 2867 bulles
759 2835 802 2868 de
832 2835 929 2868 Jean
959 2834 1078 2868 XXII
1112 2834 1168 2878 (17
1199 2835 1290 2868 aofit
1320 2834 1424 2878 1332)
1458 2833 1542 2867 font
1582 2834 1776 2867 connaitre
1817 2832 2000 2876 plusieurs

299 2885 480 2917 nmmbros
499 2886 541 2917 do
558 2887 591 2918 la
609 2887 747 2921 famille
766 2887 963 2921 Cabassole
982 2901 988 2921 z
1007 2888 1115 2935 Jean,
1134 2887 1321 2920 chevalier
1337 2887 1563 2930 d'Avignon,
1582 2886 1646 2930 qui
1662 2888 1802 2930 epousa
1818 2885 2000 2918 Mathilde

297 2942 334 2967 vt
358 2944 416 2968 (5¹11
456 2950 549 2979 pour
580 2940 730 2973 ‹,=nfants
769 2941 951 2985 Rostang,
990 2941 1218 2974 archidiacre
1253 2941 1296 2973 de
1324 2940 1424 2980 Riez,
1458 2946 1497 2973 et
1530 2939 1653 2980 Louis,
1688 2939 1804 2972 mari&
1837 2939 1858 2971 a
1891 2939 1999 2972 dame

301 2990 463 3024 Imm-11⁴2:
496 2992 687 3033 Doyouno,
718 2994 853 3027 femme
884 2995 927 3027 dc
957 2995 1141 3037 Berenger
1170 2994 1350 3033 Cavalier,
1381 2993 1568 3027 chevalier
1596 2992 1811 3036 d’Avignon
1843 2992 1999 3035 (Monat’

301 3054 332 3073 ῃ,
364 3044 644 3089 5s075-58079).

349 3095 375 3126 ἰ,
410 3096 436 3127 Ἠ
460 3098 511 3129 sut
536 3102 683 3132 nomme
704 3101 844 3143 &voque
866 3092 977 3143 d’Ely
996 3101 1027 3134 le
1048 3101 1092 3134 10
1111 3100 1258 3144 janvier
1277 3100 1370 3133 1362
1389 3106 1427 3133 et
1446 3100 1680 3142 archeveque
1701 3099 1744 3131 de
1765 3098 1998 3141 Cantorbery

300 3148 327 3176 Ι·Α
352 3149 389 3179 ’Δί
420 3150 530 3188 juillet
562 3152 649 3184 1:20ss
675 3153 819 3193 (Euhel,
844 3153 1072 3193 IIierarcliia,
1096 3160 1121 3187 t.
1143 3166 1167 3193 1,
1191 3165 1224 3196 p.
1248 3154 1316 3186 163
1338 3159 1377 3186 et
1398 3153 1493 3191 238).
