2083 3458
67 197 190 253 [728]
592 213 808 239 PAPARUM
843 211 1227 239 AVENIONENSIUM
1556 204 1558 207 ’
1668 196 1749 238 225

58 296 297 334 fundatione
324 296 498 334 duarum
524 297 841 346 capellaniarum
866 296 908 334 in
933 296 1173 347 episcopatu
1200 296 1444 334 Cadurcensi
1469 310 1541 346 pro
1568 296 1748 333 Arnaldo

59 355 185 393 Roset
204 355 394 405 episcopo
414 354 577 392 Astensi
599 370 606 392 :
628 355 741 392 Nous
761 370 828 404 oye
847 355 964 393 laclite
983 355 1253 405 supplication
1272 369 1372 405 pour
1391 356 1429 393 la
1448 355 1747 404 contemplation

56 421 90 451 et
111 413 397 451 consideration
420 413 463 450 de
486 421 611 451 nostre
633 414 736 451 chier
757 422 790 451 et
809 414 890 463 scal
910 415 942 452 le
964 414 1145 452 cardinal
1164 414 1209 451 cle
1231 413 1467 463 Alontsavez„
1491 421 1568 452 etc.
1594 414 1652 452 De
1676 414 1747 451 Ar-

58 472 180 510 naldo
211 472 394 510 Rosetol
424 480 470 509 ut
499 472 598 509 illud
629 486 791 522 quoque
822 473 953 511 obiter
981 487 1220 511 moneamus
1249 472 1449 510 videndus
1480 472 1748 521 Waddingus,

57 545 122 569 an.
141 531 255 579 1327,
278 531 294 580 ἓ
312 531 331 568 1
351 529 396 580 [t.
416 545 538 580 v11‚p.
557 530 636 581 66].

115 590 231 627 Illum
259 591 429 628 Mantua
458 590 683 628 Patavinus
702 589 743 627 in
770 590 874 628 libro
892 590 940 628 de
978 590 1087 627 Viris
1115 590 1336 628 illustribus
1357 590 1439 640 [fol.
1461 590 1533 627 162
1553 588 1604 638 ΓΟ]
1626 598 1748 627 vocat

58 648 191 686 virum
228 648 561 686 eminentissimae
605 649 803 696 scientiae,
841 650 1106 687 excellentem
1150 649 1444 699 jurisperitum.
1483 648 1692 686 Albericus
1725 661 1747 685 a

60 708 211 746 Rosate
225 708 238 729 ²
258 708 299 745 in
319 708 446 746 verbo
465 707 559 744 Non
579 707 764 755 obstante,
780 708 1006 745 maximum
1026 708 1307 758 jurisperitum
1328 707 1369 745 in
1384 708 1514 757 glossa
1529 708 1580 745 ad
1603 707 1747 745 confir-

58 766 282 805 mationem
302 766 346 805 ff.
369 767 437 805 fol.
462 767 496 814 7,
520 767 592 805 col.
616 766 652 814 2,
673 775 713 804 et
728 780 924 816 magnum
940 766 1132 816 juristam
1152 767 1194 804 in
1212 767 1237 804 1.
1256 766 1372 804 Diem
1390 766 1523 815 juncto
1544 767 1585 805 sf.
1609 767 1656 804 de
1678 766 1747 805 off.

57 839 213 873 assess,
234 825 304 863 ubi
324 825 382 863 ait
402 840 494 863 eum
512 825 577 875 jus
599 825 714 863 civile
734 825 961 875 professum
982 840 1065 864 esse
1085 826 1126 863 in
1146 825 1355 864 academia
1376 825 1748 875 Montispessulani.

61 885 170 922 Haec
199 892 295 922 sunt
323 885 409 934 ejus
439 885 563 922 verba
594 899 601 921 :
631 884 749 921 Hanc
776 885 896 933 legem
924 884 1076 934 repetiit
1113 885 1156 921 in
1184 884 1533 934 Alontepessulano
1565 884 1748 921 dominus

57 943 299 981 Bertrandas
325 944 369 981 cle
394 943 703 992 llffonlesaventio
730 957 899 991 magnus
922 943 1081 992 jurleta,
1109 957 1219 993 quem
1245 943 1326 980 vicli
1352 951 1484 992 postea
1509 943 1748 980 cardinalem

57 1017 197 1051 magne
217 1002 477 1052 reputationis
499 1002 542 1039 in
562 1002 1019 1051 collegiacardinalium.
1040 1003 1190 1040 Fuerat
1212 1010 1351 1040 autem
1367 1010 1488 1040 antea
1509 1010 1748 1052 praeceptor

56 1061 303 1099 domesticus
322 1075 453 1111 papae
474 1061 658 1109 Joannis‚
679 1069 824 1111 utpote
845 1061 930 1110 ejus
950 1069 1238 1099 conterraneus
1253 1060 1281 1108 3,
1302 1068 1342 1099 et
1362 1060 1455 1098 hinc
1476 1061 1747 1111 Montempes-

55 1121 245 1158 sulanum
265 1120 512 1159 censendum
531 1128 593 1158 est
611 1120 733 1158 fuisse
753 1120 996 1170 profectum.

110 1180 266 1217 Putant
282 1179 466 1217 nonnulli
482 1179 597 1217 illum
613 1179 736 1217 fuisse
752 1178 1001 1229 professione
1017 1178 1348 1226 Franciscanum,
1365 1192 1466 1227 quos
1481 1178 1746 1227 X'Vaddingus,

56 1251 120 1277 an.
140 1238 253 1287 1316,
276 1239 292 1287 ξ
307 1238 357 1276 39
374 1237 418 1288 [t.
437 1253 490 1286 vl,
506 1253 544 1288 p.
562 1238 653 1289 259]
670 1252 802 1276 errare
816 1237 1073 1288 pronuntiat.
1092 1237 1196 1276 Sane
1211 1237 1333 1275 isthic
1351 1237 1582 1275 Bernardus
1599 1237 1748 1275 Guido-

56 1297 116 1334 nis
139 1312 219 1335 non
241 1297 427 1336 nominat
448 1312 541 1336 eum
563 1297 746 1344 fratrem,
768 1305 815 1334 ut
835 1297 939 1335 solet
960 1311 1088 1346 quum
1108 1296 1313 1346 religiosos
1336 1296 1524 1334 ordinum
1546 1295 1749 1334 Minorum

56 1364 97 1394 et
112 1357 445 1395 praedicatorum
463 1364 758 1395 commemorat
774 1356 816 1393 in
834 1356 1047 1405 collegium
1069 1355 1337 1393 cardinalium
1355 1355 1515 1393 relatos.
1536 1355 1749 1393 Praeterea

56 1415 97 1452 in
112 1415 292 1454 articulis
309 1423 450 1454 contra
465 1430 599 1466 regem
617 1415 875 1465 Portugaliae
892 1415 998 1452 datis
1020 1429 1121 1453 aevo
1139 1414 1309 1452 Joannis
1334 1414 1461 1451 XXII
1482 1428 1563 1452 non
1578 1421 1749 1451 vocatur

59 1473 193 1513 frater.
223 1475 286 1512 Ex
312 1489 392 1524 quo
419 1483 528 1513 certo
555 1474 739 1524 colligere
764 1474 859 1512 licet
884 1489 977 1512 vere
1003 1473 1290 1524 pronuntiasse
1317 1472 1593 1522 Waddingum
1620 1486 1749 1510 errare

56 1547 122 1571 eos
144 1533 212 1583 qui
233 1542 399 1572 censent
418 1534 532 1571 illum
552 1534 695 1572 fuissse
718 1533 1047 1571 Franciscanum.

111 1593 173 1630 Ex
193 1592 254 1630 his
276 1607 379 1643 quae
402 1593 708 1631 Sammarthani
728 1592 910 1630 referunt
931 1592 972 1629 in
993 1591 1181 1640 Catalogo
1201 1591 1476 1641 episcoporum
1499 1589 1751 1627 Trecensium

55 1659 228 1701 apparet
269 1666 362 1690 eum
404 1666 520 1690 suam
562 1652 737 1702 gratiam
779 1665 825 1689 ac
866 1650 1196 1689 benevolentiam
1238 1649 1489 1699 praestitisse
1536 1649 1750 1687 Guillelmo

56 1709 229 1759 Mechin,
260 1711 449 1761 episcopo
478 1711 679 1759 Trecensi,
710 1725 817 1749 anno
847 1709 1131 1757 MCCCXXII‚
1163 1708 1373 1747 occasione
1399 1708 1623 1758 juramenti
1655 1708 1750 1746 fide-

55 1769 183 1808 litatis
210 1770 319 1820 quod
343 1770 408 1808 ille
433 1784 506 1820 pro
532 1785 605 1808 suo
631 1770 871 1820 episcopatu
897 1769 1075 1807 debebat
1103 1768 1255 1806 Karolo
1285 1768 1351 1814 IV,
1378 1767 1460 1817 regi
1486 1767 1748 1805 Francorum.

112 1829 229 1866 Illum
273 1829 377 1867 circa
419 1830 518 1867 haec
560 1837 747 1879 tempora
789 1828 911 1867 fuisse
955 1827 1196 1866 canonicum
1230 1826 1503 1864 nobilissimae
1549 1825 1750 1864 Ecclesiae

56 1887 337 1937 Lugdunensis
355 1896 518 1926 constat
535 1903 585 1926 ex
601 1888 808 1926 veteribus
826 1887 1103 1925 monumentis
1126 1886 1244 1925 editis
1267 1900 1289 1923 a
1314 1885 1496 1923 Severtio
1520 1884 1562 1922 in
1579 1884 1750 1922 Chrono-

55 1947 181 1995 logiae
201 1947 585 1997 archiepiscoporum
605 1947 948 1996 Lugdunensium,
971 1961 1009 1996 p.
1033 1946 1120 1984 318.

110 2006 265 2044 Eodem
289 2020 410 2053 anno,
435 2021 528 2044 cum
553 2006 685 2056 gravis
709 2006 751 2044 in
775 2005 886 2044 curia
909 2019 1078 2043 romana
1103 2003 1379 2042 controversia
1404 2010 1546 2041 exorta
1571 2010 1676 2040 esset
1701 2002 1748 2040 de

54 2073 298 2114 paupertate
317 2065 465 2103 Christi
482 2073 522 2104 et
539 2065 833 2116 apostolorum,
851 2072 892 2103 et
912 2064 1101 2115 pontifex
1119 2064 1298 2101 Joannes
1323 2062 1500 2111 singulos
1525 2061 1748 2099 cardinales

53 2123 239 2172 jussisset
261 2139 444 2174 promere
469 2124 731 2172 sententiam,
754 2123 1007 2162 Bertrandus
1033 2123 1081 2161 de
1108 2121 1434 2160 Montefaventio
1457 2134 1572 2158 suam
1594 2119 1699 2157 dixit
1715 2118 1748 2164 43

55 2182 214 2221 Odoric.
241 2183 459 2232 Raynald.,
482 2197 546 2222 an.
571 2183 684 2232 1322,
713 2184 729 2232 ᾗ
751 2183 814 2231 65,
838 2182 899 2221 66.

107 2241 226 2280 Anno
256 2242 540 2281 MCCCXXIV
568 2243 683 2292 jussu
714 2242 897 2292 ejusdem
927 2254 1058 2291 papae
1089 2239 1262 2277 tradidit
1291 2238 1460 2288 pallium
1501 2236 1747 2286 Raymundo

53 2301 310 2350 patriarchae
329 2301 722 2351 Hierosolymitan03
742 2301 903 2340 Odoric.
924 2299 1142 2349 Raynald.‚
1161 2313 1225 2336 an.
1246 2298 1358 2344 1324,
1383 2297 1399 2345 ἓ
1416 2297 1477 2334 44.

106 2360 225 2398 Anno
246 2360 544 2408 MCCCXXVI,
566 2361 775 2411 delegatus
796 2368 857 2398 est
874 2358 890 2381 5
910 2373 1003 2397 cum
1023 2358 1111 2396 aliis
1133 2356 1406 2396 cardinalibus
1428 2363 1474 2392 ut
1494 2354 1748 2393 examinaret

54 2419 357 2458 accusationem
380 2420 633 2458 intentatam
658 2420 853 2458 adversus
880 2417 1080 2468 quosdam
1106 2417 1280 2454 Minores
1307 2415 1375 2464 qui
1400 2428 1484 2452 rem
1511 2412 1747 2462 quampiam

54 2477 172 2516 valde
205 2478 418 2516 ridiculam
452 2479 553 2517 serio
587 2486 754 2528 egerant
787 2477 897 2528 apud
930 2476 1193 2514 Exoldunum
1226 2475 1267 2512 in
1289 2473 1460 2511 dioecesi
1482 2470 1745 2521 Biturigensi3

54 2535 175 2575 Odor.
201 2537 419 2586 Raynald.‚
442 2551 507 2576 an.
532 2537 646 2586 1326,
675 2538 691 2586 ἓ
713 2537 774 2576 22.

101 2702 133 2735 1.
156 2700 227 2734 Sur
245 2701 402 2735 Arnaud
424 2702 467 2736 de
485 2702 613 2742 Roset,
632 2701 712 2735 voir
735 2701 775 2735 E.
797 2701 904 2741 Albe,
926 2701 1071 2734 Autour
1091 2700 1132 2733 de
1152 2698 1248 2731 Jean
1263 2695 1400 2735 XXII,
1419 2701 1445 2728 t.
1466 2706 1491 2735 1,
1514 2706 1548 2737 p.
1572 2693 1743 2734 161-163,

53 2760 79 2788 t.
96 2767 133 2795 11,
152 2766 186 2798 p.
205 2755 279 2794 3-5,
298 2755 330 2788 7.

101 2808 132 2841 2.
148 2807 317 2847 Lexicon,
334 2799 359 2841 ἲ.
376 2820 416 2842 ee
432 2808 452 2841 5
467 2811 511 2841 r0.

100 2861 132 2894 3.
160 2860 189 2893 Il
212 2872 233 2893 a
256 2861 314 2894 ete
339 2860 394 2894 dit
416 2861 499 2904 plus
523 2861 618 2894 haut
644 2860 690 2904 (p.
716 2860 797 2904 180)
825 2872 896 2903 que
919 2858 1105 2892 Bertrand
1128 2855 1274 2889 n'avait
1302 2866 1367 2898 pas
1400 2854 1457 2887 ete
1489 2853 1522 2885 le
1546 2853 1679 2884 maitre
1702 2850 1745 2884 de

51 2913 148 2947 Jean
171 2912 302 2946 XXII.

99 2967 131 2999 4.
165 2966 203 3000 F.
235 2966 355 2999 Tocco
389 2966 456 3010 (La
484 2967 664 3009 quistione
692 2966 784 2999 della
812 2966 967 3009 poverti‘z,
998 2976 1032 3007 p.
1065 2960 1235 3004 117-128)
1269 2972 1290 2993 a
1319 2958 1445 3003 publie
1470 2969 1538 2991 son
1566 2956 1743 2990 memoire

51 3024 89 3052 et
105 3018 154 3052 M.
174 3018 317 3052 Coulon
338 3018 384 3061 (n.
404 3019 510 3062 1700)
532 3018 626 3052 celui
644 3018 734 3062 qu'il
752 3017 883 3052 ecrivit
900 3029 963 3050 sur
979 3017 1014 3049 la
1032 3015 1209 3049 croisade.

100 3073 132 3105 5:
164 3072 294 3112 Eubel,
314 3072 357 3105 B.
379 3072 436 3112 F.‚
457 3078 484 3105 t.
506 3083 541 3112 v,
561 3083 596 3105 n.
619 3072 699 3105 626.

715 3154 864 3176 BALUZE
889 3163 936 3167 ——
963 3144 1064 3174 11—
1089 3144 1109 3174 8
