2083 3458
113 233 263 288 [1047]
668 250 882 275 PAPARUM
918 251 1301 276 AVENIONENSIUM
1515 225 1519 227 .
1718 235 1798 276 563

96 328 203 376 parti
234 328 450 378 aliquando
481 327 732 377 scripsimus,
767 338 897 366 tamen
928 329 980 366 ad
1011 329 1188 379 effectum
1220 329 1333 378 pacis
1364 337 1398 367 et
1431 329 1595 367 unionis
1628 330 1801 368 Ecclesie

98 387 350 425 intendentes.
377 386 543 436 Propter
566 386 667 436 quod
688 387 806 424 etiam
830 395 980 425 nostros
1003 388 1171 426 nuncios
1196 389 1348 438 utrique
1370 388 1477 437 parti
1501 388 1697 427 misimus.
1724 389 1801 427 Sed

98 454 187 495 quot
205 445 313 483 litere
330 445 481 493 suerint
499 445 643 494 scripte
664 446 721 482 vel
740 447 855 485 cuius
875 447 1039 494 tenoris,·
1060 446 1330 495 exhibeantur,
1352 455 1386 485 et
1406 448 1548 485 veritas
1573 461 1652 485 non
1681 462 1797 497 nega—

101 504 216 542 bitur.

151 563 356 601 Cardinali
374 571 587 613 praeterea
608 563 845 601 Florentino
865 564 1076 614 objectum
1095 573 1156 602 est
1176 565 1285 612 quod
1304 566 1345 602 in
1363 579 1404 603 re
1422 564 1649 603 admodum
1677 566 1793 614 seria⁷

96 623 138 660 id
156 631 230 670 est,
249 623 292 660 in
307 621 561 660 confessione
578 630 843 671 peccatorum
862 636 1041 670 suorum,
1061 624 1297 673 agnovisset
1317 623 1531 662 Urbanum
1551 638 1636 663 esse
1652 638 1794 663 verum

97 694 263 731 papam,
289 689 330 720 et
354 695 395 719 se
420 680 506 729 ejus
532 681 783 719 auctoritate
807 681 966 720 absolvi
991 682 1189 731 petiisset.
1218 682 1280 720 Sic
1306 682 1414 720 enim
1437 683 1586 732 legitur
1608 684 1650 721 in
1675 697 1794 733 saepe

96 740 277 778 laudatis
302 739 696 789 interrogationibus
722 741 953 789 legatorum
978 741 1081 790 regis
1112 741 1370 790 Arragonum
1388 741 1402 764 1
1427 757 1435 779 :
1466 741 1563 779 Item
1585 756 1674 780 cum
1693 757 1793 780 asse-

97 807 208 838 ratur
233 813 302 849 per
329 799 534 836 dominum
568 799 729 847 fratrem
757 799 792 835 F
794 800 1018 837 ranciscum
1051 799 1305 847 Urbeveteris,
1333 800 1488 837 ordinis
1520 800 1797 839 heremitarum

41 894 47 898 .
98 857 235 896 Sancti
260 857 496 907 Augustini,
522 857 683 896 electum
706 857 1016 906 Bamociensem,
1044 860 1145 908 quod
1167 859 1294 896 dictus
1318 859 1503 896 dominus
1527 859 1796 908 Florentinus,

96 917 212 966 cujus
232 917 360 955 dictus
377 917 499 966 frater
519 916 555 953 F
557 917 773 963 ranciscus,
798 925 838 954 ut
857 917 1009 964 asserit,
1028 917 1225 966 confessor
1244 926 1337 966 erat,
1360 919 1509 956 vocavit
1526 919 1644 956 semel
1664 919 1797 968 ipsum

94 976 255 1024 fratrem
282 976 555 1023 Franciscum,
582 984 615 1013 et
640 975 741 1013 dixit
764 975 845 1012 sibi
870 976 972 1025 quod
995 976 1144 1014 volebat
1166 977 1310 1014 seriose
1333 985 1368 1014 et
1391 977 1596 1015 articulate
1619 978 1797 1027 confiteri

96 1050 141 1072 ac
162 1035 287 1073 dicere
308 1035 444 1072 omnia
467 1043 624 1083 peccata
645 1035 690 1072 de
712 1035 857 1084 quibus
878 1035 1143 1073 recordaretur
1164 1050 1186 1072 a
1210 1036 1273 1073 die
1293 1050 1362 1073 sue
1387 1036 1609 1080 nativitatis
1630 1036 1740 1084 citra,
1764 1044 1797 1074 et

96 1094 198 1144 quod
221 1093 322 1132 dixit
344 1093 425 1131 sibi
449 1094 516 1131 hec
540 1093 656 1131 verba
677 1107 690 1131 .·
718 1094 927 1142 Magister,
954 1108 1034 1143 eg0‚
1060 1094 1163 1131 sicut
1187 1103 1220 1131 et
1244 1094 1357 1132 ceteri
1382 1095 1535 1132 domini
1559 1095 1794 1143 cardinales,

96 1153 216 1191 habeo
241 1168 264 1190 a
289 1153 448 1190 domino
474 1161 603 1191 nostro
627 1167 736 1202 papa
762 1153 921 1202 plenam
948 1153 1239 1202 indulgentiam
1263 1161 1297 1191 et
1321 1153 1592 1191 remissionem
1617 1155 1796 1192 omnium

96 1220 341 1262 peccatorum
366 1212 485 1249 semel
509 1220 663 1250 tantum
690 1226 761 1261 pro
789 1226 907 1258 nunc,
936 1220 970 1249 et
998 1220 1038 1249 ut
1064 1212 1249 1261 proficiat
1275 1211 1408 1259 michi,
1430 1213 1512 1250 volo
1539 1213 1584 1250 de
1610 1213 1796 1251 omnibus

95 1271 390 1320 particulariter
411 1270 600 1319 confiteri.
626 1271 677 1308 Et
698 1271 801 1321 quod
820 1284 908 1308 cum
929 1270 1010 1308 sibi
1032 1271 1234 1319 confessus
1254 1271 1346 1319 suit,
1370 1270 1471 1309 dixit
1494 1286 1502 1308 :
1525 1271 1620 1309 Peto
1641 1287 1666 1309 a
1688 1272 1797 1310 vobis

98 1338 138 1368 ut
165 1344 210 1367 ex
238 1338 349 1379 parte
378 1330 531 1368 domini
561 1330 685 1368 nostri
720 1329 876 1367 Urbani
904 1330 1119 1368 absolvatis
1149 1344 1207 1367 me
1235 1338 1269 1367 et
1297 1330 1395 1367 detis
1419 1330 1539 1367 michi
1568 1330 1798 1379 hujusmodi

97 1388 389 1439 indulgentiam
413 1398 448 1427 et
472 1390 744 1426 remissionem
770 1388 949 1426 omnium
976 1398 1232 1438 peccatorum.
1262 1388 1375 1439 Quod
1397 1389 1456 1426 sic
1478 1389 1627 1438 factum
1651 1389 1731 1438 fuit
1756 1391 1798 1427 in

97 1447 278 1486 interiori
293 1462 447 1487 camera
466 1448 632 1498 hospitii
650 1448 719 1485 ubi
738 1448 780 1485 in
797 1448 940 1486 Sancto
963 1447 1180 1496 Grisogono
1198 1447 1326 1485 dictus
1341 1448 1526 1485 dominus
1542 1448 1798 1486 Florentinus

95 1507 383 1556 hospitabatur.
414 1507 477 1545 Ad
509 1521 632 1556 quam
661 1507 1029 1557 interrogationem
1060 1507 1115 1544 sic
1144 1506 1358 1556 respondit
1387 1507 1603 1545 cardinalis
1636 1507 1799 1545 Floren-

96 1566 206 1604 tinus
226 1565 242 1589 2
272 1582 280 1604 :
309 1566 541 1616 Respondeo
577 1580 710 1604 verum
745 1581 826 1604 esse
854 1567 956 1616 quod
984 1567 1069 1615 ipse
1095 1566 1212 1615 fratri
1242 1565 1457 1603 Francisco
1485 1566 1530 1603 de
1564 1566 1798 1609 Urbeveteri,

95 1633 188 1663 tunc
203 1625 404 1674 familiari
421 1634 456 1663 et
473 1626 678 1675 capellano
697 1639 791 1673 meo,
811 1625 914 1663 sicut
931 1625 1050 1663 etiam
1067 1633 1101 1663 et
1118 1625 1214 1663 aliis
1232 1624 1458 1674 confitebar,
1479 1634 1596 1674 prout
1613 1639 1744 1675 oppor.
1757 1640 1798 1663 u-

49 1722 52 1725 .
97 1685 202 1722 nitas
221 1685 454 1723 occurrebat.
476 1684 527 1723 Et
544 1685 629 1722 dico
648 1685 750 1734 quod
766 1685 882 1723 dictis
901 1684 1033 1734 ipsius
1057 1684 1196 1733 fratris
1206 1683 1424 1721 ›Francisci
1452 1684 1548 1733 fides
1573 1684 1798 1722 adhibenda

95 1757 174 1780 non
201 1752 267 1792 est,
297 1752 380 1782 tum
408 1744 503 1793 quia
531 1744 684 1781 videtur
711 1743 804 1781 welle
831 1744 998 1781 revelare
1025 1758 1070 1780 ea
1099 1757 1170 1792 que
1196 1742 1277 1780 sibi
1297 1743 1438 1780 asserit
1465 1743 1569 1780 dicta
1599 1743 1725 1792 juisse
1754 1743 1797 1780 in

92 1802 336 1851 consessione
364 1803 656 1850 sacramentali,
689 1817 761 1853 que
792 1802 836 1852 fit
864 1802 1018 1840 homini
1049 1802 1130 1839 vice
1156 1802 1246 1848 Dei,
1278 1816 1324 1839 ex
1353 1816 1427 1851 quo
1458 1801 1626 1850 graviter
1655 1803 1797 1851 puniri

93 1861 252 1909 deberet,
274 1870 357 1900 tum
377 1862 471 1912 quia
492 1862 577 1912 ipse
597 1861 785 1911 magister
805 1861 1046 1899 Franciscus
1066 1870 1148 1899 erat
1179 1860 1299 1898 michi
1319 1861 1429 1898 valde
1447 1869 1663 1910 suspectus,
1687 1860 1795 1898 Nam

91 1935 116 1958 a
144 1929 242 1959 certo
271 1921 443 1959 sciebam
473 1921 576 1971 quod
602 1935 672 1970 per
701 1921 917 1958 Barensem
946 1929 1028 1958 erat
1056 1921 1267 1969 deputatus
1295 1920 1516 1969 explorator
1546 1920 1590 1957 in
1622 1921 1734 1958 domo
1762 1928 1795 1958 et

91 1979 252 2028 familia
270 1994 355 2017 mea
371 1988 406 2018 et
421 1981 480 2018 sic
496 1994 577 2017 esse
595 1994 728 2018 verum
744 1980 829 2029 jam
846 1994 870 2017 a
887 1979 1075 2029 pluribus
1094 1979 1170 2029 fide
1188 1978 1325 2028 dignis
1336 1979 1467 2027 suerat
1480 1978 1602 2016 michi
1614 1980 1793 2026 relatum,

91 2047 126 2076 et
146 2039 371 2088 specialiter
393 2054 417 2076 a
441 2039 629 2088 magistro
653 2039 935 2077 Bonaventura
958 2039 1002 2075 de
1022 2038 1179 2085 Padua,
1205 2046 1298 2076 tunc
1320 2037 1507 2086 temporis
1529 2039 1660 2086 priore
1684 2052 1794 2086 gene-

91 2097 168 2135 rali
186 2098 281 2136 dicti
298 2098 453 2136 ordinis
467 2098 639 2147 fratrum
656 2098 934 2136 heremitarum
950 2097 1088 2135 Sancti
1106 2097 1344 2145 Augustini,
1362 2097 1429 2146 qui
1443 2097 1595 2145 pluries
1610 2110 1668 2133 me
1685 2097 1792 2134 advi-

88 2156 192 2194 savit
216 2157 319 2207 quod
344 2171 516 2195 caverem
543 2157 664 2195 michi
691 2172 715 2194 a
743 2157 843 2195 dicto
868 2157 989 2206 fratre
1017 2156 1244 2194 Francisw.
1276 2155 1383 2192 Nam
1409 2154 1557 2193 sciebat
1583 2156 1685 2205 quod
1714 2161 1794 2192 erat

92 2215 135 2253 in
156 2216 268 2254 domo
291 2230 376 2253 mea
396 2217 618 2266 explorator
638 2224 672 2254 et
693 2224 908 2266 reportator
928 2230 1020 2264 erga
1042 2215 1270 2253 Bai-ensem.
1295 2213 1346 2252 Et
1376 2214 1420 2251 de
1448 2228 1490 2251 eo
1513 2214 1614 2263 quod
1634 2214 1730 2252 dicit
1751 2215 1793 2251 de

91 2274 344 2324 indulgentia
364 2283 398 2313 et
419 2274 558 2323 verbis,
582 2283 624 2313 ut
643 2276 796 2323 asserit,
820 2274 936 2313 dictis
956 2288 1026 2324 per
1047 2288 1117 2321 me,
1140 2282 1196 2311 est
1213 2273 1363 2322 salsum
1386 2281 1427 2310 ut
1446 2273 1620 2322 ponitur.
1651 2272 1794 2310 Verum

92 2342 148 2372 est
164 2342 295 2372 tamen
312 2334 415 2384 quod
430 2334 524 2372 dum
543 2334 663 2372 michi
680 2348 897 2371 sermonem
912 2333 1055 2382 faceret
1072 2333 1116 2370 de
1135 2332 1385 2381 indulgentia
1402 2332 1577 2381 predicta
1594 2331 1793 2380 respondi,

95 2401 136 2431 ut
159 2392 279 2431 michi
304 2393 467 2440 videtur,
493 2407 539 2431 ex
561 2393 791 2442 suspicione
814 2401 1010 2442 concepta,
1043 2390 1179 2429 Valeat
1203 2398 1244 2428 ut
1268 2391 1392 2428 valere
1415 2398 1550 2440 potest,
1577 2390 1712 2427 nolens
1737 2404 1795 2427 me

93 2451 180 2489 sibi
197 2452 312 2490 aliter
335 2453 515 2501 detegere.
542 2452 593 2490 Et
616 2453 707 2489 dum
736 2466 817 2489 una
841 2451 920 2489 vice
944 2451 1077 2488 vellem
1100 2447 1277 2499 confiteri
1301 2458 1335 2487 et
1358 2449 1559 2490 celebrare,
1585 2457 1795 2498 antequam

95 2509 310 2561 inciperem
334 2510 619 2560 confessionem
643 2511 728 2549 dixi
752 2510 830 2547 sibi
859 2527 865 2547 :
900 2510 993 2547 Volo
1018 2509 1148 2559 primo
1173 2509 1297 2546 dicere
1321 2507 1394 2545 tibi
1420 2515 1576 2557 pecata
1600 2515 1680 2545 tua.
1707 2508 1793 2556 Ego

94 2569 174 2607 scio
197 2570 300 2619 quod
317 2577 359 2607 tu
381 2583 420 2606 es
440 2570 660 2619 explorator
683 2568 725 2606 in
748 2571 859 2607 domo
882 2569 970 2606 ista.
996 2568 1107 2605 Affale
1126 2567 1241 2617 facis,
1266 2575 1300 2604 et
1327 2566 1456 2616 cogita
1478 2567 1665 2615 quomodo
1687 2566 1794 2604 istud

95 2628 140 2666 in
164 2642 249 2666 vero
272 2628 456 2677 religioso
480 2637 515 2666 et
534 2629 735 2678 familiari
761 2626 975 2666 conveniat.
1004 2627 1054 2664 Et
1078 2624 1216 2663 addidi
1243 2642 1250 2664 :
1278 2625 1381 2662 Nolo
1404 2626 1506 2675 quod
1529 2626 1573 2662 de
1603 2624 1671 2661 hoc
1695 2625 1794 2662 milei

94 2687 343 2737 respondeas,
374 2687 467 2737 quia
496 2687 694 2725 veritatem
720 2688 801 2724 scio
843 2688 894 2724 Et
921 2686 1000 2723 hiis
1028 2684 1154 2731 dz'uts,
1182 2684 1257 2733 jeci
1287 2684 1570 2732 confessionem
1599 2697 1725 2721 meam
1754 2692 1795 2722 ut

91 2746 233 2784 solitus
254 2760 372 2784 eram.

148 2805 359 2843 Hactenus
390 2805 606 2843 cardinalis
637 2805 896 2843 Florentinus
926 2811 966 2842 et
996 2802 1322 2849 Mediolanensis,
1353 2802 1421 2851 qui
1450 2801 1523 2838 soli
1551 2809 1794 2851 supererant

94 2878 144 2902 ex
173 2872 353 2914 quatuor
385 2864 512 2910 Italis,
541 2864 835 2910 indifferentes,
866 2871 912 2900 ut
941 2862 1017 2911 ipsi
1063 2861 1336 2910 oquebantur,
1366 2874 1407 2898 se
1437 2859 1629 2903 habuere,
1659 2873 1791 2910 neque

95 2922 263 2961 Urbano
288 2922 572 2969 adhaerentes,
600 2937 730 2972 neque
757 2923 1009 2960 Clementem
1034 2919 1288 2969 abjicientes,
1320 2927 1366 2956 ut
1391 2933 1437 2956 eo
1462 2927 1585 2968 paeto
1623 2927 1792 2968 possent

141 3050 173 3085 1.
203 3051 270 3084 Ms.
301 3050 384 3090 cite,
415 3049 476 3082 fol.
507 3049 551 3082 37
580 3052 624 3081 r0.

142 3104 173 3137 2.
203 3103 270 3136 Ms.
300 3103 384 3142 cite,
412 3102 474 3135 fol.
505 3102 549 3134 42
577 3105 609 3133 ΓΟ
636 3106 674 3133 et
701 3102 745 3134 45
773 3106 816 3134 r0.
