2083 3458
88 243 201 299 [897]
603 259 819 284 PAPARUM
854 258 1237 284 AVENIONENSIUM
1683 240 1767 284 409

75 357 241 381 nensem
263 357 334 392 per
356 356 484 380 annos
508 349 699 391 quatuor,
723 356 879 379 menses
900 349 996 389 tres,
1017 349 1058 380 et
1081 341 1164 379 dies
1185 340 1490 390 septemdecim,
1511 348 1558 377 ut
1580 339 1639 377 ait
1660 338 1768 376 idem

75 401 262 440 Verdala.
286 401 436 439 Factus
457 408 518 438 est
538 408 677 438 autem
699 401 911 450 episcopus
932 400 1147 447 Albiensis,
1169 400 1232 438 die
1254 414 1371 436 xxvn
1391 399 1568 448 januarii
1586 398 1611 436 ¹.

128 460 246 498 Anno
280 459 630 498 MCCCXXXVII
664 459 809 498 missus
842 458 936 497 est2
968 459 1009 496 in
1042 458 1305 498 Germaniam
1337 458 1389 495 ad
1423 457 1679 495 Ludovicum
1715 454 1768 493 IV

73 519 375 569 imperatorem.
398 519 589 556 Albertus
610 518 930 567 Argentinensis,
951 533 989 568 p.
1014 518 1100 555 145:
1118 517 1238 555 Misit
1255 525 1384 554 autem
1404 531 1512 566 papa
1529 516 1768 564 solempnem

74 578 244 626 legatum
267 578 318 615 ad
340 577 575 627 principem,
596 591 701 614 nunc
723 576 952 625 episcopum
973 577 1313 626 Magalonensem‚
1337 576 1403 625 qui
1424 589 1546 612 mores
1566 583 1600 612 et
1623 582 1769 613 motum

73 636 271 686 principis
311 650 402 685 erga
441 636 658 673 Ecclesiam
699 635 914 684 indagaret.
957 636 1057 673 Cum
1098 644 1238 674 autem
1277 635 1385 673 idem
1426 635 1617 672 Albertus
1658 632 1770 670 dicat

73 709 164 734 eam
202 695 449 744 legationem
490 694 705 744 contigisse
746 709 792 731 eo
832 702 1015 744 tempore
1058 709 1137 744 quo
1176 694 1401 731 Balduinus
1442 692 1768 742 archiepiscopus

73 754 320 792 Trevirensis
339 754 563 804 resignavit
581 753 980 803 archiepiscopatum
1001 753 1302 803 Moguntinum,
1323 753 1374 790 ad
1396 766 1517 802 quem
1535 751 1769 802 postulatus

73 821 173 860 erat,
205 821 245 851 et
275 827 326 851 ex
360 813 452 850 Vita
481 812 665 862 ejusdem
694 811 885 849 Balduini
916 812 1025 849 edita
1056 812 1097 849 in
1126 812 1229 850 libro
1259 811 1390 861 primo
1422 811 1770 848 Aliscellaneorum

72 879 319 919 nostrorum,
355 886 394 922 p.
432 871 521 919 323,
558 879 718 909 constet
752 871 794 908 id
829 879 969 909 actum
1005 886 1088 909 esse
1124 885 1232 908 anno
1269 864 1634 916 MCCCXXXVII,
1672 881 1770 905 voce

71 930 317 980 imperativa
348 931 487 980 papali
517 939 558 968 et
589 930 870 976 cardinalium,
902 937 1009 967 recte
1041 944 1131 968 eam
1162 944 1233 967 nos
1264 928 1548 967 revocavimus
1579 927 1631 964 ad
1662 927 1771 964 hunc

73 1003 240 1028 annum.
268 990 386 1037 Quod
410 989 536 1028 etiam
560 997 677 1039 patet
701 1003 751 1027 ex
774 989 834 1026 his
861 1002 964 1037 quae
988 989 1112 1038 paulo
1136 997 1230 1038 post
1253 989 1486 1026 referuntur
1509 1002 1559 1025 ex
1583 985 1771 1023 Rubricis

73 1048 170 1086 anni
191 1048 304 1086 tertii
326 1048 596 1098 pontificatus
618 1047 830 1086 Benedicti
856 1047 953 1087 XII.
1402 1078 1406 1082 .

126 1107 246 1145 Anno
280 1107 628 1154 MCCCXXXIX,
663 1122 702 1144 VI
737 1107 815 1144 kal.
859 1106 1035 1144 februar.
1073 1106 1137 1156 [27
1170 1105 1368 1155 janvier],
1402 1104 1648 1143 Benedictus
1684 1102 1768 1140 XII

74 1180 167 1205 eum
198 1167 413 1204 transtulit
448 1167 499 1204 ad
532 1166 756 1204 Ecclesiam
784 1164 1056 1204 Albiensem3.
1088 1165 1218 1202 Extat
1243 1165 1283 1202 in
1313 1164 1480 1202 archivo
1506 1163 1614 1213 regio
1642 1161 1767 1200 Paris.

73 1225 183 1262 bulla
201 1225 216 1247 '⁴
233 1225 320 1274 ejus
336 1226 404 1263 illo
423 1226 485 1263 die
504 1225 616 1271 data,
636 1239 715 1274 qua
735 1224 998 1263 Pictavinum
1016 1232 1056 1262 et
1070 1224 1293 1262 Ecclesiam
1314 1223 1547 1260 Albiensem
1566 1235 1751 1259 commen

73 1284 146 1321 dat
167 1284 356 1335 Philippo
377 1285 447 1332 VI,
469 1284 551 1334 regi
574 1284 836 1322 Francorum.
864 1284 952 1334 Ipse
974 1298 1069 1321 vero
1092 1283 1154 1320 die
1176 1282 1371 1332 vigesima
1392 1281 1599 1330 sequentis
1620 1279 1768 1318 mensis

72 1343 265 1381 februarii
290 1343 461 1381 vicarios
487 1358 579 1381 suos
605 1343 808 1393 generales
833 1342 873 1379 in
898 1342 1178 1392 spiritualibus
1204 1350 1245 1379 et
1269 1341 1563 1391 temporalibus
1587 1338 1770 1376 instituit

72 1401 118 1440 Β.
149 1402 344 1441 abbatem
374 1403 694 1450 Candeliensem‚
727 1402 895 1440 Petrum
925 1402 973 1439 de
1003 1401 1220 1439 Jaurentio
1250 1400 1491 1438 canonicum
1522 1398 1769 1445 Albiensem,

74 1468 115 1499 et
141 1461 336 1499 Pontium
363 1462 411 1500 de
438 1461 656 1500 Malafossa
683 1461 926 1499 canonicum
952 1461 1377 1510 Carpentoratensem.

127 1520 246 1558 Anno
272 1521 585 1568 MCCCXLVII,
609 1520 670 1558 die
695 1535 767 1558 xxl
789 1520 1026 1567 decembris,
1051 1534 1121 1557 sex
1147 1518 1391 1569 capellanias
1414 1525 1633 1568 perpetuas
1659 1515 1773 1553 insti-

73 1579 155 1617 tuit
190 1580 232 1617 in
271 1580 450 1618 Ecclesia
488 1579 682 1627 Albiensi,
720 1579 857 1628 eisque
895 1586 1025 1617 certos
1064 1587 1105 1616 et
1141 1586 1272 1616 statos
1312 1577 1496 1615 redditus
1534 1574 1773 1625 assignavit.

73 1636 177 1676 Acta
202 1639 456 1677 fundationis
481 1647 628 1677 extant
650 1638 691 1675 in
715 1638 882 1676 archivo
906 1637 1084 1688 episcopi
1109 1637 1323 1675 Albiensis.

126 1698 245 1736 Anno
271 1698 455 1745 MCCCL,
481 1698 544 1736 die
572 1712 656 1735 xvn
682 1697 920 1744 decembris,
946 1697 1079 1734 factus
1105 1704 1167 1734 est
1189 1696 1405 1746 presbyter
1430 1693 1645 1732 cardinalis
1670 1692 1775 1730 basi-

71 1756 172 1795 licae
211 1757 295 1794 XII
333 1757 638 1807 Apostolorum.
679 1757 809 1794 Extat
845 1756 957 1806 apud
994 1755 1216 1794 Odoricum
1255 1754 1533 1804 Raynaldum,
1563 1767 1627 1790 an.
1660 1750 1775 1798 1350,

79 1815 96 1864 ἓ
119 1816 182 1864 47,
207 1816 485 1866 fragmentum
507 1816 719 1854 literarum
744 1829 844 1865 quas
869 1815 920 1852 ad
945 1829 1038 1853 eum
1069 1822 1286 1865 propterea
1311 1813 1472 1863 scripsit
1496 1813 1678 1850 Clemens
1703 1809 1773 1848 VI.

127 1875 245 1913 Falso
273 1875 470 1913 Oldoinus
497 1875 556 1913 ait
583 1872 628 1924 [t.
655 1889 697 1922 11,
726 1875 798 1913 col.
828 1873 926 1924 509]
956 1874 1064 1923 hunc
1100 1873 1348 1911 cardinalem
1375 1887 1397 1910 a
1426 1871 1612 1910 Frizonio
1638 1868 1776 1907 vocari

74 1933 242 1973 Petrum
268 1934 316 1972 de
340 1934 378 1972 la
406 1934 547 1972 Forest
572 1948 618 1972 ac
643 1941 790 1972 natum
816 1933 940 1971 Susae
964 1933 1005 1970 in
1031 1932 1204 1970 dioecesi
1229 1931 1538 1970 Cenomanensi.
1566 1928 1775 1967 Frizonius

73 1993 180 2031 enim
211 2001 319 2031 recte
353 1993 569 2043 distinguit
602 1993 770 2031 Petrum
803 1992 850 2030 de
884 1992 1051 2029 Foresta
1085 2006 1106 2029 a
1141 1991 1356 2029 Pictavino
1389 1991 1437 2028 de
1471 1987 1774 2037 Montesquivo,

73 2066 196 2102 quem
227 2060 351 2090 vocat
383 2052 564 2090 Petrum.
599 2052 677 2090 Sed
708 2051 749 2088 in
781 2051 857 2089 hoc
889 2059 998 2089 errat
1030 2051 1140 2100 quod
1174 2051 1343 2089 Petrum
1375 2049 1423 2087 de
1458 2049 1624 2086 Foresta
1657 2046 1776 2096 ponit

72 2110 179 2149 inter
208 2126 274 2149 eos
307 2125 407 2160 quos
439 2111 621 2150 Clemens
653 2111 709 2147 VI
741 2110 955 2160 cooptavit
984 2110 1024 2147 in
1055 2124 1216 2148 sacrum
1247 2108 1516 2147 cardinalium
1547 2106 1771 2155 collegium.

127 2169 240 2208 Obiit
279 2169 544 2208 Pictavinus5
583 2184 691 2207 anno
731 2169 953 2216 MCCCLV,
994 2169 1176 2207 kalendis
1206 2167 1268 2218 [1]
1304 2167 1509 2213 februarii,
1549 2174 1595 2203 ut
1634 2172 1774 2203 monet

73 2228 326 2268 Contelorius
345 2227 399 2279 [p.
420 2228 506 2279 78],
526 2237 567 2267 et
582 2223 690 2266 anno
705 2228 892 2278 sequenti
907 2228 1053 2266 titulus
1070 2228 1157 2277 ejus
1173 2227 1294 2265 datus
1311 2234 1371 2264 est
1388 2227 1508 2263 Petro
1525 2225 1573 2263 de
1591 2225 1771 2262 Foresta.

127 2287 169 2326 P.
206 2287 295 2335 256,
328 2288 394 2338 lig.
424 2288 459 2326 9.
488 2288 738 2326 NICHOLAUS
766 2302 820 2324 DF.
848 2287 1044 2334 CAPOCIA‚
1082 2301 1131 2324 ex
1165 2286 1382 2324 nobilitate
1420 2285 1620 2329 Romana,
1656 2282 1771 2331 cujus

74 2346 200 2385 frater
235 2346 357 2385 fuisse
393 2346 558 2385 videtur
595 2346 798 2384 Gerardus
836 2346 1021 2396 Capocie,
1051 2345 1216 2383 clericus
1254 2353 1294 2382 et
1331 2343 1540 2382 familiaris
1578 2341 1686 2379 Petri
1724 2341 1772 2378 de

73 2405 270 2443 Columna
288 2405 316 2453 ⁶,
335 2405 446 2443 tituli
465 2405 604 2444 Sancti
623 2405 765 2455 Angeli
784 2405 943 2443 diaconi
964 2404 1192 2452 cardinalis,
1212 2404 1253 2441 in
1271 2402 1526 2440 collectaneis
1544 2401 1588 2438 cle
1606 2399 1772 2437 dissidio

73 2463 277 2514 Bonisacii
300 2464 413 2501 VIII
430 2473 464 2502 et
480 2464 667 2514 Philippi
685 2464 836 2511 Pulcri,
855 2479 893 2514 p.
915 2463 1002 2502 613.

130 2523 175 2560 In
195 2523 383 2561 Rubricis
403 2524 499 2561 anni
518 2523 630 2562 tertii
650 2523 861 2561 Benedicti
886 2523 983 2570 XII,
1006 2536 1092 2572 cap.
1117 2536 1228 2569 XL111,
1249 2522 1328 2559 ista
1349 2520 1539 2569 leguntur
1562 2534 1568 2555 :
1595 2516 1770 2565 Gzcigoni

120 2700 152 2732 1.
177 2697 311 2736 Gener,
335 2695 487 2729 Johann
506 2696 644 2735 XXII,
668 2708 703 2739 p.
728 2696 808 2729 684.

122 2753 152 2785 2.
171 2750 308 2784 Baluze
326 2755 490 2783 commet
505 2749 553 2782 ici
568 2761 640 2782 une
659 2748 866 2782 confusion.
886 2748 932 2781 Ce
950 2747 1009 2780 fut
1026 2746 1182 2779 Arnaud
1200 2746 1243 2778 de
1260 2744 1418 2777 Verdale
1437 2742 1500 2787 qui
1518 2743 1589 2775 alla
1606 2754 1651 2775 en
1668 2742 1766 2775 Alle—

71 2816 204 2848 magne
235 2802 329 2846 (voir
353 2813 478 2846 supra,
506 2814 541 2846 p.
572 2802 665 2845 237.)

119 2860 151 2893 3.
175 2856 297 2896 Vidal,
321 2867 356 2888 n.
381 2855 485 2889 6522.

119 2913 152 2944 4.
171 2910 320 2948 Baluze,
339 2914 366 2942 t.
383 2920 434 2947 111,
453 2919 488 2952 p.
507 2908 588 2941 451.
1206 2949 1216 2955 p

120 2965 152 2998 5.
173 2963 244 2996 Sur
263 2961 409 2995 Pictavi
429 2961 473 2993 de
492 2960 770 3004 Montesquiou,
792 2959 872 2992 voir
890 2959 931 2992 L.
953 2958 996 2991 de
1017 2957 1167 3000 Lacger,
1188 2957 1290 2989 Etats
1309 2954 1602 2997 administratiss,
1623 2965 1658 2998 p.
1678 2952 1767 2991 302;

71 3017 192 3056 Vidal,
215 3022 242 3049 t.
262 3027 313 3055 111,
336 3026 371 3058 p.
396 3014 481 3053 2063
505 3013 681 3053 Daumet‚
705 3013 965 3051 Introduction,
987 3022 1023 3054 p.
1047 3022 1166 3043 Lxxx.

121 3072 152 3104 6.
175 3068 323 3102 Nicolas
342 3066 437 3101 etait
455 3078 576 3100 neveu
595 3067 645 3099 du
665 3065 831 3099 cardinal
851 3065 972 3097 Pierre
993 3063 1159 3096 Colonna
1178 3062 1241 3106 qui
1259 3060 1310 3094 lui
1329 3060 1479 3094 confera
1497 3072 1549 3093 un
1568 3060 1768 3093 canonieat

72 3123 164 3156 dans
189 3120 326 3165 l'eglise
349 3118 798 3162 Sainte-Marie-Majeure
823 3118 844 3150 ὲ
869 3117 988 3150 Rome
1016 3115 1171 3159 (Monat,
1197 3126 1232 3148 n.
1258 3113 1402 3156 10779).
