2083 3458
99 250 251 306 [1077]
617 264 833 290 PAPARUM
869 265 1251 291 AVENIONENSIUM
1698 255 1779 297 599

86 349 196 388 dicas
221 347 477 386 secretissime
504 347 662 384 domino
689 347 984 397 archiepiscopo
1011 348 1181 386 Barensi
1209 350 1310 399 quod
1337 350 1412 388 ista
1440 361 1546 390 nocte
1573 353 1702 392 veniat
1729 355 1780 392 ad

87 422 158 457 me,
177 407 271 458 quia
287 406 407 444 habeo
423 405 503 443 sibi
520 406 656 456 aliqua
676 406 775 443 bona
790 406 908 456 loqui.
929 406 1007 456 Qui
1027 407 1198 445 Thomas
1213 409 1315 447 dixit
1335 410 1403 447 hoc
1419 411 1577 448 domino
1594 412 1778 462 Barensi,

86 475 121 505 et
142 467 186 505 de
207 480 291 504 sero
312 464 478 503 sociavit
498 478 586 502 eum
609 465 661 502 ad
682 464 829 503 dictum
851 465 1057 503 dominum
1080 467 1333 507 cardinalem.
1359 468 1437 518 Qui
1460 470 1679 509 cardinalis
1700 472 1779 521 fuit

85 540 175 565 cum
200 525 287 574 ipso
310 532 448 561 secrete
470 524 633 561 locutus.
668 524 719 561 Et
741 524 983 574 presumpsit
1016 525 1100 574 ipse
1127 525 1297 564 Thomas
1329 528 1430 577 quod
1452 529 1607 579 aliquid
1637 532 1778 569 revela-

86 584 182 622 verit
207 582 425 621 cardinalis
452 582 532 631 ipsi
558 582 716 619 domino
741 582 911 620 Barensi
937 584 981 621 de
1006 583 1068 620 his
1093 598 1164 634 que
1188 585 1356 633 agebant
1383 586 1424 624 in
1450 588 1630 626 consiliis
1661 604 1780 640 super

85 642 321 681 assumendo
358 641 537 678 Romano
567 640 773 690 Pontifice.
810 642 864 679 Et
892 642 997 679 infra
1018 642 1030 664 ¹
1065 658 1073 680 :
1115 643 1212 682 Item
1241 645 1459 683 cardinalis
1503 646 1782 687 Glandatensis

87 701 392 752 conquerebatur
419 699 571 750 fortiter
601 699 719 737 etiam
751 700 832 749 ipsi
866 700 1009 738 Thome
1038 701 1118 738 sibi
1150 703 1317 740 multum
1338 689 1543 743 domestico
1574 706 1735 745 dicendo
1768 722 1780 745 .·

84 760 256 798 Domine
281 759 444 806 Thoma,
468 758 554 796 dixi
577 758 687 796 vobis
717 773 806 808 sepe
840 759 935 809 quia
964 774 1032 808 ego
1053 760 1117 810 fui
1140 775 1244 798 unus
1266 762 1311 799 de
1334 763 1415 800 illis
1437 764 1504 814 qui
1527 767 1780 804 tractavimus

90 828 130 858 ut
149 819 380 868 eligeremus
408 832 498 855 eum
526 817 569 854 in
589 832 752 867 papam,
775 826 809 855 et
830 818 914 867 ipse
936 833 1014 855 non
1035 820 1115 857 vult
1134 820 1226 857 dare
1248 835 1372 859 unum
1396 822 1627 871 beneficium
1649 826 1780 875 nepoti

89 892 183 917 meo,
205 877 283 916 Sed
302 878 402 914 haee
423 876 559 914 omnia
579 891 663 914 esse
686 876 782 914 ficta
802 884 843 915 et
862 877 1075 916 mendacia
1096 879 1315 917 manifesta
1335 889 1452 930 patet
1476 896 1557 919 non
1579 884 1710 921 solum
1731 899 1780 922 ex

87 937 311 976 assertione
337 935 449 974 beati
474 935 680 973 Vincentii
706 935 892 983 Ferrarii,
918 936 987 974 sed
1013 937 1139 975 etiam
1165 952 1214 975 ex
1240 939 1379 977 multis
1406 940 1492 978 aliis
1518 942 1779 991 testimoniis,

88 996 306 1048 praecipue
331 1009 427 1033 vero
452 1009 500 1032 ex
525 993 824 1044 protestatione
849 994 897 1032 de
923 1009 1003 1044 qua
1027 995 1185 1033 dictum
1209 1005 1270 1035 est
1294 1012 1430 1048 supra,
1456 1008 1496 1037 et
1525 1015 1573 1038 ex
1598 1016 1643 1039 eo
1669 1002 1778 1052 quod

90 1055 200 1094 idem
232 1053 521 1093 Glandatensis
554 1067 674 1103 saepe
704 1061 883 1091 testatus
915 1061 976 1092 est
1007 1068 1047 1092 se
1078 1054 1442 1095 Bartholomaeum
1474 1059 1637 1108 elegisse
1668 1069 1781 1099 metu

91 1114 248 1152 mortis.
274 1112 390 1151 Adde
413 1112 700 1150 testimonium
722 1112 848 1162 ipsius
874 1112 1090 1151 cardinalis
1115 1114 1418 1163 Clandatensis,
1443 1118 1511 1166 qui
1534 1118 1575 1155 in
1596 1133 1669 1157 sua
1693 1135 1785 1158 con-

91 1173 263 1212 scientia
288 1171 447 1222 juravit
465 1170 481 1193 ²
507 1170 615 1220 quod
642 1171 728 1220 ipse
754 1171 998 1220 afficiebatur
1030 1173 1082 1209 acl
1116 1173 1229 1210 illum
1255 1174 1302 1212 B.
1331 1183 1364 1212 et
1389 1176 1603 1215 adhesisset
1626 1170 1720 1226 sibi,
1751 1179 1787 1216 si

90 1232 233 1282 suisset
253 1245 366 1269 verus
387 1245 509 1280 papa,
533 1230 627 1279 quia
647 1230 838 1279 diligebat
859 1230 923 1268 ille
943 1230 991 1268 Β.
1016 1231 1148 1279 istum,
1171 1240 1205 1270 et
1225 1234 1473 1281 promittebat
1493 1235 1574 1273 sibi
1596 1237 1732 1285 multa,
1755 1246 1788 1276 et

91 1291 245 1329 dicebat
272 1290 373 1340 quod
400 1289 608 1327 dimitteret
635 1288 715 1326 sibi
745 1294 870 1326 unum
898 1290 1179 1327 consobrinum
1206 1305 1325 1329 suum
1353 1301 1387 1330 et
1414 1308 1502 1331 eum
1531 1305 1786 1343 promoveret3

91 1350 160 1388 sed
180 1349 251 1387 iste
271 1348 489 1387 cardinalis
512 1347 651 1393 noluit,
675 1348 770 1398 quia
791 1347 897 1386 novit
916 1356 951 1386 et
969 1349 1041 1386 scit
1057 1363 1128 1398 pro
1145 1358 1242 1387 certo
1259 1352 1361 1400 quod
1376 1360 1430 1389 est
1457 1352 1641 1391 intrusus.
1656 1363 1689 1392 et
1711 1370 1788 1392 non

93 1423 206 1447 verus
231 1422 353 1458 papa,
382 1407 498 1445 Adde
524 1415 737 1456 praeterea
764 1406 1050 1445 testimonium
1075 1408 1246 1446 Joannis
1274 1409 1453 1460 episcopi
1481 1412 1720 1462 Castrensis,
1747 1414 1789 1451 in

93 1467 210 1518 cujus
231 1466 486 1517 depositione
505 1466 584 1504 ista
604 1466 797 1515 leguntur
811 1464 827 1487 3
847 1481 854 1503 :
879 1465 975 1503 Item
1003 1466 1104 1504 dixit
1130 1468 1329 1516 predictus
1346 1470 1453 1507 testis
1469 1472 1570 1520 quod
1587 1471 1630 1509 in
1649 1473 1790 1522 vigilia

93 1525 361 1566 coronationis
387 1524 505 1563 istius
535 1525 692 1562 Urbani
717 1532 904 1562 venerunt
927 1525 980 1562 ad
1003 1525 1277 1564 dormiendum
1304 1527 1346 1564 in
1371 1528 1482 1566 domo
1507 1544 1581 1567 sua
1606 1531 1791 1569 dominus

101 1585 381 1624 Glandatensis
404 1592 438 1622 et
460 1584 646 1621 dominus
669 1584 713 1621 de
742 1583 900 1631 Vernio,
924 1592 958 1621 et
980 1592 1057 1622 tota
1081 1593 1187 1622 nocte
1209 1586 1437 1625 deridebant
1459 1589 1504 1625 de
1528 1589 1600 1627 isto
1624 1590 1788 1639 negotio.

42 1698 45 1700 q
94 1645 147 1683 Et
167 1659 255 1683 cum
278 1644 335 1681 ibi
356 1651 515 1690 starent,
539 1643 644 1680 venit
664 1643 850 1680 dominus
872 1642 1129 1680 Florentinus
1153 1653 1193 1682 ut
1215 1644 1272 1681 ibi
1295 1645 1489 1694 dormiret,
1513 1656 1546 1685 et
1566 1648 1679 1692 scivit
1701 1663 1790 1699 quo-

96 1704 207 1741 modo
228 1703 294 1740 isti
313 1703 387 1740 alii
407 1702 561 1739 domini
580 1710 691 1739 erant
711 1701 832 1749 intus,
853 1710 886 1739 et
907 1702 1034 1739 noluit
1054 1702 1212 1741 intrare.
1234 1703 1284 1741 Et
1305 1703 1375 1742 ivit
1393 1705 1445 1742 ad
1463 1706 1621 1744 domum
1640 1708 1792 1745 domini

99 1762 300 1800 Johannis
330 1762 374 1799 de
403 1761 522 1799 Baro.
554 1761 606 1798 Et
636 1761 718 1807 iste,
749 1760 791 1798 id
821 1768 896 1807 est,
927 1761 1142 1811 episcopus
1175 1762 1414 1810 Castrensis,
1446 1779 1494 1802 ne
1526 1766 1614 1814 quis
1645 1780 1692 1804 ea
1722 1781 1792 1816 per

97 1835 275 1860 errorem
303 1821 455 1859 referat
484 1820 536 1858 ad
566 1820 770 1857 Joannem
800 1819 848 1858 de
876 1819 997 1868 Baro,
1028 1820 1098 1858 ivit
1125 1821 1176 1858 ad
1202 1822 1421 1870 predictum
1448 1823 1725 1863 Florentinum
1754 1834 1794 1863 ut

97 1880 244 1918 veniret
263 1880 316 1917 ad
335 1880 494 1917 domum
513 1893 643 1925 suam,
665 1879 760 1928 quia
781 1878 947 1916 habebat
971 1879 1112 1916 bonam
1132 1894 1327 1918 cameram
1347 1896 1417 1930 pro
1438 1897 1491 1920 eo.
1515 1883 1566 1921 Et
1587 1884 1671 1933 ipse
1694 1884 1794 1922 discit

97 1940 200 1990 quod
215 1953 307 1985 non,
324 1938 419 1988 quia
438 1938 530 1975 bene
544 1946 604 1975 sta
612 1938 674 1975 bat
688 1952 759 1986 pro
776 1938 846 1975 illa
863 1946 982 1985 nocte,
1000 1946 1033 1975 et
1048 1953 1134 1976 cras
1157 1939 1352 1987 jaciemus
1369 1941 1465 1978 istas
1478 1942 1682 1990 fatuitates
1697 1957 1794 1993 quas

97 1998 281 2036 debemus
304 1998 443 2046 facere.
472 1997 522 2034 Et
549 1997 633 2046 ipse
659 1996 861 2046 respondit
887 2012 894 2034 :
922 1996 1122 2046 Quomodo
1148 1998 1328 2036 domine?
1355 1999 1465 2038 Certe
1487 2001 1580 2050 quia
1599 2001 1723 2039 nichil
1741 2011 1795 2041 est

98 2066 220 2096 totum
236 2057 338 2107 quod
352 2055 532 2105 fecimus.
553 2056 743 2094 Ceterum
762 2063 858 2093 ante
877 2070 1000 2104 quan]
1018 2056 1095 2093 iret
1111 2056 1153 2093 in
1170 2071 1259 2095 eam
1278 2057 1460 2105 domum,
1480 2068 1572 2108 post
1590 2074 1794 2110 egressum

100 2131 119 2155 e
143 2115 342 2170 conclavi,
368 2115 554 2164 confugit
577 2114 629 2152 ad
653 2114 772 2152 aedes
797 2115 971 2152 fratrum
997 2115 1202 2153 Minorum
1225 2116 1353 2154 Trans
1377 2117 1583 2166 Tyberim,
1609 2119 1678 2156 ubi
1702 2134 1794 2157 eum

98 2175 285 2213 latitasse
314 2174 435 2212 docet
463 2174 591 2212 frater
619 2173 812 2223 Angelus,
842 2173 1028 2211 minister
1057 2174 1252 2223 generalis
1282 2175 1432 2213 ordinis
1463 2176 1638 2214 fratrum
1668 2178 1795 2216 Mino-

100 2248 204 2281 rum,
227 2234 268 2271 in
290 2233 464 2283 epistola
487 2232 538 2270 ad
569 2246 705 2281 regem
736 2232 935 2270 Castellae
955 2232 971 2254 4
992 2248 999 2270 z
1024 2232 1073 2270 Et
1095 2233 1279 2271 dominus
1300 2234 1527 2273 Hostiensis
1548 2236 1717 2275 latitavit
1739 2251 1796 2274 me

99 2293 250 2330 vidente
269 2300 303 2330 et
320 2300 496 2342 presente
516 2291 559 2328 in
578 2292 658 2328 loco
674 2291 845 2340 fratrum
865 2291 1075 2328 Minorem
1097 2291 1227 2329 Trans
1249 2292 1433 2342 Tyberim
1452 2303 1609 2343 propter
1630 2295 1794 2333 incredi-

103 2352 219 2389 bilem
241 2350 487 2398 seditionem,
510 2351 684 2400 furorem
708 2350 850 2400 populi
874 2358 908 2388 et
929 2351 1154 2389 tumultum.

154 2410 332 2448 Multum
357 2409 541 2447 laborem
567 2409 809 2446 sustinuisse
836 2422 929 2446 eum
947 2411 1193 2458 *ceterosque
1220 2410 1445 2448 cardinales
1470 2411 1513 2448 in
1539 2412 1603 2450 die
1630 2427 1796 2451 corona-

101 2469 224 2507 tionis
259 2468 415 2506 Urbani
449 2468 572 2506 fidem
604 2467 705 2505 facit
736 2467 913 2515 Garsias,
946 2468 1097 2506 electus
1130 2468 1352 2516 Auriensis,
1384 2455 1659 2519 interrogatus
1692 2472 1794 2510 eirca

101 2542 242 2567 casum
264 2527 431 2565 secundi
454 2526 584 2565 electi.
609 2526 679 2564 Ait
701 2526 809 2564 enim
827 2525 842 2548 5
863 2526 964 2576 quod
993 2526 1143 2565 diderat
1171 2526 1252 2563 sibi
1273 2528 1491 2565 cardinalis
1519 2528 1798 2568 Clandatensis

102 2586 278 2637 sequenti
307 2586 370 2623 die
397 2593 483 2635 post
511 2585 814 2633 coronationem,
844 2599 931 2622 cum
960 2593 1128 2635 quereret
1157 2585 1241 2634 ipse
1269 2586 1319 2622 ab
1347 2600 1400 2633 eo,
1431 2587 1630 2636 Quomodo
1657 2589 1799 2627 accidit

104 2646 227 2693 vobis,
257 2644 427 2691 domine,
457 2658 648 2693 magnum
675 2644 847 2681 laborem
874 2643 1126 2681 sustinuistis
1154 2643 1249 2682 heri.
1279 2654 1312 2682 et
1341 2644 1425 2694 ipse
1453 2647 1654 2695 respondit
1679 2647 1760 2684 sibi
1790 2664 1797 2685 :

105 2705 151 2742 Si
169 2719 247 2742 non
261 2703 434 2753 fuissent
450 2703 598 2751 galline
612 2711 646 2740 et
661 2703 816 2751 resectio
831 2711 864 2740 et
884 2702 1027 2739 bonum
1043 2702 1181 2739 vinum
1198 2704 1298 2752 quod
1314 2703 1467 2741 dederat
1483 2704 1597 2742 nobis
1614 2706 1799 2744 dominus

104 2772 232 2801 noster
254 2776 363 2812 papa
387 2762 430 2799 in
453 2761 597 2799 Sancto
623 2761 805 2798 Johanne
827 2761 1099 2808 Lateranensi,
1125 2762 1224 2798 male
1245 2762 1492 2800 successisset
1514 2763 1640 2803 nobis.

216 2909 282 2941 ΜΞ.
313 2909 396 2947 cite,
426 2908 488 2941 fol.
519 2908 563 2941 89
592 2912 642 2940 V0.

216 2962 282 2994 Ms.
313 2961 396 3000 cite,
425 2961 486 2993 fol.
516 2961 561 2994 36
588 2965 630 2993 r0.

218 3015 283 3047 Ms.
314 3014 397 3053 cite,
427 3013 488 3047 fol.
520 3014 564 3046 92
592 3018 634 3046 r0.

218 3068 284 3100 Ms.
315 3067 398 3106 cite,
427 3066 489 3099 fol.
520 3067 564 3099 62
593 3071 642 3099 v0.

219 3121 285 3153 ΜΞ.
316 3120 399 3159 cite,
429 3119 494 3152 fol.
525 3120 593 3151 204
620 3123 663 3151 r⁰.

154 2910 187 3101 rese

157 3122 188 3154 ,Ψ
