2083 3458
234 201 316 244 686
884 213 1036 239 NOTAE
1072 214 1132 239 AD
1166 214 1295 240 VlTAs
1788 196 1941 252 [1166]

234 299 343 337 sione
375 299 542 337 daoram
572 298 616 335 de
648 296 730 334 illis
762 296 870 344 locis,
903 296 1096 346 gabellam
1129 296 1322 334 tenebitur
1345 295 1501 334 domine
1522 295 1641 333 libere
1678 295 1880 335 dimittere.
1908 295 1944 333 E

235 359 356 396 solam
376 358 568 407 gabellam
587 356 749 395 domina
768 350 1023 406 impignorat.

288 418 361 456 Die
380 432 513 455 xxvm
529 416 713 466 ejusdem
730 415 880 454 mensis
895 415 1087 465 januarii,
1104 424 1151 453 ut
1170 415 1212 452 in
1228 414 1529 453 eodemDiario
1555 415 1609 465 [p.
1629 414 1729 465 506]
1752 414 1942 463 habetur,

233 477 457 516 cardinales
492 475 794 523 Ambianensis,
830 475 1134 514 Ebredunensis
1169 483 1210 513 et
1243 475 1292 513 de
1326 475 1516 523 Thureyo
1548 474 1710 525 reginae
1744 489 1794 512 ex
1825 483 1942 525 parte

231 551 362 587 papae
399 536 685 586 significarUnt
720 535 869 586 ipsum,
906 535 939 573 si
974 534 1113 585 regina
1151 534 1273 573 vellet
1309 534 1414 573 circa
1450 548 1632 572 mensem
1667 534 1941 584 septembrem

232 597 395 635 mittere
428 609 561 646 regem
598 595 728 633 filium
758 609 878 633 suum
910 594 952 632 in
982 608 1152 644 regnum
1187 593 1359 642 Siciliae,
1385 594 1751 644 suppeditaturum
1776 593 1944 632 tertiam

232 664 395 707 partem
412 664 670 706 sumptuum,
691 669 791 704 quos
813 654 1082 693 existimabat
1103 654 1187 692 fore
1210 653 1483 692 ducentorum
1501 653 1675 692 millium
1693 653 1942 692 francorum.

230 716 435 754 Addidere
455 715 565 765 quod
584 715 616 753 si
633 729 706 753 rex
724 714 920 752 Franciae
938 728 1021 752 non
1039 713 1189 752 sineret
1207 713 1314 763 exigi
1330 713 1372 751 in
1389 728 1512 763 regno
1530 728 1603 752 suo
1623 712 1815 761 decimas,
1834 726 1942 763 papa

230 784 338 814 stare
366 790 449 813 non
475 783 615 825 posset
639 773 871 825 promissis:
896 774 947 811 Et
972 773 1110 823 jaisoit
1136 774 1169 811 le
1196 787 1299 823 pape
1325 773 1457 811 savoir
1483 777 1507 811 a
1530 773 1720 811 Madame
1747 787 1817 823 qae
1842 786 1883 810 se
1910 772 1942 810 le

230 850 298 885 roy
321 836 364 873 de
388 835 541 872 France
565 849 611 871 ne
633 833 814 884 soaffroit
838 848 908 883 qne
931 834 963 870 Ze
986 847 1089 883 pape
1111 841 1195 870 east
1217 833 1270 870 les
1294 832 1476 870 disiemes
1498 847 1549 870 oa
1571 833 1785 882 royaalme,
1808 845 1942 869 encore

231 909 277 932 ne
294 894 471 945 poiirroit
490 894 518 932 il
534 902 629 932 ceste
646 907 841 943 promesse
859 892 1104 943 parfoarnir.

284 954 441 993 Eodem
468 968 591 1001 anno,
621 953 805 991 kalendis
834 952 985 999 martii,
1014 952 1056 989 in
1084 952 1183 990 urbe
1212 952 1509 990 Cenomanensi
1536 951 1735 1001 sigillatae
1764 959 1861 989 sunt
1889 950 1941 988 ab

230 1014 420 1064 episcopo
448 1013 690 1052 Carnotensi
717 1013 820 1051 duae
847 1012 988 1050 literae
1017 1012 1164 1061 quibus
1192 1011 1330 1061 regina
1358 1011 1632 1050 cardinalibus
1660 1010 1942 1058 Ambianensi,

231 1073 529 1121 Ebredunensi,
553 1072 789 1119 Cusentino,
812 1081 854 1111 et
876 1070 924 1110 de
947 1072 1152 1121 Thureyo,
1175 1071 1481 1121 archiepiscopo
1503 1070 1746 1118 Arelatensi,
1771 1070 1943 1120 Georgio

231 1134 279 1172 de
305 1133 461 1181 Marlio,
487 1142 528 1171 et
554 1132 805 1182 Raymundo
828 1131 1027 1170 Bernardi
1052 1140 1305 1181 potestatem
1330 1131 1459 1169 dabat
1483 1130 1693 1169 tractandi
1716 1138 1758 1169 et
1782 1130 1943 1168 conclu-

231 1193 355 1231 dendi
370 1207 506 1232 coram
522 1206 631 1243 papa
648 1206 741 1231 cum
756 1191 900 1241 legatis
913 1191 1016 1241 regis
1029 1191 1288 1241 Arragonum
1299 1190 1608 1228 matrimonium
1626 1189 1728 1240 regis
1742 1189 1942 1228 Ludovici

233 1252 304 1290 filii
322 1253 384 1291 sui
401 1261 443 1291 et
465 1253 666 1290 Yolantae
688 1251 793 1290 filiae
811 1251 996 1301 ejusdem
1014 1251 1116 1301 regis
1136 1250 1407 1301 Arragonum.
1430 1250 1586 1288 Harum
1605 1250 1818 1288 literarum
1835 1263 1941 1287 unae

230 1321 347 1351 erant
373 1313 602 1360 absolutae,
628 1312 784 1361 absque
809 1311 891 1348 ulla
918 1310 1214 1357 reservatione3
1243 1310 1344 1348 aliae
1370 1309 1706 1360 praescribebant
1731 1309 1793 1347 uti
1819 1316 1942 1359 pacta

230 1372 288 1410 ita
309 1372 659 1411 constituerentur
677 1379 724 1408 ut
744 1385 903 1421 semper
921 1370 1216 1420 intelligeretur
1234 1384 1320 1408 rem
1339 1384 1385 1408 ea
1405 1369 1639 1408 conditione
1662 1369 1824 1407 firmam
1843 1368 1941 1416 fore,

229 1431 261 1470 si
292 1446 511 1470 consensus
542 1430 757 1469 accesserit
785 1430 888 1480 regis
920 1430 1114 1468 Franciae
1145 1438 1186 1468 et
1216 1430 1368 1468 ducum
1396 1428 1579 1468 Bituriae
1608 1437 1650 1467 et
1678 1427 1940 1478 Burgundiae

241 1491 443 1541 wamma,
469 1506 509 1541 p.
536 1490 651 1540 511]
680 1491 784 1527 Eam
809 1498 953 1540 postea
981 1489 1213 1527 Ludovicus
1241 1489 1360 1527 duxit
1386 1489 1427 1526 in
1452 1489 1551 1527 urbe
1577 1487 1808 1527 Arelatensi
1832 1502 1941 1525 anno

232 1551 413 1598 MCCCC,
446 1551 508 1589 die
538 1550 716 1588 secunda
748 1549 986 1588 decembris.

284 1611 509 1649 Cardinalis
566 1609 854 1649 Ambianensis
912 1608 1102 1647 interfuit
1153 1608 1343 1647 electioni
1392 1607 1607 1646 Benedicti
1664 1607 1772 1645 XIII
1832 1621 1940 1645 anno

231 1670 519 1717 MCCCXCIV,
555 1670 617 1708 die
653 1684 786 1706 xxxin
821 1668 1078 1719 septembris.
1112 1668 1213 1706 Cum
1244 1683 1340 1706 vero
1374 1676 1517 1718 postea
1554 1667 1728 1705 Karolus
1764 1666 1836 1714 VI,
1870 1680 1942 1704 rex

232 1730 497 1777 Francorum,
531 1737 744 1779 quaereret
776 1728 945 1767 modum
978 1742 1058 1777 quo
1089 1727 1272 1766 revocari
1303 1736 1441 1777 posset
1471 1727 1609 1765 unitas
1640 1726 1684 1764 in
1715 1725 1940 1765 Ecclesiam

232 1788 319 1836 Dei,
343 1798 383 1827 et
406 1789 630 1827 cardinales
653 1797 749 1826 ante
772 1802 862 1826 eam
884 1787 1125 1826 electionem
1146 1787 1429 1837 promisissent
1450 1802 1505 1835 se,
1527 1786 1559 1825 si
1581 1801 1647 1825 eos
1670 1785 1761 1836 eligi
1783 1785 1940 1824 contin-

230 1857 354 1898 geret,
379 1863 517 1887 omnes
540 1848 627 1886 vias
649 1847 917 1897 extinguendi
939 1846 1170 1885 schismatis
1194 1847 1454 1897 amplexuros
1476 1861 1605 1896 usque
1628 1846 1680 1883 ad
1703 1845 1939 1892 cessionem,

228 1908 474 1946 Benedictus
502 1916 643 1946 tamen
669 1907 791 1956 hujus
819 1906 1098 1957 promissionis
1125 1920 1272 1956 parum
1299 1920 1454 1944 memor
1480 1906 1621 1944 cedere
1649 1906 1789 1952 nollet,
1816 1904 1939 1943 duces

227 1967 507 2014 Bituricensis,
535 1967 796 2017 Burgundus,
826 1974 866 2004 et
894 1965 1195 2004 Aurelianensis
1224 1974 1441 2016 propterea
1472 1965 1726 2003 Avenionem
1752 1963 1940 2015 profecti,

229 2041 322 2065 cum
349 2027 449 2064 nihil
475 2027 527 2064 ab
554 2027 621 2064 illo
650 2026 833 2064 obtinere
860 2033 1041 2076 possent,
1069 2025 1111 2062 in
1137 2039 1230 2063 suas
1258 2025 1376 2063 aedes
1406 2033 1687 2064 convocarunt
1714 2023 1938 2062 cardinales

228 2100 336 2124 anno
357 2087 621 2133 MCCCXCV,
643 2085 705 2123 die
725 2085 857 2136 prima
877 2085 994 2134 junii,
1016 2093 1056 2123 et
1076 2085 1301 2123 sententias
1323 2099 1463 2123 eorum
1482 2084 1737 2134 exquisivere
1758 2083 1800 2121 in
1817 2091 1939 2121 tanto

228 2146 392 2196 negotio
410 2146 437 2184 1.
465 2146 697 2184 Cardinalis
721 2145 1023 2192 Ambianensis,
1049 2153 1096 2182 ut
1130 2145 1253 2183 refert
1289 2144 1552 2182 continuator
1584 2143 1733 2193 Nangii
1750 2142 1777 2190 ²,
1801 2158 1840 2193 p.
1864 2142 1938 2181 137

227 2205 269 2243 in
290 2214 404 2244 tomo
425 2214 542 2244 sexto
564 2204 775 2255 Spicilegii
798 2204 1057 2251 Dacheriani,
1079 2218 1147 2254 per
1167 2205 1332 2241 salntem
1352 2204 1485 2241 anime
1505 2218 1585 2250 sae,
1611 2203 1834 2253 fidelitatem
1856 2201 1938 2251 regi

229 2265 398 2303 Francie
415 2265 654 2315 promissam
670 2273 703 2302 et
718 2264 890 2302 Ecclesie
904 2264 1055 2313 juravit
1071 2264 1172 2313 qaod
1188 2264 1253 2301 via
1269 2263 1457 2301 cessionis
1474 2272 1554 2301 erat
1574 2262 1733 2310 brevior,
1751 2261 1935 2308 sanctior,

227 2325 506 2375 expedientior,
537 2324 818 2371 honorabilior,
849 2323 977 2372 magis
1007 2324 1166 2373 placens
1191 2323 1286 2370 Deo,
1317 2323 1445 2372 magis
1475 2323 1590 2360 corda
1617 2330 1651 2359 et
1679 2320 1937 2359 conscientias

228 2393 496 2422 creaturarum
533 2384 767 2434 pacificanS,
807 2383 1005 2420 scismatis
1042 2382 1230 2429 seclativa,
1269 2390 1302 2420 et
1339 2382 1451 2432 pacis
1490 2381 1660 2419 Ecclesie
1700 2380 1937 2418 aniversalis

228 2444 431 2482 causativa
454 2458 572 2494 qaam
594 2444 731 2493 aliqua
753 2443 848 2490 alia,
873 2451 907 2480 et
931 2442 1014 2480 ideo
1039 2442 1171 2492 ipsam
1192 2442 1331 2489 solam,
1355 2456 1488 2479 omnes
1511 2441 1614 2479 alias
1631 2440 1936 2490 parvipendens,

227 2503 474 2553 approbavit.
491 2504 596 2540 Tum
612 2503 674 2541 die
690 2502 856 2540 sabbati
870 2501 993 2540 tertia
1005 2501 1095 2551 julii
1111 2501 1365 2551 congregatis
1382 2500 1656 2539 cardinalibus
1672 2500 1714 2537 in
1729 2507 1937 2538 conventu

228 2563 399 2600 fratrum
425 2563 641 2609 Minorum,
662 2562 733 2599 ubi
752 2562 926 2600 aderant
945 2561 1069 2599 etiam
1091 2569 1172 2599 tres
1195 2561 1315 2599 duces
1337 2574 1459 2610 supra
1480 2559 1695 2607 nominati,
1719 2558 1933 2597 cardinalis

227 2622 513 2662 Ambianensis
542 2622 711 2671 loquens
739 2636 813 2671 pro
842 2621 1030 2659 omnibus
1060 2620 1334 2658 cardinalibus
1363 2619 1552 2658 laudavit
1579 2619 1710 2669 primo
1738 2618 1934 2656 affectum

227 2690 267 2720 et
284 2681 538 2731 diligentiam
580 2680 816 2719 eorumdem
863 2680 1094 2730 principum
1129 2679 1170 2717 in
1203 2680 1279 2717 hac
1317 2693 1452 2726 causa,
1488 2678 1633 2717 deinde
1668 2678 1772 2715 dixit
1808 2690 1932 2714 unam

227 2741 409 2778 omnium
440 2740 710 2779 cardinalium
739 2739 988 2778 sententiam
1017 2754 1101 2777 esse
1139 2747 1186 2776 ut
1214 2738 1338 2776 iidem
1376 2738 1497 2776 duces
1537 2752 1629 2776 cum
1658 2736 1932 2775 cardinalibus

226 2809 267 2837 et
289 2800 418 2838 missis
442 2814 464 2837 a
487 2815 577 2849 rege
600 2808 641 2837 et
663 2799 874 2838 academia
899 2798 1115 2836 Parisiensi
1138 2798 1377 2836 accederent
1400 2798 1451 2834 ad
1473 2811 1626 2848 papam
1647 2795 1933 2842 Benedictum,

226 2859 342 2908 eique
377 2868 629 2909 exponerent
664 2872 946 2908 quaecumque
980 2872 1051 2907 per
1084 2871 1219 2907 regem
1254 2857 1361 2895 facta
1397 2865 1514 2895 erant
1548 2871 1620 2906 pro
1654 2854 1932 2905 extinguendo

225 2919 457 2965 schismate,
483 2918 700 2968 praecipue
726 2932 822 2956 vero
847 2926 894 2955 ut
919 2917 954 2955 ei
979 2916 1198 2955 suaderent
1225 2916 1369 2954 debere
1395 2930 1487 2954 eum
1514 2915 1694 2965 accipere
1720 2923 1761 2953 et
1786 2912 1933 2962 exequi

273 3046 304 3078 1.
330 3046 400 3078 Sur
421 3047 471 3079 les
495 3048 751 3086 evenements‚
777 3045 857 3078 voir
879 3045 1018 3086 Valois,
1043 3057 1099 3088 op.
1124 3045 1194 3084 cit,
1221 3042 1245 3077 t.
1268 3056 1319 3083 111,
1345 3056 1379 3087 p.
1404 3044 1525 3076 49-67.

275 3099 304 3131 2.
330 3100 536 3142 Bellaguet,
562 3106 587 3133 t.
610 3112 646 3140 11,
671 3112 704 3144 p.
731 3100 810 3132 266.
