2083 3458
110 170 234 226 [591]
641 186 859 213 PAPARUM
893 184 1280 213 AVENIONENSYUM
1756 175 1808 216 55

99 271 308 308 Puteanus
331 269 374 307 in
395 269 579 308 Historia
610 270 948 308 condemnationis
983 270 1300 320 Templariorum
1324 270 1378 320 [p.
1405 270 1467 320 10]
1498 271 1567 308 ubi
1591 286 1805 323 congrega-

98 329 254 367 tionem
275 328 565 379 magistrorum
584 328 627 366 in
645 329 851 379 theologia
871 329 1026 368 factam
1046 329 1109 367 die
1129 343 1219 366 xxv
1239 329 1391 376 martii,
1413 331 1528 379 cujus
1548 339 1640 368 acta
1661 340 1806 369 extant

97 388 139 427 in
164 387 332 426 archivo
356 387 466 437 regio
492 387 720 435 Parisiensi,
745 388 1042 439 interpretatur
1067 388 1116 426 de
1147 402 1193 427 ea
1229 401 1333 438 quae
1359 389 1481 438 paulo
1505 397 1600 439 post
1625 404 1804 440 compre-

99 448 244 486 hensos
270 446 523 512 Templarios
549 454 691 485 coacta
717 455 778 485 est
802 447 1051 486 auctoritate
1075 447 1191 497 regis.
1217 448 1411 513 Theologi
1437 455 1576 486 autem
1601 449 1658 486 illi
1683 450 1734 487 ab
1760 465 1806 488 eo

100 505 276 545 consulti
306 505 349 544 in
381 520 503 544 causa
536 506 863 556 Templariorum
894 506 1194 557 responderunt
1212 506 1438 557 principem
1471 507 1691 546 secularem
1726 523 1806 547 non

99 580 215 616 posse
238 579 477 615 cognoscere
512 566 560 603 de
581 565 719 613 heresi,
754 565 835 604 nisi
867 580 956 604 cum
975 565 1198 630 'episcopus
1218 565 1254 603 ei
1275 580 1417 604 causas
1441 566 1663 605 istiusmodi
1699 582 1805 605 con]-

99 624 232 662 mittit
251 623 510 674 Judicandas,
532 638 649 674 posse
683 632 824 662 tamen
845 639 938 663 eum
972 624 1014 662 in
1036 638 1131 663 casu
1158 624 1428 672 necessitatis,
1463 627 1618 675 quando
1650 626 1807 664 evidens

99 692 133 721 et
165 683 361 721 notorium
405 683 626 733 periculum
673 683 905 731 immineret,
951 684 1199 734 prehendere
1233 692 1446 723 accusatos
1480 700 1568 722 cum
1604 686 1804 735 proposito

99 742 284 780 reddendi
315 742 497 780 Ecclesie.
532 742 793 781 Addiderunt
826 757 894 781 eos
929 743 998 793 qui
1030 743 1201 782 militiae
1233 743 1354 782 alicui
1383 758 1423 782 se
1454 744 1704 782 addixerunt
1732 760 1805 796 pro

99 801 334 840 defensione
372 801 574 851 religionis
609 801 870 849 christianae,
910 810 1038 840 votum
1071 802 1277 851 religionis
1324 803 1498 840 institute
1543 803 1593 841 ab
1631 804 1806 842 Ecclesia

98 861 334 911 profitentes,
354 875 428 911 pro
465 860 661 911 religiosis
690 868 731 899 et
768 861 970 911 exemptis
1007 861 1218 900 habendos
1255 876 1352 910 esse,
1392 876 1532 900 eorum
1568 877 1664 901 vero
1698 863 1805 901 bona

99 920 376 959 convertenda
401 934 485 958 esse
508 920 550 958 in
574 934 641 959 eos
665 934 761 958 usus
786 920 935 970 quibus
959 921 1011 958 ab
1044 920 1162 959 initio
1187 921 1394 967 destinata
1429 921 1553 960 fuere.
1595 922 1640 960 In
1668 922 1806 961 codice

98 978 176 1018 506
218 978 492 1018 bibliothecae
533 979 790 1017 Colbertinae
827 987 945 1018 extat
983 979 1106 1017 brevis
1142 988 1327 1018 tractatus
1346 981 1357 1003 ¹
1393 995 1512 1031 super
1545 981 1646 1030 jacto
1696 982 1804 1019 Tem-

99 1037 332 1089 plariorum,
378 1038 430 1076 ad
474 1053 586 1088 quem
631 1038 824 1089 pertineat
861 1038 1056 1088 inquirere
1101 1047 1135 1076 et
1179 1039 1358 1089 judicare
1395 1040 1439 1078 de
1478 1040 1612 1078 heresi.
1657 1041 1806 1092 Incipit

99 1105 238 1136 autem
250 1096 328 1136 sic:
343 1096 497 1136 Dixisti
510 1098 682 1135 Domine
699 1098 822 1135 Jhesu
839 1097 1003 1137 Christe.
1021 1098 1177 1137 Eadem
1193 1112 1313 1150 porro
1331 1107 1390 1137 est
1407 1099 1610 1138 sententia
1627 1100 1805 1138 auctoris

97 1156 216 1195 istius
238 1164 442 1195 tractatus
470 1171 563 1195 cum
589 1171 635 1195 ea
673 1170 777 1207 quae
814 1156 1049 1195 continetur
1084 1157 1125 1195 in
1157 1158 1418 1208 responsione
1452 1159 1666 1197 doctorum
1696 1159 1804 1197 Pari-

99 1215 305 1254 siensium.

153 1275 196 1314 P.
245 1274 282 1322 9,
329 1275 354 1313 l.
404 1274 464 1313 16.
514 1276 744 1314 TEMPLUM.
796 1276 852 1313 La
900 1277 1044 1313 seance
1092 1284 1162 1314 eut
1190 1275 1270 1314 lieu
1311 1276 1346 1314 le
1392 1276 1440 1314 25
1490 1277 1655 1316 octobre
1706 1277 1805 1316 1307

102 1334 259 1382 (Finke,
278 1334 502 1384 Papsttum,
520 1349 560 1385 p.
580 1334 783 1383 307-309).

154 1394 197 1432 P.
210 1392 247 1441 9,
260 1393 326 1443 lig.
345 1393 405 1432 19.
427 1393 757 1442 QUADnAclNTA.
772 1394 844 1432 Ces
857 1401 964 1432 mots
974 1401 1068 1432 sont
1079 1397 1315 1444 empruntes
1328 1409 1410 1433 aux
1424 1409 1560 1434 aveux
1574 1395 1669 1434 faits
1682 1410 1755 1446 par
1768 1396 1803 1433 le

101 1453 228 1502 grand
243 1455 389 1491 maitre
405 1453 582 1503 Jacques
597 1453 646 1492 de
659 1452 795 1501 Molai,
807 1453 843 1491 le
855 1452 905 1490 24
920 1453 1087 1492 octobre
1107 1453 1168 1492 tG.
1186 1453 1398 1500 Lizerand,
1411 1454 1465 1491 Le
1480 1455 1639 1502 dmsier,
1660 1470 1699 1505 p.
1721 1455 1770 1494 34
1782 1470 1801 1494 J.

154 1512 198 1550 P.
221 1511 258 1560 9,
280 1511 347 1562 lig.
372 1511 433 1550 21.
459 1512 838 1550 CONGREGATIONE.
863 1511 1134 1551 L’assemble'e
1157 1527 1197 1551 se
1219 1512 1302 1551 tint
1323 1514 1359 1552 le
1382 1513 1431 1551 26
1454 1514 1619 1552 octobre
1646 1514 1803 1562 (Finke,

100 1571 327 1621 Papsttum,
345 1579 375 1609 t.
394 1586 436 1619 11,
455 1586 494 1622 p.
515 1571 718 1620 309-312).

154 1630 197 1668 Ρ.
219 1629 257 1678 9,
279 1630 346 1680 lig.
369 1629 431 1669 23.
455 1631 809 1669 Emzmosnwxmus
832 1644 967 1668 REGIS.
991 1630 1098 1669 C’est
1121 1632 1225 1669 Jean
1247 1631 1294 1670 de
1317 1632 1491 1669 Taverni
1515 1632 1582 1682 qui
1605 1632 1667 1670 fut
1691 1633 1803 1670 hrule

100 1691 123 1727 a
142 1689 255 1728 Paris
275 1703 326 1728 en
344 1689 445 1728 1310
466 1689 534 1740 (Η.
554 1690 615 1737 L.,
634 1698 664 1728 t.
686 1704 822 1737 xxxn,
841 1704 880 1740 p.
902 1689 1007 1739 166).

154 1748 197 1787 Ρ.
208 1748 244 1796 9,
257 1748 324 1799 lig.
340 1748 402 1787 24.
419 1749 821 1788 RECOGNOVERUNT.
837 1750 911 1787 Les
925 1762 1059 1787 aveux
1072 1750 1140 1787 des
1151 1750 1372 1800 Templiers
1386 1750 1524 1789 furent
1534 1751 1804 1789 concordants

100 1822 168 1846 sur
186 1807 224 1846 la
245 1807 482 1859 culpabilite
502 1808 551 1847 de
582 1808 742 1847 l’ordre.
768 1808 817 1846 Ils
839 1807 1019 1847 existent
1041 1808 1141 1847 dans
1177 1809 1228 1847 H.
1260 1809 1399 1856 PrutZ,
1419 1810 1698 1859 Entwiclclung
1725 1811 1806 1848 und

106 1866 336 1917 Untergang
346 1867 411 1905 des
427 1867 876 1918 Tempellzerrenordens,
888 1867 1037 1915 Berlin,
1052 1867 1166 1915 1888,
1178 1882 1218 1919 p.
1232 1868 1418 1916 324-345,
1437 1869 1487 1906 H.
1506 1869 1645 1915 Finke,
1662 1870 1804 1919 Papsl-

101 1934 196 1973 tum,
215 1934 246 1965 t.
264 1940 305 1974 11,
324 1941 363 1977 p.
383 1926 556 1965 312-324
575 1935 616 1965 et
636 1927 674 1966 J.
694 1926 898 1974 Michelet‚
927 1927 1068 1965 Proces
1097 1927 1162 1965 des
1183 1927 1413 1977 Templiers,
1434 1936 1462 1966 t.
1494 1943 1534 1971 11,
1558 1942 1597 1979 p.
1618 1928 1803 1966 277-420.

154 1985 198 2023 P.
227 1984 264 2032 9,
291 1984 358 2035 lig.
387 1985 449 2024 34.
480 1986 595 2023 PAPA
623 2000 848 2024 TURBATUS
878 2000 964 2024 EST.
996 1985 1258 2037 Displicuisse
1285 1986 1404 2025 initio
1432 1988 1506 2026 hoc
1535 1987 1692 2026 facinus
1721 1987 1803 2025 Cle-

101 2044 230 2082 menti
253 2044 287 2082 V
311 2045 460 2083 docent
483 2045 570 2095 ejus
589 2044 731 2084 literae
750 2046 801 2083 ad
825 2044 1149 2096 archiepiscopos
1174 2053 1215 2084 et
1231 2046 1441 2097 episcopos
1463 2047 1574 2096 regni
1597 2047 1803 2093 Franciae,

102 2103 224 2142 datae
248 2102 427 2142 Pictavis
452 2103 515 2142 die
540 2103 685 2154 quinta
706 2103 797 2154 julii
829 2104 1098 2155 pontificatus
1132 2105 1218 2155 ejus
1243 2119 1351 2144 anno
1384 2105 1506 2144 tertio
1530 2105 1677 2156 [1308],
1701 2119 1803 2155 quae

100 2161 142 2200 in
156 2162 816 2213 tomoxSpicilegiiDacheriani,
835 2178 874 2214 p.
892 2163 982 2211 356,
998 2164 1272 2214 reperiuntur.
1296 2164 1399 2203 Vide
1413 2165 1520 2203 infra
1538 2164 1582 2215 [t.
1610 2178 1635 2208 1
1666 2180 1704 2215 p
1721 2164 1801 2214 30].

155 2221 199 2260 P.
222 2221 284 2269 10,
305 2221 372 2271 lig.
394 2222 431 2261 3.
453 2222 741 2261 APPROBAVIT.
765 2223 819 2261 Le
840 2222 889 2260 22
909 2224 1131 2261 novembre
1155 2223 1255 2262 1307
1277 2223 1460 2262 Clement
1476 2224 1510 2260 V
1532 2224 1667 2262 donna
1690 2238 1802 2262 man-

102 2280 175 2318 dat
191 2294 274 2318 aux
290 2280 449 2331 princes
468 2281 517 2320 de
534 2281 572 2319 la
592 2281 817 2320 chretiente
835 2282 884 2320 de
901 2296 942 2320 se
961 2281 1076 2320 saisir
1093 2282 1162 2320 des
1181 2282 1402 2333 Templiers
1422 2291 1462 2321 et
1480 2284 1528 2320 de
1546 2283 1681 2333 placer
1697 2283 1802 2320 leurs

101 2338 214 2378 hiens
233 2353 326 2378 sous
343 2342 553 2390 sequestre
575 2340 758 2391 (Dupuy,
777 2341 905 2388 Actes,
924 2355 962 2391 p.
982 2340 1088 2390 227).

154 2398 197 2438 P.
219 2398 282 2447 10,
299 2398 369 2449 lig.
387 2398 422 2438 5.
443 2399 692 2438 Mannum.
715 2399 902 2450 Philippo
919 2400 954 2438 le
970 2400 1042 2438 Bel
1059 2414 1099 2439 se
1116 2400 1303 2438 trouvait
1321 2402 1342 2438 a
1362 2401 1499 2439 Melun
1514 2401 1570 2438 les
1589 2400 1651 2447 23,
1671 2399 1802 2447 2425,

101 2456 151 2495 28
170 2465 212 2496 et
224 2456 275 2495 29
286 2471 394 2496 mars
416 2458 518 2497 1308
540 2458 608 2508 (H.
624 2459 687 2506 F.,
707 2467 735 2496 t.
761 2474 848 2506 xxi,
870 2473 909 2509 p.
931 2458 1008 2497 449
1027 2467 1068 2497 et
1083 2459 1129 2497 G.
1152 2459 1281 2507 Picot,
1299 2459 1536 2497 Documento¹
1556 2459 1704 2507 νεῖαιὶίει
1724 2473 1804 2496 ausc

101 2515 214 2554 Etats
231 2518 441 2565 generatim,
458 2532 497 2568 p.
516 2517 593 2556 488
610 2525 651 2556 et
667 2517 773 2566 491).

154 2575 197 2614 P.
237 2575 298 2623 10,
331 2575 398 2626 lig.
434 2575 496 2616 26.
535 2576 716 2615 ΚΑΒοιο
748 2591 900 2614 TERTIO
937 2591 1093 2616 GEMTO
1135 2584 1407 2627 cognomento
1442 2577 1629 2623 Pulchro,
1663 2575 1803 2614 comiti

101 2632 322 2683 Marchiae,
344 2642 489 2685 postea
512 2649 609 2674 vero
624 2635 707 2686 regi
724 2635 919 2675 Franciae
939 2643 981 2674 et
996 2636 1206 2675 Navarrae
1218 2643 1312 2687 post
1327 2635 1530 2674 extinctos
1547 2635 1802 2673 Ludovicum

103 2692 310 2731 Hutinum
333 2701 375 2732 et
398 2693 635 2745 Philippum
656 2695 838 2745 longum,
861 2694 1007 2734 fratres
1031 2695 1117 2745 ejus

155 2751 199 2791 P.
231 2751 293 2800 10,
321 2751 388 2802 lig.
419 2752 481 2792 26.
512 2752 721 2791 ALTERAM
754 2767 895 2791 FILIAM
926 2754 1115 2793 O‘rnoms
1143 2753 1382 2800 Blancham,
1410 2766 1587 2791 sororem
1618 2753 1802 2790 Joannae

151 2895 183 2928 1.
200 2894 247 2928 Ce
262 2895 376 2929 traite
390 2902 447 2929 est
460 2896 617 2930 l'oeuvre
634 2896 858 2940 d'Agostino
873 2896 1039 2930 Trionfo.
1058 2897 1088 2929 Il
1103 2908 1123 2929 a
1138 2897 1197 2930 ete
1210 2896 1397 2940 imprime,
1414 2897 1561 2940 d’apres
1575 2897 1607 2929 le
1623 2908 1690 2930 ms.
1706 2897 1802 2930 latin

103 2946 210 2988 4046,
231 2947 257 2981 f.
281 2949 326 2982 28
347 2949 452 2982 v0-30
465 2952 510 2989 1⁰,
525 2961 594 2993 par
616 2950 660 2983 R.
684 2949 828 2990 Scholz,
848 2950 920 2984 Die
939 2949 1164 2983 Publizistilc
1182 2960 1247 2982 zur
1266 2949 1346 2982 Zeit
1365 2949 1542 2994 Philipps
1563 2950 1622 2983 des
1639 2949 1804 2983 Schonen

104 3002 181 3035 und
197 3001 357 3044 Bonisaz
381 3002 496 3042 VIII,
519 3002 726 3046 Stuttgart‚
749 3003 856 3043 1903,
879 3014 914 3046 p.
938 3003 1108 3036 508-516.
1133 3002 1182 3035 Le
1207 3014 1275 3036 ms.
1298 3002 1394 3035 latin
1415 3000 1498 3042 939,
1520 3003 1544 3035 f.
1569 3004 1613 3036 47
1635 3003 1790 3036 10-49r0

104 3055 148 3087 de
166 3053 203 3087 la
221 3054 481 3099 bibliotheque
501 3055 684 3089 Vaticane
704 3057 735 3089 le
755 3055 925 3089 contient
945 3056 1056 3089 aussi.
