<?xml version="1.0" encoding="UTF-8"?>
<!DOCTYPE html PUBLIC "-//W3C//DTD XHTML 1.0 Transitional//EN"
    "http://www.w3.org/TR/xhtml1/DTD/xhtml1-transitional.dtd">
<html xmlns="http://www.w3.org/1999/xhtml" xml:lang="en" lang="en">
 <head>
  <title>
</title>
<meta http-equiv="Content-Type" content="text/html;charset=utf-8" />
  <meta name='ocr-system' content='tesseract 3.04.00' />
  <meta name='ocr-capabilities' content='ocr_page ocr_carea ocr_par ocr_line ocrx_word'/>
</head>
<body>
  <div class='ocr_page' id='page_1' title='image "./vitaepaparumaven02balu_0672.png"; bbox 0 0 2083 3458; ppageno 0'>
   <div class='ocr_carea' id='block_1_1' title="bbox 223 195 1983 260">
    <p class='ocr_par' dir='ltr' id='par_1_1' title="bbox 223 195 1983 260">
     <span class='ocr_line' id='line_1_1' title="bbox 223 195 1983 260; baseline -0.002 -10"><span class='ocrx_word' id='word_1_1' title='bbox 223 195 225 199; x_wconf 20' lang='lat'><strong>¹</strong></span> <span class='ocrx_word' id='word_1_2' title='bbox 278 209 358 251; x_wconf 84' lang='grc'>662</span> <span class='ocrx_word' id='word_1_3' title='bbox 928 221 1079 247; x_wconf 77' lang='lat' dir='ltr'><strong>NOTAE</strong></span> <span class='ocrx_word' id='word_1_4' title='bbox 1114 221 1174 246; x_wconf 89' lang='lat' dir='ltr'>AD</span> <span class='ocrx_word' id='word_1_5' title='bbox 1209 221 1336 246; x_wconf 80' lang='lat' dir='ltr'>VITAs</span> <span class='ocrx_word' id='word_1_6' title='bbox 1831 205 1983 260; x_wconf 85' lang='grc'>[1457]</span> 
     </span>
    </p>
   </div>
   <div class='ocr_carea' id='block_1_2' title="bbox 274 303 1987 2909">
    <p class='ocr_par' dir='ltr' id='par_1_2' title="bbox 274 303 1987 1485">
     <span class='ocr_line' id='line_1_2' title="bbox 332 303 1986 355; baseline -0.002 -10"><span class='ocrx_word' id='word_1_7' title='bbox 332 307 511 345; x_wconf 86' lang='lat' dir='ltr'>Rursum</span> <span class='ocrx_word' id='word_1_8' title='bbox 544 304 822 344; x_wconf 90' lang='lat' dir='ltr'>controversia</span> <span class='ocrx_word' id='word_1_9' title='bbox 848 313 910 343; x_wconf 90' lang='lat' dir='ltr'>est</span> <span class='ocrx_word' id='word_1_10' title='bbox 935 304 984 343; x_wconf 91' lang='lat' dir='ltr'>de</span> <span class='ocrx_word' id='word_1_11' title='bbox 1010 303 1145 354; x_wconf 88' lang='lat' dir='ltr'>patria</span> <span class='ocrx_word' id='word_1_12' title='bbox 1170 303 1272 353; x_wconf 77' lang='lat' dir='ltr'>ejus.</span> <span class='ocrx_word' id='word_1_13' title='bbox 1299 303 1456 342; x_wconf 81' lang='lat' dir='ltr'><strong>Auctor</strong></span> <span class='ocrx_word' id='word_1_14' title='bbox 1481 303 1632 355; x_wconf 84' lang='lat' dir='ltr'>quippe</span> <span class='ocrx_word' id='word_1_15' title='bbox 1659 304 1846 342; x_wconf 83' lang='lat' dir='ltr'>Chronici</span> <span class='ocrx_word' id='word_1_16' title='bbox 1872 303 1986 341; x_wconf 88' lang='lat' dir='ltr'>Brio-</span> 
     </span>
     <span class='ocr_line' id='line_1_3' title="bbox 278 362 1987 416; baseline -0.002 -12"><span class='ocrx_word' id='word_1_17' title='bbox 278 366 417 414; x_wconf 86' lang='lat' dir='ltr'>censis,</span> <span class='ocrx_word' id='word_1_18' title='bbox 438 366 507 416; x_wconf 87' lang='lat' dir='ltr'>qui</span> <span class='ocrx_word' id='word_1_19' title='bbox 527 379 701 404; x_wconf 90' lang='lat' dir='ltr'>coaevus</span> <span class='ocrx_word' id='word_1_20' title='bbox 720 364 815 403; x_wconf 93' lang='lat' dir='ltr'>huic</span> <span class='ocrx_word' id='word_1_21' title='bbox 834 363 1050 402; x_wconf 89' lang='lat' dir='ltr'>cardinalis</span> <span class='ocrx_word' id='word_1_22' title='bbox 1070 363 1163 411; x_wconf 85' lang='lat' dir='ltr'>fuit,</span> <span class='ocrx_word' id='word_1_23' title='bbox 1181 363 1295 401; x_wconf 91' lang='lat' dir='ltr'>illum</span> <span class='ocrx_word' id='word_1_24' title='bbox 1316 362 1458 402; x_wconf 81' lang='lat' dir='ltr'>scribit</span> <span class='ocrx_word' id='word_1_25' title='bbox 1477 371 1611 401; x_wconf 90' lang='lat' dir='ltr'>ortum</span> <span class='ocrx_word' id='word_1_26' title='bbox 1632 363 1755 402; x_wconf 89' lang='lat' dir='ltr'>fuisse</span> <span class='ocrx_word' id='word_1_27' title='bbox 1774 378 1793 402; x_wconf 91' lang='grc'><strong>6</strong></span> <span class='ocrx_word' id='word_1_28' title='bbox 1814 363 1987 402; x_wconf 88' lang='lat' dir='ltr'>dioecesi</span> 
     </span>
     <span class='ocr_line' id='line_1_4' title="bbox 281 422 1987 476; baseline -0.002 -12"><span class='ocrx_word' id='word_1_29' title='bbox 281 425 545 464; x_wconf 86' lang='lat' dir='ltr'>Nannetensi.</span> <span class='ocrx_word' id='word_1_30' title='bbox 576 424 653 463; x_wconf 86' lang='lat' dir='ltr'>Sed</span> <span class='ocrx_word' id='word_1_31' title='bbox 680 423 780 476; x_wconf 89' lang='lat' dir='ltr'>ipse,</span> <span class='ocrx_word' id='word_1_32' title='bbox 810 438 891 474; x_wconf 89' lang='lat' dir='ltr'>quo</span> <span class='ocrx_word' id='word_1_33' title='bbox 919 423 1053 461; x_wconf 91' lang='lat' dir='ltr'>nullus</span> <span class='ocrx_word' id='word_1_34' title='bbox 1080 422 1198 461; x_wconf 87' lang='lat' dir='ltr'>testis</span> <span class='ocrx_word' id='word_1_35' title='bbox 1227 422 1370 461; x_wconf 85' lang='lat' dir='ltr'>melior</span> <span class='ocrx_word' id='word_1_36' title='bbox 1396 437 1482 461; x_wconf 86' lang='lat' dir='ltr'>esse</span> <span class='ocrx_word' id='word_1_37' title='bbox 1508 431 1647 473; x_wconf 87' lang='lat' dir='ltr'>potest</span> <span class='ocrx_word' id='word_1_38' title='bbox 1673 423 1716 462; x_wconf 89' lang='lat' dir='ltr'>in</span> <span class='ocrx_word' id='word_1_39' title='bbox 1742 423 1819 461; x_wconf 92' lang='lat' dir='ltr'>hac</span> <span class='ocrx_word' id='word_1_40' title='bbox 1847 436 1987 470; x_wconf 87' lang='lat' dir='ltr'>causa,</span> 
     </span>
     <span class='ocr_line' id='line_1_5' title="bbox 277 481 1985 533; baseline -0.002 -10"><span class='ocrx_word' id='word_1_41' title='bbox 277 485 406 523; x_wconf 81' lang='lat' dir='ltr'>tradit</span> <span class='ocrx_word' id='word_1_42' title='bbox 429 485 471 522; x_wconf 91' lang='lat' dir='ltr'>in</span> <span class='ocrx_word' id='word_1_43' title='bbox 494 483 702 523; x_wconf 86' lang='lat' dir='ltr'>veteribus</span> <span class='ocrx_word' id='word_1_44' title='bbox 727 483 839 522; x_wconf 86' lang='lat' dir='ltr'>Actis</span> <span class='ocrx_word' id='word_1_45' title='bbox 863 497 985 533; x_wconf 87' lang='lat' dir='ltr'>supra</span> <span class='ocrx_word' id='word_1_46' title='bbox 1009 482 1203 530; x_wconf 89' lang='lat' dir='ltr'>laudatis,</span> <span class='ocrx_word' id='word_1_47' title='bbox 1228 496 1267 532; x_wconf 93' lang='lat' dir='ltr'>p.</span> <span class='ocrx_word' id='word_1_48' title='bbox 1294 481 1384 529; x_wconf 82' lang='grc'>308,</span> <span class='ocrx_word' id='word_1_49' title='bbox 1409 496 1449 520; x_wconf 87' lang='grc'><strong>56</strong></span> <span class='ocrx_word' id='word_1_50' title='bbox 1474 490 1618 520; x_wconf 88' lang='lat' dir='ltr'>natum</span> <span class='ocrx_word' id='word_1_51' title='bbox 1644 497 1729 521; x_wconf 87' lang='lat' dir='ltr'>esse</span> <span class='ocrx_word' id='word_1_52' title='bbox 1764 481 1807 520; x_wconf 89' lang='lat' dir='ltr'>in</span> <span class='ocrx_word' id='word_1_53' title='bbox 1831 481 1985 521; x_wconf 81' lang='lat' dir='ltr'>ditione</span> 
     </span>
     <span class='ocr_line' id='line_1_6' title="bbox 279 541 1987 593; baseline -0.002 -11"><span class='ocrx_word' id='word_1_54' title='bbox 279 544 489 591; x_wconf 89' lang='lat' dir='ltr'>Ludovici,</span> <span class='ocrx_word' id='word_1_55' title='bbox 514 543 627 582; x_wconf 75' lang='lat' dir='ltr'>ducis</span> <span class='ocrx_word' id='word_1_56' title='bbox 650 542 958 593; x_wconf 88' lang='lat' dir='ltr'>Andegavensis</span> <span class='ocrx_word' id='word_1_57' title='bbox 984 558 991 580; x_wconf 91' lang='lat'>:</span> <span class='ocrx_word' id='word_1_58' title='bbox 1017 541 1130 579; x_wconf 82' lang='lat' dir='ltr'>Noas</span> <span class='ocrx_word' id='word_1_59' title='bbox 1152 555 1318 579; x_wconf 86' lang='lat' dir='ltr'>sommes</span> <span class='ocrx_word' id='word_1_60' title='bbox 1341 541 1385 579; x_wconf 83' lang='lat' dir='ltr'>de</span> <span class='ocrx_word' id='word_1_61' title='bbox 1407 550 1533 579; x_wconf 79' lang='lat' dir='ltr'>nostre</span> <span class='ocrx_word' id='word_1_62' title='bbox 1556 542 1718 580; x_wconf 58' lang='lat' dir='ltr'>nativitoe3</span> <span class='ocrx_word' id='word_1_63' title='bbox 1738 550 1773 580; x_wconf 80' lang='lat' dir='ltr'>et</span> <span class='ocrx_word' id='word_1_64' title='bbox 1794 542 1838 579; x_wconf 81' lang='lat' dir='ltr'>de</span> <span class='ocrx_word' id='word_1_65' title='bbox 1861 549 1987 579; x_wconf 79' lang='lat' dir='ltr'>nostre</span> 
     </span>
     <span class='ocr_line' id='line_1_7' title="bbox 276 600 1987 653; baseline -0.002 -11"><span class='ocrx_word' id='word_1_66' title='bbox 276 604 438 653; x_wconf 75' lang='lat' dir='ltr'>ensance</span> <span class='ocrx_word' id='word_1_67' title='bbox 462 603 756 641; x_wconf 79' lang='lat' dir='ltr'>natarellement</span> <span class='ocrx_word' id='word_1_68' title='bbox 779 610 813 640; x_wconf 80' lang='lat' dir='ltr'>et</span> <span class='ocrx_word' id='word_1_69' title='bbox 836 602 880 639; x_wconf 87' lang='lat' dir='ltr'>de</span> <span class='ocrx_word' id='word_1_70' title='bbox 904 602 1140 651; x_wconf 82' lang='lat' dir='ltr'>long-temps</span> <span class='ocrx_word' id='word_1_71' title='bbox 1162 615 1235 638; x_wconf 84' lang='lat' dir='ltr'>son</span> <span class='ocrx_word' id='word_1_72' title='bbox 1257 600 1360 648; x_wconf 77' lang='lat' dir='ltr'>sajet</span> <span class='ocrx_word' id='word_1_73' title='bbox 1382 609 1416 639; x_wconf 82' lang='lat' dir='ltr'>et</span> <span class='ocrx_word' id='word_1_74' title='bbox 1440 615 1507 638; x_wconf 84' lang='lat' dir='ltr'>nez</span> <span class='ocrx_word' id='word_1_75' title='bbox 1530 615 1577 638; x_wconf 87' lang='lat' dir='ltr'>en</span> <span class='ocrx_word' id='word_1_76' title='bbox 1599 616 1672 639; x_wconf 85' lang='lat' dir='ltr'>son</span> <span class='ocrx_word' id='word_1_77' title='bbox 1701 606 1804 651; x_wconf 80' lang='lat' dir='ltr'>pa&#39;i&#39;s.</span> <span class='ocrx_word' id='word_1_78' title='bbox 1830 600 1987 639; x_wconf 83' lang='lat' dir='ltr'><strong>Auctor</strong></span> 
     </span>
     <span class='ocr_line' id='line_1_8' title="bbox 276 660 1984 714; baseline -0.002 -13"><span class='ocrx_word' id='word_1_79' title='bbox 276 677 370 714; x_wconf 86' lang='lat' dir='ltr'>ergo</span> <span class='ocrx_word' id='word_1_80' title='bbox 391 662 578 701; x_wconf 82' lang='lat' dir='ltr'>Chronici</span> <span class='ocrx_word' id='word_1_81' title='bbox 599 661 839 709; x_wconf 86' lang='lat' dir='ltr'>Briocensis,</span> <span class='ocrx_word' id='word_1_82' title='bbox 861 661 931 711; x_wconf 88' lang='lat' dir='ltr'>qui</span> <span class='ocrx_word' id='word_1_83' title='bbox 951 661 1107 699; x_wconf 80' lang='lat' dir='ltr'>sciebat</span> <span class='ocrx_word' id='word_1_84' title='bbox 1130 660 1348 710; x_wconf 89' lang='lat' dir='ltr'>Hugonem</span> <span class='ocrx_word' id='word_1_85' title='bbox 1368 660 1491 698; x_wconf 86' lang='lat' dir='ltr'>fuisse</span> <span class='ocrx_word' id='word_1_86' title='bbox 1512 660 1738 699; x_wconf 83' lang='lat' dir='ltr'>successive</span> <span class='ocrx_word' id='word_1_87' title='bbox 1760 668 1984 707; x_wconf 87' lang='lat' dir='ltr'>cantorem,</span> 
     </span>
     <span class='ocr_line' id='line_1_9' title="bbox 277 719 1985 770; baseline -0.002 -9"><span class='ocrx_word' id='word_1_88' title='bbox 277 723 476 762; x_wconf 89' lang='lat' dir='ltr'>decanum</span> <span class='ocrx_word' id='word_1_89' title='bbox 522 730 563 760; x_wconf 89' lang='lat' dir='ltr'>et</span> <span class='ocrx_word' id='word_1_90' title='bbox 593 721 925 760; x_wconf 78' lang='lat' dir='ltr'>archidiaconum</span> <span class='ocrx_word' id='word_1_91' title='bbox 955 720 1159 759; x_wconf 87' lang='lat' dir='ltr'>Ecclesiae</span> <span class='ocrx_word' id='word_1_92' title='bbox 1186 719 1475 768; x_wconf 87' lang='lat' dir='ltr'>Nannetensis,</span> <span class='ocrx_word' id='word_1_93' title='bbox 1500 734 1551 758; x_wconf 84' lang='lat' dir='ltr'>ex</span> <span class='ocrx_word' id='word_1_94' title='bbox 1580 719 1818 770; x_wconf 87' lang='lat' dir='ltr'>conjectura</span> <span class='ocrx_word' id='word_1_95' title='bbox 1847 719 1985 770; x_wconf 89' lang='lat' dir='ltr'>potius</span> 
     </span>
     <span class='ocr_line' id='line_1_10' title="bbox 277 772 1986 832; baseline -0.002 -12"><span class='ocrx_word' id='word_1_96' title='bbox 277 796 400 832; x_wconf 89' lang='lat' dir='ltr'>quam</span> <span class='ocrx_word' id='word_1_97' title='bbox 439 797 490 820; x_wconf 89' lang='lat' dir='ltr'>ex</span> <span class='ocrx_word' id='word_1_98' title='bbox 527 781 697 820; x_wconf 88' lang='lat' dir='ltr'>scientia</span> <span class='ocrx_word' id='word_1_99' title='bbox 736 780 941 831; x_wconf 86' lang='lat' dir='ltr'>scripsisse</span> <span class='ocrx_word' id='word_1_100' title='bbox 979 779 1145 818; x_wconf 89' lang='lat' dir='ltr'>videtur</span> <span class='ocrx_word' id='word_1_101' title='bbox 1181 779 1295 817; x_wconf 91' lang='lat' dir='ltr'>illum</span> <span class='ocrx_word' id='word_1_102' title='bbox 1335 779 1458 818; x_wconf 87' lang='lat' dir='ltr'>fuisse</span> <span class='ocrx_word' id='word_1_103' title='bbox 1497 772 1713 817; x_wconf 86' lang='lat' dir='ltr'>oriundum</span> <span class='ocrx_word' id='word_1_104' title='bbox 1754 794 1773 817; x_wconf 89' lang='lat' dir='ltr'>e</span> <span class='ocrx_word' id='word_1_105' title='bbox 1813 778 1986 817; x_wconf 87' lang='lat' dir='ltr'>dioecesi</span> 
     </span>
     <span class='ocr_line' id='line_1_11' title="bbox 277 838 1985 890; baseline -0.002 -10"><span class='ocrx_word' id='word_1_106' title='bbox 277 841 543 880; x_wconf 89' lang='lat' dir='ltr'>Nannetensi.</span> <span class='ocrx_word' id='word_1_107' title='bbox 567 841 740 879; x_wconf 78' lang='lat' dir='ltr'>Constat</span> <span class='ocrx_word' id='word_1_108' title='bbox 761 840 902 890; x_wconf 89' lang='lat' dir='ltr'>itaque</span> <span class='ocrx_word' id='word_1_109' title='bbox 924 839 1038 877; x_wconf 90' lang='lat' dir='ltr'>illum</span> <span class='ocrx_word' id='word_1_110' title='bbox 1060 854 1145 878; x_wconf 88' lang='lat' dir='ltr'>esse</span> <span class='ocrx_word' id='word_1_111' title='bbox 1167 847 1312 876; x_wconf 89' lang='lat' dir='ltr'>natum</span> <span class='ocrx_word' id='word_1_112' title='bbox 1335 838 1377 876; x_wconf 91' lang='lat' dir='ltr'>in</span> <span class='ocrx_word' id='word_1_113' title='bbox 1398 853 1444 877; x_wconf 91' lang='lat' dir='ltr'>ea</span> <span class='ocrx_word' id='word_1_114' title='bbox 1465 847 1582 889; x_wconf 84' lang='lat' dir='ltr'>parte</span> <span class='ocrx_word' id='word_1_115' title='bbox 1606 839 1759 877; x_wconf 88' lang='lat' dir='ltr'>Galliae</span> <span class='ocrx_word' id='word_1_116' title='bbox 1783 852 1887 888; x_wconf 84' lang='lat' dir='ltr'>quae</span> <span class='ocrx_word' id='word_1_117' title='bbox 1910 838 1985 876; x_wconf 91' lang='lat' dir='ltr'>sub</span> 
     </span>
     <span class='ocr_line' id='line_1_12' title="bbox 275 897 1985 952; baseline -0.002 -13"><span class='ocrx_word' id='word_1_118' title='bbox 275 900 446 952; x_wconf 90' lang='lat' dir='ltr'>imperio</span> <span class='ocrx_word' id='word_1_119' title='bbox 468 909 557 939; x_wconf 89' lang='lat' dir='ltr'>erat</span> <span class='ocrx_word' id='word_1_120' title='bbox 581 899 780 938; x_wconf 88' lang='lat' dir='ltr'>Ludovici</span> <span class='ocrx_word' id='word_1_121' title='bbox 804 899 918 938; x_wconf 88' lang='lat' dir='ltr'>ducis</span> <span class='ocrx_word' id='word_1_122' title='bbox 942 898 1264 949; x_wconf 86' lang='lat' dir='ltr'>Andegavensis,</span> <span class='ocrx_word' id='word_1_123' title='bbox 1282 913 1333 936; x_wconf 89' lang='lat' dir='ltr'>ex</span> <span class='ocrx_word' id='word_1_124' title='bbox 1350 912 1455 949; x_wconf 86' lang='lat' dir='ltr'>pago</span> <span class='ocrx_word' id='word_1_125' title='bbox 1473 897 1665 937; x_wconf 86' lang='lat' dir='ltr'>videlicet</span> <span class='ocrx_word' id='word_1_126' title='bbox 1682 898 1985 948; x_wconf 87' lang='lat' dir='ltr'>Andegavensi,</span> 
     </span>
     <span class='ocr_line' id='line_1_13' title="bbox 274 956 1985 1011; baseline -0.001 -13"><span class='ocrx_word' id='word_1_127' title='bbox 274 961 316 998; x_wconf 93' lang='lat' dir='ltr'>in</span> <span class='ocrx_word' id='word_1_128' title='bbox 336 975 417 1011; x_wconf 88' lang='lat' dir='ltr'>quo</span> <span class='ocrx_word' id='word_1_129' title='bbox 437 960 564 998; x_wconf 89' lang='lat' dir='ltr'>etiam</span> <span class='ocrx_word' id='word_1_130' title='bbox 584 974 692 997; x_wconf 90' lang='lat' dir='ltr'>anno</span> <span class='ocrx_word' id='word_1_131' title='bbox 714 959 935 997; x_wconf 91' lang='lat' dir='ltr'>MDCVIII</span> <span class='ocrx_word' id='word_1_132' title='bbox 956 959 1064 997; x_wconf 87' lang='lat' dir='ltr'>inter</span> <span class='ocrx_word' id='word_1_133' title='bbox 1082 957 1238 1009; x_wconf 83' lang='lat' dir='ltr'>primae</span> <span class='ocrx_word' id='word_1_134' title='bbox 1260 957 1488 996; x_wconf 87' lang='lat' dir='ltr'>nobilitatis</span> <span class='ocrx_word' id='word_1_135' title='bbox 1510 957 1617 996; x_wconf 90' lang='lat' dir='ltr'>viros</span> <span class='ocrx_word' id='word_1_136' title='bbox 1639 957 1840 997; x_wconf 89' lang='lat' dir='ltr'>censitum</span> <span class='ocrx_word' id='word_1_137' title='bbox 1862 956 1985 996; x_wconf 83' lang='lat' dir='ltr'>fuisse</span> 
     </span>
     <span class='ocr_line' id='line_1_14' title="bbox 276 1016 1985 1068; baseline -0.002 -10"><span class='ocrx_word' id='word_1_138' title='bbox 276 1021 480 1058; x_wconf 90' lang='lat' dir='ltr'>Joannem</span> <span class='ocrx_word' id='word_1_139' title='bbox 509 1019 557 1058; x_wconf 92' lang='lat' dir='ltr'>de</span> <span class='ocrx_word' id='word_1_140' title='bbox 587 1019 835 1068; x_wconf 89' lang='lat' dir='ltr'>Montalays,</span> <span class='ocrx_word' id='word_1_141' title='bbox 865 1018 1079 1056; x_wconf 92' lang='lat' dir='ltr'>dominum</span> <span class='ocrx_word' id='word_1_142' title='bbox 1109 1017 1404 1066; x_wconf 88' lang='lat' dir='ltr'>Chambellayi,</span> <span class='ocrx_word' id='word_1_143' title='bbox 1435 1025 1599 1056; x_wconf 89' lang='lat' dir='ltr'>constat</span> <span class='ocrx_word' id='word_1_144' title='bbox 1627 1032 1678 1056; x_wconf 86' lang='lat' dir='ltr'>ex</span> <span class='ocrx_word' id='word_1_145' title='bbox 1705 1016 1985 1068; x_wconf 89' lang='lat' dir='ltr'>publicatione</span> 
     </span>
     <span class='ocr_line' id='line_1_15' title="bbox 275 1075 1985 1128; baseline -0.002 -11"><span class='ocrx_word' id='word_1_146' title='bbox 275 1079 587 1118; x_wconf 78' lang='lat' dir='ltr'>Consuetudinis</span> <span class='ocrx_word' id='word_1_147' title='bbox 612 1078 926 1128; x_wconf 66' lang='lat' dir='ltr'>Anclegavensis‘.</span> <span class='ocrx_word' id='word_1_148' title='bbox 956 1078 1019 1115; x_wconf 85' lang='lat' dir='ltr'>Ex</span> <span class='ocrx_word' id='word_1_149' title='bbox 1045 1091 1127 1127; x_wconf 89' lang='lat' dir='ltr'>quo</span> <span class='ocrx_word' id='word_1_150' title='bbox 1153 1076 1286 1126; x_wconf 81' lang='lat' dir='ltr'>colligi</span> <span class='ocrx_word' id='word_1_151' title='bbox 1312 1091 1394 1115; x_wconf 93' lang='lat' dir='ltr'>non</span> <span class='ocrx_word' id='word_1_152' title='bbox 1435 1077 1610 1115; x_wconf 87' lang='lat' dir='ltr'>absurde</span> <span class='ocrx_word' id='word_1_153' title='bbox 1645 1078 1785 1127; x_wconf 89' lang='lat' dir='ltr'>potest</span> <span class='ocrx_word' id='word_1_154' title='bbox 1832 1075 1985 1126; x_wconf 85' lang='lat' dir='ltr'>ambigi</span> 
     </span>
     <span class='ocr_line' id='line_1_16' title="bbox 276 1135 1985 1189; baseline -0.003 -11"><span class='ocrx_word' id='word_1_155' title='bbox 276 1139 465 1189; x_wconf 90' lang='lat' dir='ltr'>deinceps</span> <span class='ocrx_word' id='word_1_156' title='bbox 495 1153 579 1177; x_wconf 90' lang='lat' dir='ltr'>non</span> <span class='ocrx_word' id='word_1_157' title='bbox 607 1153 724 1189; x_wconf 90' lang='lat' dir='ltr'>posse</span> <span class='ocrx_word' id='word_1_158' title='bbox 754 1138 803 1176; x_wconf 92' lang='lat' dir='ltr'>de</span> <span class='ocrx_word' id='word_1_159' title='bbox 832 1137 968 1188; x_wconf 90' lang='lat' dir='ltr'>patria</span> <span class='ocrx_word' id='word_1_160' title='bbox 997 1136 1114 1176; x_wconf 92' lang='lat' dir='ltr'>istius</span> <span class='ocrx_word' id='word_1_161' title='bbox 1146 1136 1376 1175; x_wconf 85' lang='lat' dir='ltr'>cardinalis.</span> <span class='ocrx_word' id='word_1_162' title='bbox 1410 1136 1464 1174; x_wconf 93' lang='lat' dir='ltr'>Et</span> <span class='ocrx_word' id='word_1_163' title='bbox 1493 1144 1634 1174; x_wconf 92' lang='lat' dir='ltr'>tamen</span> <span class='ocrx_word' id='word_1_164' title='bbox 1663 1136 1722 1174; x_wconf 90' lang='lat' dir='ltr'>ita</span> <span class='ocrx_word' id='word_1_165' title='bbox 1751 1135 1985 1186; x_wconf 88' lang='lat' dir='ltr'>praevaluit</span> 
     </span>
     <span class='ocr_line' id='line_1_17' title="bbox 277 1195 1985 1249; baseline -0.002 -12"><span class='ocrx_word' id='word_1_166' title='bbox 277 1213 383 1237; x_wconf 90' lang='lat' dir='ltr'>nova</span> <span class='ocrx_word' id='word_1_167' title='bbox 412 1212 552 1237; x_wconf 90' lang='lat' dir='ltr'>eorum</span> <span class='ocrx_word' id='word_1_168' title='bbox 583 1197 718 1249; x_wconf 90' lang='lat' dir='ltr'>opinio</span> <span class='ocrx_word' id='word_1_169' title='bbox 748 1197 818 1247; x_wconf 93' lang='lat' dir='ltr'>qui</span> <span class='ocrx_word' id='word_1_170' title='bbox 845 1197 958 1235; x_wconf 91' lang='lat' dir='ltr'>illum</span> <span class='ocrx_word' id='word_1_171' title='bbox 987 1195 1197 1234; x_wconf 87' lang='lat' dir='ltr'>Britannis</span> <span class='ocrx_word' id='word_1_172' title='bbox 1226 1204 1443 1235; x_wconf 90' lang='lat' dir='ltr'>accensent</span> <span class='ocrx_word' id='word_1_173' title='bbox 1472 1204 1519 1234; x_wconf 93' lang='lat' dir='ltr'>ut</span> <span class='ocrx_word' id='word_1_174' title='bbox 1548 1210 1640 1234; x_wconf 89' lang='lat' dir='ltr'>cum</span> <span class='ocrx_word' id='word_1_175' title='bbox 1669 1195 1793 1234; x_wconf 89' lang='lat' dir='ltr'>etiam</span> <span class='ocrx_word' id='word_1_176' title='bbox 1822 1203 1985 1246; x_wconf 88' lang='lat' dir='ltr'>patrem</span> 
     </span>
     <span class='ocr_line' id='line_1_18' title="bbox 276 1255 1984 1308; baseline -0.003 -11"><span class='ocrx_word' id='word_1_177' title='bbox 276 1266 531 1308; x_wconf 87' lang='lat' dir='ltr'>matremque</span> <span class='ocrx_word' id='word_1_178' title='bbox 558 1257 645 1307; x_wconf 85' lang='lat' dir='ltr'>ejus</span> <span class='ocrx_word' id='word_1_179' title='bbox 672 1256 875 1295; x_wconf 88' lang='lat' dir='ltr'>invenisse</span> <span class='ocrx_word' id='word_1_180' title='bbox 901 1271 943 1294; x_wconf 88' lang='lat' dir='ltr'>se</span> <span class='ocrx_word' id='word_1_181' title='bbox 971 1255 1180 1295; x_wconf 63' lang='lat' dir='ltr'>dicant&#39;in</span> <span class='ocrx_word' id='word_1_182' title='bbox 1206 1255 1423 1294; x_wconf 90' lang='lat' dir='ltr'>nobilitate</span> <span class='ocrx_word' id='word_1_183' title='bbox 1449 1255 1704 1303; x_wconf 81' lang='lat' dir='ltr'>Britannica,</span> <span class='ocrx_word' id='word_1_184' title='bbox 1733 1255 1784 1293; x_wconf 93' lang='lat' dir='ltr'>ob</span> <span class='ocrx_word' id='word_1_185' title='bbox 1811 1268 1984 1305; x_wconf 86' lang='lat' dir='ltr'>eamque</span> 
     </span>
     <span class='ocr_line' id='line_1_19' title="bbox 276 1314 1985 1367; baseline -0.003 -11"><span class='ocrx_word' id='word_1_186' title='bbox 276 1318 475 1356; x_wconf 88' lang='lat' dir='ltr'>rationem</span> <span class='ocrx_word' id='word_1_187' title='bbox 505 1317 689 1357; x_wconf 87' lang='lat' dir='ltr'>omnium</span> <span class='ocrx_word' id='word_1_188' title='bbox 716 1316 786 1367; x_wconf 88' lang='lat' dir='ltr'>qui</span> <span class='ocrx_word' id='word_1_189' title='bbox 811 1324 955 1367; x_wconf 89' lang='lat' dir='ltr'>postea</span> <span class='ocrx_word' id='word_1_190' title='bbox 983 1314 1253 1355; x_wconf 85' lang='lat' dir='ltr'>cardinalium</span> <span class='ocrx_word' id='word_1_191' title='bbox 1279 1314 1492 1353; x_wconf 89' lang='lat' dir='ltr'>historiam</span> <span class='ocrx_word' id='word_1_192' title='bbox 1521 1315 1714 1365; x_wconf 86' lang='lat' dir='ltr'>scripsere</span> <span class='ocrx_word' id='word_1_193' title='bbox 1742 1327 1985 1353; x_wconf 89' lang='lat' dir='ltr'>consensum</span> 
     </span>
     <span class='ocr_line' id='line_1_20' title="bbox 276 1373 1983 1425; baseline -0.003 -9"><span class='ocrx_word' id='word_1_194' title='bbox 276 1377 535 1424; x_wconf 86' lang='lat' dir='ltr'>extorserint,</span> <span class='ocrx_word' id='word_1_195' title='bbox 571 1384 711 1415; x_wconf 87' lang='lat' dir='ltr'>nostra</span> <span class='ocrx_word' id='word_1_196' title='bbox 746 1375 795 1415; x_wconf 90' lang='lat' dir='ltr'>de</span> <span class='ocrx_word' id='word_1_197' title='bbox 830 1375 1017 1414; x_wconf 87' lang='lat' dir='ltr'>novitate</span> <span class='ocrx_word' id='word_1_198' title='bbox 1052 1374 1274 1425; x_wconf 88' lang='lat' dir='ltr'>periclitari</span> <span class='ocrx_word' id='word_1_199' title='bbox 1308 1374 1512 1422; x_wconf 89' lang='lat' dir='ltr'>videatur,</span> <span class='ocrx_word' id='word_1_200' title='bbox 1549 1373 1738 1424; x_wconf 87' lang='lat' dir='ltr'>quamvis</span> <span class='ocrx_word' id='word_1_201' title='bbox 1772 1373 1830 1412; x_wconf 88' lang='lat' dir='ltr'>illi</span> <span class='ocrx_word' id='word_1_202' title='bbox 1863 1373 1983 1412; x_wconf 90' lang='lat' dir='ltr'>nullis</span> 
     </span>
     <span class='ocr_line' id='line_1_21' title="bbox 278 1433 1535 1485; baseline -0.003 -10"><span class='ocrx_word' id='word_1_203' title='bbox 278 1445 461 1476; x_wconf 88' lang='lat' dir='ltr'>veterum</span> <span class='ocrx_word' id='word_1_204' title='bbox 488 1435 735 1476; x_wconf 89' lang='lat' dir='ltr'>testimoniis</span> <span class='ocrx_word' id='word_1_205' title='bbox 762 1449 854 1474; x_wconf 87' lang='lat' dir='ltr'>eam</span> <span class='ocrx_word' id='word_1_206' title='bbox 880 1434 1158 1485; x_wconf 82' lang='lat' dir='ltr'>genealogiam</span> <span class='ocrx_word' id='word_1_207' title='bbox 1185 1433 1535 1474; x_wconf 86' lang='lat' dir='ltr'>confirmaverint.</span> 
     </span>
    </p>

    <p class='ocr_par' dir='ltr' id='par_1_3' title="bbox 274 1491 1983 2555">
     <span class='ocr_line' id='line_1_22' title="bbox 329 1491 1974 1547; baseline -0.002 -13"><span class='ocrx_word' id='word_1_208' title='bbox 329 1496 425 1534; x_wconf 89' lang='lat' dir='ltr'>Fuit</span> <span class='ocrx_word' id='word_1_209' title='bbox 443 1496 507 1534; x_wconf 88' lang='lat' dir='ltr'>ille</span> <span class='ocrx_word' id='word_1_210' title='bbox 527 1495 659 1547; x_wconf 89' lang='lat' dir='ltr'>primo</span> <span class='ocrx_word' id='word_1_211' title='bbox 680 1503 836 1542; x_wconf 87' lang='lat' dir='ltr'>cantor,</span> <span class='ocrx_word' id='word_1_212' title='bbox 858 1495 1049 1541; x_wconf 88' lang='lat' dir='ltr'>decanus,</span> <span class='ocrx_word' id='word_1_213' title='bbox 1070 1502 1111 1532; x_wconf 88' lang='lat' dir='ltr'>et</span> <span class='ocrx_word' id='word_1_214' title='bbox 1131 1493 1442 1532; x_wconf 88' lang='lat' dir='ltr'>archidiaconus</span> <span class='ocrx_word' id='word_1_215' title='bbox 1465 1493 1667 1532; x_wconf 85' lang='lat' dir='ltr'>Ecclesiae</span> <span class='ocrx_word' id='word_1_216' title='bbox 1688 1491 1974 1531; x_wconf 89' lang='lat' dir='ltr'>Nannetensis.</span> 
     </span>
     <span class='ocr_line' id='line_1_23' title="bbox 277 1551 1983 1606; baseline -0.002 -12"><span class='ocrx_word' id='word_1_217' title='bbox 277 1556 459 1606; x_wconf 89' lang='lat' dir='ltr'>Cumque</span> <span class='ocrx_word' id='word_1_218' title='bbox 484 1555 663 1594; x_wconf 87' lang='lat' dir='ltr'>Ecclesia</span> <span class='ocrx_word' id='word_1_219' title='bbox 685 1554 753 1592; x_wconf 88' lang='lat' dir='ltr'>illa</span> <span class='ocrx_word' id='word_1_220' title='bbox 776 1562 964 1593; x_wconf 84' lang='lat' dir='ltr'>vacasset</span> <span class='ocrx_word' id='word_1_221' title='bbox 986 1568 1094 1591; x_wconf 91' lang='lat' dir='ltr'>anno</span> <span class='ocrx_word' id='word_1_222' title='bbox 1118 1552 1365 1602; x_wconf 89' lang='lat' dir='ltr'>MCCCLIV,</span> <span class='ocrx_word' id='word_1_223' title='bbox 1390 1553 1511 1603; x_wconf 89' lang='lat' dir='ltr'>Hugo</span> <span class='ocrx_word' id='word_1_224' title='bbox 1533 1552 1585 1590; x_wconf 89' lang='lat' dir='ltr'>ad</span> <span class='ocrx_word' id='word_1_225' title='bbox 1609 1552 1853 1602; x_wconf 87' lang='lat' dir='ltr'>dignitatem</span> <span class='ocrx_word' id='word_1_226' title='bbox 1881 1551 1983 1602; x_wconf 89' lang='lat' dir='ltr'>epis-</span> 
     </span>
     <span class='ocr_line' id='line_1_24' title="bbox 277 1611 1982 1666; baseline -0.003 -13"><span class='ocrx_word' id='word_1_227' title='bbox 277 1615 367 1666; x_wconf 89' lang='lat' dir='ltr'>copi</span> <span class='ocrx_word' id='word_1_228' title='bbox 384 1623 557 1653; x_wconf 87' lang='lat' dir='ltr'>vocatus</span> <span class='ocrx_word' id='word_1_229' title='bbox 575 1623 637 1653; x_wconf 86' lang='lat' dir='ltr'>est</span> <span class='ocrx_word' id='word_1_230' title='bbox 654 1613 855 1663; x_wconf 80' lang='lat' dir='ltr'>suffragiis</span> <span class='ocrx_word' id='word_1_231' title='bbox 875 1613 1177 1653; x_wconf 87' lang='lat' dir='ltr'>canonicorum.</span> <span class='ocrx_word' id='word_1_232' title='bbox 1198 1612 1350 1651; x_wconf 88' lang='lat' dir='ltr'>Verum</span> <span class='ocrx_word' id='word_1_233' title='bbox 1366 1612 1463 1652; x_wconf 88' lang='lat' dir='ltr'>illud</span> <span class='ocrx_word' id='word_1_234' title='bbox 1485 1612 1636 1650; x_wconf 86' lang='lat' dir='ltr'>frustra</span> <span class='ocrx_word' id='word_1_235' title='bbox 1655 1611 1747 1650; x_wconf 84' lang='lat' dir='ltr'>fuit.</span> <span class='ocrx_word' id='word_1_236' title='bbox 1768 1611 1876 1649; x_wconf 87' lang='lat' dir='ltr'>Nam</span> <span class='ocrx_word' id='word_1_237' title='bbox 1892 1619 1982 1649; x_wconf 90' lang='lat' dir='ltr'>tum</span> 
     </span>
     <span class='ocr_line' id='line_1_25' title="bbox 276 1668 1982 1723; baseline -0.003 -10"><span class='ocrx_word' id='word_1_238' title='bbox 276 1674 491 1714; x_wconf 88' lang='lat' dir='ltr'>electiones</span> <span class='ocrx_word' id='word_1_239' title='bbox 525 1688 608 1712; x_wconf 92' lang='lat' dir='ltr'>non</span> <span class='ocrx_word' id='word_1_240' title='bbox 640 1682 758 1712; x_wconf 86' lang='lat' dir='ltr'>erant</span> <span class='ocrx_word' id='word_1_241' title='bbox 790 1673 832 1711; x_wconf 91' lang='lat' dir='ltr'>in</span> <span class='ocrx_word' id='word_1_242' title='bbox 864 1688 953 1721; x_wconf 87' lang='lat' dir='ltr'>usu,</span> <span class='ocrx_word' id='word_1_243' title='bbox 987 1668 1321 1723; x_wconf 69' lang='lat' dir='ltr'>praevalentibus</span> <span class='ocrx_word' id='word_1_244' title='bbox 1355 1671 1702 1710; x_wconf 88' lang='lat' dir='ltr'>reservationibus</span> <span class='ocrx_word' id='word_1_245' title='bbox 1735 1670 1982 1722; x_wconf 87' lang='lat' dir='ltr'>pontificum</span> 
     </span>
     <span class='ocr_line' id='line_1_26' title="bbox 278 1730 1981 1783; baseline -0.002 -11"><span class='ocrx_word' id='word_1_246' title='bbox 278 1735 571 1773; x_wconf 83' lang='lat' dir='ltr'>Romanorum.</span> <span class='ocrx_word' id='word_1_247' title='bbox 601 1733 745 1783; x_wconf 88' lang='lat' dir='ltr'>Itaque</span> <span class='ocrx_word' id='word_1_248' title='bbox 771 1732 976 1771; x_wconf 86' lang='lat' dir='ltr'>Robertus</span> <span class='ocrx_word' id='word_1_249' title='bbox 1008 1732 1222 1782; x_wconf 85' lang='lat' dir='ltr'>episcopus</span> <span class='ocrx_word' id='word_1_250' title='bbox 1247 1731 1500 1770; x_wconf 88' lang='lat' dir='ltr'>Trecorensis</span> <span class='ocrx_word' id='word_1_251' title='bbox 1536 1730 1670 1769; x_wconf 90' lang='lat' dir='ltr'>evasit</span> <span class='ocrx_word' id='word_1_252' title='bbox 1694 1730 1981 1769; x_wconf 81' lang='lat' dir='ltr'>Nannetensis.</span> 
     </span>
     <span class='ocr_line' id='line_1_27' title="bbox 278 1789 1981 1843; baseline -0.002 -12"><span class='ocrx_word' id='word_1_253' title='bbox 278 1793 335 1832; x_wconf 91' lang='lat' dir='ltr'>Ne</span> <span class='ocrx_word' id='word_1_254' title='bbox 365 1802 506 1831; x_wconf 88' lang='lat' dir='ltr'>tamen</span> <span class='ocrx_word' id='word_1_255' title='bbox 538 1793 658 1843; x_wconf 91' lang='lat' dir='ltr'>Hugo</span> <span class='ocrx_word' id='word_1_256' title='bbox 687 1800 899 1843; x_wconf 88' lang='lat' dir='ltr'>pateretur</span> <span class='ocrx_word' id='word_1_257' title='bbox 928 1792 1131 1841; x_wconf 88' lang='lat' dir='ltr'>integram</span> <span class='ocrx_word' id='word_1_258' title='bbox 1160 1791 1380 1841; x_wconf 87' lang='lat' dir='ltr'>repulsam,</span> <span class='ocrx_word' id='word_1_259' title='bbox 1411 1791 1447 1829; x_wconf 90' lang='lat' dir='ltr'>ei</span> <span class='ocrx_word' id='word_1_260' title='bbox 1477 1791 1598 1829; x_wconf 88' lang='lat' dir='ltr'>datus</span> <span class='ocrx_word' id='word_1_261' title='bbox 1630 1798 1691 1829; x_wconf 90' lang='lat' dir='ltr'>est</span> <span class='ocrx_word' id='word_1_262' title='bbox 1720 1789 1981 1841; x_wconf 84' lang='lat' dir='ltr'>episcopatus</span> 
     </span>
     <span class='ocr_line' id='line_1_28' title="bbox 276 1848 1982 1902; baseline -0.002 -11"><span class='ocrx_word' id='word_1_263' title='bbox 276 1852 542 1891; x_wconf 88' lang='lat' dir='ltr'>Trecorensis.</span> <span class='ocrx_word' id='word_1_264' title='bbox 575 1851 759 1902; x_wconf 87' lang='lat' dir='ltr'>Denique</span> <span class='ocrx_word' id='word_1_265' title='bbox 787 1866 896 1889; x_wconf 89' lang='lat' dir='ltr'>anno</span> <span class='ocrx_word' id='word_1_266' title='bbox 926 1850 1164 1889; x_wconf 92' lang='lat' dir='ltr'>MCCCLIX</span> <span class='ocrx_word' id='word_1_267' title='bbox 1191 1850 1417 1889; x_wconf 90' lang='lat' dir='ltr'>translatus</span> <span class='ocrx_word' id='word_1_268' title='bbox 1446 1858 1508 1889; x_wconf 91' lang='lat' dir='ltr'>est</span> <span class='ocrx_word' id='word_1_269' title='bbox 1535 1850 1588 1887; x_wconf 91' lang='lat' dir='ltr'>ad</span> <span class='ocrx_word' id='word_1_270' title='bbox 1619 1849 1843 1888; x_wconf 88' lang='lat' dir='ltr'>Ecclesiam</span> <span class='ocrx_word' id='word_1_271' title='bbox 1869 1848 1982 1887; x_wconf 89' lang='lat' dir='ltr'>Brio-</span> 
     </span>
     <span class='ocr_line' id='line_1_29' title="bbox 277 1908 1982 1962; baseline -0.003 -11"><span class='ocrx_word' id='word_1_272' title='bbox 277 1926 449 1951; x_wconf 87' lang='lat' dir='ltr'>censem.</span> <span class='ocrx_word' id='word_1_273' title='bbox 491 1913 573 1950; x_wconf 86' lang='lat' dir='ltr'>Ista</span> <span class='ocrx_word' id='word_1_274' title='bbox 610 1911 666 1950; x_wconf 88' lang='lat' dir='ltr'>sic</span> <span class='ocrx_word' id='word_1_275' title='bbox 702 1911 916 1962; x_wconf 87' lang='lat' dir='ltr'>descripsit</span> <span class='ocrx_word' id='word_1_276' title='bbox 951 1919 1096 1949; x_wconf 86' lang='lat' dir='ltr'>auctor</span> <span class='ocrx_word' id='word_1_277' title='bbox 1131 1910 1318 1948; x_wconf 83' lang='lat' dir='ltr'>Chronici</span> <span class='ocrx_word' id='word_1_278' title='bbox 1354 1909 1580 1947; x_wconf 85' lang='lat' dir='ltr'>Briocensis</span> <span class='ocrx_word' id='word_1_279' title='bbox 1618 1925 1625 1947; x_wconf 93' lang='lat'>:</span> <span class='ocrx_word' id='word_1_280' title='bbox 1662 1909 1783 1947; x_wconf 85' lang='lat' dir='ltr'>Anno</span> <span class='ocrx_word' id='word_1_281' title='bbox 1815 1908 1982 1946; x_wconf 79' lang='lat' dir='ltr'>Domini</span> 
     </span>
     <span class='ocr_line' id='line_1_30' title="bbox 276 1967 1982 2020; baseline -0.002 -11"><span class='ocrx_word' id='word_1_282' title='bbox 276 1971 606 2019; x_wconf 86' lang='lat' dir='ltr'><em>MCCCLXXV,</em></span> <span class='ocrx_word' id='word_1_283' title='bbox 634 1971 677 2008; x_wconf 85' lang='lat' dir='ltr'>in</span> <span class='ocrx_word' id='word_1_284' title='bbox 694 1970 836 2020; x_wconf 81' lang='lat' dir='ltr'>vigilia</span> <span class='ocrx_word' id='word_1_285' title='bbox 857 1970 955 2008; x_wconf 79' lang='lat' dir='ltr'>beati</span> <span class='ocrx_word' id='word_1_286' title='bbox 980 1970 1124 2008; x_wconf 82' lang='lat' dir='ltr'>Thome</span> <span class='ocrx_word' id='word_1_287' title='bbox 1147 1970 1328 2019; x_wconf 80' lang='lat' dir='ltr'>apostoli,</span> <span class='ocrx_word' id='word_1_288' title='bbox 1354 1969 1702 2007; x_wconf 80' lang='lat' dir='ltr'>reverendissimas</span> <span class='ocrx_word' id='word_1_289' title='bbox 1725 1976 1836 2019; x_wconf 81' lang='lat' dir='ltr'>pater</span> <span class='ocrx_word' id='word_1_290' title='bbox 1860 1967 1982 2006; x_wconf 85' lang='lat' dir='ltr'>domi-</span> 
     </span>
     <span class='ocr_line' id='line_1_31' title="bbox 276 2027 1981 2080; baseline -0.003 -11"><span class='ocrx_word' id='word_1_291' title='bbox 276 2046 351 2069; x_wconf 80' lang='lat' dir='ltr'>nus</span> <span class='ocrx_word' id='word_1_292' title='bbox 371 2031 492 2080; x_wconf 80' lang='lat' dir='ltr'>Hago</span> <span class='ocrx_word' id='word_1_293' title='bbox 521 2031 565 2068; x_wconf 86' lang='lat' dir='ltr'>de</span> <span class='ocrx_word' id='word_1_294' title='bbox 586 2030 815 2077; x_wconf 81' lang='lat' dir='ltr'>Montelais,</span> <span class='ocrx_word' id='word_1_295' title='bbox 838 2029 1002 2067; x_wconf 85' lang='lat' dir='ltr'>diocesis</span> <span class='ocrx_word' id='word_1_296' title='bbox 1032 2029 1302 2067; x_wconf 83' lang='lat' dir='ltr'>Nannetensis</span> <span class='ocrx_word' id='word_1_297' title='bbox 1329 2029 1536 2076; x_wconf 79' lang='lat' dir='ltr'>oriundas,</span> <span class='ocrx_word' id='word_1_298' title='bbox 1567 2028 1777 2078; x_wconf 81' lang='lat' dir='ltr'>episcopus</span> <span class='ocrx_word' id='word_1_299' title='bbox 1797 2027 1981 2065; x_wconf 79' lang='lat' dir='ltr'>Briocen-</span> 
     </span>
     <span class='ocr_line' id='line_1_32' title="bbox 274 2086 1983 2139; baseline -0.002 -11"><span class='ocrx_word' id='word_1_300' title='bbox 274 2091 343 2137; x_wconf 86' lang='lat' dir='ltr'>sis,</span> <span class='ocrx_word' id='word_1_301' title='bbox 368 2090 447 2138; x_wconf 79' lang='lat' dir='ltr'>suit</span> <span class='ocrx_word' id='word_1_302' title='bbox 478 2090 717 2128; x_wconf 79' lang='lat' dir='ltr'>sublimatas</span> <span class='ocrx_word' id='word_1_303' title='bbox 749 2090 801 2127; x_wconf 82' lang='lat' dir='ltr'>ad</span> <span class='ocrx_word' id='word_1_304' title='bbox 833 2089 1103 2127; x_wconf 73' lang='lat' dir='ltr'>cardinalatus</span> <span class='ocrx_word' id='word_1_305' title='bbox 1137 2089 1381 2137; x_wconf 78' lang='lat' dir='ltr'>dignitatem,</span> <span class='ocrx_word' id='word_1_306' title='bbox 1411 2097 1445 2126; x_wconf 81' lang='lat' dir='ltr'>et</span> <span class='ocrx_word' id='word_1_307' title='bbox 1475 2088 1555 2137; x_wconf 73' lang='lat' dir='ltr'>fait</span> <span class='ocrx_word' id='word_1_308' title='bbox 1588 2095 1757 2135; x_wconf 82' lang='lat' dir='ltr'>vocatas,</span> <span class='ocrx_word' id='word_1_309' title='bbox 1792 2086 1983 2139; x_wconf 77' lang='lat' dir='ltr'>quamdiu</span> 
     </span>
     <span class='ocr_line' id='line_1_33' title="bbox 276 2147 1980 2198; baseline -0.002 -11"><span class='ocrx_word' id='word_1_310' title='bbox 276 2150 396 2188; x_wconf 81' lang='lat' dir='ltr'>vitam</span> <span class='ocrx_word' id='word_1_311' title='bbox 420 2149 544 2197; x_wconf 63' lang='lat' dir='ltr'>duait,</span> <span class='ocrx_word' id='word_1_312' title='bbox 571 2149 787 2187; x_wconf 78' lang='lat' dir='ltr'>cardinalis</span> <span class='ocrx_word' id='word_1_313' title='bbox 811 2148 1032 2187; x_wconf 77' lang='lat' dir='ltr'>Brithanie.</span> <span class='ocrx_word' id='word_1_314' title='bbox 1056 2149 1206 2198; x_wconf 78' lang='lat' dir='ltr'>Isteqae</span> <span class='ocrx_word' id='word_1_315' title='bbox 1231 2148 1449 2186; x_wconf 81' lang='lat' dir='ltr'>cardinalis</span> <span class='ocrx_word' id='word_1_316' title='bbox 1468 2148 1598 2197; x_wconf 71' lang='lat' dir='ltr'>fuerat</span> <span class='ocrx_word' id='word_1_317' title='bbox 1612 2147 1810 2197; x_wconf 76' lang='lat' dir='ltr'>quondam</span> <span class='ocrx_word' id='word_1_318' title='bbox 1834 2154 1980 2193; x_wconf 81' lang='lat' dir='ltr'>cantor,</span> 
     </span>
     <span class='ocr_line' id='line_1_34' title="bbox 275 2204 1982 2257; baseline -0.003 -10"><span class='ocrx_word' id='word_1_319' title='bbox 275 2210 457 2257; x_wconf 74' lang='lat' dir='ltr'>decanus,</span> <span class='ocrx_word' id='word_1_320' title='bbox 486 2217 520 2247; x_wconf 83' lang='lat' dir='ltr'>et</span> <span class='ocrx_word' id='word_1_321' title='bbox 545 2208 847 2246; x_wconf 77' lang='lat' dir='ltr'>archidiaconiis</span> <span class='ocrx_word' id='word_1_322' title='bbox 868 2208 1002 2246; x_wconf 74' lang='lat' dir='ltr'>Medic</span> <span class='ocrx_word' id='word_1_323' title='bbox 1023 2208 1194 2246; x_wconf 84' lang='lat' dir='ltr'>Ecclesie</span> <span class='ocrx_word' id='word_1_324' title='bbox 1216 2206 1487 2245; x_wconf 80' lang='lat' dir='ltr'>Nannetensis</span> <span class='ocrx_word' id='word_1_325' title='bbox 1507 2206 1733 2254; x_wconf 70' lang='lat' dir='ltr'>successive,</span> <span class='ocrx_word' id='word_1_326' title='bbox 1754 2214 1789 2243; x_wconf 82' lang='lat' dir='ltr'>et</span> <span class='ocrx_word' id='word_1_327' title='bbox 1811 2204 1982 2243; x_wconf 70' lang='lat' dir='ltr'>Ecclesia</span> 
     </span>
     <span class='ocr_line' id='line_1_35' title="bbox 276 2265 1983 2318; baseline -0.003 -12"><span class='ocrx_word' id='word_1_328' title='bbox 276 2268 523 2306; x_wconf 81' lang='lat' dir='ltr'>Nannetensi</span> <span class='ocrx_word' id='word_1_329' title='bbox 545 2283 614 2318; x_wconf 84' lang='lat' dir='ltr'>per</span> <span class='ocrx_word' id='word_1_330' title='bbox 635 2268 785 2306; x_wconf 77' lang='lat' dir='ltr'>obitam</span> <span class='ocrx_word' id='word_1_331' title='bbox 810 2268 904 2305; x_wconf 83' lang='lat' dir='ltr'>bone</span> <span class='ocrx_word' id='word_1_332' title='bbox 922 2267 1104 2305; x_wconf 79' lang='lat' dir='ltr'>memorie</span> <span class='ocrx_word' id='word_1_333' title='bbox 1121 2266 1285 2304; x_wconf 82' lang='lat' dir='ltr'>Oliverii</span> <span class='ocrx_word' id='word_1_334' title='bbox 1302 2266 1489 2305; x_wconf 82' lang='lat' dir='ltr'>Saladini</span> <span class='ocrx_word' id='word_1_335' title='bbox 1508 2265 1685 2316; x_wconf 73' lang='lat' dir='ltr'>episcopi</span> <span class='ocrx_word' id='word_1_336' title='bbox 1705 2265 1983 2315; x_wconf 77' lang='lat' dir='ltr'>presalamqae</span> 
     </span>
     <span class='ocr_line' id='line_1_36' title="bbox 275 2323 1982 2377; baseline -0.002 -12"><span class='ocrx_word' id='word_1_337' title='bbox 275 2328 392 2366; x_wconf 77' lang='lat' dir='ltr'>totius</span> <span class='ocrx_word' id='word_1_338' title='bbox 413 2324 519 2365; x_wconf 67' lang='lat' dir='ltr'>orbis</span> <span class='ocrx_word' id='word_1_339' title='bbox 540 2336 708 2377; x_wconf 81' lang='lat' dir='ltr'>tempore</span> <span class='ocrx_word' id='word_1_340' title='bbox 729 2342 802 2377; x_wconf 80' lang='lat' dir='ltr'>qao</span> <span class='ocrx_word' id='word_1_341' title='bbox 825 2327 975 2365; x_wconf 80' lang='lat' dir='ltr'>vivebat</span> <span class='ocrx_word' id='word_1_342' title='bbox 996 2326 1107 2377; x_wconf 83' lang='lat' dir='ltr'>floris</span> <span class='ocrx_word' id='word_1_343' title='bbox 1128 2334 1300 2373; x_wconf 85' lang='lat' dir='ltr'>vacante,</span> <span class='ocrx_word' id='word_1_344' title='bbox 1325 2326 1369 2363; x_wconf 86' lang='lat' dir='ltr'>in</span> <span class='ocrx_word' id='word_1_345' title='bbox 1389 2325 1619 2376; x_wconf 82' lang='lat' dir='ltr'>episcopam</span> <span class='ocrx_word' id='word_1_346' title='bbox 1640 2325 1791 2362; x_wconf 59' lang='lat' dir='ltr'>electa&amp;</span> <span class='ocrx_word' id='word_1_347' title='bbox 1816 2324 1867 2362; x_wconf 82' lang='lat' dir='ltr'>Et</span> <span class='ocrx_word' id='word_1_348' title='bbox 1888 2323 1982 2374; x_wconf 81' lang='lat' dir='ltr'>quia</span> 
     </span>
     <span class='ocr_line' id='line_1_37' title="bbox 275 2383 1983 2437; baseline -0.003 -12"><span class='ocrx_word' id='word_1_349' title='bbox 275 2388 319 2425; x_wconf 80' lang='lat' dir='ltr'>de</span> <span class='ocrx_word' id='word_1_350' title='bbox 356 2387 586 2437; x_wconf 83' lang='lat' dir='ltr'>episcopata</span> <span class='ocrx_word' id='word_1_351' title='bbox 625 2386 873 2424; x_wconf 80' lang='lat' dir='ltr'>Nannetensi</span> <span class='ocrx_word' id='word_1_352' title='bbox 911 2386 991 2435; x_wconf 73' lang='lat' dir='ltr'>fait</span> <span class='ocrx_word' id='word_1_353' title='bbox 1027 2385 1231 2436; x_wconf 81' lang='lat' dir='ltr'>provisam</span> <span class='ocrx_word' id='word_1_354' title='bbox 1270 2385 1428 2423; x_wconf 82' lang='lat' dir='ltr'>domino</span> <span class='ocrx_word' id='word_1_355' title='bbox 1466 2384 1631 2422; x_wconf 78' lang='lat' dir='ltr'>Roberto</span> <span class='ocrx_word' id='word_1_356' title='bbox 1669 2392 1762 2422; x_wconf 79' lang='lat' dir='ltr'>tanc</span> <span class='ocrx_word' id='word_1_357' title='bbox 1799 2383 1983 2433; x_wconf 83' lang='lat' dir='ltr'>episcopo</span> 
     </span>
     <span class='ocr_line' id='line_1_38' title="bbox 279 2441 1981 2495; baseline -0.003 -11"><span class='ocrx_word' id='word_1_358' title='bbox 279 2447 517 2494; x_wconf 84' lang='lat' dir='ltr'>Trecorensi,</span> <span class='ocrx_word' id='word_1_359' title='bbox 547 2446 626 2495; x_wconf 75' lang='lat' dir='ltr'>fait</span> <span class='ocrx_word' id='word_1_360' title='bbox 655 2446 755 2484; x_wconf 84' lang='lat' dir='ltr'>dicto</span> <span class='ocrx_word' id='word_1_361' title='bbox 786 2446 943 2483; x_wconf 74' lang='lat' dir='ltr'>domino</span> <span class='ocrx_word' id='word_1_362' title='bbox 974 2445 1141 2494; x_wconf 75' lang='lat' dir='ltr'>Hagoni</span> <span class='ocrx_word' id='word_1_363' title='bbox 1171 2444 1375 2495; x_wconf 80' lang='lat' dir='ltr'>provisam</span> <span class='ocrx_word' id='word_1_364' title='bbox 1405 2445 1449 2481; x_wconf 85' lang='lat' dir='ltr'>de</span> <span class='ocrx_word' id='word_1_365' title='bbox 1478 2443 1708 2494; x_wconf 79' lang='lat' dir='ltr'>episcopata</span> <span class='ocrx_word' id='word_1_366' title='bbox 1742 2441 1981 2488; x_wconf 84' lang='lat' dir='ltr'>Trecorensi,</span> 
     </span>
     <span class='ocr_line' id='line_1_39' title="bbox 275 2504 1051 2555; baseline 0 -12"><span class='ocrx_word' id='word_1_367' title='bbox 275 2515 308 2544; x_wconf 78' lang='lat' dir='ltr'>et</span> <span class='ocrx_word' id='word_1_368' title='bbox 328 2506 466 2543; x_wconf 84' lang='lat' dir='ltr'>deinde</span> <span class='ocrx_word' id='word_1_369' title='bbox 486 2506 530 2543; x_wconf 86' lang='lat' dir='ltr'>de</span> <span class='ocrx_word' id='word_1_370' title='bbox 550 2505 780 2555; x_wconf 80' lang='lat' dir='ltr'>episcopata</span> <span class='ocrx_word' id='word_1_371' title='bbox 800 2505 1005 2542; x_wconf 80' lang='lat' dir='ltr'>Briocensi</span> <span class='ocrx_word' id='word_1_372' title='bbox 1023 2504 1051 2543; x_wconf 75' lang='lat'>1.</span> 
     </span>
    </p>

    <p class='ocr_par' dir='ltr' id='par_1_4' title="bbox 276 2560 1984 2792">
     <span class='ocr_line' id='line_1_40' title="bbox 332 2560 1981 2612; baseline -0.004 -9"><span class='ocrx_word' id='word_1_373' title='bbox 332 2565 499 2603; x_wconf 88' lang='lat' dir='ltr'>Interim</span> <span class='ocrx_word' id='word_1_374' title='bbox 532 2573 674 2603; x_wconf 89' lang='lat' dir='ltr'>tamen</span> <span class='ocrx_word' id='word_1_375' title='bbox 706 2566 900 2612; x_wconf 84' lang='lat' dir='ltr'>Joannes,</span> <span class='ocrx_word' id='word_1_376' title='bbox 934 2564 1018 2601; x_wconf 89' lang='lat' dir='ltr'>dux</span> <span class='ocrx_word' id='word_1_377' title='bbox 1048 2563 1301 2610; x_wconf 81' lang='lat' dir='ltr'>Britanniae,</span> <span class='ocrx_word' id='word_1_378' title='bbox 1336 2562 1551 2612; x_wconf 90' lang='lat' dir='ltr'>Hugonem</span> <span class='ocrx_word' id='word_1_379' title='bbox 1586 2561 1749 2600; x_wconf 90' lang='lat' dir='ltr'>ornavit</span> <span class='ocrx_word' id='word_1_380' title='bbox 1780 2560 1981 2610; x_wconf 89' lang='lat' dir='ltr'>dignitate</span> 
     </span>
     <span class='ocr_line' id='line_1_41' title="bbox 277 2619 1981 2674; baseline -0.004 -12"><span class='ocrx_word' id='word_1_381' title='bbox 277 2624 504 2663; x_wconf 87' lang='lat' dir='ltr'>cancellarii</span> <span class='ocrx_word' id='word_1_382' title='bbox 522 2623 774 2672; x_wconf 85' lang='lat' dir='ltr'>Britanniae,</span> <span class='ocrx_word' id='word_1_383' title='bbox 795 2637 918 2674; x_wconf 88' lang='lat' dir='ltr'>quam</span> <span class='ocrx_word' id='word_1_384' title='bbox 938 2623 1052 2662; x_wconf 87' lang='lat' dir='ltr'>illum</span> <span class='ocrx_word' id='word_1_385' title='bbox 1071 2622 1261 2660; x_wconf 89' lang='lat' dir='ltr'>habuisse</span> <span class='ocrx_word' id='word_1_386' title='bbox 1280 2637 1351 2672; x_wconf 90' lang='lat' dir='ltr'>per</span> <span class='ocrx_word' id='word_1_387' title='bbox 1369 2635 1496 2660; x_wconf 92' lang='lat' dir='ltr'>annos</span> <span class='ocrx_word' id='word_1_388' title='bbox 1516 2620 1730 2659; x_wconf 88' lang='lat' dir='ltr'>millesimo</span> <span class='ocrx_word' id='word_1_389' title='bbox 1748 2619 1981 2659; x_wconf 69' lang='lat' dir='ltr'>CCCLXV!</span> 
     </span>
     <span class='ocr_line' id='line_1_42' title="bbox 276 2678 1984 2733; baseline -0.004 -12"><span class='ocrx_word' id='word_1_390' title='bbox 276 2692 317 2722; x_wconf 84' lang='lat' dir='ltr'>et</span> <span class='ocrx_word' id='word_1_391' title='bbox 357 2683 498 2721; x_wconf 89' lang='lat' dir='ltr'>LXIX</span> <span class='ocrx_word' id='word_1_392' title='bbox 536 2683 716 2733; x_wconf 89' lang='lat' dir='ltr'>probant</span> <span class='ocrx_word' id='word_1_393' title='bbox 755 2691 894 2721; x_wconf 87' lang='lat' dir='ltr'>vetera</span> <span class='ocrx_word' id='word_1_394' title='bbox 935 2690 1203 2720; x_wconf 89' lang='lat' dir='ltr'>monumenta</span> <span class='ocrx_word' id='word_1_395' title='bbox 1236 2681 1346 2719; x_wconf 92' lang='lat' dir='ltr'>edita</span> <span class='ocrx_word' id='word_1_396' title='bbox 1375 2680 1482 2719; x_wconf 88' lang='lat' dir='ltr'>inter</span> <span class='ocrx_word' id='word_1_397' title='bbox 1510 2679 1767 2718; x_wconf 78' lang='lat' dir='ltr'>Probationes</span> <span class='ocrx_word' id='word_1_398' title='bbox 1798 2678 1984 2716; x_wconf 79' lang='lat' dir='ltr'>historiae</span> 
     </span>
     <span class='ocr_line' id='line_1_43' title="bbox 278 2740 1224 2792; baseline -0.002 -12"><span class='ocrx_word' id='word_1_399' title='bbox 278 2743 485 2780; x_wconf 81' lang='lat' dir='ltr'>Bertrandi</span> <span class='ocrx_word' id='word_1_400' title='bbox 512 2742 726 2789; x_wconf 80' lang='lat' dir='ltr'>Guesclini,</span> <span class='ocrx_word' id='word_1_401' title='bbox 747 2757 785 2792; x_wconf 92' lang='lat' dir='ltr'>p.</span> <span class='ocrx_word' id='word_1_402' title='bbox 807 2742 896 2789; x_wconf 85' lang='lat'>440,</span> <span class='ocrx_word' id='word_1_403' title='bbox 917 2742 1006 2788; x_wconf 85' lang='lat'>442,</span> <span class='ocrx_word' id='word_1_404' title='bbox 1027 2741 1115 2789; x_wconf 83' lang='lat'>443,</span> <span class='ocrx_word' id='word_1_405' title='bbox 1136 2740 1224 2778; x_wconf 84' lang='lat'>445.</span> 
     </span>
    </p>

    <p class='ocr_par' dir='ltr' id='par_1_5' title="bbox 276 2796 1979 2909">
     <span class='ocr_line' id='line_1_44' title="bbox 334 2796 1979 2851; baseline -0.002 -13"><span class='ocrx_word' id='word_1_406' title='bbox 334 2802 514 2851; x_wconf 86' lang='lat' dir='ltr'>Denique</span> <span class='ocrx_word' id='word_1_407' title='bbox 541 2815 649 2839; x_wconf 92' lang='lat' dir='ltr'>anno</span> <span class='ocrx_word' id='word_1_408' title='bbox 672 2801 968 2840; x_wconf 91' lang='lat' dir='ltr'>MCCCLXXV</span> <span class='ocrx_word' id='word_1_409' title='bbox 991 2801 1123 2839; x_wconf 79' lang='lat' dir='ltr'>factus</span> <span class='ocrx_word' id='word_1_410' title='bbox 1147 2808 1208 2838; x_wconf 87' lang='lat' dir='ltr'>est</span> <span class='ocrx_word' id='word_1_411' title='bbox 1232 2799 1447 2850; x_wconf 82' lang='lat' dir='ltr'>presbyter</span> <span class='ocrx_word' id='word_1_412' title='bbox 1483 2797 1699 2837; x_wconf 88' lang='lat' dir='ltr'>cardinalis</span> <span class='ocrx_word' id='word_1_413' title='bbox 1721 2796 1834 2835; x_wconf 89' lang='lat' dir='ltr'>tituli</span> <span class='ocrx_word' id='word_1_414' title='bbox 1858 2796 1979 2834; x_wconf 87' lang='lat' dir='ltr'>Sanc-</span> 
     </span>
     <span class='ocr_line' id='line_1_45' title="bbox 276 2856 1978 2909; baseline -0.003 -11"><span class='ocrx_word' id='word_1_415' title='bbox 276 2869 410 2898; x_wconf 88' lang='lat' dir='ltr'>torum</span> <span class='ocrx_word' id='word_1_416' title='bbox 438 2861 622 2909; x_wconf 86' lang='lat' dir='ltr'>Quatuor</span> <span class='ocrx_word' id='word_1_417' title='bbox 645 2861 956 2907; x_wconf 86' lang='lat' dir='ltr'>Coronatorum,</span> <span class='ocrx_word' id='word_1_418' title='bbox 981 2859 1114 2898; x_wconf 90' lang='lat' dir='ltr'>dictus</span> <span class='ocrx_word' id='word_1_419' title='bbox 1138 2859 1261 2908; x_wconf 87' lang='lat' dir='ltr'>vulgo</span> <span class='ocrx_word' id='word_1_420' title='bbox 1285 2857 1501 2897; x_wconf 84' lang='lat' dir='ltr'>cardinalis</span> <span class='ocrx_word' id='word_1_421' title='bbox 1524 2856 1776 2904; x_wconf 74' lang='lat' dir='ltr'>Britanniae,</span> <span class='ocrx_word' id='word_1_422' title='bbox 1800 2864 1848 2893; x_wconf 91' lang='lat' dir='ltr'>ut</span> <span class='ocrx_word' id='word_1_423' title='bbox 1870 2863 1978 2894; x_wconf 88' lang='lat' dir='ltr'>recte</span> 
     </span>
    </p>
   </div>
   <div class='ocr_carea' id='block_1_3' title="bbox 274 2991 1975 3146">
    <p class='ocr_par' dir='ltr' id='par_1_6' title="bbox 274 2991 1975 3146">
     <span class='ocr_line' id='line_1_46' title="bbox 323 2991 1975 3040; baseline -0.002 -13"><span class='ocrx_word' id='word_1_424' title='bbox 323 2996 354 3028; x_wconf 61' lang='lat' dir='ltr'>i.</span> <span class='ocrx_word' id='word_1_425' title='bbox 381 2996 586 3035; x_wconf 82' lang='lat' dir='ltr'>Lobineau,</span> <span class='ocrx_word' id='word_1_426' title='bbox 612 3008 668 3040; x_wconf 85' lang='lat' dir='ltr'>op.</span> <span class='ocrx_word' id='word_1_427' title='bbox 695 2997 765 3036; x_wconf 55' lang='lat' dir='ltr'>cil„</span> <span class='ocrx_word' id='word_1_428' title='bbox 791 3008 825 3040; x_wconf 92' lang='lat' dir='ltr'>p.</span> <span class='ocrx_word' id='word_1_429' title='bbox 852 2997 932 3029; x_wconf 84' lang='lat'>838.</span> <span class='ocrx_word' id='word_1_430' title='bbox 957 3015 1006 3018; x_wconf 72' lang='lat'>—</span> <span class='ocrx_word' id='word_1_431' title='bbox 1030 2995 1183 3038; x_wconf 85' lang='lat' dir='ltr'>Hugues</span> <span class='ocrx_word' id='word_1_432' title='bbox 1209 2995 1252 3027; x_wconf 93' lang='lat' dir='ltr'>de</span> <span class='ocrx_word' id='word_1_433' title='bbox 1277 2993 1480 3027; x_wconf 88' lang='lat' dir='ltr'>Montalais</span> <span class='ocrx_word' id='word_1_434' title='bbox 1505 2993 1565 3026; x_wconf 77' lang='lat' dir='ltr'>fut</span> <span class='ocrx_word' id='word_1_435' title='bbox 1588 2993 1739 3025; x_wconf 79' lang='lat' dir='ltr'>nomme</span> <span class='ocrx_word' id='word_1_436' title='bbox 1763 2992 1906 3034; x_wconf 75' lang='lat' dir='ltr'>eveque</span> <span class='ocrx_word' id='word_1_437' title='bbox 1930 2991 1975 3023; x_wconf 89' lang='lat' dir='ltr'>de</span> 
     </span>
     <span class='ocr_line' id='line_1_47' title="bbox 274 3044 1972 3092; baseline -0.002 -13"><span class='ocrx_word' id='word_1_438' title='bbox 274 3049 449 3088; x_wconf 65' lang='lat' dir='ltr'>&#39;l&#39;rcguicr</span> <span class='ocrx_word' id='word_1_439' title='bbox 475 3049 506 3080; x_wconf 86' lang='grc'><strong>16</strong></span> <span class='ocrx_word' id='word_1_440' title='bbox 535 3050 580 3081; x_wconf 75' lang='lat'>19</span> <span class='ocrx_word' id='word_1_441' title='bbox 608 3050 813 3082; x_wconf 84' lang='lat' dir='ltr'>novembre</span> <span class='ocrx_word' id='word_1_442' title='bbox 842 3050 947 3088; x_wconf 81' lang='lat'>1354,</span> <span class='ocrx_word' id='word_1_443' title='bbox 977 3048 1059 3092; x_wconf 91' lang='lat' dir='ltr'>puis</span> <span class='ocrx_word' id='word_1_444' title='bbox 1088 3049 1132 3081; x_wconf 88' lang='lat' dir='ltr'>de</span> <span class='ocrx_word' id='word_1_445' title='bbox 1160 3046 1422 3081; x_wconf 86' lang='lat' dir='ltr'>Saint-Brieuc</span> <span class='ocrx_word' id='word_1_446' title='bbox 1448 3047 1480 3079; x_wconf 91' lang='grc'><strong>16</strong></span> <span class='ocrx_word' id='word_1_447' title='bbox 1510 3047 1549 3078; x_wconf 83' lang='lat'>21</span> <span class='ocrx_word' id='word_1_448' title='bbox 1581 3046 1673 3079; x_wconf 75' lang='lat' dir='ltr'>aofit</span> <span class='ocrx_word' id='word_1_449' title='bbox 1700 3045 1794 3078; x_wconf 82' lang='lat'><strong>1357</strong></span> <span class='ocrx_word' id='word_1_450' title='bbox 1826 3044 1972 3087; x_wconf 79' lang='lat' dir='ltr'>(Eubel,</span> 
     </span>
     <span class='ocr_line' id='line_1_48' title="bbox 276 3102 919 3146; baseline 0.006 -14"><span class='ocrx_word' id='word_1_451' title='bbox 276 3102 503 3141; x_wconf 77' lang='lat' dir='ltr'>Hierarchia,</span> <span class='ocrx_word' id='word_1_452' title='bbox 526 3108 551 3135; x_wconf 81' lang='lat' dir='ltr'>t.</span> <span class='ocrx_word' id='word_1_453' title='bbox 573 3114 595 3142; x_wconf 85' lang='lat'>1,</span> <span class='ocrx_word' id='word_1_454' title='bbox 618 3114 651 3146; x_wconf 89' lang='lat' dir='ltr'>p.</span> <span class='ocrx_word' id='word_1_455' title='bbox 675 3103 744 3136; x_wconf 81' lang='lat'>146</span> <span class='ocrx_word' id='word_1_456' title='bbox 764 3109 802 3135; x_wconf 85' lang='lat' dir='ltr'>et</span> <span class='ocrx_word' id='word_1_457' title='bbox 821 3102 919 3146; x_wconf 78' lang='lat'>494).</span> 
     </span>
    </p>
   </div>
  </div>
 </body>
</html>
