2083 3458
64 206 173 263 [866]
588 224 804 250 PAPARUM
840 224 1224 251 AVENIONENSIUM
1667 211 1751 254 375

50 316 358 358 procuratorem
399 307 588 358 promisit
629 323 669 346 se
712 310 942 346 soluturum
985 323 1168 348 camerae
1210 310 1458 360 apostolicae
1501 319 1541 348 et
1583 312 1749 361 collegio

51 366 311 405 dominorum
341 366 610 404 cardinalium
639 375 793 404 certam
821 368 1018 417 pecuniae
1048 383 1252 407 summam
1281 383 1353 418 pro
1384 369 1502 406 bullis
1533 370 1748 420 archiepis-

51 434 223 476 copatus
250 433 291 463 et
319 430 601 475 quaecumque
628 426 794 463 servitia
823 435 1017 465 consueta
1045 442 1117 477 pro
1145 427 1413 465 familiaribus
1441 436 1482 466 et
1510 428 1750 468 officialibus

50 483 205 522 domini
231 498 362 534 papae
389 492 430 522 et
456 484 736 522 cardinalium.
1625 499 1630 503 ·

103 543 222 581 Α11110
241 542 534 581 MCCCXXIII
550 557 572 580 a
590 543 748 581 Joanne
763 543 891 581 XXII
904 545 1048 582 missus
1065 553 1126 582 est
1140 544 1154 566 1
1170 544 1211 582 in
1227 545 1402 582 Galliam
1417 560 1496 583 una
1514 547 1747 585 cumfratre

53 601 266 640 Dominico
282 602 484 639 Tolosano
500 601 651 639 ordinis
669 602 1018 649 praedicatorum,
1037 603 1105 653 qui
1120 611 1263 653 postea
1283 603 1362 641 fuit
1382 604 1594 655 episcopus
1612 606 1747 655 Appa-

50 660 239 708 miarum,
266 669 314 698 ut
339 661 422 710 regi
452 661 603 698 Karolo
635 661 689 697 IV
716 661 907 699 suaderet
934 662 1085 700 bellum
1112 676 1291 708 sacrum3
1319 663 1509 710 Bzovius,
1537 678 1601 702 an.
1633 665 1747 711 1323,

56 719 72 768 ἓ
99 719 165 766 18;
192 719 352 773 Odoric.
381 719 600 768 Raynald„
625 734 690 757 an.
717 720 821 765 eod„
853 720 868 767 ξ
896 720 955 758 10.
983 721 1120 759 Fuisse
1145 729 1285 759 autem
1309 736 1402 759 eum
1427 722 1560 759 adhuc
1586 723 1749 761 Parisiis

50 792 158 816 anno
191 778 410 828 sequenti2
444 778 507 816 die
538 778 645 827 jovis
679 786 774 816 ante
808 793 941 817 sacros
976 779 1126 817 cineres
1160 788 1277 829 patet
1309 795 1359 818 ex
1389 781 1515 818 literis
1550 782 1748 831 Stephani

49 837 228 887 episcopi
258 837 493 875 Parisiensis
521 837 641 875 editis
670 837 710 875 in
739 845 852 875 tomo
882 846 1030 886 quarto
1058 839 1261 876 Historiae
1294 839 1573 877 Universitatis
1602 841 1750 889 Paris„

51 911 89 946 p.
112 896 200 934 205.

103 955 222 992 Anno
246 955 507 993 MCCCXXV
530 955 581 992 ab
604 955 748 993 eodem
781 954 977 1004 pontifice
1008 955 1153 993 missus
1185 964 1246 993 est
1276 971 1438 995 rursum
1468 957 1509 994 in
1540 958 1715 996 Galliam
1733 958 1769 996 ³³.

50 1028 143 1053 cum
174 1014 346 1063 Hugon'e
374 1014 565 1064 episcopo
593 1013 845 1051 Arausicano
874 1014 926 1050 ad
955 1014 1288 1052 constituendam
1316 1027 1459 1064 pacem
1486 1016 1593 1054 inter
1620 1017 1748 1055 Karo-

47 1073 135 1110 lum
161 1073 214 1110 IV
237 1081 278 1110 et
301 1073 543 1111 Eduardum
569 1073 622 1119 ΙΙ,
645 1087 755 1121 reges
780 1073 975 1110 Franciae
998 1081 1038 1110 et
1061 1073 1248 1122 Angliae3
1273 1073 1471 1112 Odoricus
1494 1075 1748 1124 Raynaldus,

50 1146 115 1170 an.
147 1131 261 1179 1325,
296 1131 312 1180 ξ
342 1131 402 1170 12.
434 1131 600 1169 Erravit
628 1139 768 1169 autem
797 1131 1000 1169 Antonius
1030 1132 1213 1170 Muldrac
1248 1132 1288 1169 in
1326 1132 1519 1170 Chronico
1554 1134 1748 1173 abbatiae

50 1190 333 1241 Longipontis,
355 1205 394 1240 p.
418 1190 508 1238 328,
531 1190 601 1228 ubi
623 1190 861 1240 episcopum
884 1190 1218 1230 Aurelianensem
1235 1191 1390 1228 socium
1414 1192 1617 1230 Guillelmi
1640 1193 1681 1230 in
1702 1208 1748 1231 ea

49 1249 251 1299 legatione
268 1249 368 1288 facit
379 1264 451 1299 pro
468 1249 732 1287 Arausicano.
751 1249 986 1287 Constituta
1003 1264 1098 1287 sane
1115 1250 1193 1287 fuit
1208 1264 1303 1299 pem,
1320 1250 1390 1287 sed
1405 1265 1551 1300 parum
1567 1252 1745 1290 duravit.

51 1309 197 1358 Itaque
217 1323 325 1346 anno
345 1308 533 1358 sequenti
552 1308 740 1358 pontifex
759 1308 903 1346 iisdem
923 1308 1077 1345 nuntiis
1098 1309 1314 1346 mandavit
1334 1317 1380 1346 ut
1399 1324 1534 1358 regem
1556 1311 1750 1349 Franciae

49 1375 263 1406 monerent
287 1382 336 1405 ne
361 1368 556 1405 adversus
583 1367 761 1417 Anglum
783 1375 969 1405 uteretur
992 1367 1121 1416 rigore
1144 1367 1258 1416 juris,
1282 1368 1351 1405 sed
1374 1368 1510 1418 potius
1532 1384 1571 1407 se
1592 1369 1632 1407 in
1656 1384 1749 1407 eum

48 1427 263 1477 praeberet
298 1426 542 1476 gratiosum3
579 1426 702 1464 Odor.
742 1426 961 1475 Raynald.‚
997 1440 1062 1464 an.
1101 1426 1214 1473 1326,
1257 1427 1272 1474 ξ·
1314 1427 1372 1464 11.
1419 1427 1748 1478 NValsinghamus

48 1485 100 1523 ad
122 1499 277 1523 annum
299 1485 561 1523 MCCCXXV
584 1484 629 1534 [t.
652 1500 678 1532 1,
701 1500 739 1535 p.
765 1485 862 1535 175]
889 1501 895 1522 :
919 1486 996 1522 Per
1018 1485 1119 1522 idem
1140 1493 1293 1534 tempas
1314 1486 1498 1523 dominas
1519 1501 1628 1536 papa
1659 1487 1749 1537 paci

48 1558 257 1593 regnorum
285 1544 460 1593 Angliae
488 1552 522 1581 et
550 1544 747 1581 Franciae
776 1544 1023 1594 prospiciens
1053 1544 1394 1594 arehiepiscopum
1428 1545 1689 1583 Viennensem
1718 1555 1752 1583 et

48 1604 278 1653 episcopam
305 1603 590 1641 Aaraicensem
617 1604 669 1640 acl
697 1603 899 1653 utriusque
925 1603 1037 1652 regni
1064 1603 1268 1653 principes
1295 1603 1516 1651 destinavit,
1546 1605 1612 1654 qai
1639 1605 1751 1655 pacis

49 1662 199 1700 monita
225 1663 362 1700 darent
389 1662 573 1712 utrisque.
604 1662 682 1711 Qui
709 1677 798 1699 cam
826 1662 929 1699 nihil
954 1662 1221 1712 profecissent,
1249 1662 1350 1711 facto
1379 1663 1421 1700 in
1444 1663 1539 1700 clero
1575 1662 1750 1713 tallagio,

48 1721 223 1759 videlieet
242 1721 287 1759 de
306 1721 481 1770 singulis
502 1721 645 1759 marcis
665 1721 901 1770 accipientes
921 1722 1177 1771 quadrantem
1198 1735 1268 1770 pro
1287 1721 1373 1758 sais
1393 1722 1589 1771 expensis,
1613 1723 1753 1771 injecto

49 1780 201 1829 negotio
222 1788 315 1817 sant
337 1780 491 1821 reversi.
516 1780 594 1818 Sed
617 1795 711 1819 cum
733 1779 847 1818 brevi
869 1788 1012 1830 postea
1037 1780 1238 1818 discordia
1260 1780 1368 1818 inter
1389 1781 1553 1819 eosdem
1575 1795 1686 1831 reges
1710 1782 1749 1819 in

48 1839 295 1878 immensum
318 1839 565 1877 excrevisset
589 1839 799 1877 occasione
816 1839 982 1877 divortii
1001 1839 1108 1877 inter
1132 1839 1348 1878 Isabellam
1369 1840 1550 1889 reginam
1567 1840 1750 1890 Angliae‚

47 1912 227 1937 sororem
251 1898 405 1945 Kal-oli,
429 1907 470 1936 et
501 1898 743 1935 Eduardum
765 1897 852 1947 ejus
884 1898 1093 1945 maritum,
1116 1898 1304 1948 pontifex
1326 1898 1506 1936 adducta
1529 1913 1569 1937 re
1591 1900 1632 1936 in
1655 1899 1750 1937 deli—

47 2033 94 2055 en
115 2022 220 2062 1321,
246 2022 466 2055 travaillant
488 2022 510 2054 a
532 2022 702 2055 conclure
726 2023 761 2055 la
784 2022 872 2066 paix
895 2028 998 2055 entre
1022 2022 1056 2055 la
1079 2022 1213 2055 Savoie
1236 2028 1274 2055 et
1296 2022 1327 2054 le
1353 2022 1552 2065 Dauphine
1580 2023 1745 2065 (Coulon,

48 2086 84 2108 n.
110 2075 231 2119 1318).

97 2127 128 2162 1.
161 2127 372 2161 Guillaume
403 2129 446 2161 de
476 2128 638 2161 Laudun
666 2135 704 2161 et
734 2128 960 2172 Dominique
991 2128 1119 2161 Grima
1148 2134 1321 2170 reeurent
1349 2140 1400 2160 un
1429 2128 1687 2162 saus-conduit
1715 2130 1747 2162 le

49 2181 68 2214 7
83 2181 159 2214 mai
173 2182 266 2215 1323
284 2180 451 2224 (Coulon,
467 2193 502 2214 n.
519 2182 640 2225 1667).
660 2182 707 2214 Ils
722 2182 909 2215 semblent
923 2181 1028 2214 avoir
1042 2183 1100 2214 ete
1115 2181 1135 2213 a
1149 2182 1184 2214 la
1199 2181 1297 2214 curie
1312 2181 1343 2214 le
1360 2181 1402 2214 23
1418 2187 1455 2213 et
1469 2181 1500 2213 le
1517 2182 1560 2214 25
1579 2182 1744 2224 (Coulon,

48 2245 83 2267 n.
106 2235 200 2268 1679
222 2240 260 2267 et
281 2234 403 2278 1682),
427 2234 520 2267 mais
550 2235 684 2268 l'avoir
705 2234 849 2278 quittee
871 2235 903 2267 le
935 2235 979 2268 26
1005 2234 1171 2277 (Coulon,
1203 2246 1238 2266 n.
1272 2234 1393 2277 1715).
1420 2234 1520 2267 Nous
1543 2236 1746 2277 possedons

48 2286 145 2320 leurs
167 2287 412 2321 instructions
439 2287 605 2331 (Coulon,
629 2299 663 2321 11.
688 2288 793 2328 1710,
817 2288 922 2327 1711,
948 2287 1052 2331 1715)
1079 2293 1116 2320 et
1138 2299 1274 2320 savons
1298 2287 1406 2330 qu'ils
1429 2287 1631 2320 reussirent
1653 2288 1673 2319 a
1694 2288 1745 2320 les

51 2341 204 2384 remplir
227 2340 394 2384 (Coulon,
416 2352 451 2374 11.
474 2341 709 2385 1760-1762).
732 2341 781 2374 Le
803 2341 855 2373 1ΘΓ
874 2341 966 2374 aout
985 2341 1078 2373 1323
1099 2340 1196 2373 Jean
1217 2339 1335 2372 XXII
1357 2340 1514 2382 charge-a
1536 2339 1745 2373 Guillaume

49 2394 93 2426 de
120 2394 397 2427 s’entremettre
425 2405 471 2427 en
498 2394 631 2427 faveur
658 2394 701 2427 de
729 2394 898 2437 l'eveque
928 2394 971 2426 de
1001 2393 1149 2427 Geneve
1178 2399 1305 2426 contre
1334 2393 1384 2425 les
1422 2393 1511 2425 duos
1541 2393 1584 2425 de
1613 2393 1745 2426 Savoie

60 2446 226 2491 (Coulon,
254 2458 289 2479 11.
317 2447 422 2487 1765,
451 2447 544 2480 1766
571 2453 608 2480 et
636 2447 680 2480 U.
709 2446 914 2486 Chevalier,
942 2439 1059 2479 Etude
1083 2446 1278 2488 historique
1302 2456 1366 2478 sur
1391 2446 1426 2478 la
1450 2446 1682 2479 constitution
1707 2447 1748 2479 de

54 2493 208 2543 l’E'glise
230 2500 516 2544 metropolitaine
537 2505 568 2533 et
588 2500 797 2543 primatiale
819 2500 860 2533 de
886 2499 1035 2539 Vienne,
1060 2498 1213 2538 Vienne,
1238 2499 1342 2537 1922,
1368 2504 1394 2531 t.
1417 2509 1454 2537 11,
1479 2509 1514 2541 p.
1540 2498 1675 2542 24-25).
1699 2518 1746 2522 -

51 2553 100 2587 Le
125 2554 145 2586 9
171 2553 323 2586 octobre
347 2553 452 2592 1323,
471 2552 698 2596 Dominique
717 2559 755 2586 et
773 2552 984 2586 Guillaume
1000 2551 1212 2585 recevaient
1227 2563 1278 2583 un
1296 2562 1470 2584 nouveau
1487 2551 1745 2584 saus-conduit

55 2607 222 2651 (Coulon,
245 2617 280 2639 11.
305 2606 426 2650 1808).
454 2606 501 2639 Ils
524 2606 673 2639 etaient*
690 2607 841 2649 charges
866 2606 909 2638 de
933 2605 1065 2638 traiter
1085 2605 1121 2637 la
1143 2603 1318 2647 question
1340 2604 1384 2636 de
1407 2604 1441 2636 la
1464 2603 1629 2637 croisade
1652 2604 1746 2647 (voir

50 2661 146 2693 leurs
173 2658 418 2692 instructions
448 2659 539 2692 dans
569 2659 721 2698 Coulon,
751 2671 786 2692 n.
816 2658 1050 2701 1842-1858).
1081 2657 1202 2690 Partis
1231 2668 1312 2690 vers
1340 2657 1371 2689 10
1400 2656 1492 2689 mois
1521 2657 1564 2689 de
1593 2668 1745 2690 novem-

51 2713 115 2746 bre
138 2713 243 2752 1323,
266 2711 309 2744 ils
333 2712 476 2745 etaient
497 2712 689 2745 sfirement
712 2713 755 2745 de
778 2717 905 2744 retour
927 2722 973 2744 en
995 2710 1070 2742 mai
1093 2710 1197 2749 1324,
1223 2709 1379 2752 puisque
1404 2709 1614 2742 Guillaume
1637 2716 1701 2743 eut
1724 2711 1745 2742 a

52 2766 244 2809 s'occuper
265 2765 296 2797 le
321 2766 364 2798 25
388 2764 574 2798 d'affaires
596 2764 797 2808 litigieuses
820 2776 866 2797 en
889 2763 1088 2807 Dauphine
1114 2762 1279 2805 (Coulon,
1303 2774 1337 2794 11.
1363 2761 1482 2805 2073).

101 2820 131 2852 2.
157 2817 204 2851 Ce
227 2817 286 2850 fut
308 2818 339 2850 10
363 2818 408 2849 14
430 2817 565 2850 sevrier
587 2818 679 2851 1325
707 2818 753 2861 (11.
779 2817 860 2861 st.);
886 2816 1030 2850 Denisse
1054 2822 1092 2848 et
1115 2815 1321 2854 Chatelain,
1347 2814 1631 2855 Chartulariam,
1656 2822 1682 2848 t.
1705 2827 1743 2855 11,

52 2883 86 2905 n.
112 2872 192 2905 838.
215 2890 264 2893 -—
285 2870 355 2903 Sur
378 2869 600 2910 Guillaume‚
626 2870 706 2903 voir
729 2871 882 2909 Ibidem,
906 2881 940 2912 p.
966 2870 1045 2902 766.

101 2925 133 2957 3.
167 2923 235 2956 Les
267 2924 365 2956 deux
396 2935 532 2956 nonces
564 2923 706 2957 etaient
737 2923 824 2956 alles
857 2922 1014 2955 d’abord
1045 2933 1089 2953 en
1120 2921 1337 2963 Angleterre
1373 2919 1538 2963 (Coulon,
1570 2932 1604 2953 n.
1640 2921 1743 2961 2188,

52 2977 275 3016 2192-2202;
293 2976 410 3009 bulles
428 2977 477 3008 du
494 2976 539 3008 24
554 2982 592 3009 et
608 2977 657 3008 du
673 2977 719 3009 30
735 2976 826 3008 aout
842 2974 962 3018 1324).
982 2974 1039 3007 011
1056 2980 1232 3006 trouvera
1248 2974 1340 3006 dans
1356 2972 1743 3014 Albanes-Chevalier,

57 3029 197 3074 (Gallia
222 3029 423 3062 christiana
449 3029 658 3068 novissima,
688 3035 714 3061 t.
744 3040 792 3068 VI,
822 3028 889 3061 col.
919 3027 1088 3069 111—1‘14)
1118 3025 1406 3060 l'enumeration
1434 3026 1495 3058 des
1524 3026 1745 3060 documents

52 3088 281 3117 concernant
299 3082 378 3115 leur
396 3081 566 3121 mission;
583 3081 664 3114 voir
682 3081 780 3114 aussi
800 3080 941 3120 Mollat,
963 3092 997 3112 11.
1020 3079 1147 3113 20349.
