<?xml version="1.0" encoding="UTF-8"?>
<!DOCTYPE html PUBLIC "-//W3C//DTD XHTML 1.0 Transitional//EN"
    "http://www.w3.org/TR/xhtml1/DTD/xhtml1-transitional.dtd">
<html xmlns="http://www.w3.org/1999/xhtml" xml:lang="en" lang="en">
 <head>
  <title>
</title>
<meta http-equiv="Content-Type" content="text/html;charset=utf-8" />
  <meta name='ocr-system' content='tesseract 3.04.00' />
  <meta name='ocr-capabilities' content='ocr_page ocr_carea ocr_par ocr_line ocrx_word'/>
</head>
<body>
  <div class='ocr_page' id='page_1' title='image "./vitaepaparumaven02balu_0743.png"; bbox 0 0 2083 3458; ppageno 0'>
   <div class='ocr_carea' id='block_1_1' title="bbox 139 200 1879 257">
    <p class='ocr_par' dir='ltr' id='par_1_1' title="bbox 139 200 1879 257">
     <span class='ocr_line' id='line_1_1' title="bbox 139 200 1879 257; baseline 0.001 -15"><span class='ocrx_word' id='word_1_1' title='bbox 139 200 280 257; x_wconf 69' lang='lat'>[1465]</span> <span class='ocrx_word' id='word_1_2' title='bbox 658 216 873 241; x_wconf 76' lang='lat' dir='ltr'>PAPARUM</span> <span class='ocrx_word' id='word_1_3' title='bbox 909 217 1292 242; x_wconf 83' lang='lat' dir='ltr'>AVENIONENSIUM</span> <span class='ocrx_word' id='word_1_4' title='bbox 1744 202 1824 243; x_wconf 83' lang='lat'><em>733</em></span> <span class='ocrx_word' id='word_1_5' title='bbox 1878 242 1879 245; x_wconf 74' lang='grc'>,</span> 
     </span>
    </p>
   </div>
   <div class='ocr_carea' id='block_1_2' title="bbox 118 301 1827 2717">
    <p class='ocr_par' dir='ltr' id='par_1_2' title="bbox 119 301 1827 1180">
     <span class='ocr_line' id='line_1_2' title="bbox 124 301 1824 352; baseline 0 -13"><span class='ocrx_word' id='word_1_6' title='bbox 124 302 225 339; x_wconf 67' lang='lat' dir='ltr'><em>discit</em></span> <span class='ocrx_word' id='word_1_7' title='bbox 240 316 280 338; x_wconf 89' lang='lat' dir='ltr'><em>se</em></span> <span class='ocrx_word' id='word_1_8' title='bbox 297 301 499 339; x_wconf 72' lang='lat' dir='ltr'><em>cizidivisse</em></span> <span class='ocrx_word' id='word_1_9' title='bbox 516 309 550 338; x_wconf 86' lang='lat' dir='ltr'><em>et</em></span> <span class='ocrx_word' id='word_1_10' title='bbox 567 309 621 338; x_wconf 87' lang='lat' dir='ltr'><em>est</em></span> <span class='ocrx_word' id='word_1_11' title='bbox 638 309 763 338; x_wconf 87' lang='lat' dir='ltr'><em>certus</em></span> <span class='ocrx_word' id='word_1_12' title='bbox 782 301 883 350; x_wconf 85' lang='lat' dir='ltr'><em>quod</em></span> <span class='ocrx_word' id='word_1_13' title='bbox 900 309 986 351; x_wconf 70' lang='lat' dir='ltr'><em>post</em></span> <span class='ocrx_word' id='word_1_14' title='bbox 1004 301 1148 338; x_wconf 84' lang='lat' dir='ltr'><em>dictam</em></span> <span class='ocrx_word' id='word_1_15' title='bbox 1166 302 1388 339; x_wconf 80' lang='lat' dir='ltr'><em>electionem</em></span> <span class='ocrx_word' id='word_1_16' title='bbox 1404 302 1538 340; x_wconf 88' lang='lat' dir='ltr'><em>statim</em></span> <span class='ocrx_word' id='word_1_17' title='bbox 1557 302 1618 339; x_wconf 86' lang='lat' dir='ltr'><em>die</em></span> <span class='ocrx_word' id='word_1_18' title='bbox 1635 302 1824 352; x_wconf 73' lang='lat' dir='ltr'><em>sequenti,</em></span> 
     </span>
     <span class='ocr_line' id='line_1_3' title="bbox 125 360 1824 410; baseline 0 -12"><span class='ocrx_word' id='word_1_19' title='bbox 125 360 245 398; x_wconf 85' lang='lat' dir='ltr'><em>nescit</em></span> <span class='ocrx_word' id='word_1_20' title='bbox 266 369 396 398; x_wconf 83' lang='lat' dir='ltr'><em>tamen</em></span> <span class='ocrx_word' id='word_1_21' title='bbox 417 360 453 396; x_wconf 86' lang='lat' dir='ltr'><em>si</em></span> <span class='ocrx_word' id='word_1_22' title='bbox 475 369 654 410; x_wconf 84' lang='lat' dir='ltr'><em>sequente</em></span> <span class='ocrx_word' id='word_1_23' title='bbox 669 361 726 397; x_wconf 68' lang='lat' dir='ltr'><em>vel</em></span> <span class='ocrx_word' id='word_1_24' title='bbox 748 360 873 406; x_wconf 79' lang='lat' dir='ltr'><em>tertia,</em></span> <span class='ocrx_word' id='word_1_25' title='bbox 890 360 1106 409; x_wconf 60' lang='lat' dir='ltr'><em>predicavit</em></span> <span class='ocrx_word' id='word_1_26' title='bbox 1124 361 1286 410; x_wconf 84' lang='lat' dir='ltr'><em>quidam</em></span> <span class='ocrx_word' id='word_1_27' title='bbox 1301 361 1422 409; x_wconf 72' lang='lat' dir='ltr'><em>frater</em></span> <span class='ocrx_word' id='word_1_28' title='bbox 1437 361 1577 398; x_wconf 34' lang='lat' dir='ltr'><em>*Minor</em></span> <span class='ocrx_word' id='word_1_29' title='bbox 1601 361 1643 398; x_wconf 90' lang='lat' dir='ltr'><em>in</em></span> <span class='ocrx_word' id='word_1_30' title='bbox 1665 361 1824 399; x_wconf 86' lang='lat' dir='ltr'><em>ecclesia</em></span> 
     </span>
     <span class='ocr_line' id='line_1_4' title="bbox 124 419 1825 469; baseline 0.001 -12"><span class='ocrx_word' id='word_1_31' title='bbox 124 420 265 458; x_wconf 78' lang='lat' dir='ltr'><em>Sancte</em></span> <span class='ocrx_word' id='word_1_32' title='bbox 283 419 417 457; x_wconf 60' lang='lat' dir='ltr'><em>AIarie</em></span> <span class='ocrx_word' id='word_1_33' title='bbox 435 420 478 456; x_wconf 88' lang='lat' dir='ltr'><em>de</em></span> <span class='ocrx_word' id='word_1_34' title='bbox 502 420 587 457; x_wconf 64' lang='lat' dir='ltr'><em>:lra</em></span> <span class='ocrx_word' id='word_1_35' title='bbox 604 419 689 466; x_wconf 79' lang='lat' dir='ltr'><em>celi,</em></span> <span class='ocrx_word' id='word_1_36' title='bbox 706 434 776 469; x_wconf 89' lang='lat' dir='ltr'><em>que</em></span> <span class='ocrx_word' id='word_1_37' title='bbox 793 427 848 456; x_wconf 85' lang='lat' dir='ltr'><em>est</em></span> <span class='ocrx_word' id='word_1_38' title='bbox 865 419 1148 456; x_wconf 86' lang='lat' dir='ltr'><em>monasterium</em></span> <span class='ocrx_word' id='word_1_39' title='bbox 1170 420 1393 461; x_wconf 61' lang='lat' dir='ltr'><em>lilinorum,</em></span> <span class='ocrx_word' id='word_1_40' title='bbox 1411 428 1444 457; x_wconf 90' lang='lat' dir='ltr'><em>et</em></span> <span class='ocrx_word' id='word_1_41' title='bbox 1463 420 1562 458; x_wconf 89' lang='lat' dir='ltr'><em>inter</em></span> <span class='ocrx_word' id='word_1_42' title='bbox 1578 429 1700 458; x_wconf 89' lang='lat' dir='ltr'><em>cetera</em></span> <span class='ocrx_word' id='word_1_43' title='bbox 1725 421 1825 458; x_wconf 64' lang='lat' dir='ltr'><em>dimit</em></span> 
     </span>
     <span class='ocr_line' id='line_1_5' title="bbox 124 478 1824 529; baseline 0 -13"><span class='ocrx_word' id='word_1_44' title='bbox 124 480 225 528; x_wconf 84' lang='lat' dir='ltr'><em>quod</em></span> <span class='ocrx_word' id='word_1_45' title='bbox 250 479 376 517; x_wconf 88' lang='lat' dir='ltr'><em>dictus</em></span> <span class='ocrx_word' id='word_1_46' title='bbox 402 493 512 528; x_wconf 86' lang='lat' dir='ltr'><em>papa</em></span> <span class='ocrx_word' id='word_1_47' title='bbox 543 479 733 516; x_wconf 73' lang='lat' dir='ltr'><em>Urbanus</em></span> <span class='ocrx_word' id='word_1_48' title='bbox 760 492 839 515; x_wconf 86' lang='lat' dir='ltr'><em>non</em></span> <span class='ocrx_word' id='word_1_49' title='bbox 865 486 946 516; x_wconf 87' lang='lat' dir='ltr'><em>erat</em></span> <span class='ocrx_word' id='word_1_50' title='bbox 970 493 1093 528; x_wconf 87' lang='lat' dir='ltr'><em>papa.</em></span> <span class='ocrx_word' id='word_1_51' title='bbox 1126 478 1309 528; x_wconf 88' lang='lat' dir='ltr'><em>Idipsum</em></span> <span class='ocrx_word' id='word_1_52' title='bbox 1335 478 1375 516; x_wconf 93' lang='lat' dir='ltr'><em>in</em></span> <span class='ocrx_word' id='word_1_53' title='bbox 1392 493 1464 517; x_wconf 88' lang='lat' dir='ltr'><em>sua</em></span> <span class='ocrx_word' id='word_1_54' title='bbox 1492 479 1747 529; x_wconf 80' lang='lat' dir='ltr'><em>depositione</em></span> <span class='ocrx_word' id='word_1_55' title='bbox 1775 494 1824 518; x_wconf 84' lang='lat' dir='ltr'><em>ex</em></span> 
     </span>
     <span class='ocr_line' id='line_1_6' title="bbox 123 537 1823 588; baseline 0.001 -13"><span class='ocrx_word' id='word_1_56' title='bbox 123 538 267 576; x_wconf 89' lang='lat' dir='ltr'><em>eadem</em></span> <span class='ocrx_word' id='word_1_57' title='bbox 291 537 449 575; x_wconf 83' lang='lat' dir='ltr'><em>Alfonsi</em></span> <span class='ocrx_word' id='word_1_58' title='bbox 483 538 681 575; x_wconf 81' lang='lat' dir='ltr'><em>relatione</em></span> <span class='ocrx_word' id='word_1_59' title='bbox 713 546 835 576; x_wconf 85' lang='lat' dir='ltr'><em>antea</em></span> <span class='ocrx_word' id='word_1_60' title='bbox 860 537 1021 575; x_wconf 81' lang='lat' dir='ltr'><em>dixerat</em></span> <span class='ocrx_word' id='word_1_61' title='bbox 1054 537 1179 575; x_wconf 83' lang='lat' dir='ltr'><em>frater</em></span> <span class='ocrx_word' id='word_1_62' title='bbox 1211 539 1355 575; x_wconf 85' lang='lat' dir='ltr'><em>Petrus</em></span> <span class='ocrx_word' id='word_1_63' title='bbox 1388 538 1435 576; x_wconf 87' lang='lat' dir='ltr'><em>de</em></span> <span class='ocrx_word' id='word_1_64' title='bbox 1460 538 1766 588; x_wconf 76' lang='lat' dir='ltr'><em>Guadalfayara</em></span> <span class='ocrx_word' id='word_1_65' title='bbox 1786 538 1823 576; x_wconf 83' lang='lat'><em>1:</em></span> 
     </span>
     <span class='ocr_line' id='line_1_7' title="bbox 127 596 1825 646; baseline 0 -12"><span class='ocrx_word' id='word_1_66' title='bbox 127 597 223 634; x_wconf 89' lang='lat' dir='ltr'><em>Item</em></span> <span class='ocrx_word' id='word_1_67' title='bbox 246 597 380 635; x_wconf 85' lang='lat' dir='ltr'><em>statim</em></span> <span class='ocrx_word' id='word_1_68' title='bbox 403 598 575 634; x_wconf 83' lang='lat' dir='ltr'><em>secunda</em></span> <span class='ocrx_word' id='word_1_69' title='bbox 600 597 657 634; x_wconf 66' lang='lat' dir='ltr'><em>vel</em></span> <span class='ocrx_word' id='word_1_70' title='bbox 681 597 792 634; x_wconf 84' lang='lat' dir='ltr'><em>tertia</em></span> <span class='ocrx_word' id='word_1_71' title='bbox 818 596 879 634; x_wconf 86' lang='lat' dir='ltr'><em>die</em></span> <span class='ocrx_word' id='word_1_72' title='bbox 903 605 991 646; x_wconf 91' lang='lat' dir='ltr'><em>post</em></span> <span class='ocrx_word' id='word_1_73' title='bbox 1014 596 1247 634; x_wconf 79' lang='lat' dir='ltr'><em>creationem</em></span> <span class='ocrx_word' id='word_1_74' title='bbox 1272 597 1365 634; x_wconf 85' lang='lat' dir='ltr'><em>dicti</em></span> <span class='ocrx_word' id='word_1_75' title='bbox 1397 597 1551 635; x_wconf 77' lang='lat' dir='ltr'><em>Urbani</em></span> <span class='ocrx_word' id='word_1_76' title='bbox 1578 612 1682 635; x_wconf 88' lang='lat' dir='ltr'><em>unus</em></span> <span class='ocrx_word' id='word_1_77' title='bbox 1704 598 1825 646; x_wconf 75' lang='lat' dir='ltr'><em>frater</em></span> 
     </span>
     <span class='ocr_line' id='line_1_8' title="bbox 121 655 1825 705; baseline 0.001 -12"><span class='ocrx_word' id='word_1_78' title='bbox 121 656 249 694; x_wconf 85' lang='lat' dir='ltr'><em>sancti</em></span> <span class='ocrx_word' id='word_1_79' title='bbox 278 656 485 693; x_wconf 66' lang='lat' dir='ltr'><em>Franci-sci</em></span> <span class='ocrx_word' id='word_1_80' title='bbox 514 656 730 704; x_wconf 67' lang='lat' dir='ltr'><em>predicavit</em></span> <span class='ocrx_word' id='word_1_81' title='bbox 758 656 877 693; x_wconf 84' lang='lat' dir='ltr'><em>Rome</em></span> <span class='ocrx_word' id='word_1_82' title='bbox 905 656 1062 705; x_wconf 89' lang='lat' dir='ltr'><em>publice</em></span> <span class='ocrx_word' id='word_1_83' title='bbox 1091 655 1132 692; x_wconf 90' lang='lat' dir='ltr'><em>in</em></span> <span class='ocrx_word' id='word_1_84' title='bbox 1159 670 1230 692; x_wconf 88' lang='lat' dir='ltr'><em>suo</em></span> <span class='ocrx_word' id='word_1_85' title='bbox 1258 656 1493 693; x_wconf 85' lang='lat' dir='ltr'><em>monasterio</em></span> <span class='ocrx_word' id='word_1_86' title='bbox 1521 665 1650 694; x_wconf 66' lang='lat' dir='ltr'><em>vocato</em></span> <span class='ocrx_word' id='word_1_87' title='bbox 1678 657 1825 694; x_wconf 84' lang='lat' dir='ltr'><em>Sancta</em></span> 
     </span>
     <span class='ocr_line' id='line_1_9' title="bbox 123 715 1823 764; baseline 0.001 -12"><span class='ocrx_word' id='word_1_88' title='bbox 123 715 263 753; x_wconf 66' lang='lat' dir='ltr'><em>[Uaria</em></span> <span class='ocrx_word' id='word_1_89' title='bbox 286 716 330 753; x_wconf 88' lang='lat' dir='ltr'><em>de</em></span> <span class='ocrx_word' id='word_1_90' title='bbox 352 716 437 752; x_wconf 72' lang='lat' dir='ltr'><em>Ara</em></span> <span class='ocrx_word' id='word_1_91' title='bbox 459 715 530 752; x_wconf 87' lang='lat' dir='ltr'><em>celi</em></span> <span class='ocrx_word' id='word_1_92' title='bbox 553 716 655 764; x_wconf 86' lang='lat' dir='ltr'><em>quod</em></span> <span class='ocrx_word' id='word_1_93' title='bbox 677 715 746 753; x_wconf 89' lang='lat' dir='ltr'><em>iste</em></span> <span class='ocrx_word' id='word_1_94' title='bbox 775 715 964 753; x_wconf 85' lang='lat' dir='ltr'><em>Urbanus</em></span> <span class='ocrx_word' id='word_1_95' title='bbox 987 729 1065 751; x_wconf 90' lang='lat' dir='ltr'><em>non</em></span> <span class='ocrx_word' id='word_1_96' title='bbox 1087 723 1168 752; x_wconf 85' lang='lat' dir='ltr'><em>erat</em></span> <span class='ocrx_word' id='word_1_97' title='bbox 1186 730 1307 764; x_wconf 87' lang='lat' dir='ltr'><em>papa.</em></span> <span class='ocrx_word' id='word_1_98' title='bbox 1329 716 1405 753; x_wconf 82' lang='lat' dir='ltr'><em>Sed</em></span> <span class='ocrx_word' id='word_1_99' title='bbox 1427 715 1490 753; x_wconf 89' lang='lat' dir='ltr'><em>ille</em></span> <span class='ocrx_word' id='word_1_100' title='bbox 1510 730 1590 753; x_wconf 89' lang='lat' dir='ltr'><em>non</em></span> <span class='ocrx_word' id='word_1_101' title='bbox 1615 715 1692 753; x_wconf 83' lang='lat' dir='ltr'><em>fuit</em></span> <span class='ocrx_word' id='word_1_102' title='bbox 1715 716 1823 754; x_wconf 84' lang='lat' dir='ltr'><em>solus</em></span> 
     </span>
     <span class='ocr_line' id='line_1_10' title="bbox 124 773 1823 825; baseline 0 -13"><span class='ocrx_word' id='word_1_103' title='bbox 124 773 193 824; x_wconf 84' lang='lat' dir='ltr'><em>qui</em></span> <span class='ocrx_word' id='word_1_104' title='bbox 222 774 281 812; x_wconf 88' lang='lat' dir='ltr'><em>ita</em></span> <span class='ocrx_word' id='word_1_105' title='bbox 311 774 581 825; x_wconf 76' lang='lat' dir='ltr'><em>praedicaret.</em></span> <span class='ocrx_word' id='word_1_106' title='bbox 617 774 782 813; x_wconf 85' lang='lat' dir='ltr'><em>Etenim</em></span> <span class='ocrx_word' id='word_1_107' title='bbox 812 774 939 811; x_wconf 82' lang='lat' dir='ltr'><em>frater</em></span> <span class='ocrx_word' id='word_1_108' title='bbox 971 774 1150 811; x_wconf 84' lang='lat' dir='ltr'><em>Joannes</em></span> <span class='ocrx_word' id='word_1_109' title='bbox 1186 774 1386 820; x_wconf 83' lang='lat' dir='ltr'><em>Roderici,</em></span> <span class='ocrx_word' id='word_1_110' title='bbox 1418 774 1631 825; x_wconf 82' lang='lat' dir='ltr'><em>episcopus</em></span> <span class='ocrx_word' id='word_1_111' title='bbox 1665 775 1823 824; x_wconf 90' lang='lat' dir='ltr'><em>Neopa-</em></span> 
     </span>
     <span class='ocr_line' id='line_1_11' title="bbox 123 832 1825 883; baseline 0.001 -13"><span class='ocrx_word' id='word_1_112' title='bbox 123 841 294 881; x_wconf 58' lang='lat' dir='ltr'><em>aarum,</em></span> <span class='ocrx_word' id='word_1_113' title='bbox 324 833 600 883; x_wconf 75' lang='lat' dir='ltr'><em>interrogatus</em></span> <span class='ocrx_word' id='word_1_114' title='bbox 631 849 752 883; x_wconf 88' lang='lat' dir='ltr'><em>super</em></span> <span class='ocrx_word' id='word_1_115' title='bbox 781 833 924 871; x_wconf 85' lang='lat' dir='ltr'><em>eodem</em></span> <span class='ocrx_word' id='word_1_116' title='bbox 953 832 1127 870; x_wconf 85' lang='lat' dir='ltr'><em>articulo</em></span> <span class='ocrx_word' id='word_1_117' title='bbox 1156 832 1206 870; x_wconf 77' lang='grc'><em>80</em></span> <span class='ocrx_word' id='word_1_118' title='bbox 1237 847 1350 871; x_wconf 86' lang='lat' dir='ltr'><em>casus</em></span> <span class='ocrx_word' id='word_1_119' title='bbox 1381 834 1548 871; x_wconf 84' lang='lat' dir='ltr'><em>secundi</em></span> <span class='ocrx_word' id='word_1_120' title='bbox 1577 833 1695 872; x_wconf 85' lang='lat' dir='ltr'><em>electi</em></span> <span class='ocrx_word' id='word_1_121' title='bbox 1725 834 1825 871; x_wconf 73' lang='lat' dir='ltr'><em>discit</em></span> 
     </span>
     <span class='ocr_line' id='line_1_12' title="bbox 120 892 1823 942; baseline -0.001 -13"><span class='ocrx_word' id='word_1_122' title='bbox 120 906 160 929; x_wconf 84' lang='lat' dir='ltr'><em>se</em></span> <span class='ocrx_word' id='word_1_123' title='bbox 179 892 195 916; x_wconf 85' lang='lat'>2</span> <span class='ocrx_word' id='word_1_124' title='bbox 214 893 417 931; x_wconf 70' lang='lat' dir='ltr'><em>audivisse</em></span> <span class='ocrx_word' id='word_1_125' title='bbox 446 893 566 930; x_wconf 80' lang='lat' dir='ltr'><em>Rome</em></span> <span class='ocrx_word' id='word_1_126' title='bbox 596 894 697 942; x_wconf 86' lang='lat' dir='ltr'><em>quod</em></span> <span class='ocrx_word' id='word_1_127' title='bbox 717 907 822 930; x_wconf 87' lang='lat' dir='ltr'><em>unus</em></span> <span class='ocrx_word' id='word_1_128' title='bbox 841 893 962 942; x_wconf 74' lang='lat' dir='ltr'><em>frater</em></span> <span class='ocrx_word' id='word_1_129' title='bbox 990 892 1180 938; x_wconf 76' lang='lat' dir='ltr'><em>Gallicus,</em></span> <span class='ocrx_word' id='word_1_130' title='bbox 1204 893 1389 941; x_wconf 77' lang='lat' dir='ltr'><em>magister</em></span> <span class='ocrx_word' id='word_1_131' title='bbox 1419 893 1460 929; x_wconf 92' lang='lat' dir='ltr'><em>in</em></span> <span class='ocrx_word' id='word_1_132' title='bbox 1485 893 1691 942; x_wconf 79' lang='lat' dir='ltr'><em>theologia,</em></span> <span class='ocrx_word' id='word_1_133' title='bbox 1721 893 1823 930; x_wconf 85' lang='lat' dir='ltr'><em>ordi-</em></span> 
     </span>
     <span class='ocr_line' id='line_1_13' title="bbox 122 952 1827 1002; baseline -0.001 -12"><span class='ocrx_word' id='word_1_134' title='bbox 122 952 187 990; x_wconf 76' lang='lat' dir='ltr'><em>nis</em></span> <span class='ocrx_word' id='word_1_135' title='bbox 217 952 537 998; x_wconf 32' lang='lat' dir='ltr'><em>Carnzelitafrum,</em></span> <span class='ocrx_word' id='word_1_136' title='bbox 570 952 722 995; x_wconf 63' lang='lat' dir='ltr'><em>differat</em></span> <span class='ocrx_word' id='word_1_137' title='bbox 752 953 853 1001; x_wconf 87' lang='lat' dir='ltr'><em>quod</em></span> <span class='ocrx_word' id='word_1_138' title='bbox 897 952 1086 989; x_wconf 87' lang='lat' dir='ltr'><em>Urbanus</em></span> <span class='ocrx_word' id='word_1_139' title='bbox 1118 965 1195 988; x_wconf 89' lang='lat' dir='ltr'><em>non</em></span> <span class='ocrx_word' id='word_1_140' title='bbox 1234 960 1315 989; x_wconf 87' lang='lat' dir='ltr'><em>erat</em></span> <span class='ocrx_word' id='word_1_141' title='bbox 1345 966 1467 1001; x_wconf 85' lang='lat' dir='ltr'><em>papa,</em></span> <span class='ocrx_word' id='word_1_142' title='bbox 1507 960 1540 989; x_wconf 90' lang='lat' dir='ltr'><em>et</em></span> <span class='ocrx_word' id='word_1_143' title='bbox 1570 960 1728 1002; x_wconf 89' lang='lat' dir='ltr'><em>propter</em></span> <span class='ocrx_word' id='word_1_144' title='bbox 1758 952 1827 989; x_wconf 80' lang='lat' dir='ltr'><em>hoc</em></span> 
     </span>
     <span class='ocr_line' id='line_1_14' title="bbox 119 1010 1825 1061; baseline -0.001 -12"><span class='ocrx_word' id='word_1_145' title='bbox 119 1012 199 1061; x_wconf 74' lang='lat' dir='ltr'><em>fuit</em></span> <span class='ocrx_word' id='word_1_146' title='bbox 223 1012 377 1061; x_wconf 84' lang='lat' dir='ltr'><em>positus</em></span> <span class='ocrx_word' id='word_1_147' title='bbox 405 1011 444 1048; x_wconf 92' lang='lat' dir='ltr'><em>in</em></span> <span class='ocrx_word' id='word_1_148' title='bbox 472 1012 579 1049; x_wconf 87' lang='lat' dir='ltr'><em>scala</em></span> <span class='ocrx_word' id='word_1_149' title='bbox 605 1019 638 1048; x_wconf 91' lang='lat' dir='ltr'><em>et</em></span> <span class='ocrx_word' id='word_1_150' title='bbox 663 1012 974 1061; x_wconf 66' lang='lat' dir='ltr'><em>condempnatus</em></span> <span class='ocrx_word' id='word_1_151' title='bbox 999 1012 1050 1048; x_wconf 90' lang='lat' dir='ltr'><em>ad</em></span> <span class='ocrx_word' id='word_1_152' title='bbox 1075 1024 1264 1047; x_wconf 81' lang='lat' dir='ltr'><em>carcerem</em></span> <span class='ocrx_word' id='word_1_153' title='bbox 1289 1019 1534 1060; x_wconf 84' lang='lat' dir='ltr'><em>perpetuum.</em></span> <span class='ocrx_word' id='word_1_154' title='bbox 1565 1010 1825 1049; x_wconf 85' lang='lat' dir='ltr'><em>Franciscani</em></span> 
     </span>
     <span class='ocr_line' id='line_1_15' title="bbox 120 1069 1823 1120; baseline -0.001 -12"><span class='ocrx_word' id='word_1_155' title='bbox 120 1070 331 1109; x_wconf 83' lang='lat' dir='ltr'><em>temeritas</em></span> <span class='ocrx_word' id='word_1_156' title='bbox 354 1070 432 1108; x_wconf 79' lang='lat' dir='ltr'><em>fuit</em></span> <span class='ocrx_word' id='word_1_157' title='bbox 453 1070 619 1108; x_wconf 86' lang='lat' dir='ltr'><em>felicior.</em></span> <span class='ocrx_word' id='word_1_158' title='bbox 642 1070 753 1107; x_wconf 79' lang='lat' dir='ltr'><em>Nulli</em></span> <span class='ocrx_word' id='word_1_159' title='bbox 773 1069 924 1120; x_wconf 88' lang='lat' dir='ltr'><em>quippe</em></span> <span class='ocrx_word' id='word_1_160' title='bbox 943 1084 1099 1120; x_wconf 84' lang='lat' dir='ltr'><em>poenae</em></span> <span class='ocrx_word' id='word_1_161' title='bbox 1120 1069 1310 1107; x_wconf 82' lang='lat' dir='ltr'><em>addictus</em></span> <span class='ocrx_word' id='word_1_162' title='bbox 1331 1078 1405 1116; x_wconf 78' lang='lat' dir='ltr'><em>est,</em></span> <span class='ocrx_word' id='word_1_163' title='bbox 1427 1084 1474 1107; x_wconf 88' lang='lat' dir='ltr'><em>ne</em></span> <span class='ocrx_word' id='word_1_164' title='bbox 1496 1070 1662 1120; x_wconf 87' lang='lat' dir='ltr'><em>quidem</em></span> <span class='ocrx_word' id='word_1_165' title='bbox 1680 1078 1823 1119; x_wconf 90' lang='lat' dir='ltr'><em>raptus</em></span> 
     </span>
     <span class='ocr_line' id='line_1_16' title="bbox 121 1129 1427 1180; baseline 0 -13"><span class='ocrx_word' id='word_1_166' title='bbox 121 1130 162 1168; x_wconf 90' lang='lat' dir='ltr'><em>in</em></span> <span class='ocrx_word' id='word_1_167' title='bbox 183 1130 264 1180; x_wconf 85' lang='lat' dir='ltr'><em>jus,</em></span> <span class='ocrx_word' id='word_1_168' title='bbox 286 1129 498 1179; x_wconf 87' lang='lat' dir='ltr'><em>aequitate</em></span> <span class='ocrx_word' id='word_1_169' title='bbox 524 1129 682 1167; x_wconf 81' lang='lat' dir='ltr'><em>Urbani</em></span> <span class='ocrx_word' id='word_1_170' title='bbox 704 1144 797 1178; x_wconf 75' lang='lat' dir='ltr'><em>erga</em></span> <span class='ocrx_word' id='word_1_171' title='bbox 820 1130 927 1167; x_wconf 89' lang='lat' dir='ltr'><em>bona</em></span> <span class='ocrx_word' id='word_1_172' title='bbox 951 1129 1141 1178; x_wconf 85' lang='lat' dir='ltr'><em>malaque</em></span> <span class='ocrx_word' id='word_1_173' title='bbox 1166 1129 1427 1167; x_wconf 76' lang='lat' dir='ltr'><em>documenta.</em></span> 
     </span>
    </p>

    <p class='ocr_par' dir='ltr' id='par_1_3' title="bbox 120 1187 1822 1357">
     <span class='ocr_line' id='line_1_17' title="bbox 175 1187 1822 1241; baseline -0.001 -14"><span class='ocrx_word' id='word_1_174' title='bbox 175 1190 218 1228; x_wconf 90' lang='lat' dir='ltr'><em>P.</em></span> <span class='ocrx_word' id='word_1_175' title='bbox 246 1189 341 1241; x_wconf 27' lang='lat'><em>¹436,</em></span> <span class='ocrx_word' id='word_1_176' title='bbox 372 1189 439 1238; x_wconf 80' lang='lat' dir='ltr'><em>lig.</em></span> <span class='ocrx_word' id='word_1_177' title='bbox 474 1190 508 1226; x_wconf 84' lang='lat'><em>7.</em></span> <span class='ocrx_word' id='word_1_178' title='bbox 532 1189 645 1226; x_wconf 79' lang='lat' dir='ltr'><em>TnEs</em></span> <span class='ocrx_word' id='word_1_179' title='bbox 679 1203 872 1235; x_wconf 79' lang='lat' dir='ltr'>PRIORES,</span> <span class='ocrx_word' id='word_1_180' title='bbox 904 1188 1097 1226; x_wconf 62' lang='lat' dir='ltr'><em>videlicet</em></span> <span class='ocrx_word' id='word_1_181' title='bbox 1129 1188 1273 1225; x_wconf 87' lang='lat' dir='ltr'><em>Petrus</em></span> <span class='ocrx_word' id='word_1_182' title='bbox 1307 1188 1354 1225; x_wconf 90' lang='lat' dir='ltr'><em>de</em></span> <span class='ocrx_word' id='word_1_183' title='bbox 1388 1187 1577 1234; x_wconf 86' lang='lat' dir='ltr'><em>Corsinis,</em></span> <span class='ocrx_word' id='word_1_184' title='bbox 1609 1187 1822 1238; x_wconf 87' lang='lat' dir='ltr'><em>episcopus</em></span> 
     </span>
     <span class='ocr_line' id='line_1_18' title="bbox 122 1247 1822 1298; baseline -0.001 -12"><span class='ocrx_word' id='word_1_185' title='bbox 122 1248 373 1295; x_wconf 84' lang='lat' dir='ltr'><em>Portuensis‚</em></span> <span class='ocrx_word' id='word_1_186' title='bbox 401 1248 510 1298; x_wconf 88' lang='lat' dir='ltr'><em>prior</em></span> <span class='ocrx_word' id='word_1_187' title='bbox 536 1248 837 1298; x_wconf 84' lang='lat' dir='ltr'><em>episcoporum,</em></span> <span class='ocrx_word' id='word_1_188' title='bbox 866 1247 1106 1285; x_wconf 85' lang='lat' dir='ltr'><em>Guillehnus</em></span> <span class='ocrx_word' id='word_1_189' title='bbox 1135 1247 1182 1284; x_wconf 90' lang='lat' dir='ltr'><em>de</em></span> <span class='ocrx_word' id='word_1_190' title='bbox 1212 1247 1407 1296; x_wconf 75' lang='lat' dir='ltr'><em>Agrifolio</em></span> <span class='ocrx_word' id='word_1_191' title='bbox 1433 1247 1543 1297; x_wconf 83' lang='lat' dir='ltr'><em>prior</em></span> <span class='ocrx_word' id='word_1_192' title='bbox 1565 1247 1822 1296; x_wconf 82' lang='lat' dir='ltr'><em>presbytero-</em></span> 
     </span>
     <span class='ocr_line' id='line_1_19' title="bbox 120 1306 1663 1357; baseline -0.001 -12"><span class='ocrx_word' id='word_1_193' title='bbox 120 1322 224 1354; x_wconf 87' lang='lat' dir='ltr'><em>rum,</em></span> <span class='ocrx_word' id='word_1_194' title='bbox 249 1316 290 1346; x_wconf 88' lang='lat' dir='ltr'><em>et</em></span> <span class='ocrx_word' id='word_1_195' title='bbox 315 1308 494 1345; x_wconf 58' lang='lat' dir='ltr'><em>„Iacobus</em></span> <span class='ocrx_word' id='word_1_196' title='bbox 519 1308 567 1345; x_wconf 89' lang='lat' dir='ltr'><em>de</em></span> <span class='ocrx_word' id='word_1_197' title='bbox 594 1307 749 1345; x_wconf 81' lang='lat' dir='ltr'><em>Ursinis</em></span> <span class='ocrx_word' id='word_1_198' title='bbox 774 1307 884 1357; x_wconf 89' lang='lat' dir='ltr'><em>prior</em></span> <span class='ocrx_word' id='word_1_199' title='bbox 907 1307 1188 1345; x_wconf 82' lang='lat' dir='ltr'><em>diaconorum.</em></span> <span class='ocrx_word' id='word_1_200' title='bbox 1215 1306 1315 1343; x_wconf 59' lang='lat' dir='ltr'><em>Vide</em></span> <span class='ocrx_word' id='word_1_201' title='bbox 1339 1320 1460 1356; x_wconf 86' lang='lat' dir='ltr'><em>supra</em></span> <span class='ocrx_word' id='word_1_202' title='bbox 1484 1321 1523 1356; x_wconf 90' lang='lat' dir='ltr'><em>p.</em></span> <span class='ocrx_word' id='word_1_203' title='bbox 1550 1306 1663 1343; x_wconf 81' lang='lat'>1041.</span> 
     </span>
    </p>

    <p class='ocr_par' dir='ltr' id='par_1_4' title="bbox 118 1364 1825 2717">
     <span class='ocr_line' id='line_1_20' title="bbox 176 1364 1821 1415; baseline -0.001 -11"><span class='ocrx_word' id='word_1_204' title='bbox 176 1367 218 1406; x_wconf 90' lang='lat' dir='ltr'><em>P.</em></span> <span class='ocrx_word' id='word_1_205' title='bbox 249 1367 339 1413; x_wconf 84' lang='grc'><strong>436,</strong></span> <span class='ocrx_word' id='word_1_206' title='bbox 368 1366 434 1415; x_wconf 82' lang='lat' dir='ltr'><em>lig.</em></span> <span class='ocrx_word' id='word_1_207' title='bbox 468 1367 528 1404; x_wconf 81' lang='lat'><em>14.</em></span> <span class='ocrx_word' id='word_1_208' title='bbox 564 1367 895 1404; x_wconf 79' lang='lat' dir='ltr'><em>INcmERENTUR</em></span> <span class='ocrx_word' id='word_1_209' title='bbox 927 1381 1006 1403; x_wconf 81' lang='lat' dir='ltr'><em>PER</em></span> <span class='ocrx_word' id='word_1_210' title='bbox 1039 1380 1198 1403; x_wconf 77' lang='lat' dir='ltr'><em>PETlAs.</em></span> <span class='ocrx_word' id='word_1_211' title='bbox 1230 1365 1292 1403; x_wconf 80' lang='lat' dir='ltr'><em>Sic</em></span> <span class='ocrx_word' id='word_1_212' title='bbox 1322 1365 1470 1415; x_wconf 72' lang='lat' dir='ltr'><em>legitur</em></span> <span class='ocrx_word' id='word_1_213' title='bbox 1498 1365 1539 1402; x_wconf 91' lang='lat' dir='ltr'><em>in</em></span> <span class='ocrx_word' id='word_1_214' title='bbox 1568 1364 1821 1415; x_wconf 83' lang='lat' dir='ltr'><em>depositione</em></span> 
     </span>
     <span class='ocr_line' id='line_1_21' title="bbox 122 1424 1821 1476; baseline -0.002 -13"><span class='ocrx_word' id='word_1_215' title='bbox 122 1426 291 1463; x_wconf 77' lang='lat' dir='ltr'><em>Antonii</em></span> <span class='ocrx_word' id='word_1_216' title='bbox 312 1425 492 1476; x_wconf 84' lang='lat' dir='ltr'><em>episcopi</em></span> <span class='ocrx_word' id='word_1_217' title='bbox 516 1426 697 1465; x_wconf 86' lang='lat' dir='ltr'><em>Firmani</em></span> <span class='ocrx_word' id='word_1_218' title='bbox 713 1425 728 1448; x_wconf 84' lang='lat'>3</span> <span class='ocrx_word' id='word_1_219' title='bbox 751 1442 757 1463; x_wconf 95' lang='lat'>:</span> <span class='ocrx_word' id='word_1_220' title='bbox 786 1426 882 1463; x_wconf 86' lang='lat' dir='ltr'><em>Item</em></span> <span class='ocrx_word' id='word_1_221' title='bbox 904 1426 1005 1475; x_wconf 86' lang='lat' dir='ltr'><em>quod</em></span> <span class='ocrx_word' id='word_1_222' title='bbox 1026 1425 1124 1462; x_wconf 69' lang='lat' dir='ltr'><em>vidit</em></span> <span class='ocrx_word' id='word_1_223' title='bbox 1144 1425 1421 1462; x_wconf 83' lang='lat' dir='ltr'><em>Bandarenses</em></span> <span class='ocrx_word' id='word_1_224' title='bbox 1443 1424 1610 1461; x_wconf 85' lang='lat' dir='ltr'><em>dicentes</em></span> <span class='ocrx_word' id='word_1_225' title='bbox 1632 1424 1673 1461; x_wconf 83' lang='lat' dir='ltr'><em>in</em></span> <span class='ocrx_word' id='word_1_226' title='bbox 1696 1432 1821 1461; x_wconf 85' lang='lat' dir='ltr'><em>castro</em></span> 
     </span>
     <span class='ocr_line' id='line_1_22' title="bbox 120 1483 1823 1535; baseline -0.002 -12"><span class='ocrx_word' id='word_1_227' title='bbox 120 1485 264 1535; x_wconf 85' lang='lat' dir='ltr'><em>palatii</em></span> <span class='ocrx_word' id='word_1_228' title='bbox 287 1501 293 1523; x_wconf 90' lang='lat'><strong>:</strong></span> <span class='ocrx_word' id='word_1_229' title='bbox 317 1486 394 1522; x_wconf 91' lang='lat' dir='ltr'><em>Per</em></span> <span class='ocrx_word' id='word_1_230' title='bbox 410 1486 539 1522; x_wconf 86' lang='lat' dir='ltr'><em>Deum</em></span> <span class='ocrx_word' id='word_1_231' title='bbox 559 1485 795 1534; x_wconf 59' lang='lat' dir='ltr'><em>crucifixum</em></span> <span class='ocrx_word' id='word_1_232' title='bbox 816 1499 886 1522; x_wconf 86' lang='lat' dir='ltr'><em>nos</em></span> <span class='ocrx_word' id='word_1_233' title='bbox 906 1485 1094 1522; x_wconf 81' lang='lat' dir='ltr'><em>habemus</em></span> <span class='ocrx_word' id='word_1_234' title='bbox 1116 1484 1158 1520; x_wconf 89' lang='lat' dir='ltr'><em>in</em></span> <span class='ocrx_word' id='word_1_235' title='bbox 1179 1484 1352 1521; x_wconf 62' lang='lat' dir='ltr'><em>conclavi</em></span> <span class='ocrx_word' id='word_1_236' title='bbox 1383 1483 1476 1521; x_wconf 85' lang='lat' dir='ltr'><em>istos</em></span> <span class='ocrx_word' id='word_1_237' title='bbox 1497 1485 1823 1529; x_wconf 81' lang='lat' dir='ltr'><em>ultramontanos,</em></span> 
     </span>
     <span class='ocr_line' id='line_1_23' title="bbox 120 1542 1823 1594; baseline -0.001 -12"><span class='ocrx_word' id='word_1_238' title='bbox 120 1553 153 1582; x_wconf 88' lang='lat' dir='ltr'><em>et</em></span> <span class='ocrx_word' id='word_1_239' title='bbox 178 1544 259 1582; x_wconf 88' lang='lat' dir='ltr'><em>nisi</em></span> <span class='ocrx_word' id='word_1_240' title='bbox 285 1545 512 1582; x_wconf 84' lang='lat' dir='ltr'><em>Romanum</em></span> <span class='ocrx_word' id='word_1_241' title='bbox 535 1545 689 1594; x_wconf 75' lang='lat' dir='ltr'><em>faciant</em></span> <span class='ocrx_word' id='word_1_242' title='bbox 714 1545 771 1582; x_wconf 64' lang='lat' dir='ltr'><em>wel</em></span> <span class='ocrx_word' id='word_1_243' title='bbox 801 1544 1014 1586; x_wconf 72' lang='lat' dir='ltr'><em>Ytalicum,</em></span> <span class='ocrx_word' id='word_1_244' title='bbox 1039 1558 1171 1581; x_wconf 90' lang='lat' dir='ltr'><em>omnes</em></span> <span class='ocrx_word' id='word_1_245' title='bbox 1192 1543 1417 1580; x_wconf 86' lang='lat' dir='ltr'><em>scindemus</em></span> <span class='ocrx_word' id='word_1_246' title='bbox 1438 1557 1506 1592; x_wconf 89' lang='lat' dir='ltr'><em>per</em></span> <span class='ocrx_word' id='word_1_247' title='bbox 1526 1543 1687 1592; x_wconf 75' lang='lat' dir='ltr'><em>frustra.</em></span> <span class='ocrx_word' id='word_1_248' title='bbox 1719 1542 1823 1580; x_wconf 84' lang='lat' dir='ltr'><em>Item</em></span> 
     </span>
     <span class='ocr_line' id='line_1_24' title="bbox 119 1601 1824 1654; baseline -0.002 -13"><span class='ocrx_word' id='word_1_249' title='bbox 119 1604 160 1641; x_wconf 89' lang='lat' dir='ltr'><em>in</em></span> <span class='ocrx_word' id='word_1_250' title='bbox 191 1603 446 1654; x_wconf 88' lang='lat' dir='ltr'><em>depositione</em></span> <span class='ocrx_word' id='word_1_251' title='bbox 481 1603 651 1641; x_wconf 85' lang='lat' dir='ltr'><em>Joannis</em></span> <span class='ocrx_word' id='word_1_252' title='bbox 684 1604 732 1641; x_wconf 89' lang='lat' dir='ltr'><em>de</em></span> <span class='ocrx_word' id='word_1_253' title='bbox 765 1605 908 1642; x_wconf 87' lang='lat' dir='ltr'><em>Crosso</em></span> <span class='ocrx_word' id='word_1_254' title='bbox 940 1603 1157 1641; x_wconf 78' lang='lat' dir='ltr'><em>cardinalis</em></span> <span class='ocrx_word' id='word_1_255' title='bbox 1191 1601 1524 1641; x_wconf 71' lang='lat' dir='ltr'><em>Lemovicensis4</em></span> <span class='ocrx_word' id='word_1_256' title='bbox 1556 1618 1562 1639; x_wconf 91' lang='lat'>:</span> <span class='ocrx_word' id='word_1_257' title='bbox 1589 1601 1824 1639; x_wconf 86' lang='lat' dir='ltr'><em>Cardinales</em></span> 
     </span>
     <span class='ocr_line' id='line_1_25' title="bbox 120 1660 1824 1713; baseline -0.003 -13"><span class='ocrx_word' id='word_1_258' title='bbox 120 1663 350 1712; x_wconf 88' lang='lat' dir='ltr'><em>inceperunt</em></span> <span class='ocrx_word' id='word_1_259' title='bbox 371 1663 494 1701; x_wconf 81' lang='lat' dir='ltr'><em>dicere</em></span> <span class='ocrx_word' id='word_1_260' title='bbox 515 1663 649 1709; x_wconf 78' lang='lat' dir='ltr'><em>lioras3</em></span> <span class='ocrx_word' id='word_1_261' title='bbox 671 1671 705 1700; x_wconf 91' lang='lat' dir='ltr'><em>et</em></span> <span class='ocrx_word' id='word_1_262' title='bbox 725 1671 811 1713; x_wconf 86' lang='lat' dir='ltr'><em>post</em></span> <span class='ocrx_word' id='word_1_263' title='bbox 831 1663 1127 1701; x_wconf 81' lang='lat' dir='ltr'><em>celebrationem</em></span> <span class='ocrx_word' id='word_1_264' title='bbox 1148 1663 1319 1699; x_wconf 89' lang='lat' dir='ltr'><em>duarum</em></span> <span class='ocrx_word' id='word_1_265' title='bbox 1341 1661 1554 1698; x_wconf 89' lang='lat' dir='ltr'><em>missarum</em></span> <span class='ocrx_word' id='word_1_266' title='bbox 1581 1660 1660 1709; x_wconf 75' lang='lat' dir='ltr'><em>suit</em></span> <span class='ocrx_word' id='word_1_267' title='bbox 1681 1660 1824 1697; x_wconf 83' lang='lat' dir='ltr'><em>clamor</em></span> 
     </span>
     <span class='ocr_line' id='line_1_26' title="bbox 119 1719 1823 1772; baseline -0.002 -12"><span class='ocrx_word' id='word_1_268' title='bbox 119 1722 289 1769; x_wconf 68' lang='lat' dir='ltr'><em>validus,</em></span> <span class='ocrx_word' id='word_1_269' title='bbox 313 1730 346 1759; x_wconf 90' lang='lat' dir='ltr'><em>et</em></span> <span class='ocrx_word' id='word_1_270' title='bbox 367 1737 560 1772; x_wconf 87' lang='lat' dir='ltr'><em>campane</em></span> <span class='ocrx_word' id='word_1_271' title='bbox 582 1722 837 1760; x_wconf 78' lang='lat' dir='ltr'><em>trahebantur</em></span> <span class='ocrx_word' id='word_1_272' title='bbox 858 1723 910 1760; x_wconf 87' lang='lat' dir='ltr'><em>ad</em></span> <span class='ocrx_word' id='word_1_273' title='bbox 932 1723 1165 1759; x_wconf 85' lang='lat' dir='ltr'><em>martellum.</em></span> <span class='ocrx_word' id='word_1_274' title='bbox 1191 1721 1283 1758; x_wconf 75' lang='lat' dir='ltr'><em>Non</em></span> <span class='ocrx_word' id='word_1_275' title='bbox 1306 1721 1527 1758; x_wconf 77' lang='lat' dir='ltr'><em>recordatur</em></span> <span class='ocrx_word' id='word_1_276' title='bbox 1552 1720 1642 1757; x_wconf 90' lang='lat' dir='ltr'><em>bene</em></span> <span class='ocrx_word' id='word_1_277' title='bbox 1664 1719 1698 1756; x_wconf 86' lang='lat' dir='ltr'><em>si</em></span> <span class='ocrx_word' id='word_1_278' title='bbox 1721 1733 1823 1756; x_wconf 87' lang='lat' dir='ltr'><em>cam-</em></span> 
     </span>
     <span class='ocr_line' id='line_1_27' title="bbox 119 1778 1825 1831; baseline -0.002 -12"><span class='ocrx_word' id='word_1_279' title='bbox 119 1796 222 1831; x_wconf 83' lang='lat' dir='ltr'><em>pane</em></span> <span class='ocrx_word' id='word_1_280' title='bbox 250 1782 411 1831; x_wconf 76' lang='lat' dir='ltr'><em>suerunt</em></span> <span class='ocrx_word' id='word_1_281' title='bbox 440 1782 594 1831; x_wconf 88' lang='lat' dir='ltr'><em>pulsate</em></span> <span class='ocrx_word' id='word_1_282' title='bbox 623 1790 712 1819; x_wconf 88' lang='lat' dir='ltr'><em>ante</em></span> <span class='ocrx_word' id='word_1_283' title='bbox 741 1781 1037 1819; x_wconf 82' lang='lat' dir='ltr'><em>celebrationem</em></span> <span class='ocrx_word' id='word_1_284' title='bbox 1066 1781 1232 1818; x_wconf 76' lang='lat' dir='ltr'><em>secunde</em></span> <span class='ocrx_word' id='word_1_285' title='bbox 1263 1780 1392 1825; x_wconf 86' lang='lat' dir='ltr'><em>misse,</em></span> <span class='ocrx_word' id='word_1_286' title='bbox 1422 1780 1489 1816; x_wconf 88' lang='lat' dir='ltr'><em>sed</em></span> <span class='ocrx_word' id='word_1_287' title='bbox 1518 1778 1696 1816; x_wconf 83' lang='lat' dir='ltr'><em>meminit</em></span> <span class='ocrx_word' id='word_1_288' title='bbox 1725 1779 1825 1827; x_wconf 84' lang='lat' dir='ltr'><em>quod</em></span> 
     </span>
     <span class='ocr_line' id='line_1_28' title="bbox 121 1837 1824 1891; baseline -0.002 -13"><span class='ocrx_word' id='word_1_289' title='bbox 121 1855 189 1890; x_wconf 89' lang='lat' dir='ltr'><em>pre</em></span> <span class='ocrx_word' id='word_1_290' title='bbox 210 1841 375 1878; x_wconf 87' lang='lat' dir='ltr'><em>clamore</em></span> <span class='ocrx_word' id='word_1_291' title='bbox 396 1841 538 1891; x_wconf 88' lang='lat' dir='ltr'><em>populi</em></span> <span class='ocrx_word' id='word_1_292' title='bbox 559 1849 593 1878; x_wconf 88' lang='lat' dir='ltr'><em>et</em></span> <span class='ocrx_word' id='word_1_293' title='bbox 612 1841 745 1878; x_wconf 88' lang='lat' dir='ltr'><em>sonitu</em></span> <span class='ocrx_word' id='word_1_294' title='bbox 767 1855 1056 1891; x_wconf 81' lang='lat' dir='ltr'><em>campanarum</em></span> <span class='ocrx_word' id='word_1_295' title='bbox 1079 1840 1163 1890; x_wconf 84' lang='lat' dir='ltr'><em>ipse</em></span> <span class='ocrx_word' id='word_1_296' title='bbox 1184 1854 1328 1889; x_wconf 85' lang='lat' dir='ltr'><em>parum</em></span> <span class='ocrx_word' id='word_1_297' title='bbox 1348 1838 1569 1876; x_wconf 89' lang='lat' dir='ltr'><em>attendebat</em></span> <span class='ocrx_word' id='word_1_298' title='bbox 1588 1839 1639 1875; x_wconf 78' lang='lat' dir='ltr'><em>acl</em></span> <span class='ocrx_word' id='word_1_299' title='bbox 1660 1837 1824 1875; x_wconf 87' lang='lat' dir='ltr'><em>missam</em></span> 
     </span>
     <span class='ocr_line' id='line_1_29' title="bbox 121 1897 1823 1950; baseline -0.003 -13"><span class='ocrx_word' id='word_1_300' title='bbox 121 1914 166 1937; x_wconf 86' lang='lat' dir='ltr'><em>ac</em></span> <span class='ocrx_word' id='word_1_301' title='bbox 191 1899 227 1937; x_wconf 83' lang='lat' dir='ltr'><em>si</em></span> <span class='ocrx_word' id='word_1_302' title='bbox 256 1915 461 1950; x_wconf 87' lang='lat' dir='ltr'><em>nunquam</em></span> <span class='ocrx_word' id='word_1_303' title='bbox 489 1900 690 1939; x_wconf 82' lang='lat' dir='ltr'><em>diceretur.</em></span> <span class='ocrx_word' id='word_1_304' title='bbox 721 1900 798 1938; x_wconf 84' lang='lat' dir='ltr'><em>Sed</em></span> <span class='ocrx_word' id='word_1_305' title='bbox 823 1900 957 1937; x_wconf 84' lang='lat' dir='ltr'><em>statim</em></span> <span class='ocrx_word' id='word_1_306' title='bbox 985 1899 1170 1937; x_wconf 87' lang='lat' dir='ltr'><em>dominus</em></span> <span class='ocrx_word' id='word_1_307' title='bbox 1204 1898 1439 1936; x_wconf 58' lang='lat' dir='ltr'><em>Valentinus</em></span> <span class='ocrx_word' id='word_1_308' title='bbox 1466 1897 1676 1947; x_wconf 87' lang='lat' dir='ltr'><em>episcopus</em></span> <span class='ocrx_word' id='word_1_309' title='bbox 1704 1911 1823 1943; x_wconf 86' lang='lat' dir='ltr'><em>nunc,</em></span> 
     </span>
     <span class='ocr_line' id='line_1_30' title="bbox 120 1956 1824 2010; baseline -0.002 -14"><span class='ocrx_word' id='word_1_310' title='bbox 120 1959 188 1996; x_wconf 82' lang='lat' dir='ltr'><em>sed</em></span> <span class='ocrx_word' id='word_1_311' title='bbox 206 1959 483 1996; x_wconf 75' lang='lat' dir='ltr'><em>Marsiliensis</em></span> <span class='ocrx_word' id='word_1_312' title='bbox 502 1967 607 2006; x_wconf 70' lang='lat' dir='ltr'><em>tunc,</em></span> <span class='ocrx_word' id='word_1_313' title='bbox 629 1959 695 2010; x_wconf 90' lang='lat' dir='ltr'><em>qui</em></span> <span class='ocrx_word' id='word_1_314' title='bbox 715 1967 796 1997; x_wconf 88' lang='lat' dir='ltr'><em>erat</em></span> <span class='ocrx_word' id='word_1_315' title='bbox 816 1973 921 1997; x_wconf 88' lang='lat' dir='ltr'><em>unus</em></span> <span class='ocrx_word' id='word_1_316' title='bbox 941 1960 984 1996; x_wconf 86' lang='lat' dir='ltr'><em>de</em></span> <span class='ocrx_word' id='word_1_317' title='bbox 1004 1958 1231 1996; x_wconf 77' lang='lat' dir='ltr'><em>custodibus</em></span> <span class='ocrx_word' id='word_1_318' title='bbox 1251 1957 1459 2004; x_wconf 65' lang='lat' dir='ltr'><em>conclavis,</em></span> <span class='ocrx_word' id='word_1_319' title='bbox 1476 1956 1659 1994; x_wconf 62' lang='lat' dir='ltr'><em>clamavit</em></span> <span class='ocrx_word' id='word_1_320' title='bbox 1679 1970 1824 2004; x_wconf 81' lang='lat' dir='ltr'><em>magna</em></span> 
     </span>
     <span class='ocr_line' id='line_1_31' title="bbox 120 2015 1823 2068; baseline -0.002 -14"><span class='ocrx_word' id='word_1_321' title='bbox 120 2032 205 2055; x_wconf 65' lang='lat' dir='ltr'><em>voce</em></span> <span class='ocrx_word' id='word_1_322' title='bbox 225 2018 430 2065; x_wconf 74' lang='lat' dir='ltr'><em>:Domini,</em></span> <span class='ocrx_word' id='word_1_323' title='bbox 448 2019 615 2066; x_wconf 83' lang='lat' dir='ltr'><em>domini,</em></span> <span class='ocrx_word' id='word_1_324' title='bbox 632 2019 853 2068; x_wconf 67' lang='lat' dir='ltr'><em>expediatis</em></span> <span class='ocrx_word' id='word_1_325' title='bbox 870 2033 935 2055; x_wconf 75' lang='lat' dir='ltr'><em>vos</em></span> <span class='ocrx_word' id='word_1_326' title='bbox 951 2018 1037 2056; x_wconf 79' lang='lat' dir='ltr'><em>cito.</em></span> <span class='ocrx_word' id='word_1_327' title='bbox 1057 2018 1174 2055; x_wconf 71' lang='lat' dir='ltr'><em>Alias</em></span> <span class='ocrx_word' id='word_1_328' title='bbox 1191 2031 1324 2054; x_wconf 87' lang='lat' dir='ltr'><em>omnes</em></span> <span class='ocrx_word' id='word_1_329' title='bbox 1340 2016 1450 2053; x_wconf 82' lang='lat' dir='ltr'><em>eritis</em></span> <span class='ocrx_word' id='word_1_330' title='bbox 1465 2015 1560 2053; x_wconf 87' lang='lat' dir='ltr'><em>scisi</em></span> <span class='ocrx_word' id='word_1_331' title='bbox 1577 2029 1646 2064; x_wconf 84' lang='lat' dir='ltr'><em>per</em></span> <span class='ocrx_word' id='word_1_332' title='bbox 1659 2015 1823 2064; x_wconf 74' lang='lat' dir='ltr'><em>frustra,</em></span> 
     </span>
     <span class='ocr_line' id='line_1_32' title="bbox 121 2074 1823 2127; baseline -0.003 -13"><span class='ocrx_word' id='word_1_333' title='bbox 121 2076 202 2114; x_wconf 86' lang='lat' dir='ltr'><em>nisi</em></span> <span class='ocrx_word' id='word_1_334' title='bbox 224 2077 451 2115; x_wconf 83' lang='lat' dir='ltr'><em>Romanum</em></span> <span class='ocrx_word' id='word_1_335' title='bbox 472 2078 530 2115; x_wconf 66' lang='lat' dir='ltr'><em>vel</em></span> <span class='ocrx_word' id='word_1_336' title='bbox 550 2078 750 2116; x_wconf 75' lang='lat' dir='ltr'><em>Ytalicum</em></span> <span class='ocrx_word' id='word_1_337' title='bbox 765 2077 923 2127; x_wconf 83' lang='lat' dir='ltr'><em>eligatis</em></span> <span class='ocrx_word' id='word_1_338' title='bbox 946 2077 988 2114; x_wconf 89' lang='lat' dir='ltr'><em>in</em></span> <span class='ocrx_word' id='word_1_339' title='bbox 1007 2077 1123 2115; x_wconf 71' lang='lat' dir='ltr'><em>brevi.</em></span> <span class='ocrx_word' id='word_1_340' title='bbox 1147 2077 1197 2113; x_wconf 91' lang='lat' dir='ltr'><em>Et</em></span> <span class='ocrx_word' id='word_1_341' title='bbox 1212 2085 1303 2113; x_wconf 89' lang='lat' dir='ltr'><em>tunc</em></span> <span class='ocrx_word' id='word_1_342' title='bbox 1318 2075 1454 2113; x_wconf 90' lang='lat' dir='ltr'><em>timore</em></span> <span class='ocrx_word' id='word_1_343' title='bbox 1477 2074 1611 2111; x_wconf 88' lang='lat' dir='ltr'><em>mortis</em></span> <span class='ocrx_word' id='word_1_344' title='bbox 1632 2087 1823 2123; x_wconf 85' lang='lat' dir='ltr'><em>processe-</em></span> 
     </span>
     <span class='ocr_line' id='line_1_33' title="bbox 120 2133 1824 2187; baseline -0.004 -13"><span class='ocrx_word' id='word_1_345' title='bbox 120 2144 212 2174; x_wconf 87' lang='lat' dir='ltr'><em>runt</em></span> <span class='ocrx_word' id='word_1_346' title='bbox 234 2137 286 2174; x_wconf 88' lang='lat' dir='ltr'><em>ad</em></span> <span class='ocrx_word' id='word_1_347' title='bbox 308 2145 438 2174; x_wconf 88' lang='lat' dir='ltr'><em>actum</em></span> <span class='ocrx_word' id='word_1_348' title='bbox 462 2137 675 2184; x_wconf 82' lang='lat' dir='ltr'><em>electionis,</em></span> <span class='ocrx_word' id='word_1_349' title='bbox 702 2145 742 2174; x_wconf 90' lang='lat' dir='ltr'><em>ut</em></span> <span class='ocrx_word' id='word_1_350' title='bbox 765 2151 891 2187; x_wconf 88' lang='lat' dir='ltr'><em>supra</em></span> <span class='ocrx_word' id='word_1_351' title='bbox 915 2137 1062 2174; x_wconf 88' lang='lat' dir='ltr'><em>dictum</em></span> <span class='ocrx_word' id='word_1_352' title='bbox 1094 2144 1160 2174; x_wconf 88' lang='lat' dir='ltr'><em>est.</em></span> <span class='ocrx_word' id='word_1_353' title='bbox 1190 2136 1242 2172; x_wconf 80' lang='lat' dir='ltr'><em>Et</em></span> <span class='ocrx_word' id='word_1_354' title='bbox 1275 2134 1380 2172; x_wconf 87' lang='lat' dir='ltr'><em>infra</em></span> <span class='ocrx_word' id='word_1_355' title='bbox 1400 2134 1415 2158; x_wconf 80' lang='lat'>5</span> <span class='ocrx_word' id='word_1_356' title='bbox 1442 2150 1448 2171; x_wconf 90' lang='lat'>:</span> <span class='ocrx_word' id='word_1_357' title='bbox 1476 2134 1578 2171; x_wconf 77' lang='lat' dir='ltr'><em>Ante</em></span> <span class='ocrx_word' id='word_1_358' title='bbox 1601 2133 1824 2181; x_wconf 82' lang='lat' dir='ltr'><em>ingressum</em></span> 
     </span>
     <span class='ocr_line' id='line_1_34' title="bbox 118 2191 1823 2243; baseline -0.003 -11"><span class='ocrx_word' id='word_1_359' title='bbox 118 2195 327 2243; x_wconf 74' lang='lat' dir='ltr'><em>conclavis,</em></span> <span class='ocrx_word' id='word_1_360' title='bbox 353 2197 447 2233; x_wconf 88' lang='lat' dir='ltr'><em>dum</em></span> <span class='ocrx_word' id='word_1_361' title='bbox 473 2196 542 2233; x_wconf 81' lang='lat' dir='ltr'><em>iste</em></span> <span class='ocrx_word' id='word_1_362' title='bbox 566 2196 786 2234; x_wconf 84' lang='lat' dir='ltr'><em>cardinalis</em></span> <span class='ocrx_word' id='word_1_363' title='bbox 811 2196 882 2233; x_wconf 89' lang='lat' dir='ltr'><em>iret</em></span> <span class='ocrx_word' id='word_1_364' title='bbox 905 2197 957 2233; x_wconf 88' lang='lat' dir='ltr'><em>ad</em></span> <span class='ocrx_word' id='word_1_365' title='bbox 980 2195 1224 2232; x_wconf 77' lang='lat' dir='ltr'><em>visitandum</em></span> <span class='ocrx_word' id='word_1_366' title='bbox 1248 2195 1330 2231; x_wconf 83' lang='lat' dir='ltr'><em>loca</em></span> <span class='ocrx_word' id='word_1_367' title='bbox 1358 2201 1583 2230; x_wconf 84' lang='lat' dir='ltr'><em>sanctorum</em></span> <span class='ocrx_word' id='word_1_368' title='bbox 1614 2191 1823 2241; x_wconf 80' lang='lat' dir='ltr'><em>equitando</em></span> 
     </span>
     <span class='ocr_line' id='line_1_35' title="bbox 119 2250 1824 2304; baseline -0.004 -12"><span class='ocrx_word' id='word_1_369' title='bbox 119 2255 382 2304; x_wconf 84' lang='lat' dir='ltr'><em>pendentibus</em></span> <span class='ocrx_word' id='word_1_370' title='bbox 410 2255 491 2292; x_wconf 87' lang='lat' dir='ltr'><em>illis</em></span> <span class='ocrx_word' id='word_1_371' title='bbox 518 2256 645 2293; x_wconf 87' lang='lat' dir='ltr'><em>decem</em></span> <span class='ocrx_word' id='word_1_372' title='bbox 671 2255 823 2302; x_wconf 81' lang='lat' dir='ltr'><em>diebus,</em></span> <span class='ocrx_word' id='word_1_373' title='bbox 851 2255 1066 2304; x_wconf 86' lang='lat' dir='ltr'><em>aliquando</em></span> <span class='ocrx_word' id='word_1_374' title='bbox 1088 2253 1339 2291; x_wconf 86' lang='lat' dir='ltr'><em>occurrebant</em></span> <span class='ocrx_word' id='word_1_375' title='bbox 1364 2252 1443 2289; x_wconf 83' lang='lat' dir='ltr'><em>sibi</em></span> <span class='ocrx_word' id='word_1_376' title='bbox 1461 2250 1633 2288; x_wconf 84' lang='lat' dir='ltr'><em>Romani</em></span> <span class='ocrx_word' id='word_1_377' title='bbox 1655 2250 1824 2287; x_wconf 84' lang='lat' dir='ltr'><em>dicentes</em></span> 
     </span>
     <span class='ocr_line' id='line_1_36' title="bbox 119 2310 1823 2364; baseline -0.003 -14"><span class='ocrx_word' id='word_1_378' title='bbox 119 2314 221 2363; x_wconf 83' lang='lat' dir='ltr'><em>quod</em></span> <span class='ocrx_word' id='word_1_379' title='bbox 245 2313 417 2351; x_wconf 72' lang='lat' dir='ltr'><em>viderent</em></span> <span class='ocrx_word' id='word_1_380' title='bbox 443 2314 609 2363; x_wconf 83' lang='lat' dir='ltr'><em>qualiter</em></span> <span class='ocrx_word' id='word_1_381' title='bbox 634 2314 720 2364; x_wconf 85' lang='lat' dir='ltr'><em>ipse</em></span> <span class='ocrx_word' id='word_1_382' title='bbox 745 2322 780 2351; x_wconf 87' lang='lat' dir='ltr'><em>et</em></span> <span class='ocrx_word' id='word_1_383' title='bbox 804 2314 877 2352; x_wconf 89' lang='lat' dir='ltr'><em>alii</em></span> <span class='ocrx_word' id='word_1_384' title='bbox 904 2314 1126 2351; x_wconf 82' lang='lat' dir='ltr'><em>cardinales</em></span> <span class='ocrx_word' id='word_1_385' title='bbox 1152 2313 1288 2350; x_wconf 89' lang='lat' dir='ltr'><em>darent</em></span> <span class='ocrx_word' id='word_1_386' title='bbox 1311 2311 1392 2348; x_wconf 86' lang='lat' dir='ltr'><em>sibi</em></span> <span class='ocrx_word' id='word_1_387' title='bbox 1421 2325 1572 2360; x_wconf 90' lang='lat' dir='ltr'><em>papam</em></span> <span class='ocrx_word' id='word_1_388' title='bbox 1596 2310 1823 2346; x_wconf 86' lang='lat' dir='ltr'><em>Romanum</em></span> 
     </span>
     <span class='ocr_line' id='line_1_37' title="bbox 119 2367 1821 2419; baseline -0.003 -10"><span class='ocrx_word' id='word_1_389' title='bbox 119 2373 177 2410; x_wconf 69' lang='lat' dir='ltr'><em>vel</em></span> <span class='ocrx_word' id='word_1_390' title='bbox 207 2372 421 2419; x_wconf 71' lang='lat' dir='ltr'><em>Ytalicum,</em></span> <span class='ocrx_word' id='word_1_391' title='bbox 448 2373 552 2411; x_wconf 84' lang='lat' dir='ltr'><em>alias</em></span> <span class='ocrx_word' id='word_1_392' title='bbox 577 2388 710 2411; x_wconf 89' lang='lat' dir='ltr'><em>omnes</em></span> <span class='ocrx_word' id='word_1_393' title='bbox 736 2372 1021 2411; x_wconf 83' lang='lat' dir='ltr'><em>ultramontani</em></span> <span class='ocrx_word' id='word_1_394' title='bbox 1047 2380 1172 2409; x_wconf 81' lang='lat' dir='ltr'><em>essent</em></span> <span class='ocrx_word' id='word_1_395' title='bbox 1195 2370 1290 2408; x_wconf 87' lang='lat' dir='ltr'><em>scisi</em></span> <span class='ocrx_word' id='word_1_396' title='bbox 1316 2384 1384 2419; x_wconf 89' lang='lat' dir='ltr'><em>per</em></span> <span class='ocrx_word' id='word_1_397' title='bbox 1406 2370 1568 2418; x_wconf 73' lang='lat' dir='ltr'><em>frustra.</em></span> <span class='ocrx_word' id='word_1_398' title='bbox 1598 2367 1821 2405; x_wconf 84' lang='lat' dir='ltr'><em>Rode-ricus</em></span> 
     </span>
     <span class='ocr_line' id='line_1_38' title="bbox 121 2427 1823 2482; baseline -0.004 -13"><span class='ocrx_word' id='word_1_399' title='bbox 121 2431 325 2469; x_wconf 84' lang='lat' dir='ltr'><em>Fernandi</em></span> <span class='ocrx_word' id='word_1_400' title='bbox 351 2432 393 2469; x_wconf 88' lang='lat' dir='ltr'><em>in</em></span> <span class='ocrx_word' id='word_1_401' title='bbox 421 2446 493 2470; x_wconf 86' lang='lat' dir='ltr'><em>sua</em></span> <span class='ocrx_word' id='word_1_402' title='bbox 522 2432 777 2482; x_wconf 85' lang='lat' dir='ltr'><em>depositione</em></span> <span class='ocrx_word' id='word_1_403' title='bbox 805 2432 864 2469; x_wconf 88' lang='lat' dir='ltr'><em>ita</em></span> <span class='ocrx_word' id='word_1_404' title='bbox 901 2431 1085 2481; x_wconf 82' lang='lat' dir='ltr'><em>loquitur</em></span> <span class='ocrx_word' id='word_1_405' title='bbox 1104 2430 1119 2453; x_wconf 75' lang='grc'><strong>6</strong></span> <span class='ocrx_word' id='word_1_406' title='bbox 1151 2447 1158 2468; x_wconf 92' lang='lat'><strong>:</strong></span> <span class='ocrx_word' id='word_1_407' title='bbox 1183 2429 1259 2467; x_wconf 89' lang='lat' dir='ltr'><em>Die</em></span> <span class='ocrx_word' id='word_1_408' title='bbox 1291 2443 1366 2478; x_wconf 89' lang='lat' dir='ltr'><em>qua</em></span> <span class='ocrx_word' id='word_1_409' title='bbox 1399 2436 1574 2465; x_wconf 83' lang='lat' dir='ltr'><em>mortuus</em></span> <span class='ocrx_word' id='word_1_410' title='bbox 1608 2427 1687 2476; x_wconf 77' lang='lat' dir='ltr'><em>suit</em></span> <span class='ocrx_word' id='word_1_411' title='bbox 1714 2441 1823 2476; x_wconf 88' lang='lat' dir='ltr'><em>papa</em></span> 
     </span>
     <span class='ocr_line' id='line_1_39' title="bbox 120 2488 1821 2540; baseline -0.004 -12"><span class='ocrx_word' id='word_1_412' title='bbox 120 2491 352 2540; x_wconf 86' lang='lat' dir='ltr'><em>inceperunt</em></span> <span class='ocrx_word' id='word_1_413' title='bbox 372 2491 546 2529; x_wconf 80' lang='lat' dir='ltr'><em>Romani</em></span> <span class='ocrx_word' id='word_1_414' title='bbox 570 2506 817 2529; x_wconf 87' lang='lat' dir='ltr'><em>murmurare</em></span> <span class='ocrx_word' id='word_1_415' title='bbox 841 2491 940 2528; x_wconf 88' lang='lat' dir='ltr'><em>inter</em></span> <span class='ocrx_word' id='word_1_416' title='bbox 961 2505 1000 2527; x_wconf 92' lang='lat' dir='ltr'><em>se</em></span> <span class='ocrx_word' id='word_1_417' title='bbox 1022 2490 1190 2527; x_wconf 87' lang='lat' dir='ltr'><em>dicentes</em></span> <span class='ocrx_word' id='word_1_418' title='bbox 1214 2505 1221 2526; x_wconf 89' lang='lat'>:</span> <span class='ocrx_word' id='word_1_419' title='bbox 1245 2488 1307 2525; x_wconf 67' lang='lat' dir='ltr'><em>Eae</em></span> <span class='ocrx_word' id='word_1_420' title='bbox 1329 2502 1401 2537; x_wconf 89' lang='lat' dir='ltr'><em>quo</em></span> <span class='ocrx_word' id='word_1_421' title='bbox 1425 2495 1601 2524; x_wconf 87' lang='lat' dir='ltr'><em>mortuus</em></span> <span class='ocrx_word' id='word_1_422' title='bbox 1622 2494 1677 2523; x_wconf 90' lang='lat' dir='ltr'><em>est</em></span> <span class='ocrx_word' id='word_1_423' title='bbox 1698 2500 1821 2535; x_wconf 88' lang='lat' dir='ltr'><em>papa,</em></span> 
     </span>
     <span class='ocr_line' id='line_1_40' title="bbox 120 2543 1822 2600; baseline -0.004 -13"><span class='ocrx_word' id='word_1_424' title='bbox 120 2551 231 2587; x_wconf 88' lang='lat' dir='ltr'><em>modo</em></span> <span class='ocrx_word' id='word_1_425' title='bbox 256 2550 437 2587; x_wconf 72' lang='lat' dir='ltr'><em>volumus</em></span> <span class='ocrx_word' id='word_1_426' title='bbox 452 2565 603 2600; x_wconf 88' lang='lat' dir='ltr'><em>papam</em></span> <span class='ocrx_word' id='word_1_427' title='bbox 629 2565 852 2597; x_wconf 78' lang='lat' dir='ltr'><em>romanum,</em></span> <span class='ocrx_word' id='word_1_428' title='bbox 870 2549 965 2600; x_wconf 88' lang='lat' dir='ltr'><em>quia</em></span> <span class='ocrx_word' id='word_1_429' title='bbox 982 2563 1060 2586; x_wconf 88' lang='lat' dir='ltr'><em>non</em></span> <span class='ocrx_word' id='word_1_430' title='bbox 1077 2549 1250 2586; x_wconf 86' lang='lat' dir='ltr'><em>recedent</em></span> <span class='ocrx_word' id='word_1_431' title='bbox 1267 2547 1332 2584; x_wconf 88' lang='lat' dir='ltr'><em>isti</em></span> <span class='ocrx_word' id='word_1_432' title='bbox 1349 2546 1571 2584; x_wconf 86' lang='lat' dir='ltr'><em>cardinales</em></span> <span class='ocrx_word' id='word_1_433' title='bbox 1588 2559 1655 2582; x_wconf 91' lang='lat' dir='ltr'><em>nec</em></span> <span class='ocrx_word' id='word_1_434' title='bbox 1678 2543 1822 2581; x_wconf 86' lang='lat' dir='ltr'><em>Gallici</em></span> 
     </span>
     <span class='ocr_line' id='line_1_41' title="bbox 118 2603 1823 2657; baseline -0.004 -12"><span class='ocrx_word' id='word_1_435' title='bbox 118 2608 417 2657; x_wconf 79' lang='lat' dir='ltr'><em>sanguinolenti</em></span> <span class='ocrx_word' id='word_1_436' title='bbox 450 2609 553 2646; x_wconf 85' lang='lat' dir='ltr'><em>sicut</em></span> <span class='ocrx_word' id='word_1_437' title='bbox 586 2609 742 2646; x_wconf 87' lang='lat' dir='ltr'><em>recessit</em></span> <span class='ocrx_word' id='word_1_438' title='bbox 782 2609 970 2646; x_wconf 86' lang='lat' dir='ltr'><em>Urbanus</em></span> <span class='ocrx_word' id='word_1_439' title='bbox 1004 2622 1114 2657; x_wconf 90' lang='lat' dir='ltr'><em>papa</em></span> <span class='ocrx_word' id='word_1_440' title='bbox 1148 2606 1323 2656; x_wconf 60' lang='lat' dir='ltr'><em>quinum,</em></span> <span class='ocrx_word' id='word_1_441' title='bbox 1360 2605 1454 2654; x_wconf 87' lang='lat' dir='ltr'><em>quia</em></span> <span class='ocrx_word' id='word_1_442' title='bbox 1489 2605 1599 2642; x_wconf 87' lang='lat' dir='ltr'><em>modo</em></span> <span class='ocrx_word' id='word_1_443' title='bbox 1633 2603 1823 2641; x_wconf 79' lang='lat' dir='ltr'><em>habemus</em></span> 
     </span>
     <span class='ocr_line' id='line_1_42' title="bbox 119 2662 1823 2717; baseline -0.004 -13"><span class='ocrx_word' id='word_1_444' title='bbox 119 2667 455 2717; x_wconf 82' lang='lat' dir='ltr'><em>opportunitatem</em></span> <span class='ocrx_word' id='word_1_445' title='bbox 471 2668 766 2717; x_wconf 69' lang='lat' dir='ltr'><em>calfaciendum</em></span> <span class='ocrx_word' id='word_1_446' title='bbox 782 2669 835 2706; x_wconf 87' lang='lat' dir='ltr'><em>ad</em></span> <span class='ocrx_word' id='word_1_447' title='bbox 850 2667 1010 2705; x_wconf 85' lang='lat' dir='ltr'><em>libitum</em></span> <span class='ocrx_word' id='word_1_448' title='bbox 1027 2668 1070 2704; x_wconf 91' lang='lat' dir='ltr'><em>de</em></span> <span class='ocrx_word' id='word_1_449' title='bbox 1089 2666 1176 2703; x_wconf 81' lang='lat' dir='ltr'><em>istis</em></span> <span class='ocrx_word' id='word_1_450' title='bbox 1190 2664 1466 2703; x_wconf 84' lang='lat' dir='ltr'><em>cardinalibus</em></span> <span class='ocrx_word' id='word_1_451' title='bbox 1482 2677 1528 2701; x_wconf 68' lang='lat' dir='ltr'><em>ex</em></span> <span class='ocrx_word' id='word_1_452' title='bbox 1544 2677 1616 2712; x_wconf 85' lang='lat' dir='ltr'><em>quo</em></span> <span class='ocrx_word' id='word_1_453' title='bbox 1633 2662 1823 2700; x_wconf 83' lang='lat' dir='ltr'><em>habemus</em></span> 
     </span>
    </p>
   </div>
   <div class='ocr_carea' id='block_1_3' title="bbox 195 2820 677 3121">
    <p class='ocr_par' dir='ltr' id='par_1_5' title="bbox 195 2820 677 3121">
     <span class='ocr_line' id='line_1_43' title="bbox 232 2820 645 2857; baseline 0.005 -6"><span class='ocrx_word' id='word_1_454' title='bbox 232 2820 299 2852; x_wconf 84' lang='lat' dir='ltr'><em>Ms.</em></span> <span class='ocrx_word' id='word_1_455' title='bbox 322 2820 406 2857; x_wconf 75' lang='lat' dir='ltr'><em>cite,</em></span> <span class='ocrx_word' id='word_1_456' title='bbox 428 2820 490 2852; x_wconf 74' lang='lat' dir='ltr'><em>fol.</em></span> <span class='ocrx_word' id='word_1_457' title='bbox 513 2821 582 2852; x_wconf 76' lang='lat'><em>100</em></span> <span class='ocrx_word' id='word_1_458' title='bbox 602 2825 645 2853; x_wconf 69' lang='grc' dir='ltr'><em>ΓΟ.</em></span> 
     </span>
     <span class='ocr_line' id='line_1_44' title="bbox 232 2873 677 2911; baseline 0.002 -6"><span class='ocrx_word' id='word_1_459' title='bbox 232 2873 298 2906; x_wconf 84' lang='lat' dir='ltr'><em>Ms.</em></span> <span class='ocrx_word' id='word_1_460' title='bbox 327 2873 410 2911; x_wconf 75' lang='lat' dir='ltr'><em>cite,</em></span> <span class='ocrx_word' id='word_1_461' title='bbox 440 2873 501 2905; x_wconf 88' lang='lat' dir='ltr'><em>fol.</em></span> <span class='ocrx_word' id='word_1_462' title='bbox 531 2873 599 2905; x_wconf 77' lang='lat'><em>222</em></span> <span class='ocrx_word' id='word_1_463' title='bbox 627 2878 677 2906; x_wconf 74' lang='grc' dir='ltr'><em>νο.</em></span> 
     </span>
     <span class='ocr_line' id='line_1_45' title="bbox 232 2925 650 2964; baseline 0.002 -6"><span class='ocrx_word' id='word_1_464' title='bbox 232 2925 299 2958; x_wconf 86' lang='lat' dir='ltr'><em>Ms.</em></span> <span class='ocrx_word' id='word_1_465' title='bbox 330 2926 413 2964; x_wconf 72' lang='lat' dir='ltr'><em>cite,</em></span> <span class='ocrx_word' id='word_1_466' title='bbox 443 2926 505 2958; x_wconf 78' lang='lat' dir='ltr'><em>fol.</em></span> <span class='ocrx_word' id='word_1_467' title='bbox 535 2926 579 2958; x_wconf 81' lang='grc'><em>48</em></span> <span class='ocrx_word' id='word_1_468' title='bbox 607 2931 650 2959; x_wconf 87' lang='lat' dir='ltr'><em>r⁰.</em></span> 
     </span>
     <span class='ocr_line' id='line_1_46' title="bbox 233 2978 655 3017; baseline 0.002 -7"><span class='ocrx_word' id='word_1_469' title='bbox 233 2979 299 3011; x_wconf 92' lang='lat' dir='ltr'><em>Ms.</em></span> <span class='ocrx_word' id='word_1_470' title='bbox 329 2979 412 3017; x_wconf 76' lang='lat' dir='ltr'><em>cite,</em></span> <span class='ocrx_word' id='word_1_471' title='bbox 442 2978 503 3011; x_wconf 83' lang='lat' dir='ltr'><em>fol.</em></span> <span class='ocrx_word' id='word_1_472' title='bbox 532 2980 577 3011; x_wconf 85' lang='lat'><em>36</em></span> <span class='ocrx_word' id='word_1_473' title='bbox 606 2984 655 3011; x_wconf 59' lang='grc' dir='ltr'><em>ΥΟ.</em></span> 
     </span>
     <span class='ocr_line' id='line_1_47' title="bbox 233 3031 641 3071; baseline 0 -7"><span class='ocrx_word' id='word_1_474' title='bbox 233 3032 300 3065; x_wconf 89' lang='lat' dir='ltr'><em>Ms.</em></span> <span class='ocrx_word' id='word_1_475' title='bbox 328 3032 412 3071; x_wconf 72' lang='lat' dir='ltr'><em>cite,</em></span> <span class='ocrx_word' id='word_1_476' title='bbox 440 3031 502 3064; x_wconf 83' lang='lat' dir='ltr'><em>fol.</em></span> <span class='ocrx_word' id='word_1_477' title='bbox 529 3033 573 3064; x_wconf 85' lang='lat'><em>37</em></span> <span class='ocrx_word' id='word_1_478' title='bbox 599 3036 641 3064; x_wconf 89' lang='lat' dir='ltr'><em>r0.</em></span> 
     </span>
     <span class='ocr_line' id='line_1_48' title="bbox 195 3084 663 3121; baseline 0 -4"><span class='ocrx_word' id='word_1_479' title='bbox 195 3111 202 3117; x_wconf 92' lang='lat'><strong>.</strong></span> <span class='ocrx_word' id='word_1_480' title='bbox 233 3085 300 3117; x_wconf 84' lang='lat' dir='ltr'><em>Ms.</em></span> <span class='ocrx_word' id='word_1_481' title='bbox 327 3085 410 3121; x_wconf 67' lang='lat' dir='ltr'><em>cite,</em></span> <span class='ocrx_word' id='word_1_482' title='bbox 438 3084 499 3117; x_wconf 87' lang='lat' dir='ltr'><em>fol.</em></span> <span class='ocrx_word' id='word_1_483' title='bbox 527 3085 596 3117; x_wconf 71' lang='lat'><em>102</em></span> <span class='ocrx_word' id='word_1_484' title='bbox 621 3090 663 3117; x_wconf 89' lang='lat'><em>1⁰.</em></span> 
     </span>
    </p>
   </div>
   <div class='ocr_carea' id='block_1_4' title="bbox 169 2821 201 3117">
    <p class='ocr_par' dir='ltr' id='par_1_6' title="bbox 169 2821 201 3117">
     <span class='ocr_line' id='line_1_49' title="bbox 169 2821 201 3117; textangle 90"><span class='ocrx_word' id='word_1_485' title='bbox 169 2821 201 3117; x_wconf 35' lang='lat' dir='ltr'><em>aaran?</em></span> 
     </span>
    </p>
   </div>
  </div>
 </body>
</html>
