2083 3458
260 189 340 230 548
914 204 1063 229 NOTAE
1100 205 1159 229 AD
1195 205 1323 229 viTAs
1815 188 1967 245 [1031]

259 295 320 324 est
340 287 456 325 illum
477 287 600 325 fuisse.
621 287 862 337 episcopum
884 287 1155 325 Castrensem.
1181 286 1234 324 Et
1254 294 1398 325 tamen
1416 287 1483 326 ille
1504 297 1676 327 vocatus
1698 304 1781 327 non
1801 296 1863 327 est
1884 302 1967 326 car-

259 346 405 384 dinalis
424 346 664 393 Castrensis,
682 354 729 383 ut
746 354 836 384 tum
854 346 1058 394 solebant,
1074 346 1143 383 sed
1162 346 1380 385 cardinalis
1398 346 1735 398 Montismajoris.
1752 349 1968 387 Praeterea

257 406 344 455 ipse
374 407 532 444 nullam
562 406 788 444 Castrensis
820 406 1082 455 episcopatus
1114 405 1369 445 mentionem
1398 406 1498 444 facit
1526 407 1568 445 in
1598 423 1670 446 suo
1700 415 1968 446 testamento.

260 465 376 502 Adde
398 466 509 515 quod
532 465 806 514 Raymundus
828 465 877 503 de
900 465 1051 503 Sancta
1074 464 1247 502 Gemma
1277 465 1455 503 decanus
1487 466 1692 506 Ecclesiae
1714 468 1762 505 de
1782 466 1970 504 Burlatio

262 538 383 573 quem
408 538 458 562 ex
480 525 662 573 Registro
687 524 845 562 Urbani
870 524 904 561 V
920 524 1080 562 factum
1104 524 1227 563 fuisse
1252 525 1492 574 episcopum
1516 526 1775 564 Castrensem
1792 533 1970 571 constat,

259 598 367 622 anno
386 583 678 631 MCCCLXIV,
698 598 785 621 xvn
804 584 870 621 kal
886 583 991 633 junii
1019 583 1085 633 [16
1101 584 1182 621 mai
1197 583 1222 633 ],
1241 597 1332 621 eam
1345 584 1586 623 cathedram
1601 600 1730 635 usque
1747 585 1799 623 ad
1815 598 1971 623 annum

261 643 584 681 MCCCLXXIV
608 643 759 681 sedisse
783 643 987 693 reperitur
1008 643 1050 680 in
1076 642 1310 692 Necrologio
1335 643 1572 682 Carthasiae
1593 644 1819 682 Castrensis
1841 645 1972 682 relato

258 703 300 740 in
321 710 436 740 tomo
458 703 590 752 primo
618 702 773 740 Galliae
793 702 1047 741 christianae.
1073 702 1198 740 Plane
1221 702 1429 742 difficilem
1450 718 1534 742 esse
1555 718 1641 742 rem
1664 704 1783 742 video
1798 703 1826 742 1.

314 762 428 800 Obiit
450 762 625 801 Viterbii
645 776 755 800 anno
778 762 1064 800 MCCCLXIX
1086 762 1149 800 die
1173 776 1227 799 v11
1250 762 1442 810 octobris,
1463 763 1702 813 ibidemque
1724 763 1910 813 sepultus
1931 762 1972 799 in

261 822 428 859 ecclesia
454 821 632 860 fratrum
659 821 877 860 Minorum.
906 822 983 860 Sed
1008 830 1153 872 postea
1180 836 1325 872 corpus
1352 822 1453 872 ejus,
1480 823 1541 861 uti
1564 823 1650 873 ipse
1676 823 1820 861 vivens
1845 829 1973 860 testa-

260 889 400 919 mento
431 881 624 930 jusserat,
658 882 910 919 translatum
942 889 1004 919 est
1035 881 1147 931 apud
1181 882 1508 922 Mortuummare
1538 882 1581 920 in
1613 882 1757 921 eadem
1789 881 1971 920 marchia

263 941 559 988 Lemovicensi,
577 940 649 978 ubi
668 941 779 990 jacet
800 941 841 978 in
863 942 1031 979 ecclesia
1058 942 1233 979 fratrum
1250 941 1620 991 Augustinensium
1645 955 1738 979 cum
1761 940 1973 991 epitaphio

262 1000 372 1050 quod
393 1000 553 1038 editum
573 1008 635 1039 est
654 1000 763 1039 inter
783 1000 1045 1038 Probationes
1074 1000 1263 1039 historiae
1281 1001 1553 1038 cardinalium
1579 1001 1796 1048 Gallorum,
1821 1015 1860 1050 p.
1883 999 1971 1037 435.

315 1059 414 1109 Ejus
437 1067 740 1099 testamentum
762 1060 921 1098 editum
941 1074 1105 1110 quoque
1127 1069 1189 1099 est
1209 1061 1318 1099 inter
1339 1061 1505 1099 easdem
1523 1061 1800 1107 Probationes,
1820 1074 1859 1109 p.
1883 1058 1960 1097 435

314 1119 357 1158 P.
378 1118 467 1166 369,
486 1119 553 1168 lig.
575 1119 609 1157 3.
632 1120 859 1158 FRANcisc.
883 1134 937 1156 DE
958 1120 1228 1158 CABALDESIS
1248 1119 1274 1167 2,
1297 1120 1533 1159 Romanum
1552 1135 1602 1158 ex
1620 1120 1777 1158 familia
1799 1118 1973 1169 plebeia,

260 1187 307 1216 ut
330 1186 513 1216 testatur
537 1178 665 1217 frater
690 1179 835 1217 Petrus
862 1179 1151 1227 Cordubensis,
1177 1179 1305 1217 frater
1328 1180 1568 1219 monasterii
1594 1179 1734 1217 Sancti
1756 1178 1975 1216 Bartholo-

260 1239 365 1277 maei
389 1238 437 1275 de
462 1238 663 1288 Lupiana,
689 1239 840 1277 ordinis
864 1239 996 1277 sancti
1022 1239 1279 1288 Hieronymi,
1304 1239 1586 1279 Toletanensis
1611 1238 1819 1277 dioecesis.
1848 1238 1976 1275 Inter-

260 1305 427 1347 rogatus
450 1298 559 1335 enim
581 1312 703 1348 super
724 1298 784 1336 his
808 1312 912 1348 quae
936 1306 1049 1348 gesta
1072 1307 1170 1336 sunt
1194 1299 1350 1337 Romae
1372 1306 1466 1349 post
1493 1307 1670 1336 mortem
1692 1297 1875 1347 Gregorii
1899 1296 1974 1339 XI,

262 1364 486 1407 postquam
512 1357 685 1396 dixisset
710 1357 867 1395 famam
892 1358 1115 1396 surrexisse
1142 1358 1190 1396 de
1216 1358 1415 1396 electione
1441 1358 1660 1396 cardinalis
1683 1357 1824 1395 Sancti
1850 1355 1975 1401 Petri,

260 1416 474 1466 respondit
496 1417 606 1466 quod
629 1431 722 1455 cum
744 1417 872 1455 frater
893 1418 1086 1456 Velascus
1109 1418 1161 1455 ad
1183 1418 1378 1456 conclave
1399 1418 1545 1456 missus
1567 1417 1713 1455 fuisset
1738 1430 1760 1454 a
1783 1416 1906 1454 Petro
1928 1415 1976 1453 de

264 1476 392 1524 Luna,
414 1476 575 1514 invenit
606 1490 801 1526 magnam
822 1477 1138 1515 multitudinem
1170 1478 1313 1527 populi
1343 1486 1439 1515 ante
1472 1485 1639 1527 portam
1673 1475 1878 1514 conclavis
1907 1475 1975 1524 qui

262 1536 502 1573 clamabant
515 1544 556 1574 et
570 1536 921 1583 vociferabantur,
942 1536 1179 1574 Romanum
1200 1538 1409 1583 volumus3
1429 1537 1529 1574 inter
1544 1550 1639 1586 quos
1654 1535 1756 1573 dixit
1774 1549 1814 1572 se
1831 1534 1977 1572 vidisse

261 1595 394 1643 plures
422 1596 637 1645 populares
666 1595 710 1633 de
737 1596 941 1645 parentela
968 1596 1189 1633 cardinalis
1219 1596 1356 1634 Sancti
1384 1596 1506 1644 Petri,
1538 1596 1605 1646 qai
1633 1604 1714 1632 erat
1742 1595 1786 1632 de
1813 1593 1974 1644 populo.

261 1653 543 1693 Confirmatur
564 1655 677 1693 istud
700 1656 953 1694 auctoritate
978 1655 1220 1694 Theodorici
1244 1657 1292 1693 de
1316 1655 1454 1701 Niem;
1477 1656 1546 1705 qui
1571 1655 1613 1692 in
1634 1654 1754 1693 initio
1777 1654 1976 1691 librorum

274 1713 326 1763 [p.
365 1714 411 1764 7]
449 1728 549 1764 quos
585 1715 748 1764 scripsit
783 1715 832 1753 de
867 1715 1103 1762 schismate,
1139 1729 1383 1753 enumerans
1420 1715 1646 1752 cardinales
1686 1713 1850 1751 Italicos
1885 1720 1975 1749 tum

262 1773 449 1811 viventes
469 1788 597 1823 quum
614 1775 792 1812 schisma
810 1775 959 1824 coepit,
977 1782 1187 1824 postremo
1204 1775 1312 1812 inter
1329 1789 1395 1812 eos
1412 1775 1501 1812 loco
1518 1774 1709 1813 nominat
1724 1772 1977 1810 cardinalem

261 1832 402 1871 Sancti
425 1833 549 1881 Petri,
574 1847 696 1883 quem
718 1834 777 1871 ait
800 1834 922 1871 fuisse
944 1834 989 1871 de
1009 1833 1196 1871 mediocri
1216 1842 1333 1872 stata.
1360 1833 1506 1872 Nescio
1527 1841 1669 1871 autem
1690 1846 1742 1870 an
1764 1832 1816 1869 ad
1839 1830 1978 1869 condi-

260 1892 417 1930 tionem
445 1892 532 1941 ejus
560 1892 602 1930 id
632 1907 796 1943 quoque
824 1893 964 1931 referri
991 1901 1131 1943 posset
1160 1893 1271 1942 quod
1298 1893 1449 1943 legitur
1478 1893 1521 1930 in
1549 1889 1839 1942 depositione3
1867 1889 1978 1928 Petri

261 1950 420 1989 Alfonsi
442 1952 628 1990 canonici
651 1952 921 2002 Hispalensis,
942 1953 1138 1991 nimirum
1162 1952 1385 2000 Romanos,
1408 1966 1502 1990 cum
1522 1952 1712 1989 viderent
1731 1951 1848 1988 illum
1866 1963 1979 1988 recu-

261 2024 349 2048 sare
371 2024 580 2050 summum
600 2012 911 2061 pontificatum,
934 2012 986 2049 ad
1009 2026 1131 2062 quem
1152 2012 1256 2050 serio
1277 2013 1455 2050 electum
1474 2011 1686 2061 putabant
1708 2010 1857 2047 dixisse
1879 2008 1980 2058 qaod

262 2069 482 2107 cardinalis
511 2070 649 2108 Sancti
678 2071 788 2109 Petri
817 2080 898 2108 era}
926 2071 1107 2121 captivas
1136 2080 1169 2108 et
1199 2071 1310 2120 filias
1338 2070 1500 2121 captivi,
1529 2071 1597 2121 qai
1626 2070 1754 2107 noluit
1780 2076 1980 2117 acceptare

262 2129 497 2168 electionem.
518 2130 723 2180 Nepotem
736 2130 885 2169 habuit
904 2130 1201 2171 Annibaldum.
1220 2130 1327 2169 Nam
1345 2130 1525 2168 Didacus
1542 2129 1709 2167 Martini
1726 2129 1774 2166 de
1792 2127 1978 2173 Urduna‚

264 2189 484 2227 canonicus
507 2189 745 2237 Toletanus,
766 2190 1046 2240 interrogatus
1064 2189 1080 2212 4
1099 2205 1221 2240 super
1242 2190 1440 2228 electione
1463 2189 1621 2227 Urbani
1643 2188 1749 2226 dixit
1769 2187 1873 2237 qaod
1891 2200 1980 2223 cum

266 2247 351 2296 ipse
375 2257 472 2285 esset
498 2248 541 2285 in
566 2248 714 2286 Sancta
741 2249 881 2286 illaria
906 2250 951 2286 de
978 2250 1109 2286 Trans
1137 2249 1324 2299 Tyberim
1349 2249 1505 2287 afztdivit
1529 2248 1608 2285 dici
1634 2247 1736 2297 qaod
1758 2245 1979 2284 cardinalis

313 2391 344 2424 1.
376 2391 563 2435 L'eveque
610 2393 654 2425 de
701 2392 848 2426 Castres
895 2394 1032 2437 auquel
1080 2394 1284 2436 Raymond
1330 2394 1373 2426 de
1419 2392 1725 2426 sainte-Gemma
1753 2391 1914 2425 succeda
1940 2392 1971 2424 le

266 2445 308 2476 27
336 2445 412 2477 mai
438 2446 532 2478 1364
558 2457 602 2478 ne
630 2446 832 2489 s’appelait
859 2458 924 2490 pas
954 2447 1075 2480 Pierre
1104 2448 1147 2479 de
1176 2447 1340 2486 Danhac,
1370 2446 1463 2479 mais
1494 2446 1614 2478 Pieri-e
1643 2446 1705 2479 des
1734 2445 1823 2478 Prez
1853 2445 1971 2488 (Albe,

265 2497 409 2530 Autoar
429 2499 469 2530 de
488 2498 586 2531 Jean
604 2499 742 2539 XXII,
767 2506 791 2533 t.
812 2512 850 2539 11,
872 2512 906 2544 p.
926 2501 1006 2539 150,
1028 2506 1065 2533 et
1087 2500 1126 2533 L.
1150 2500 1193 2533 de
1216 2500 1366 2543 Lacgcr‚
1388 2493 1492 2532 Etats
1512 2497 1808 2541 administratis-s,
1822 2510 1857 2542 p.
1875 2498 1972 2541 324).

269 2550 389 2583 Pierre
412 2551 455 2583 dc
476 2552 630 2585 Banhac
651 2553 713 2585 n’a
734 2565 800 2597 pas
822 2555 880 2587 ete
902 2555 1044 2597 eveque
1066 2554 1109 2586 de
1133 2553 1291 2587 Castres.
1314 2573 1362 2576 —
1381 2553 1452 2586 Sur
1471 2553 1534 2592 lui,
1558 2552 1639 2585 voir
1659 2553 1878 2591 Bellamera‚
1902 2559 1928 2584 t.
1949 2564 1973 2591 1,

267 2604 328 2636 l'ol.
353 2604 408 2643 86,
432 2605 498 2638 col.
522 2606 542 2639 3
577 2605 704 2649 [Bai]

316 2657 346 2690 2·
377 2657 513 2690 Baluze
544 2659 672 2702 ajoute
703 2672 709 2691 t
741 2659 962 2699 ,Franciscus
993 2661 1036 2693 de
1067 2660 1344 2699 Thebaldcscis‚
1376 2659 1575 2692 cardinalis
1606 2659 1707 2692 tituli
1737 2658 1771 2692 S.
1803 2657 1976 2698 Sabinae,

269 2710 435 2743 habebat
464 2711 571 2754 plura
599 2712 638 2744 in
668 2712 800 2753 Gallia,
831 2713 1059 2746 nominatim
1088 2713 1345 2757 praebendam
1373 2719 1411 2746 et
1440 2712 1717 2745 thesaurariam
1743 2711 1782 2745 in
1812 2711 1979 2744 Ecclesia

270 2762 507 2806 Lfflgoncnsi,
523 2771 567 2796 ut
589 2772 697 2808 patet
718 2778 763 2798 cx
786 2767 1050 2809 procuratione
1073 2767 1153 2810 ejus
1177 2767 1267 2799 data
1290 2766 1447 2809 Aegidio
1470 2767 1513 2799 dc
1538 2766 1689 2809 Ulceyo,
1714 2764 1979 2798 archidiacono

269 2815 457 2848 Heleduni
472 2817 509 2849 in
528 2818 693 2851 Ecclesia
706 2819 921 2859 Senonensi,
941 2821 1031 2852 data
1048 2832 1147 2853 anno
1164 2821 1269 2854 1374.
1286 2819 1491 2852 indictione
1510 2815 1673 2866 XII‚{die
1689 2819 1799 2851 lunae
1816 2818 1860 2851 23
1877 2829 1979 2850 men-

269 2868 315 2900 sis
345 2870 519 2909 octobris,
549 2873 809 2913 praesentibus
831 2873 1108 2906 venerabilibus
1137 2873 1223 2905 viris
1246 2873 1464 2905 Theobaldo
1492 2873 1535 2906 de
1556 2872 1859 2910 Thebaldeschis,
1883 2871 1980 2903 basi-

271 2921 359 2954 licae
391 2922 567 2966 principis
598 2926 858 2968 apostolorum
888 2927 931 2959 de
964 2927 1078 2966 Urbe,
1110 2933 1146 2959 ct
1176 2926 1322 2959 -Jacobo
1353 2926 1536 2966 Textoris,
1570 2925 1747 2968 Dignensi
1778 2924 1977 2963 canonicis,

275 2975 432 3007 testibus
458 2976 504 3007 ad
529 2978 733 3019 praemissa
758 2979 901 3012 vocatis
925 2980 1138 3023 specialiter
1161 2986 1198 3012 et
1222 2979 1361 3022 rogatis
1390 2979 1534 3021 (Parch.
1560 2978 1725 3021 Baluze).

322 3029 353 3059 3.
384 3028 422 3060 lj.
454 3028 509 3064 N.,
539 3042 603 3062 ms.
633 3031 726 3063 latin
753 3032 884 3071 11745,
913 3033 973 3066 fol.
1002 3034 1071 3065 114
1097 3038 1140 3066 ΓΟ.

322 3081 354 3111 ιἰ.
387 3081 449 3113 ΜΒ.
481 3082 563 3122 cite,
596 3083 654 3116 sol.
690 3085 753 3117 132
785 3090 833 3118 νο.
