2083 3458
103 214 226 269 [734]
628 232 842 257 PAPARUM
880 231 1262 257 AVENIONENSIUM
1703 216 1782 258 231

87 313 298 363 stipendiis
314 313 422 361 meis,
435 322 550 363 proiit
564 314 708 351 eisdem
719 315 985 352 executoribus
997 323 1065 352 ant
1078 315 1148 352 uni
1163 330 1208 353 ea:
1223 315 1324 365 ipsis
1339 316 1532 353 videbitur
1544 316 1784 365 jaciendum.

90 371 166 410 Sed
196 372 289 410 huic
320 372 578 421 conjecturae
611 373 778 411 obstant
809 387 853 412 ea
885 387 989 423 quae
1018 374 1209 423 leguntur
1243 374 1285 412 in
1315 374 1443 412 veteri
1473 375 1653 424 quodam
1682 375 1785 413 libro

88 430 291 470 Ecclesiae
313 431 590 469 Narbonensis
608 447 614 468 :
632 432 751 468 Anno
767 432 1051 470 MCCCLVJI
1075 432 1136 470 die
1157 447 1214 470 xv
1239 433 1423 482 januarii
1447 433 1526 483 fait
1544 435 1720 484 sepultus
1742 434 1785 471 in

85 490 256 539 presenti
288 490 448 528 ecclesia
478 490 614 528 Sancti
651 490 759 527 Jasti
789 491 1064 529 Narbonensis
1096 492 1266 530 Ecclesie
1299 493 1527 530 reverendus
1559 492 1601 530 in
1630 492 1785 531 Christo

85 556 195 598 pater
209 549 393 587 dominas
414 549 635 587 Gathardus
647 549 723 586 Dei
739 550 867 598 gratia
883 550 1021 588 Sancte
1035 550 1156 600 Lucie
1171 551 1214 588 in
1227 551 1336 588 silice
1351 551 1540 589 diaconas
1555 551 1783 591 cardinalis.

142 608 345 646 Eumdem
362 608 615 646 Galhardum
630 608 754 646 fuisse
772 609 1104 647 archidiaconum
1122 609 1395 648 Oxoniensem
1413 609 1428 632 1
1445 610 1564 648 docet
1581 610 1784 649 Antonius

89 680 111 704 a
130 666 260 705 WVood
279 667 320 704 in
338 667 521 705 Historia
546 667 825 705 Universitatis
844 668 1093 715 Oxoniensis,
1114 683 1151 718 p.
1175 668 1261 715 160,
1283 668 1370 715 164,
1392 669 1478 707 170.

141 725 183 764 Ρ.
217 724 304 773 154,
344 725 410 775 lig.
443 725 503 764 10.
548 726 779 764 JOHANNES
822 727 1042 765 GAIETANI.
1078 727 1197 764 Illum
1237 727 1359 765 fuisse
1400 727 1626 765 maximum
1666 727 1783 777 juris-

84 784 263 833 peritum
281 784 339 823 ait
356 784 567 823 Albericus
586 799 608 822 a
628 785 781 823 Rosate
795 784 836 822 in
855 785 985 835 glossa
1003 785 1054 823 ad
1070 785 1502 834 confirmationem,ff.,
1516 786 1583 825 fol.
1602 787 1636 834 7,
1654 787 1726 825 col.
1747 786 1782 834 1,

87 843 196 892 quod
221 843 346 882 etiam
369 851 488 893 patet
513 857 563 882 ex
587 842 754 881 consilio
779 843 855 881 224
879 844 1047 882 Oldradi
1072 844 1121 883 de
1146 844 1304 883 Ponte2
1338 845 1422 895 [fol.
1450 845 1524 883 120
1546 845 1621 896 r0].

139 901 289 940 Factus
317 910 379 941 est
406 901 601 940 diaconus
631 902 846 940 cardinalis
874 903 987 941 tituli
1017 903 1155 941 Sancti
1175 903 1377 942 Theodori
1405 918 1427 941 a
1457 904 1616 943 ,Joanne
1641 904 1782 951 XXII,

84 974 192 998 anno
224 961 478 1008 MCCCXVI,
511 969 552 999 et
582 961 752 999 tandem
783 975 890 999 anno
924 961 1207 1000 MCCCXXVI
1238 962 1384 1000 missus
1419 971 1480 1001 est
1521 963 1679 1012 legatus
1698 963 1713 985 3
1742 962 1783 1000 in

88 1017 251 1057 Italiam
277 1020 329 1058 ad
357 1019 708 1070 comprimendam
734 1020 950 1058 audaciam
976 1021 1126 1058 Bavari
1149 1029 1190 1059 et
1216 1019 1437 1071 antipapae
1465 1029 1505 1059 et
1525 1021 1577 1059 ad
1605 1036 1784 1072 compes-

85 1078 232 1116 cendos
276 1093 398 1117 ausus
440 1078 613 1117 aliorum
655 1078 866 1117 rebellium
913 1079 1067 1117 Italiae.
1106 1079 1206 1117 Vide
1250 1080 1579 1119 continuatorem
1623 1080 1784 1131 Nangii,

85 1135 130 1186 [t.
154 1152 195 1184 11,
211 1151 250 1188 p.
269 1136 347 1187 11]‚
366 1138 570 1176 Joannem
584 1137 747 1185 Villan.,
762 1137 832 1175 lib.
852 1138 924 1185 IX,
943 1152 1029 1188 cap.
1049 1153 1208 1186 cccxm,
1228 1153 1389 1176 ccexml
1408 1139 1634 1189 [Muratorn
1651 1147 1680 1177 t.
1698 1153 1783 1186 xl11,

84 1196 157 1234 col.
183 1195 259 1234 596
285 1204 326 1234 et
351 1195 463 1246 599];
488 1196 822 1246 Boninsegnium,
848 1211 886 1247 p.
915 1197 1003 1244 191,
1031 1196 1118 1244 192,
1145 1197 1239 1244 1943
1262 1197 1512 1247 Cyprianum
1534 1198 1783 1245 Manentem,

82 1254 238 1362 ῙΞ.1217,
258 1255 482 1293 Historiam
504 1255 825 1303 Pistoriensium,
846 1271 884 1305 p.
909 1255 957 1293 97
980 1264 1020 1294 et
1042 1256 1263 1294 Odoricum
1286 1256 1562 1305 Raynaldum,
1582 1270 1646 1295 an.
1671 1256 1784 1303 1326,

155 1346 162 1362 ,
188 1314 223 1353 4.

137 1390 225 1439 Qua
249 1399 498 1441 tempestate
522 1391 736 1429 abbatiam
761 1391 1040 1429 Florentinam
1065 1391 1207 1429 datam
1232 1391 1266 1429 ei
1290 1391 1412 1430 fuisse
1436 1391 1477 1429 in
1502 1392 1785 1430 commendam

83 1449 225 1488 scribit
249 1450 437 1489 Placidus
462 1450 715 1489 Puceinellus
736 1451 751 1473 ⁴
772 1450 813 1488 in
837 1458 1041 1500 apparatu
1065 1450 1113 1488 de
1140 1450 1370 1488 Illustribus
1393 1450 1576 1500 ejusdem
1595 1450 1786 1489 abbatiae

85 1508 194 1556 viris,
220 1523 258 1559 p.
287 1507 348 1548 26.

136 1567 256 1606 Anno
281 1568 603 1616 MCCCXXVII,
630 1568 693 1607 die
719 1582 823 1606 xxiv
846 1568 964 1618 junii,
989 1568 1270 1618 promulgavit
1291 1568 1540 1606 sententiam
1564 1568 1693 1606 latam
1718 1568 1786 1605 ad-

86 1640 225 1665 versus
244 1627 454 1665 Bavarum
474 1627 726 1666 haereticum
747 1635 788 1666 et
808 1635 1110 1678 persecutorem
1132 1627 1354 1676 Ecclesiae3
1374 1627 1634 1677 Boninsegni‚
1650 1627 1789 1677 p.202;

87 1685 247 1724 Odoric.
275 1686 494 1735 Raynald.,
513 1700 578 1725 an.
600 1686 714 1734 1327,
740 1686 756 1735 ἓ
777 1687 810 1725 7.

137 1744 314 1783 Jubetur
339 1745 485 1784 deinde
512 1746 688 1783 Romam
712 1745 936 1795 proficisci;
963 1745 1123 1783 Odoric.
1152 1745 1371 1794 Raynald,
1396 1759 1460 1783 an.
1490 1744 1603 1792 1327,
1631 1745 1647 1793 ἓ
1674 1745 1733 1783 14.

137 1803 294 1842 Eodem
324 1812 522 1854 tempore,
555 1812 602 1842 ut
633 1805 756 1854 paulo
789 1812 884 1843 ante
918 1803 1074 1842 dictum
1107 1812 1181 1851 est,
1216 1804 1395 1842 ‚Ioannes
1435 1817 1543 1854 papa
1576 1803 1787 1842 abbatiam

86 1861 365 1900 Florentinam
400 1863 514 1902 dedit
548 1863 590 1900 in
625 1863 911 1902 commendam
948 1863 1098 1901 Joanni
1137 1863 1291 1912 legato3
1326 1862 1587 1912 Boninsegni,
1623 1877 1661 1912 p.
1699 1862 1786 1900 211.

86 1921 265 1960 joannes
288 1921 474 1961 Andreae
496 1922 538 1960 in
560 1936 647 1972 cap.
667 1922 711 1960 Si
735 1922 914 1971 gratiose,
928 1923 988 1960 De
1009 1921 1208 1972 rescriptis
1229 1921 1271 1959 in
1292 1921 1405 1960 Sexto
1429 1938 1435 1959 2
1460 1922 1510 1959 Et
1530 1922 1587 1958 sic
1608 1921 1788 1958 consului

84 1980 127 2016 cte
148 1981 375 2018 commenda
394 1980 576 2019 abbatiae
597 1982 641 2019 de
656 1981 859 2019 Florentia
877 1981 982 2030 facta
996 1980 1446 2026 recolendaememoriae
1463 1980 1620 2018 domino
1638 1981 1789 2017 Joanm'

86 2038 220 2076 Sancti
250 2039 440 2078 Theodori
467 2040 630 2078 diacono
657 2040 853 2078 cardinali
880 2048 972 2078 tanc
998 2040 1041 2078 in
1069 2039 1217 2077 Tuscia
1242 2040 1377 2088 legato.

138 2098 198 2136 Ea
237 2106 487 2149 tempestate
518 2099 644 2137 frater
687 2099 925 2137 Franciscus
956 2099 1049 2136 Toti
1091 2099 1138 2137 de
1172 2098 1350 2145 Perusio,
1385 2097 1536 2135 ordinis
1570 2097 1786 2144 Minorum,

86 2156 247 2207 scripsit
282 2165 511 2196 tractatum
544 2159 603 2196 De
637 2165 822 2208 potestate
856 2158 1067 2205 Ecclesiae,
1106 2171 1227 2207 quem
1263 2171 1303 2195 se
1340 2156 1544 2207 scripsisse
1582 2156 1639 2193 ait
1673 2156 1786 2205 jussu

86 2214 270 2264 ejusdem
291 2216 428 2266 legati.
454 2216 517 2255 Sic
541 2217 648 2255 enim
670 2217 818 2267 legitur
846 2217 888 2254 in
911 2216 1048 2255 codice
1071 2215 1149 2254 506
1169 2215 1441 2254 bibliothecae
1466 2214 1721 2253 Colbertinae
1741 2214 1755 2235 5
1781 2230 1787 2251 z

85 2273 170 2322 Ego
195 2274 316 2323 frater
341 2275 583 2313 Francisciis
623 2276 711 2313 Toti
749 2276 794 2313 de
835 2276 1015 2322 Perusio,
1044 2274 1286 2325 professione
1327 2274 1479 2321 Mino'r,
1522 2274 1565 2311 de
1606 2273 1789 2310 mandato

85 2333 281 2371 reverendi
307 2334 435 2384 patris
461 2343 495 2372 et
520 2334 672 2372 domini
700 2334 774 2372 mei
802 2335 954 2372 domini
984 2334 1183 2372 Johannis
1211 2333 1250 2372 S.
1271 2332 1460 2370 Theodori
1480 2332 1636 2369 diaconi
1664 2331 1788 2368 cardi-

87 2392 192 2429 nalis
216 2400 250 2430 et
273 2393 391 2442 legati
413 2393 526 2431 Sedis
550 2393 760 2444 apostolice
787 2393 829 2431 in
853 2393 1027 2431 Thuscia
1051 2392 1238 2443 predicta,
1256 2391 1371 2441 juxta
1393 2391 1545 2439 ingenii
1567 2390 1642 2427 mei
1664 2390 1788 2427 tenui-

85 2457 212 2498 tatem,
245 2465 304 2489 me
332 2452 409 2490 zelo
441 2461 599 2502 argente
628 2452 787 2490 honoris
808 2452 975 2490 Domini
1006 2467 1050 2490 ac
1073 2459 1203 2489 sancte
1230 2464 1388 2488 romane
1414 2449 1584 2487 Ecclesie
1613 2449 1678 2486 sni
1709 2449 1787 2485 veri

83 2509 254 2559 pastoris
271 2511 516 2549 sanctissimi
543 2511 669 2562 patris
695 2519 729 2549 et
755 2511 907 2549 domini
935 2510 1086 2548 domini
1117 2509 1316 2547 Johannis
1342 2522 1445 2558 pape
1473 2507 1613 2545 XXII
1643 2506 1785 2544 dictavi

83 2575 118 2605 et
140 2568 298 2618 scripsi.

137 2627 294 2665 Eadem
330 2636 578 2679 tempestate
608 2629 787 2667 Joannes
825 2628 1040 2667 cardinalis
1068 2628 1226 2677 legatus
1255 2625 1517 2663 confirmavit
1545 2624 1783 2662 electionem

132 2778 164 2811 1.
186 2777 346 2812 Cle'ment
367 2778 410 2819 V,
431 2791 466 2813 n.
488 2780 592 2814 9554.
612 2799 661 2803 -—
679 2780 750 2813 Sur
769 2779 935 2813 Galhard
955 2779 998 2811 de
1018 2778 1054 2811 la
1072 2777 1212 2816 Mothe,
1234 2775 1315 2808 voir
1334 2774 1468 2814 Gener,
1488 2774 1665 2807 Benedilft
1682 2773 1781 2815 XII,

83 2841 117 2873 p.
135 2830 222 2870 185;
239 2830 404 2872 Schafer,
419 2832 597 2866 Benedikt
611 2833 709 2873 XII,
726 2844 761 2877 p.
780 2833 866 2872 694;
883 2831 1005 2871 Vidal,
1023 2837 1048 2863 t.
1064 2842 1116 2870 111,
1133 2841 1168 2873 p.
1186 2829 1248 2868 913
1263 2827 1411 2867 Archiv,
1428 2833 1455 2860 t.
1473 2839 1507 2867 v,
1525 2838 1559 2870 p.
1579 2827 1658 2859 155.

132 2884 163 2918 2.
194 2884 360 2919 Oldrado
387 2886 509 2919 donne
536 2898 604 2930 par
629 2898 755 2920 erreur
779 2898 827 2920 au
854 2885 1021 2919 cardinal
1046 2885 1078 2916 le
1104 2894 1194 2915 nom
1220 2883 1264 2914 de
1291 2882 1465 2924 Jacques.

129 2938 162 2971 3.
193 2937 261 2971 Les
290 2938 409 2971 bulles
438 2940 628 2981 enoncant
656 2931 712 2973 ses
742 2939 919 2983 pouvoirs
948 2943 1035 2970 sont
1064 2937 1191 2969 datees
1223 2935 1272 2967 du
1301 2935 1344 2967 17
1375 2933 1469 2966 avril
1498 2934 1591 2966 1326
1625 2932 1780 2975 (Mollat,

80 3001 116 3023 n.
144 2990 426 3035 26398-26438).

131 3043 163 3076 4.
193 3043 314 3084 Vidal,
338 3056 372 3078 n.
396 3045 490 3078 3840
512 3051 550 3078 et
570 3045 676 3078 4082.

133 3097 164 3129 5.
195 3096 235 3129 B.
268 3097 324 3136 N„
348 3109 414 3130 ms.
437 3098 533 3130 latin
553 3097 658 3137 4046,
681 3098 705 3131 f.
729 3098 798 3130 118
821 3101 871 3130 v0.
