2083 3458
84 182 207 238 [773]
609 198 825 223 PAPARUM
861 198 1246 224 AVENIONENSIUM
1689 183 1770 224 275

71 282 312 321 dehortatus
338 289 443 320 esset
467 296 517 320 ne
544 281 747 320 Joannem
770 281 980 320 Birellium
1005 282 1225 320 eveherent
1250 282 1302 319 ad
1328 282 1477 320 summi
1501 284 1770 333 pontificatus

71 340 294 390 fastigium,
314 340 417 379 alter
436 339 487 377 ad
505 339 606 378 illud
626 348 791 379 evectus
811 347 873 379 est
893 340 943 378 ob
963 339 1210 379 discordiam
1229 340 1395 390 quidem
1415 342 1684 380 cardinalium
1703 345 1772 382 sed

70 399 352 438 annitentibus
384 398 427 436 in
458 398 598 448 primis
632 399 891 448 Talayrando
924 407 964 437 et
998 398 1184 437 Guidone
1217 399 1265 438 de
1296 399 1481 449 Bolonia,
1514 409 1562 438 ut
1593 409 1772 440 testatur

71 458 321 497 Froissartus
347 457 389 495 in
414 457 503 496 loco
529 457 652 508 paulo
680 466 776 496 ante
802 458 985 497 laudato.

122 517 201 555 Tot
226 531 272 555 ac
296 515 425 555 tantis
450 516 588 566 magni
612 516 688 555 viri
714 516 903 555 laudibus
928 530 1134 567 opponam
1153 531 1314 555 necesse
1340 525 1401 556 est
1417 532 1520 567 quae
1536 518 1771 560 Matthaeus

69 575 282 623 Villanius,
308 575 377 614 lib.
408 575 476 624 IV,
504 589 591 625 cap.
620 589 782 612 Lxxxvl
812 575 1039 626 [Muratori‚
1066 583 1095 615 t.
1124 590 1209 624 xlv,
1238 576 1311 614 col.
1339 575 1429 626 298]
1458 577 1653 616 adversus
1680 593 1770 617 eun:

69 635 244 685 scripsit,
275 648 427 672 vocans
459 648 552 672 eum
582 633 790 672 hominem
821 642 1082 685 arrogantem
1112 642 1154 673 et
1182 635 1427 674 insolentem
1459 650 1505 674 ac
1536 637 1771 687 superbum.

73 694 309 732 baldandozo
333 701 367 731 et
389 693 558 743 superbo
583 707 662 730 non
686 707 796 730 meno
818 707 886 743 per
910 694 949 731 la
972 693 1152 744 potenzia
1177 694 1236 731 del
1258 708 1329 732 suo
1354 694 1533 744 lignagio
1558 696 1623 734 che
1646 711 1715 746 per
1739 698 1774 735 lo

70 753 216 803 capello
243 765 360 790 rosso,

122 812 229 849 Puto
268 825 360 849 eum
398 810 521 849 fuisse
558 810 690 861 primo
729 810 1063 849 archidiaconum
1102 811 1490 862 petragoricensem,
1529 824 1772 864 argumento

68 869 162 909 inde
189 870 314 908 ducto
341 869 451 919 quod
476 869 518 907 in
543 869 674 920 pactis
702 869 954 908 matrimonii
981 870 1163 920 Agnetis,
1191 871 1278 921 ejus
1305 872 1465 921 sororis,
1494 887 1586 910 cum
1614 874 1772 912 Joanne

70 930 218 968 comite
239 928 456 977 Gravinae,
477 928 588 967 initis
610 942 717 966 anno
739 928 999 976 MCCCXXL
1020 929 1127 967 inter
1147 937 1272 968 testes
1294 930 1495 980 dignitate
1515 940 1773 981 praestantes

70 988 307 1026 nominatur
334 987 472 1026 Helias
509 988 557 1027 de
592 988 871 1038 Petragoris1‚
924 987 1234 1027 archidiaconus
1270 989 1625 1040 petragoricensis.
1659 992 1773 1030 Certe

68 1047 154 1098 ipse
170 1046 213 1084 in
230 1046 471 1085 testamenti
487 1046 639 1085 tabulis
659 1054 837 1085 testatur
855 1061 895 1085 se
913 1046 1182 1097 promotionis
1201 1062 1297 1086 suae
1314 1049 1538 1098 primordia
1556 1052 1775 1101 sumpsisse

68 1106 110 1144 in
133 1105 312 1145 Ecclesia
335 1106 669 1156 Petragoricensi.
695 1105 850 1145 Deinde
878 1106 956 1144 fuit
978 1105 1103 1144 etiam
1122 1106 1431 1146 archidiaconus
1456 1108 1775 1149 Richemondiae

68 1166 110 1204 in
142 1165 321 1204 Ecclesia
357 1165 617 1203 Eboracensi.
650 1164 769 1203 Anno
799 1179 896 1203 vero
928 1165 1227 1214 MCCCXXIV,
1258 1180 1350 1203 cum
1382 1167 1579 1206 Geraldus
1613 1168 1775 1219 Rogerii

69 1225 282 1275 episcopus
314 1223 613 1263 Lemovicensis
645 1224 812 1262 obiisset
840 1223 882 1261 in
913 1223 1081 1263 civitate
1112 1224 1401 1273 Avenionensi‚
1434 1226 1613 1265 Joannes
1646 1227 1774 1266 XXII

69 1283 353 1334 episcopatum
376 1283 709 1322 Lemovicensem
732 1283 766 1321 ei
790 1283 905 1321 dedit
927 1297 964 1321 v1
979 1283 1070 1321 idus
1089 1283 1169 1334 [10]
1187 1283 1377 1323 octobris.
1399 1284 1476 1323 Sed
1499 1293 1639 1324 tamen
1660 1287 1774 1325 illum

70 1356 283 1392 nunquam
319 1341 442 1381 fuisse
479 1350 763 1380 consecratum
800 1342 1037 1392 episcopum
1074 1342 1408 1382 Lemovicensem
1445 1344 1571 1382 hine2
1612 1354 1774 1384 constat

71 1402 180 1451 quod
200 1400 285 1451 ipse
304 1401 347 1439 in
366 1408 618 1439 testamento
632 1401 646 1422 ³
666 1415 738 1439 suo
760 1416 800 1440 se
820 1409 944 1439 vocat
964 1408 1131 1439 tantum
1152 1401 1327 1440 electum
1358 1402 1705 1452 Lemovicensem,
1736 1414 1776 1443 et

71 1460 180 1510 quod
204 1460 246 1498 in
271 1459 383 1497 Actis
406 1475 532 1510 supra
565 1460 738 1498 laudatis
772 1460 940 1510 capituli
973 1460 1233 1510 provincialis
1266 1461 1420 1499 ordinis
1453 1462 1773 1501 Praedicatorum

70 1527 244 1558 vocatur
280 1526 446 1557 tantum
481 1519 632 1558 electus
670 1518 971 1558 Lemovicensis
1013 1528 1108 1570 post
1138 1519 1345 1570 integrum
1383 1520 1509 1560 ferme
1550 1522 1773 1560 triennium

71 1592 197 1628 quam
224 1577 428 1617 Ecclesiae
464 1578 745 1617 Lemovicensi
775 1579 896 1616 datus
926 1586 1014 1617 erat
1043 1579 1216 1617 antistes
1247 1593 1269 1617 a
1298 1594 1407 1629 papa
1439 1580 1598 1619 Joanne
1631 1581 1772 1620 XXII.

122 1637 242 1675 Anno
266 1637 598 1675 MCCCXXVIII
615 1637 643 1686 4,
676 1637 788 1676 idem
820 1651 929 1688 papa
959 1651 1052 1676 eum
1076 1638 1292 1676 transtulit
1313 1638 1365 1676 ad
1390 1639 1614 1677 Ecclesiam
1639 1641 1774 1679 Autis-

71 1695 358 1735 siodorensem.

123 1755 242 1793 Anno
274 1755 565 1793 MCCCXXXI
598 1755 731 1794 factus
763 1763 825 1794 est
855 1756 1070 1806 presbyter
1102 1755 1318 1794 cardinalis
1350 1756 1462 1794 tituli
1495 1757 1634 1796 Sancti
1666 1759 1775 1797 Petri

72 1814 123 1852 ad
152 1813 331 1862 vincula,
361 1813 485 1864 idque
516 1814 661 1852 datum
694 1814 881 1865 precibus
913 1814 1093 1865 Philippi
1124 1815 1194 1863 VI,
1225 1816 1328 1865 regis
1361 1816 1625 1866 Francorum,
1658 1817 1776 1856 docet

72 1872 256 1923 ejusdem
276 1887 409 1923 papae
433 1873 603 1912 Joannis
627 1874 799 1924 epistola
822 1874 874 1911 ad
897 1887 990 1912 eum
1013 1874 1111 1912 data
1134 1889 1203 1912 vm
1226 1875 1307 1914 kal.
1329 1874 1432 1925 julii,
1457 1889 1561 1925 quae
1584 1876 1694 1914 edita
1717 1885 1778 1915 est

71 1932 114 1970 in
136 1932 368 1970 Annalibus
392 1932 663 1970 ecclesiasticis
688 1932 851 1972 Odorici
877 1933 1083 1982 Raynaldi
1119 1933 1200 1983 [an.
1228 1933 1342 1982 1331,
1374 1933 1390 1983 ἓ
1416 1934 1504 1985 33].
1535 1935 1581 1972 In
1606 1935 1777 1985 epistola

73 1999 213 2030 autem
241 1990 310 2029 illa
341 1990 396 2029 sic
420 1990 527 2030 inter
557 1999 690 2030 cetera
715 1991 949 2030 continetur
973 2007 980 2029 :
1005 1992 1056 2029 Et
1081 2000 1122 2030 ut
1153 1992 1195 2030 in
1221 1992 1408 2030 veniendo
1433 1993 1558 2043 possit
1587 2008 1779 2044 expensas

73 2049 256 2088 habiliter
282 2058 528 2100 supportare,
558 2051 682 2088 eidem
710 2050 853 2089 dictam
882 2050 1267 2089 Autissiodorensem
1295 2052 1513 2090 Ecclesiam
1540 2053 1584 2090 de
1611 2053 1777 2102 fratrum

73 2109 294 2147 eorumdem
312 2109 478 2147 consilio
498 2124 618 2159 usque
636 2110 687 2147 ad
706 2110 860 2147 instans
878 2109 1020 2159 festum
1039 2110 1282 2160 Madgalene
1300 2111 1488 2149 duximus
1507 2113 1777 2150 commendan-

75 2168 177 2206 dam.
210 2167 474 2217 Aymericum
516 2183 636 2219 porro
668 2168 703 2207 ei
733 2169 953 2207 suffectum
984 2183 1068 2207 esse
1100 2169 1244 2208 eodem
1274 2183 1382 2208 anno
1414 2170 1705 2209 MCCCXXXI
1737 2171 1777 2208 in

75 2226 179 2266 festo
204 2226 439 2265 nativitatis
466 2227 632 2265 Domini
664 2228 847 2278 produnt
877 2227 992 2265 Gesta
1024 2228 1299 2279 episcoporum
1322 2229 1735 2267 Autissiodorensium

77 2285 140 2323 Ex
157 2299 238 2336 quo
256 2285 388 2335 colligi
403 2300 521 2336 posse
536 2286 701 2325 videtur
717 2301 826 2325 vana
844 2301 928 2325 esse
945 2287 1046 2326 haec
1062 2287 1188 2325 verba
1207 2302 1257 2326 ex
1272 2287 1417 2326 iisdem
1441 2287 1567 2326 Gestis
1583 2302 1596 2326 .·
1618 2289 1779 2326 Vacavit

66 2345 181 2382 >sedes
215 2344 329 2394 quasi
362 2359 432 2394 per
464 2351 617 2383 ann'um
650 2354 808 2396 propter
841 2345 1150 2384 contrarietatem
1183 2346 1463 2397 promissionis
1498 2347 1702 2385 durantem
1738 2347 1778 2385 in

75 2411 208 2441 sancto
235 2403 394 2452 collegio
421 2405 674 2454 promovendi
702 2404 908 2442 dominum
930 2404 1176 2455 Stephanum
1203 2406 1248 2443 de
1274 2405 1475 2456 Mornayo
1502 2406 1777 2444 cancellarium

77 2462 113 2500 F
114 2461 292 2511 ranciae,·
311 2462 378 2500 sed
399 2463 540 2501 multos
558 2463 697 2501 habuit
718 2463 974 2502 adversarios.
997 2463 1271 2515 Episcopatus
1288 2464 1396 2503 enim
1415 2464 1780 2504 Autissiodorensis

77 2534 223 2560 vacare
251 2535 333 2559 non
359 2522 499 2571 potuit
525 2530 621 2561 ante
649 2522 802 2561 festum
829 2530 995 2561 sanctae
1023 2522 1176 2562 Mariae
1203 2522 1482 2574 Magdalenae.
1513 2523 1614 2562 Cum
1642 2532 1782 2562 autem

127 2682 340 2736 1.{Baluze‚
368 2693 395 2722 t.
421 2683 483 2736 (111,
510 2700 546 2733 p.
574 2689 656 2722 352.
683 2683 741 2736 1——
776 2687 876 2722 C’est
914 2683 1007 2736 soni
1022 2688 1125 2722 oncle
1163 2688 1227 2733 qui
1252 2683 1390 2737 Lobtint
1425 2689 1714 2726 l'archidiacone
1749 2692 1782 2724 le

81 2741 124 2774 23
147 2752 246 2775 mars
269 2742 363 2775 1308
390 2740 563 2785 (Οἰὲνηεηί
587 2741 630 2782 V,
654 2753 689 2775 n.
707 2741 836 2786 2611).

129 2795 161 2828 2.
193 2794 224 2827 Il
250 2793 398 2827 n'avait
434 2805 501 2838 pas
538 2805 670 2828 encore
697 2806 785 2837 recu
811 2794 848 2827 la
876 2793 1136 2828 consecration
1163 2793 1373 2839 episcopale
1401 2795 1433 2829 le
1462 2796 1484 2830 4
1511 2796 1660 2840 janvier
1689 2798 1782 2831 1328

84 2846 240 2890 (Mollat‚
272 2858 307 2881 n.
339 2846 486 2891 30945).

131 2900 163 2933 3.
194 2899 405 2940 Duchesne‚
433 2900 590 2944 opucit„
619 2906 646 2933 t.
673 2912 712 2941 11,
741 2911 776 2944 p.
805 2900 888 2934 315.

129 2953 163 2986 4.
192 2952 243 2986 Le
265 2952 288 2985 4
308 2951 457 2997 janvier
482 2952 638 2997 (Mollat,
663 2964 698 2987 n.
723 2951 870 2996 30945).

130 3006 163 3040 5.
192 3005 333 3046 Labbe,
351 3016 409 3050 op.
427 3005 500 3046 cit„
518 3011 546 3040 t.
562 3017 587 3046 1,
605 3017 642 3050 p.
661 3006 742 3040 510.
769 3024 820 3029 --
843 3004 997 3049 Aimery
1014 3016 1060 3039 ne
1077 3004 1138 3039 fut
1153 3008 1305 3040 nomme
1322 3019 1394 3051 que
1411 3007 1444 3042 le
1462 3008 1508 3041 24
1523 3008 1671 3053 janvier
1687 3009 1782 3042 1332

87 3057 233 3102 (Eubel,
256 3058 493 3098 Hierarchia,
514 3063 541 3092 t.
563 3070 588 3099 1,
611 3070 647 3103 p.
671 3057 770 3103 120).
