2083 3458
76 208 198 262 [719]
601 223 815 249 PAPARUM
852 224 1234 250 AVENIONENSIUM
1674 211 1758 252 215

63 306 240 344 Accessit
258 320 350 354 ergo
364 306 594 343 Bernardus
611 307 661 343 ad
678 307 864 344 Treviros
880 321 986 345 anno
1004 308 1305 354 MCCLXVIIL
1322 317 1367 346 ut
1389 317 1503 359 patet
1518 324 1567 348 ex
1582 311 1755 360 epistola

61 379 191 415 papae
215 364 431 402 Clementis
455 364 606 414 scripta
634 366 684 402 ad
708 374 895 403 sanctum
922 367 1175 404 Ludovicum
1201 382 1334 417 regem
1361 368 1606 406 Francorum
1632 370 1753 407 XVII

63 424 138 462 kal.
162 423 270 467 maii,
291 437 398 460 anno
419 431 566 472 quarto
588 423 652 472 [15
672 425 773 462 avril
795 424 925 474 1268],
946 426 986 462 in
1007 440 1086 475 qua
1106 426 1205 463 haec.
1224 427 1329 463 inter
1349 435 1480 465 cetera
1500 428 1690 477 leguntur
1714 429 1755 466 in

61 483 196 520 codice
214 481 318 519 2426
334 481 347 503 ¹
366 482 636 519 bibliothecae
655 483 910 522 Colbertinae
930 499 937 520 :
957 492 997 522 et
1024 499 1128 521 nunc
1153 485 1320 522 maxime
1337 500 1405 534 per
1426 486 1607 524 dilectum
1625 487 1754 536 filium

60 541 293 590 magistrum,
325 541 569 578 Bernardum
604 542 647 577 de
679 541 886 579 Castaneto
909 544 1157 592 capellanum
1182 552 1215 580 et
1245 544 1532 582 subdiaconum
1565 554 1753 592 nostrum,

61 614 129 650 per
145 615 258 649 quem
278 600 394 637 etiarn
416 614 526 637 nosse
545 608 651 649 potes
671 615 787 650 quare
807 601 947 649 legatio
969 601 1011 638 in
1035 602 1290 639 leeutoniam
1313 611 1464 640 tantum
1483 604 1602 652 suerit
1622 620 1752 654 proro-

63 668 164 708 gata.
198 659 296 696 Vide
328 659 665 708 Christophorum
695 660 961 705 Brovverum,
987 661 1054 698 lib.
1090 661 1201 707 XVI,
1234 662 1380 699 Annal.
1417 662 1577 709 Trevir„
1609 678 1646 713 p.
1681 664 1756 701 158

62 718 294 768 posterioris
322 717 523 755 editionis

118 777 158 815 P.
192 777 276 823 153,
304 777 368 825 lig.
406 776 467 814 29.
506 777 699 813 JACORL’S
738 791 791 813 Dr.
828 778 917 815 Vm.
959 778 1145 815 Nobilem
1181 793 1273 816 eum
1310 779 1431 816 domo
1468 780 1587 818 fuisse
1624 781 1754 830 colligi

61 844 197 885 posset
223 850 272 873 ex
298 835 476 873 Historia
513 835 758 884 genealogica
794 836 1188 883 Cardaillcccensium,
1216 852 1253 887 p.
1287 837 1349 884 22,
1376 838 1444 875 ubi
1471 839 1668 889 scriptum
1694 848 1755 878 est

64 895 277 943 llugonem
308 895 355 932 de
386 894 636 932 Cardaillaco
663 894 853 943 junctum
884 894 1003 933 fuisse
1034 896 1196 934 vinculo
1226 897 1429 946 conjugali
1459 912 1550 934 cum
1585 899 1755 936 [sabella

60 954 107 991 de
133 954 220 997 Via,
247 954 327 991 filia
354 953 461 991 Petri
485 953 533 991 de
558 953 646 999 Via,
671 953 824 992 militis.
850 954 1098 991 vicecomitis
1124 955 1370 1003 Calvigniaci
1393 964 1433 993 et
1457 956 1609 994 domini
1634 958 1755 994 Villa-

60 1013 177 1054 muri,
201 1013 413 1050 Isabellam
432 1026 527 1050 vero
546 1012 665 1050 fuisse
697 1027 873 1050 sororem
893 1013 1042 1050 Mariae
1060 1014 1109 1051 de
1136 1013 1358 1051 Villamuro
1391 1015 1526 1052 uxoris
1544 1016 1702 1053 Beraldi
1726 1017 1755 1060 Ι,

59 1071 219 1108 comitis
249 1071 554 1109 Claromontani
583 1079 623 1109 et
652 1071 833 1121 delphini
863 1072 1139 1117 Arvernensis,
1170 1072 1201 1109 si
1239 1087 1283 1110 ea
1322 1082 1589 1111 monumenta
1631 1075 1753 1113 Joan-

60 1130 120 1167 nis
148 1131 273 1167 XXII
299 1131 590 1180 pontificatum
615 1130 903 1168 antecederent
922 1130 948 1168 ².
976 1131 1145 1168 Mariam
1169 1146 1287 1181 porro
1312 1132 1432 1169 fuisse
1457 1147 1624 1170 uxorem
1649 1134 1753 1182 ejus-

60 1190 152 1227 dem
192 1189 351 1227 Beraldi
379 1197 538 1227 constat
566 1204 615 1226 ex
640 1189 687 1226 iis
724 1204 826 1239 quae
853 1189 1083 1227 referuntur
1108 1204 1130 1228 a
1157 1191 1343 1237 Justello,
1370 1191 1437 1229 lib.
1471 1192 1535 1231 IV.
1563 1206 1649 1241 cap.
1688 1208 1755 1237 vn,

71 1248 123 1298 [p.
146 1248 233 1298 152]
267 1249 468 1286 Historiae
489 1248 789 1286 Turriccnorum.
813 1248 870 1285 De
890 1248 1033 1286 Jacobi
1052 1257 1181 1286 morte
1201 1250 1514 1287 consolatoriam
1533 1251 1583 1288 ad
1603 1266 1753 1300 papam

59 1307 220 1357 scripsit
240 1307 451 1357 Philippus
469 1307 515 1351 V,
533 1321 603 1345 rex
624 1307 830 1354 Franciae,
849 1315 894 1344 ut
912 1315 1025 1357 patet
1045 1322 1094 1345 ex
1112 1308 1285 1346 Odorico
1309 1309 1535 1357 Raynaldo,
1554 1324 1618 1348 an.
1639 1310 1752 1357 1310,

65 1368 82 1413 ἕ
109 1366 171 1403 20.
203 1367 336 1404 Pauca
363 1366 587 1404 admodum
614 1366 662 1404 de
689 1381 735 1404 eo
762 1366 992 1405 invenimus
1011 1367 1037 1404 ³.
1071 1367 1179 1405 Haec
1207 1367 1328 1405 dereo
1355 1368 1560 1406 habentur
1585 1369 1625 1406 in
1652 1369 1756 1407 libro

60 1426 227 1463 Arnaldi
253 1425 516 1464 (Ian1erarii4z
543 1425 687 1463 Littera
716 1425 862 1463 bullata
886 1425 1087 1462 continens
1113 1426 1298 1463 unionem
1322 1426 1492 1464 Ecclesie
1514 1428 1755 1476 parochialis

60 1484 196 1522 Sancti
215 1485 400 1522 illedurdi
428 1485 472 1522 de
493 1484 740 1527 ‘Banassaco,
770 1485 1026 1522 Illimatensis
1045 1485 1229 1533 dyocesis,
1249 1485 1587 1523 archidiaconatui
1606 1487 1755 1524 stIima-

59 1543 158 1580 tensi
189 1558 256 1593 per
287 1544 488 1581 ‘lominum
524 1544 586 1581 Jo.
618 1558 768 1593 papum
799 1544 936 1580 XXII
966 1552 1132 1593 tempore
1165 1544 1305 1581 Jacobi
1335 1545 1442 1581 electi
1469 1545 1757 1582 Aviniononsis

58 1602 401 1652 archislioconique
434 1602 530 1640 dicte
563 1602 732 1640 Ecclesie
765 1610 949 1652 perpetuo
981 1602 1137 1651 factam.
1169 1603 1316 1640 Datum
1339 1603 1547 1649 Avinioni,
1585 1604 1645 1641 IV
1678 1605 1755 1642 lsal.

59 1661 290 1707 novembris,
315 1661 569 1711 pontificatus
591 1661 655 1699 sui
678 1676 784 1699 anno
807 1662 934 1711 primo
960 1661 1025 1711 [29
1049 1662 1212 1699 octobre
1238 1661 1368 1711 1310}
1403 1662 1542 1700 Sancti
1575 1663 1755 1701 Medardi

59 1720 107 1757 de
124 1721 349 1758 Benassato
367 1729 539 1759 vocatur
557 1721 608 1758 ab
628 1721 821 1764 Oldrado,
841 1720 979 1759 consil.
1006 1721 1079 1758 257
1101 1720 1184 1770 [fol.
1206 1721 1280 1758 144
1299 1720 1373 1769 VO}
1392 1721 1461 1758 ubi
1480 1722 1677 1771 scriptum
1695 1730 1757 1760 est.

58 1793 148 1817 eam
171 1794 332 1817 mensae
355 1779 533 1830 episcopi
556 1779 807 1817 Mimatensis
830 1773 951 1817 fiiisse
973 1780 1132 1817 unitam
1153 1794 1175 1817 a
1197 1780 1412 1818 Guillelmo
1437 1781 1633 1827 Durandi,
1654 1782 1755 1830 epis-

58 1853 160 1887 copo
179 1839 424 1885 Mimatensi,
443 1839 690 1876 auctoritate
708 1839 918 1876 literarum
939 1838 1094 1877 Nicolai
1116 1839 1169 1876 IV
1187 1847 1227 1876 et
1254 1839 1399 1877 deinde
1417 1853 1506 1877 eam
1524 1840 1715 1877 unionem
1733 1854 1755 1877 a

59 1897 263 1935 Clemente
288 1898 320 1934 V
343 1893 631 1935 confirmatam
654 1897 788 1936 fuisse.
813 1899 1001 1936 Ceterum
1025 1898 1228 1935 Arnaldus
1251 1898 1430 1935 habebat
1449 1898 1602 1936 dictam
1622 1899 1754 1936 Eccle-

58 1956 159 1993 siam
181 1964 362 2006 tempore
384 1957 601 1995 Clementis
615 1956 662 2004 V,
683 1965 729 1994 ut
751 1957 870 1995 docet
890 1957 997 1994 idem
1010 1957 1225 1994 Oldradus.
1253 1958 1298 1994 In
1318 1956 1510 1994 Chronico
1530 1956 1756 1995 monasterii

65 2015 432 2053 Granflimontensis
457 2016 705 2053 adnotatum
730 2024 792 2053 est
821 2016 1036 2065 Hugonem
1063 2015 1239 2059 Geraldi,
1266 2015 1502 2065 episcopum
1529 2017 1754 2054 Cadurcen-

59 2088 157 2121 sem,
174 2075 447 2124 composuisse
462 2075 658 2124 imagines
674 2089 807 2112 cereas
823 2089 915 2113 cum
931 2075 1078 2124 quibus
1095 2075 1243 2113 occidit
1259 2075 1470 2112 dominum
1487 2075 1688 2113 Jacobum
1707 2076 1754 2113 de

62 2133 149 2179 via,
172 2142 363 2183 nepotem
384 2147 528 2184 papae,
551 2133 812 2172 cardinalem.
836 2134 969 2173 Verba
991 2133 1112 2183 hujus
1134 2133 1321 2171 Chrom'ci
1343 2133 1567 2172 referentur
1588 2134 1691 2171 infra
1713 2134 1753 2171 in

60 2191 189 2239 Notis,
217 2193 268 2229 ad
295 2193 487 2242 paginam
515 2192 602 2231 154.

117 2251 155 2288 Ρ.
190 2250 276 2298 153,
315 2252 380 2301 lig.
413 2252 474 2290 33.
516 2252 782 2290 GAUCELMUS
823 2251 1052 2290 JoirxNMS.
1090 2252 1151 2288 Ita
1190 2251 1355 2289 omnino
1394 2251 1651 2288 scribendum
1693 2259 1756 2288 est

59 2323 208 2347 nomen
236 2310 353 2348 istius
383 2309 612 2357 cardinalis,
643 2325 724 2348 non
756 2325 851 2348 vero
886 2310 1137 2356 Gaucelinus,
1168 2318 1214 2347 ut
1244 2311 1366 2359 vulgo
1395 2310 1509 2347 solet.
1542 2310 1604 2347 Sic
1646 2309 1753 2347 enim

58 2368 256 2418 scriptum
286 2377 346 2407 est
375 2369 416 2409 in
445 2369 678 2407 melioribus
706 2369 833 2416 libris,
863 2369 904 2407 in
933 2370 1093 2418 Regesto
1123 2368 1294 2406 ,Joannis
1326 2368 1451 2405 XXII
1483 2368 1753 2405 bibliothecae

58 2427 328 2470 Colbertinae,
367 2436 407 2466 et
444 2428 484 2466 in
521 2428 632 2466 libris
670 2427 992 2466 Ceretnoniarum
1030 2427 1172 2477 palatii
1209 2426 1413 2476 apostolici
1452 2427 1750 2464 Avenionensis.

107 2602 137 2635 1.
156 2602 196 2635 B.
217 2602 273 2642 N„
292 2615 358 2636 ms.
377 2603 470 2636 latin
488 2604 594 2643 4041,
613 2604 635 2637 f.
655 2604 722 2638 107
740 2608 792 2637 r0.
811 2603 900 2637 Voir
916 2603 1015 2636 aussi
1034 2603 1223 2641 Potthast,
1241 2602 1391 2645 Regesta
1407 2602 1622 2645 pontificum
1638 2613 1753 2634 roma-

57 2656 248 2694 norumsn.
269 2656 385 2689 21105
402 2663 440 2689 et
457 2657 584 2690 21106.

109 2710 139 2741 2.
166 2708 215 2742 Le
241 2709 403 2752 mariage
429 2710 626 2743 d'Isabelle
651 2716 715 2742 eut
739 2709 811 2742 lieu
835 2722 881 2742 en
904 2708 1051 2752 janvier
1076 2709 1166 2741 1327
1192 2714 1230 2741 et
1253 2708 1284 2740 le
1310 2713 1460 2740 contrat
1485 2707 1528 2740 dc
1554 2706 1668 2739 Maric
1693 2707 1752 2740 fut

59 2759 161 2804 signe
178 2761 209 2794 le
227 2762 271 2794 ‘14
288 2761 368 2805 juin
386 2763 477 2796 1333
499 2763 617 2805 (Albe,
635 2754 780 2795 Autour
795 2763 835 2796 de
851 2762 946 2795 ιῘθαη
964 2761 1101 2800 XXII,
1121 2767 1146 2794 t.
1164 2773 1187 2799 1,
1207 2772 1241 2804 p.
1261 2762 1317 2799 85,
1339 2761 1410 2802 86).

109 2816 140 2848 3.
163 2813 233 2847 Sur
252 2814 415 2858 Jacques
437 2816 480 2848 de
501 2815 582 2854 Via,
606 2815 686 2849 voir
706 2815 859 2854 Coulon,
882 2827 916 2848 n.
940 2815 1020 2853 107,
1044 2815 1124 2853 112,
1156 2814 1237 2852 124,
1260 2814 1340 2852 127,
1373 2814 1453 2851 137,
1476 2813 1556 2851 144,
1580 2813 1749 2851 149-154,

61 2866 141 2905 156,
163 2867 243 2906 159,
265 2868 434 2907 166-169,
457 2868 536 2907 184,
559 2869 639 2908 185,
662 2869 741 2907 209,
765 2868 844 2907 229,
865 2868 952 2906 3Ο2;
983 2866 1370 2904 Albanes—Chevalier,
1398 2865 1520 2898 Gallia
1539 2865 1752 2898 Christiana

61 2920 271 2958 novissima,
290 2926 314 2953 t.
335 2932 395 2960 vn,
422 2921 488 2954 col.
517 2922 691 2960 287-301;
711 2921 750 2954 Ε.
777 2921 882 2959 Albe,
907 2920 1033 2952 Aulou
1058 2920 1118 2952 rde
1140 2919 1237 2951 Jean
1260 2918 1397 2953 XXII.
1423 2924 1449 2951 t.
1471 2930 1494 2952 1,
1523 2929 1556 2960 p.
1584 2918 1693 2951 93-94
1713 2924 1751 2951 et

60 2971 214 3015 Hugues
246 2972 400 3012 Geraud,
428 2985 462 3017 p.
487 2975 544 3013 82,
567 2975 623 3013 83,
652 2974 709 3013 95,
732 2974 818 3012 101;
847 2973 989 3011 Mollat,
1018 2984 1053 3005 n.
1083 2972 1187 3010 5478,
1214 2972 1318 3010 5480,
1348 2971 1451 3010 5484,
1475 2970 1585 3010 5493;
1615 2970 1749 3011 Goller,

61 3023 208 3058 Johann
226 3026 363 3065 XXII,
380 3038 414 3069 p.
431 3027 464 3063 3,
488 3027 526 3066 43
543 3026 706 3065 Schal'er,
723 3026 874 3059 Johann
887 3024 1025 3065 XXII,
1043 3024 1123 3057 voir
1136 3024 1171 3057 la
1186 3024 1286 3056 table
1303 3025 1364 3056 des
1381 3023 1565 3057 matieres.

111 3079 142 3111 4.
163 3078 201 3111 B.
223 3078 279 3115 N.
298 3090 364 3112 ms.
384 3079 477 3111 latin
495 3080 599 3119 5181,
618 3079 642 3112 f.
662 3079 729 3112 219
747 3082 787 3110 v⁰
802 3085 839 3111 et
856 3078 998 3117 Mollat,
1017 3089 1051 3110 n.
1072 3077 1162 3110 1665
1184 3077 1313 3119 (bulles
1330 3077 1380 3109 du
1398 3077 1440 3109 29
1458 3077 1609 3109 octobre
1627 3076 1748 3119 1316).
