2083 3458
95 235 246 292 [1237]
615 249 831 275 I’APARUM
866 250 1250 276 AVENIONENSIUM
1700 239 1776 280 761

80 334 132 371 ad
158 346 247 370 eum
275 333 486 382 spectabat,
516 348 605 371 cum
632 343 727 372 esset
754 334 864 384 prior
891 335 1167 384 episcoporum
1194 337 1474 375 cardinalium.
1505 337 1555 374 Et
1582 337 1781 375 excusavit

80 406 120 430 se
138 392 324 430 dominus
342 392 611 431 Florentinus.
636 393 747 430 Tunc
767 393 914 443 incepit
931 394 989 431 sic
1007 395 1192 432 dominus
1210 395 1499 433 Lemovicensis
1519 412 1526 434 :
1548 396 1653 446 Quia
1671 397 1780 434 video

81 453 182 502 quod
207 451 350 489 Gallici
371 452 507 489 vellent
533 452 743 499 Gallicum,
764 461 797 490 et
822 453 969 491 Ytalici
989 453 1173 491 similiter
1199 454 1412 501 Ytalicum‚
1432 469 1501 503 ego
1521 470 1598 492 non
1619 456 1780 493 nomino

88 511 284 549 Gallicum
306 525 374 548 nec
400 511 613 559 Ytalicum,
635 513 703 549 sed
723 512 885 549 nomino
906 521 940 550 et
959 512 1061 562 eligo
1081 514 1222 560 alium,
1245 514 1312 563 qui
1334 529 1412 551 non
1433 523 1487 552 est
1515 514 1690 552 Gallicus
1712 529 1779 552 nec

87 570 280 617 Ytalicus,
307 569 454 607 scilicet
482 570 688 608 dominum
714 571 928 609 Robertum
954 572 1196 610 cardinalem
1230 573 1533 620 Gebennensem,
1561 573 1628 623 qui
1655 581 1709 611 est
1736 575 1779 611 de

81 629 240 668 natione
270 629 525 667 Alamannie.
558 630 678 667 Hunc
707 630 808 679 eligo
839 630 881 668 in
909 645 1110 669 summum
1139 632 1378 681 pontificem.
1413 633 1524 670 Tunc
1551 633 1779 679 successive,

81 689 237 727 nemine
258 688 523 738 discrepante‚'
539 703 671 726 omnes
692 690 914 727 cardinales
934 691 1129 739 elegerunt
1148 705 1236 728 eum
1256 691 1425 741 exceptis
1446 692 1632 741 predictis
1652 692 1778 729 tribus

79 748 355 786 cardinalibus
382 748 562 786 Ytaliczs
590 748 678 798 Ipse
699 763 796 786 vero
818 749 1001 788 Clemens
1023 750 1281 800 repugnabat
1301 759 1342 789 et
1363 751 1530 789 nolebat
1550 765 1634 789 esse
1655 764 1777 801 papa.

80 808 298 846 Testatum
321 807 432 846 istud
457 807 498 844 in
522 821 594 845 sua
620 808 876 858 depositione
901 809 1080 858 reliquit,
1106 809 1175 859 qui
1199 818 1289 848 tum
1314 824 1503 860 praesens
1528 819 1630 857 erat,
1659 810 1777 859 Hugo

81 867 297 906 cardinalis
316 867 364 904 de
381 866 596 905 Britannia
616 866 626 888 ¹
651 882 658 904 ε
680 867 778 904 Item
795 867 895 905 dixit
911 869 1012 917 quod
1033 870 1188 918 quando
1208 868 1287 917 suit
1308 869 1537 907 nominatus
1557 884 1626 919 per
1647 883 1778 906 omnes

78 926 271 977 predictos
292 926 513 964 cardinales
536 926 578 963 in
599 941 750 975 papam
773 926 856 976 ipse
877 926 1056 964 Clemens
1077 929 1302 965 remanebat
1321 929 1513 978 plorando
1534 937 1567 966 et
1587 942 1780 966 excusans

77 1000 117 1023 se
141 987 242 1036 quod
264 985 493 1036 expediebat
516 985 573 1022 eis
596 985 736 1023 habere
760 986 887 1023 alium
910 995 944 1024 et
966 987 1232 1036 supplicando
1257 989 1358 1037 quod
1381 988 1508 1025 alium
1537 988 1778 1036 preficerent.

79 1045 378 1083 Testimonium
408 1044 524 1083 istius
557 1044 789 1091 cardinalis,
822 1059 1061 1095 quanquam
1095 1060 1175 1083 non
1214 1047 1439 1084 admodum
1477 1055 1595 1096 egeat
1633 1046 1778 1084 confir-

78 1105 274 1151 matione,
299 1105 520 1144 confirmat
542 1112 684 1142 tamen
708 1104 911 1154 expositio
935 1119 1071 1143 rerum
1094 1105 1134 1142 in
1158 1105 1275 1143 initio
1299 1105 1531 1144 schismatis
1556 1114 1780 1155 gestarum,

79 1178 203 1214 quam
229 1178 279 1203 ex
303 1164 433 1202 veteri
458 1163 596 1202 codice
622 1163 861 1202 monasterii
887 1164 1223 1203 Gemmeticensis
1244 1164 1260 1187 2
1284 1165 1438 1203 editam
1464 1166 1592 1214 legere
1618 1164 1712 1203 licet
1736 1164 1778 1201 in

77 1232 192 1263 tomo
209 1232 358 1274 quarto
375 1223 579 1260 Historiae
596 1223 868 1261 universitatis
884 1223 1034 1270 Paris„
1050 1239 1090 1274 p.
1108 1223 1183 1261 522
1203 1240 1209 1261 :
1232 1224 1309 1262 Sed
1324 1239 1342 1262 e
1357 1233 1491 1262 contra
1505 1224 1539 1262 d.
1561 1223 1778 1262 cardinalis

84 1283 364 1330 Gebennensis,
390 1282 638 1332 presentibus
663 1282 849 1320 omnibus
874 1283 1148 1321 cardinalibus
1174 1283 1215 1320 in
1241 1283 1394 1321 civitate
1419 1284 1666 1330 Fundmum,
1692 1297 1776 1333 pre-

76 1343 254 1381 sentibus
271 1342 467 1392 siquidem
485 1342 671 1379 omnibus
688 1342 963 1379 cardinalibus
988 1342 1156 1380 Ytalicis
1173 1351 1206 1380 et
1223 1343 1330 1389 aliis,
1352 1343 1459 1380 nullo
1477 1343 1677 1392 deficiente
1696 1341 1776 1379 nisi

77 1402 235 1440 domino
252 1402 293 1440 S.
308 1401 416 1439 Petri
433 1401 594 1450 infirmo
609 1415 653 1438 ea
671 1401 904 1450 infirmitate
920 1416 1066 1450 magna
1082 1417 1157 1452 qua
1174 1410 1207 1439 et
1223 1410 1398 1439 mortuus
1414 1410 1480 1440 est.
1495 1402 1572 1451 Qui
1588 1401 1723 1439 videns
1738 1414 1780 1438 se

76 1461 133 1499 sic
164 1462 324 1500 electum
356 1461 572 1498 secundum
604 1461 816 1498 canonicas
847 1460 1070 1499 sanctiones
1102 1460 1231 1498 renuit
1263 1469 1336 1498 toto
1369 1475 1494 1510 posse,
1530 1462 1706 1509 allegans
1738 1474 1776 1497 se

77 1520 352 1569 defectuosum,
379 1520 607 1570 imperitum
637 1528 670 1557 et
704 1520 1004 1569 insufficientem
1026 1535 1115 1558 cum
1138 1520 1311 1558 maxima
1335 1519 1569 1566 humilitate,
1595 1519 1649 1557 ita
1678 1520 1779 1569 quod

77 1589 272 1631 presentes
291 1580 525 1630 provocabat
543 1580 596 1617 ad
611 1580 761 1628 fletum.
784 1573 847 1617 Sic
866 1579 1007 1629 itaque
1028 1579 1139 1618 facta
1159 1580 1303 1618 electio
1323 1579 1379 1617 ita
1402 1579 1557 1630 placuit
1576 1578 1774 1616 universis

47 1666 50 1668 Δ
78 1648 123 1678 ut
155 1640 279 1678 etiam
313 1647 480 1678 sanctus
515 1638 754 1677 Vincentius
790 1639 995 1677 Ferrarius
1031 1639 1181 1677 ordinis
1216 1639 1389 1677 fratrum
1425 1639 1775 1684 praedicatorum,

76 1699 191 1748 cujus
217 1713 366 1737 nomen
391 1706 509 1737 extat
534 1712 627 1736 cum
652 1699 771 1737 laude
796 1698 837 1736 in
863 1699 1156 1748 martyrologio
1180 1712 1373 1744 romano⁷
1411 1712 1491 1735 non
1521 1696 1776 1735 dubitaverit

75 1773 250 1797 asserere
279 1758 320 1796 in
348 1765 533 1796 tractatu
563 1771 684 1807 quem
714 1758 762 1796 de
790 1758 866 1795 hoc
895 1758 1115 1797 schismate
1144 1757 1307 1807 scripsit
1335 1772 1442 1794 anno
1474 1755 1775 1795 MCCCLXXX

76 1817 302 1868 quemlibet
327 1817 597 1855 christianum
623 1818 666 1855 de
692 1817 917 1855 necessitate
939 1818 1083 1855 salutis
1110 1818 1235 1857 teneri
1262 1817 1427 1866 firmiter
1459 1825 1493 1854 et
1525 1816 1779 1854 determinate·

77 1878 224 1915 credere
256 1876 491 1914 Clementem
523 1890 603 1913 esse
637 1891 767 1914 verum
799 1891 949 1926 papam
964 1876 992 1923 3,
1026 1892 1071 1914 eo
1105 1876 1296 1914 videlicet
1328 1891 1448 1914 sensu
1481 1891 1561 1925 quo
1595 1875 1774 1913 „Iacobus

75 1937 287 1975 Browerus
318 1950 369 1974 ex
396 1936 541 1974 eodem
571 1935 710 1973 ordine
743 1935 1080 1974 praedicatorum
1109 1950 1217 1973 anno
1249 1935 1471 1973 MDCXXI
1502 1935 1614 1973 edito
1648 1933 1775 1972 Duaci

77 1995 212 2034 libello
232 1995 428 2046 probavit
448 1994 588 2032 divina
607 1995 685 2032 fide
708 1995 956 2033 credendum
972 2009 1057 2032 esse
1080 1995 1254 2032 Paulum
1274 1995 1306 2031 V
1322 2010 1406 2032 esse
1422 2008 1630 2033 summum
1647 1992 1774 2030 maxi-

77 2068 272 2104 mumque
296 2054 551 2105 pontificem.

129 2115 172 2153 P.
193 2114 283 2161 471,
302 2114 369 2163 lig.
390 2113 426 2152 9.
448 2114 512 2150 An
531 2128 664 2151 1Psms
686 2128 930 2151 PERSONAM.
955 2113 1131 2151 Eaedem
1153 2127 1298 2150 causae
1319 2127 1422 2162 quae
1443 2113 1539 2151 olim
1558 2118 1775 2151 moverant

74 2173 267 2212 electores
298 2187 429 2223 papae
459 2181 507 2210 ut
537 2172 751 2210 Callistum
786 2173 824 2210 II
855 2173 1038 2210 locarent
1068 2173 1108 2209 in
1140 2172 1231 2210 sede
1265 2172 1373 2209 Petri
1407 2171 1460 2208 ad
1498 2170 1774 2220 dejiciendum

75 2233 315 2282 Gregorium
348 2232 468 2279 VIII,
501 2240 775 2281 cognomento
808 2232 1052 2278 Bmdinum,
1083 2231 1436 2281 archiepiscopum
1468 2230 1776 2275 Bracarense'm,

74 2292 241 2330 eaedem
264 2306 372 2330 nunc
397 2291 622 2330 cardinales
647 2291 900 2341 impulerunt
925 2299 970 2328 ut
994 2292 1102 2328 hunc
1126 2291 1377 2328 Clementem
1399 2290 1478 2326 VII
1503 2289 1697 2338 eligerent
1721 2288 1775 2326 ad

74 2350 351 2401 dejiciendum
367 2350 583 2389 Urbanum
599 2351 655 2387 VI
671 2358 868 2388 vocatum
890 2357 1012 2387 antea
1034 2350 1399 2387 Bartholomaeum
1420 2347 1773 2398 archiepiscopum

72 2410 306 2449 Barensem.
334 2410 435 2448 Erat
459 2409 648 2447 Callistus
673 2409 839 2461 enregali
863 2409 988 2459 stirpe
1014 2408 1224 2453 oriundus,
1258 2422 1398 2457 regum
1430 2415 1470 2445 et
1502 2415 1773 2456 augustorum

74 2469 414 2519 consanguineus,
450 2469 602 2506 ducum
637 2468 777 2515 frater,
822 2476 1032 2518 praeterea
1068 2481 1240 2517 magnae
1278 2476 1364 2505 tum
1409 2465 1689 2511 auctoritatis3
1725 2479 1773 2502 ac

72 2528 291 2579 propterea
309 2528 461 2567 electus
479 2535 541 2566 est
559 2527 610 2564 ab
628 2527 674 2565 iis
695 2527 764 2577 qui
782 2527 1006 2578 sperabant
1023 2541 1063 2564 se
1082 2541 1153 2577 per
1170 2526 1275 2563 illius
1294 2526 1540 2576 potentiam,
1558 2533 1605 2562 ut
1624 2524 1772 2562 Willel-

72 2601 161 2626 mus
197 2586 569 2627 Malmesburiensis
603 2587 662 2624 ait
681 2586 710 2633 4,
742 2586 1001 2636 imperatoris
1035 2585 1204 2632 viribus,
1238 2585 1354 2634 cujus
1387 2584 1590 2634 praesidio
1624 2584 1771 2632 Grego—

72 2646 153 2685 rius
179 2647 282 2684 VIII
306 2645 541 2693 fovebatur,
566 2645 698 2683 obniti
720 2660 852 2695 posse.
882 2645 1028 2683 Itidem
1054 2644 1278 2682 cardinales
1303 2644 1420 2681 istius
1444 2643 1654 2692 temporis,
1679 2656 1774 2680 cum

73 2705 260 2744 viderent
280 2705 514 2756 potentiam
536 2704 693 2742 Urbani
718 2705 924 2742 firmatam
946 2704 1064 2753 lapsu
1085 2703 1281 2752 temporis
1304 2703 1550 2740 invalescere
1572 2710 1613 2739 et
1636 2702 1770 2739 Eccle-

121 2868 152 2894 ’1.
184 2861 251 2894 Ms.
279 2860 363 2900 cite,
391 2860 453 2893 fol.
482 2861 526 2893 37
554 2864 604 2892 v0.

123 2915 153 2948 2.
184 2913 449 2956 Bibliotheque
475 2913 519 2945 de
546 2912 691 2951 Rouen,
717 2924 784 2944 ms.
814 2911 917 2944 1357.

120 2969 152 3001 3.
184 2967 223 3000 Β.
252 2967 308 3006 N.‚
335 2978 402 2999 mS.
436 2966 531 2998 latin
564 2964 669 3004 1470,
695 2965 757 2998 fol.
786 2965 853 2997 273
880 2969 929 2997 v0.
955 2964 1066 2996 *Le
1092 2964 1205 2996 traite
1226 2965 1345 2996 meme
1367 2975 1506 3006 occupe
1531 2963 1582 2995 les
1607 2963 1771 2996 feuillets

73 3021 142 3054 255
160 3021 283 3053 r0-278
302 3024 348 3053 r0.
372 3011 475 3051 Eorit
494 3030 540 3051 en
559 3019 665 3057 1380,
686 3018 711 3050 il
731 3029 751 3050 a
771 3018 829 3050 ete
850 3017 949 3050 edite
969 3028 1037 3060 par
1055 3017 1098 3049 A.
1121 3016 1278 3049 Sorbelli
1302 3017 1352 3059 (Il
1369 3022 1512 3049 trattato
1534 3017 1570 3049 di
1589 3027 1658 3048 san
1681 3016 1775 3049 Vin—

71 3084 175 3106 cenzo
195 3073 324 3106 Ferrer
343 3073 486 3106 intorno
505 3072 542 3104 al
561 3072 696 3114 grande
714 3071 859 3109 scisma,
881 3070 1057 3113 Bologne,
1081 3070 1201 3112 1905).

120 3127 152 3159 4.
184 3126 319 3169 Migne,
341 3125 383 3158 P.
406 3125 461 3164 L.,
482 3131 509 3158 t.
533 3136 691 3164 CLXXIX,
713 3124 780 3157 col.
803 3124 973 3157 665—667.
