<?xml version="1.0" encoding="UTF-8"?>
<!DOCTYPE html PUBLIC "-//W3C//DTD XHTML 1.0 Transitional//EN"
    "http://www.w3.org/TR/xhtml1/DTD/xhtml1-transitional.dtd">
<html xmlns="http://www.w3.org/1999/xhtml" xml:lang="en" lang="en">
 <head>
  <title>
</title>
<meta http-equiv="Content-Type" content="text/html;charset=utf-8" />
  <meta name='ocr-system' content='tesseract 3.04.00' />
  <meta name='ocr-capabilities' content='ocr_page ocr_carea ocr_par ocr_line ocrx_word'/>
</head>
<body>
  <div class='ocr_page' id='page_1' title='image "./vitaepaparumaven02balu_0905.png"; bbox 0 0 2083 3458; ppageno 0'>
   <div class='ocr_carea' id='block_1_1' title="bbox 94 244 1779 300">
    <p class='ocr_par' dir='ltr' id='par_1_1' title="bbox 94 244 1779 300">
     <span class='ocr_line' id='line_1_1' title="bbox 94 244 1779 300; baseline -0.001 -14"><span class='ocrx_word' id='word_1_1' title='bbox 94 245 246 300; x_wconf 83' lang='grc'>[1383]</span> <span class='ocrx_word' id='word_1_2' title='bbox 614 262 830 288; x_wconf 81' lang='lat' dir='ltr'><strong>PAPARUM</strong></span> <span class='ocrx_word' id='word_1_3' title='bbox 866 262 1250 288; x_wconf 84' lang='lat' dir='ltr'><strong>AVENIONENSIUM</strong></span> <span class='ocrx_word' id='word_1_4' title='bbox 1697 244 1779 286; x_wconf 79' lang='lat'>895</span> 
     </span>
    </p>
   </div>
   <div class='ocr_carea' id='block_1_2' title="bbox 66 342 1777 2347">
    <p class='ocr_par' dir='ltr' id='par_1_2' title="bbox 72 342 1777 914">
     <span class='ocr_line' id='line_1_2' title="bbox 77 342 1774 396; baseline 0 -16"><span class='ocrx_word' id='word_1_5' title='bbox 77 342 278 381; x_wconf 89' lang='lat' dir='ltr'>universis</span> <span class='ocrx_word' id='word_1_6' title='bbox 300 343 410 380; x_wconf 90' lang='lat' dir='ltr'>viam</span> <span class='ocrx_word' id='word_1_7' title='bbox 428 342 618 381; x_wconf 82' lang='lat' dir='ltr'>cessionis</span> <span class='ocrx_word' id='word_1_8' title='bbox 638 343 851 393; x_wconf 86' lang='lat' dir='ltr'>utriusque</span> <span class='ocrx_word' id='word_1_9' title='bbox 865 345 1205 383; x_wconf 82' lang='lat' dir='ltr'>contendentium</span> <span class='ocrx_word' id='word_1_10' title='bbox 1218 345 1266 383; x_wconf 91' lang='lat' dir='ltr'>de</span> <span class='ocrx_word' id='word_1_11' title='bbox 1285 354 1443 396; x_wconf 83' lang='lat' dir='ltr'>papatu</span> <span class='ocrx_word' id='word_1_12' title='bbox 1456 360 1539 383; x_wconf 90' lang='lat' dir='ltr'>esse</span> <span class='ocrx_word' id='word_1_13' title='bbox 1555 344 1774 382; x_wconf 84' lang='lat' dir='ltr'>meliorem.</span> 
     </span>
     <span class='ocr_line' id='line_1_3' title="bbox 79 402 1777 455; baseline 0 -16"><span class='ocrx_word' id='word_1_14' title='bbox 79 402 184 440; x_wconf 88' lang='lat' dir='ltr'>Tum</span> <span class='ocrx_word' id='word_1_15' title='bbox 211 411 404 453; x_wconf 80' lang='lat' dir='ltr'>proptera</span> <span class='ocrx_word' id='word_1_16' title='bbox 433 402 541 440; x_wconf 79' lang='lat' dir='ltr'>ivere</span> <span class='ocrx_word' id='word_1_17' title='bbox 571 402 826 440; x_wconf 81' lang='lat' dir='ltr'>Avenionem</span> <span class='ocrx_word' id='word_1_18' title='bbox 853 411 934 441; x_wconf 87' lang='lat' dir='ltr'>tres</span> <span class='ocrx_word' id='word_1_19' title='bbox 957 404 1077 442; x_wconf 91' lang='lat' dir='ltr'>duces</span> <span class='ocrx_word' id='word_1_20' title='bbox 1109 404 1317 452; x_wconf 87' lang='lat' dir='ltr'>Franciae,</span> <span class='ocrx_word' id='word_1_21' title='bbox 1341 418 1463 455; x_wconf 89' lang='lat' dir='ltr'>penes</span> <span class='ocrx_word' id='word_1_22' title='bbox 1487 419 1586 454; x_wconf 89' lang='lat' dir='ltr'>quos</span> <span class='ocrx_word' id='word_1_23' title='bbox 1616 415 1777 442; x_wconf 88' lang='lat' dir='ltr'>summa</span> 
     </span>
     <span class='ocr_line' id='line_1_4' title="bbox 76 460 1776 513; baseline 0.001 -15"><span class='ocrx_word' id='word_1_24' title='bbox 76 460 237 512; x_wconf 88' lang='lat' dir='ltr'>imperii</span> <span class='ocrx_word' id='word_1_25' title='bbox 261 469 364 509; x_wconf 89' lang='lat' dir='ltr'>erat,</span> <span class='ocrx_word' id='word_1_26' title='bbox 389 461 660 499; x_wconf 90' lang='lat' dir='ltr'>Benedictum</span> <span class='ocrx_word' id='word_1_27' title='bbox 686 461 893 499; x_wconf 81' lang='lat' dir='ltr'>hortaturi</span> <span class='ocrx_word' id='word_1_28' title='bbox 918 462 980 499; x_wconf 90' lang='lat' dir='ltr'>uti</span> <span class='ocrx_word' id='word_1_29' title='bbox 1005 477 1096 500; x_wconf 88' lang='lat' dir='ltr'>eam</span> <span class='ocrx_word' id='word_1_30' title='bbox 1122 464 1451 513; x_wconf 79' lang='lat' dir='ltr'>amplecteretur.</span> <span class='ocrx_word' id='word_1_31' title='bbox 1481 464 1558 502; x_wconf 86' lang='lat' dir='ltr'>Sed</span> <span class='ocrx_word' id='word_1_32' title='bbox 1584 462 1648 501; x_wconf 88' lang='lat' dir='ltr'>ille</span> <span class='ocrx_word' id='word_1_33' title='bbox 1676 461 1776 499; x_wconf 86' lang='lat' dir='ltr'>diffi-</span> 
     </span>
     <span class='ocr_line' id='line_1_5' title="bbox 76 520 1777 571; baseline 0 -13"><span class='ocrx_word' id='word_1_34' title='bbox 76 520 252 558; x_wconf 85' lang='lat' dir='ltr'>cultates</span> <span class='ocrx_word' id='word_1_35' title='bbox 280 520 581 559; x_wconf 84' lang='lat' dir='ltr'>inextricabiles</span> <span class='ocrx_word' id='word_1_36' title='bbox 611 521 816 571; x_wconf 88' lang='lat' dir='ltr'>opposuit.</span> <span class='ocrx_word' id='word_1_37' title='bbox 848 521 1031 570; x_wconf 90' lang='lat' dir='ltr'>Denique</span> <span class='ocrx_word' id='word_1_38' title='bbox 1060 523 1180 560; x_wconf 87' lang='lat' dir='ltr'>duces</span> <span class='ocrx_word' id='word_1_39' title='bbox 1208 522 1249 559; x_wconf 88' lang='lat' dir='ltr'>in</span> <span class='ocrx_word' id='word_1_40' title='bbox 1276 536 1368 561; x_wconf 88' lang='lat' dir='ltr'>suas</span> <span class='ocrx_word' id='word_1_41' title='bbox 1405 523 1524 561; x_wconf 88' lang='lat' dir='ltr'>aedes</span> <span class='ocrx_word' id='word_1_42' title='bbox 1552 529 1777 560; x_wconf 89' lang='lat' dir='ltr'>evocarunt</span> 
     </span>
     <span class='ocr_line' id='line_1_6' title="bbox 77 579 1775 632; baseline 0 -14"><span class='ocrx_word' id='word_1_43' title='bbox 77 579 317 627; x_wconf 86' lang='lat' dir='ltr'>cardinales,</span> <span class='ocrx_word' id='word_1_44' title='bbox 344 593 486 618; x_wconf 90' lang='lat' dir='ltr'>eorum</span> <span class='ocrx_word' id='word_1_45' title='bbox 511 579 762 617; x_wconf 86' lang='lat' dir='ltr'>sententiam</span> <span class='ocrx_word' id='word_1_46' title='bbox 788 581 1053 630; x_wconf 87' lang='lat' dir='ltr'>exploraturi.</span> <span class='ocrx_word' id='word_1_47' title='bbox 1086 581 1147 618; x_wconf 84' lang='lat' dir='ltr'>Illi</span> <span class='ocrx_word' id='word_1_48' title='bbox 1172 596 1268 619; x_wconf 81' lang='lat' dir='ltr'>vero</span> <span class='ocrx_word' id='word_1_49' title='bbox 1303 582 1603 632; x_wconf 89' lang='lat' dir='ltr'>responderunt</span> <span class='ocrx_word' id='word_1_50' title='bbox 1629 588 1775 631; x_wconf 88' lang='lat' dir='ltr'>putare</span> 
     </span>
     <span class='ocr_line' id='line_1_7' title="bbox 75 638 1774 691; baseline 0.001 -15"><span class='ocrx_word' id='word_1_51' title='bbox 75 653 116 677; x_wconf 89' lang='lat' dir='ltr'>se</span> <span class='ocrx_word' id='word_1_52' title='bbox 137 638 248 676; x_wconf 92' lang='lat' dir='ltr'>viam</span> <span class='ocrx_word' id='word_1_53' title='bbox 268 638 457 677; x_wconf 85' lang='lat' dir='ltr'>cessionis</span> <span class='ocrx_word' id='word_1_54' title='bbox 478 653 563 676; x_wconf 88' lang='lat' dir='ltr'>esse</span> <span class='ocrx_word' id='word_1_55' title='bbox 584 639 804 677; x_wconf 88' lang='lat' dir='ltr'>meliorem.</span> <span class='ocrx_word' id='word_1_56' title='bbox 831 640 942 677; x_wconf 91' lang='lat' dir='ltr'>Unus</span> <span class='ocrx_word' id='word_1_57' title='bbox 965 640 1179 678; x_wconf 85' lang='lat' dir='ltr'>cardinalis</span> <span class='ocrx_word' id='word_1_58' title='bbox 1203 641 1525 691; x_wconf 89' lang='lat' dir='ltr'>Pampilonensis</span> <span class='ocrx_word' id='word_1_59' title='bbox 1546 640 1586 678; x_wconf 90' lang='lat' dir='ltr'>in</span> <span class='ocrx_word' id='word_1_60' title='bbox 1615 640 1774 678; x_wconf 86' lang='lat' dir='ltr'>diversa</span> 
     </span>
     <span class='ocr_line' id='line_1_8' title="bbox 74 697 1775 750; baseline 0 -14"><span class='ocrx_word' id='word_1_61' title='bbox 74 698 281 736; x_wconf 89' lang='lat' dir='ltr'>sententia</span> <span class='ocrx_word' id='word_1_62' title='bbox 311 697 388 736; x_wconf 83' lang='lat' dir='ltr'>fuit</span> <span class='ocrx_word' id='word_1_63' title='bbox 415 697 443 736; x_wconf 82' lang='lat'>1.</span> <span class='ocrx_word' id='word_1_64' title='bbox 475 697 575 735; x_wconf 89' lang='lat' dir='ltr'>Vide</span> <span class='ocrx_word' id='word_1_65' title='bbox 604 706 719 736; x_wconf 88' lang='lat' dir='ltr'>tomo</span> <span class='ocrx_word' id='word_1_66' title='bbox 756 707 873 736; x_wconf 82' lang='lat' dir='ltr'>sexto</span> <span class='ocrx_word' id='word_1_67' title='bbox 903 699 1042 748; x_wconf 85' lang='lat' dir='ltr'>Spicil.</span> <span class='ocrx_word' id='word_1_68' title='bbox 1083 700 1253 738; x_wconf 86' lang='lat' dir='ltr'>Dacher.</span> <span class='ocrx_word' id='word_1_69' title='bbox 1275 700 1302 747; x_wconf 77' lang='lat'>2,</span> <span class='ocrx_word' id='word_1_70' title='bbox 1331 715 1370 750; x_wconf 93' lang='lat' dir='ltr'>p.</span> <span class='ocrx_word' id='word_1_71' title='bbox 1410 700 1497 738; x_wconf 84' lang='grc'>139.</span> <span class='ocrx_word' id='word_1_72' title='bbox 1538 701 1697 738; x_wconf 87' lang='lat' dir='ltr'>Extant</span> <span class='ocrx_word' id='word_1_73' title='bbox 1734 698 1775 736; x_wconf 91' lang='lat' dir='ltr'>in</span> 
     </span>
     <span class='ocr_line' id='line_1_9' title="bbox 73 756 1774 808; baseline -0.001 -13"><span class='ocrx_word' id='word_1_74' title='bbox 73 757 212 796; x_wconf 87' lang='lat' dir='ltr'>codice</span> <span class='ocrx_word' id='word_1_75' title='bbox 239 756 317 795; x_wconf 78' lang='grc'>818</span> <span class='ocrx_word' id='word_1_76' title='bbox 345 757 617 795; x_wconf 84' lang='lat' dir='ltr'>bibliothecae</span> <span class='ocrx_word' id='word_1_77' title='bbox 647 757 936 796; x_wconf 83' lang='lat' dir='ltr'>Colbertinae3</span> <span class='ocrx_word' id='word_1_78' title='bbox 965 759 1232 807; x_wconf 79' lang='lat' dir='ltr'>Allegationes</span> <span class='ocrx_word' id='word_1_79' title='bbox 1267 758 1382 797; x_wconf 86' lang='lat' dir='ltr'>istius</span> <span class='ocrx_word' id='word_1_80' title='bbox 1420 758 1650 806; x_wconf 87' lang='lat' dir='ltr'>cardinalis,</span> <span class='ocrx_word' id='word_1_81' title='bbox 1688 756 1774 808; x_wconf 89' lang='lat' dir='ltr'>qui-</span> 
     </span>
     <span class='ocr_line' id='line_1_10' title="bbox 75 816 1774 868; baseline 0 -14"><span class='ocrx_word' id='word_1_82' title='bbox 75 816 149 855; x_wconf 91' lang='lat' dir='ltr'>bus</span> <span class='ocrx_word' id='word_1_83' title='bbox 169 817 342 867; x_wconf 91' lang='lat' dir='ltr'>probare</span> <span class='ocrx_word' id='word_1_84' title='bbox 362 824 404 855; x_wconf 87' lang='lat' dir='ltr'>et</span> <span class='ocrx_word' id='word_1_85' title='bbox 424 817 666 855; x_wconf 84' lang='lat' dir='ltr'>confirmare</span> <span class='ocrx_word' id='word_1_86' title='bbox 683 816 830 854; x_wconf 91' lang='lat' dir='ltr'>nititur</span> <span class='ocrx_word' id='word_1_87' title='bbox 850 816 1083 866; x_wconf 84' lang='lat' dir='ltr'>opinionem</span> <span class='ocrx_word' id='word_1_88' title='bbox 1098 832 1120 855; x_wconf 90' lang='lat' dir='ltr'>a</span> <span class='ocrx_word' id='word_1_89' title='bbox 1136 833 1175 856; x_wconf 92' lang='lat' dir='ltr'>se</span> <span class='ocrx_word' id='word_1_90' title='bbox 1191 817 1232 855; x_wconf 91' lang='lat' dir='ltr'>in</span> <span class='ocrx_word' id='word_1_91' title='bbox 1253 819 1327 856; x_wconf 89' lang='lat' dir='ltr'>hoc</span> <span class='ocrx_word' id='word_1_92' title='bbox 1347 826 1554 856; x_wconf 88' lang='lat' dir='ltr'>conventu</span> <span class='ocrx_word' id='word_1_93' title='bbox 1568 818 1774 868; x_wconf 87' lang='lat' dir='ltr'>prolatam</span> 
     </span>
     <span class='ocr_line' id='line_1_11' title="bbox 72 875 642 914; baseline 0.002 -1"><span class='ocrx_word' id='word_1_94' title='bbox 72 876 269 914; x_wconf 88' lang='lat' dir='ltr'>adversus</span> <span class='ocrx_word' id='word_1_95' title='bbox 299 876 410 913; x_wconf 79' lang='lat' dir='ltr'>viam</span> <span class='ocrx_word' id='word_1_96' title='bbox 439 875 642 914; x_wconf 85' lang='lat' dir='ltr'>cessionis.</span> 
     </span>
    </p>

    <p class='ocr_par' dir='ltr' id='par_1_3' title="bbox 69 935 1774 1873">
     <span class='ocr_line' id='line_1_12' title="bbox 128 935 1774 986; baseline 0.001 -14"><span class='ocrx_word' id='word_1_97' title='bbox 128 935 247 973; x_wconf 93' lang='lat' dir='ltr'>Anno</span> <span class='ocrx_word' id='word_1_98' title='bbox 283 935 603 974; x_wconf 84' lang='lat' dir='ltr'>MCCCXCVIII</span> <span class='ocrx_word' id='word_1_99' title='bbox 639 935 885 973; x_wconf 87' lang='lat' dir='ltr'>Benedictus</span> <span class='ocrx_word' id='word_1_100' title='bbox 936 936 1042 973; x_wconf 88' lang='lat' dir='ltr'>XIII</span> <span class='ocrx_word' id='word_1_101' title='bbox 1081 936 1303 974; x_wconf 82' lang='lat' dir='ltr'>Martinum</span> <span class='ocrx_word' id='word_1_102' title='bbox 1342 936 1696 986; x_wconf 79' lang='lat' dir='ltr'>pampilonensem</span> <span class='ocrx_word' id='word_1_103' title='bbox 1733 942 1774 974; x_wconf 88' lang='lat' dir='ltr'>et</span> 
     </span>
     <span class='ocr_line' id='line_1_13' title="bbox 74 994 1771 1047; baseline 0.001 -15"><span class='ocrx_word' id='word_1_104' title='bbox 74 994 297 1044; x_wconf 90' lang='lat' dir='ltr'>quemdam</span> <span class='ocrx_word' id='word_1_105' title='bbox 330 994 456 1032; x_wconf 89' lang='lat' dir='ltr'>alium</span> <span class='ocrx_word' id='word_1_106' title='bbox 489 994 739 1033; x_wconf 89' lang='lat' dir='ltr'>cardinalem</span> <span class='ocrx_word' id='word_1_107' title='bbox 758 994 774 1017; x_wconf 80' lang='lat'>4</span> <span class='ocrx_word' id='word_1_108' title='bbox 803 994 965 1032; x_wconf 84' lang='lat' dir='ltr'>mittere</span> <span class='ocrx_word' id='word_1_109' title='bbox 996 994 1277 1033; x_wconf 84' lang='lat' dir='ltr'>destinaverat</span> <span class='ocrx_word' id='word_1_110' title='bbox 1313 995 1365 1032; x_wconf 90' lang='lat' dir='ltr'>ad</span> <span class='ocrx_word' id='word_1_111' title='bbox 1408 995 1606 1047; x_wconf 78' lang='lat' dir='ltr'>Karolum</span> <span class='ocrx_word' id='word_1_112' title='bbox 1637 1009 1771 1046; x_wconf 82' lang='lat' dir='ltr'>regem</span> 
     </span>
     <span class='ocr_line' id='line_1_14' title="bbox 76 1046 1770 1104; baseline 0.001 -13"><span class='ocrx_word' id='word_1_113' title='bbox 76 1054 341 1092; x_wconf 88' lang='lat' dir='ltr'>Francorum.</span> <span class='ocrx_word' id='word_1_114' title='bbox 371 1054 490 1102; x_wconf 87' lang='lat' dir='ltr'>Quod</span> <span class='ocrx_word' id='word_1_115' title='bbox 517 1068 610 1092; x_wconf 90' lang='lat' dir='ltr'>cum</span> <span class='ocrx_word' id='word_1_116' title='bbox 637 1053 700 1091; x_wconf 91' lang='lat' dir='ltr'>ille</span> <span class='ocrx_word' id='word_1_117' title='bbox 729 1053 1010 1100; x_wconf 83' lang='lat' dir='ltr'>intellexisset,</span> <span class='ocrx_word' id='word_1_118' title='bbox 1038 1054 1260 1092; x_wconf 87' lang='lat' dir='ltr'>Benedicto</span> <span class='ocrx_word' id='word_1_119' title='bbox 1288 1046 1695 1104; x_wconf 51' lang='lat' dir='ltr'>significari&#39;curavit</span> <span class='ocrx_word' id='word_1_120' title='bbox 1722 1069 1770 1093; x_wconf 89' lang='lat' dir='ltr'>ne</span> 
     </span>
     <span class='ocr_line' id='line_1_15' title="bbox 74 1112 1773 1163; baseline 0.001 -14"><span class='ocrx_word' id='word_1_121' title='bbox 74 1112 271 1151; x_wconf 89' lang='lat' dir='ltr'>mitteret.</span> <span class='ocrx_word' id='word_1_122' title='bbox 304 1113 448 1162; x_wconf 89' lang='lat' dir='ltr'>Itaque</span> <span class='ocrx_word' id='word_1_123' title='bbox 477 1127 558 1150; x_wconf 91' lang='lat' dir='ltr'>non</span> <span class='ocrx_word' id='word_1_124' title='bbox 583 1113 673 1151; x_wconf 81' lang='lat' dir='ltr'>ivit.</span> <span class='ocrx_word' id='word_1_125' title='bbox 705 1113 822 1152; x_wconf 87' lang='lat' dir='ltr'>Hane</span> <span class='ocrx_word' id='word_1_126' title='bbox 848 1127 932 1151; x_wconf 92' lang='lat' dir='ltr'>rem</span> <span class='ocrx_word' id='word_1_127' title='bbox 959 1128 1075 1162; x_wconf 80' lang='lat' dir='ltr'>aegre</span> <span class='ocrx_word' id='word_1_128' title='bbox 1102 1113 1241 1151; x_wconf 87' lang='lat' dir='ltr'>tulisse</span> <span class='ocrx_word' id='word_1_129' title='bbox 1268 1113 1539 1152; x_wconf 88' lang='lat' dir='ltr'>Benedictum</span> <span class='ocrx_word' id='word_1_130' title='bbox 1565 1114 1695 1163; x_wconf 89' lang='lat' dir='ltr'>liquet</span> <span class='ocrx_word' id='word_1_131' title='bbox 1723 1129 1773 1152; x_wconf 86' lang='lat' dir='ltr'>ex</span> 
     </span>
     <span class='ocr_line' id='line_1_16' title="bbox 73 1171 1771 1223; baseline 0.001 -13"><span class='ocrx_word' id='word_1_132' title='bbox 73 1171 247 1222; x_wconf 87' lang='lat' dir='ltr'>epistola</span> <span class='ocrx_word' id='word_1_133' title='bbox 275 1172 328 1210; x_wconf 93' lang='lat' dir='ltr'>ad</span> <span class='ocrx_word' id='word_1_134' title='bbox 359 1172 558 1210; x_wconf 86' lang='lat' dir='ltr'>Karolum</span> <span class='ocrx_word' id='word_1_135' title='bbox 586 1172 753 1222; x_wconf 88' lang='lat' dir='ltr'>scripta,</span> <span class='ocrx_word' id='word_1_136' title='bbox 791 1187 916 1222; x_wconf 84' lang='lat' dir='ltr'>quam</span> <span class='ocrx_word' id='word_1_137' title='bbox 952 1173 1099 1210; x_wconf 86' lang='lat' dir='ltr'>recitat</span> <span class='ocrx_word' id='word_1_138' title='bbox 1135 1173 1400 1211; x_wconf 88' lang='lat' dir='ltr'>continuator</span> <span class='ocrx_word' id='word_1_139' title='bbox 1438 1173 1633 1223; x_wconf 78' lang='lat' dir='ltr'>Nangii5‚</span> <span class='ocrx_word' id='word_1_140' title='bbox 1661 1173 1771 1211; x_wconf 88' lang='lat' dir='ltr'>edita</span> 
     </span>
     <span class='ocr_line' id='line_1_17' title="bbox 74 1231 1771 1282; baseline 0.001 -13"><span class='ocrx_word' id='word_1_141' title='bbox 74 1239 136 1269; x_wconf 89' lang='lat' dir='ltr'>est</span> <span class='ocrx_word' id='word_1_142' title='bbox 163 1240 304 1269; x_wconf 90' lang='lat' dir='ltr'>autem</span> <span class='ocrx_word' id='word_1_143' title='bbox 331 1231 373 1269; x_wconf 91' lang='lat' dir='ltr'>in</span> <span class='ocrx_word' id='word_1_144' title='bbox 399 1240 514 1270; x_wconf 91' lang='lat' dir='ltr'>tomo</span> <span class='ocrx_word' id='word_1_145' title='bbox 544 1240 692 1281; x_wconf 90' lang='lat' dir='ltr'>quarto</span> <span class='ocrx_word' id='word_1_146' title='bbox 730 1232 932 1269; x_wconf 80' lang='lat' dir='ltr'>Historiae</span> <span class='ocrx_word' id='word_1_147' title='bbox 976 1232 1255 1269; x_wconf 68' lang='lat' dir='ltr'>Universitatis</span> <span class='ocrx_word' id='word_1_148' title='bbox 1291 1232 1438 1280; x_wconf 67' lang='lat' dir='ltr'>Paris,</span> <span class='ocrx_word' id='word_1_149' title='bbox 1467 1247 1506 1282; x_wconf 89' lang='lat' dir='ltr'>p.</span> <span class='ocrx_word' id='word_1_150' title='bbox 1534 1232 1624 1271; x_wconf 77' lang='lat'>828.</span> <span class='ocrx_word' id='word_1_151' title='bbox 1656 1232 1771 1271; x_wconf 86' lang='lat' dir='ltr'>Adde</span> 
     </span>
     <span class='ocr_line' id='line_1_18' title="bbox 73 1290 1772 1341; baseline 0.001 -13"><span class='ocrx_word' id='word_1_152' title='bbox 73 1290 369 1329; x_wconf 85' lang='lat' dir='ltr'>auctoritatem</span> <span class='ocrx_word' id='word_1_153' title='bbox 399 1291 602 1330; x_wconf 90' lang='lat' dir='ltr'>secundae</span> <span class='ocrx_word' id='word_1_154' title='bbox 634 1291 907 1341; x_wconf 88' lang='lat' dir='ltr'>responsionis</span> <span class='ocrx_word' id='word_1_155' title='bbox 940 1291 1124 1340; x_wconf 83' lang='lat' dir='ltr'>ejusdem</span> <span class='ocrx_word' id='word_1_156' title='bbox 1150 1290 1438 1329; x_wconf 75' lang='lat' dir='ltr'>Universitatis</span> <span class='ocrx_word' id='word_1_157' title='bbox 1471 1292 1522 1328; x_wconf 88' lang='lat' dir='ltr'>ad</span> <span class='ocrx_word' id='word_1_158' title='bbox 1553 1291 1772 1341; x_wconf 88' lang='lat' dir='ltr'>epistolam</span> 
     </span>
     <span class='ocr_line' id='line_1_19' title="bbox 73 1349 1771 1400; baseline 0.001 -12"><span class='ocrx_word' id='word_1_159' title='bbox 73 1350 201 1388; x_wconf 89' lang='lat' dir='ltr'>studii</span> <span class='ocrx_word' id='word_1_160' title='bbox 216 1350 419 1398; x_wconf 89' lang='lat' dir='ltr'>Tolosani,</span> <span class='ocrx_word' id='word_1_161' title='bbox 435 1364 540 1400; x_wconf 86' lang='lat' dir='ltr'>quae</span> <span class='ocrx_word' id='word_1_162' title='bbox 555 1365 605 1388; x_wconf 86' lang='lat' dir='ltr'>ex</span> <span class='ocrx_word' id='word_1_163' title='bbox 618 1349 844 1389; x_wconf 68' lang='lat' dir='ltr'>codice843</span> <span class='ocrx_word' id='word_1_164' title='bbox 857 1350 997 1389; x_wconf 73' lang='lat' dir='ltr'>Sancti</span> <span class='ocrx_word' id='word_1_165' title='bbox 1023 1350 1195 1389; x_wconf 85' lang='lat' dir='ltr'>Victoris</span> <span class='ocrx_word' id='word_1_166' title='bbox 1210 1350 1225 1373; x_wconf 76' lang='lat'><strong>⁶</strong></span> <span class='ocrx_word' id='word_1_167' title='bbox 1247 1351 1357 1389; x_wconf 88' lang='lat' dir='ltr'>edita</span> <span class='ocrx_word' id='word_1_168' title='bbox 1373 1350 1487 1388; x_wconf 89' lang='lat' dir='ltr'>estin</span> <span class='ocrx_word' id='word_1_169' title='bbox 1499 1359 1612 1388; x_wconf 90' lang='lat' dir='ltr'>tomo</span> <span class='ocrx_word' id='word_1_170' title='bbox 1625 1350 1771 1400; x_wconf 85' lang='lat' dir='ltr'>quinto</span> 
     </span>
     <span class='ocr_line' id='line_1_20' title="bbox 72 1409 1770 1460; baseline -0.001 -12"><span class='ocrx_word' id='word_1_171' title='bbox 72 1409 260 1458; x_wconf 90' lang='lat' dir='ltr'>ejusdem</span> <span class='ocrx_word' id='word_1_172' title='bbox 290 1410 507 1457; x_wconf 79' lang='lat' dir='ltr'>Historiae,</span> <span class='ocrx_word' id='word_1_173' title='bbox 538 1409 609 1447; x_wconf 92' lang='lat' dir='ltr'>ubi</span> <span class='ocrx_word' id='word_1_174' title='bbox 637 1425 676 1459; x_wconf 92' lang='lat' dir='ltr'>p.</span> <span class='ocrx_word' id='word_1_175' title='bbox 709 1410 758 1447; x_wconf 85' lang='lat'>45</span> <span class='ocrx_word' id='word_1_176' title='bbox 788 1410 865 1447; x_wconf 83' lang='lat' dir='ltr'>ista</span> <span class='ocrx_word' id='word_1_177' title='bbox 897 1409 1087 1459; x_wconf 77' lang='lat' dir='ltr'>leguntur</span> <span class='ocrx_word' id='word_1_178' title='bbox 1119 1426 1126 1447; x_wconf 91' lang='lat'>:</span> <span class='ocrx_word' id='word_1_179' title='bbox 1159 1410 1271 1459; x_wconf 79' lang='lat' dir='ltr'>Quod</span> <span class='ocrx_word' id='word_1_180' title='bbox 1309 1410 1345 1446; x_wconf 84' lang='lat' dir='ltr'>si</span> <span class='ocrx_word' id='word_1_181' title='bbox 1384 1409 1535 1447; x_wconf 80' lang='lat' dir='ltr'>domini</span> <span class='ocrx_word' id='word_1_182' title='bbox 1566 1410 1770 1460; x_wconf 84' lang='lat' dir='ltr'>Pampilo-</span> 
     </span>
     <span class='ocr_line' id='line_1_21' title="bbox 75 1468 1770 1518; baseline 0.001 -13"><span class='ocrx_word' id='word_1_183' title='bbox 75 1468 212 1506; x_wconf 79' lang='lat' dir='ltr'>nensis</span> <span class='ocrx_word' id='word_1_184' title='bbox 241 1470 432 1507; x_wconf 72' lang='lat' dir='ltr'>adventus</span> <span class='ocrx_word' id='word_1_185' title='bbox 460 1470 512 1507; x_wconf 84' lang='lat' dir='ltr'>ad</span> <span class='ocrx_word' id='word_1_186' title='bbox 540 1469 753 1506; x_wconf 72' lang='lat' dir='ltr'>concilium</span> <span class='ocrx_word' id='word_1_187' title='bbox 783 1469 955 1506; x_wconf 77' lang='lat' dir='ltr'>dominis</span> <span class='ocrx_word' id='word_1_188' title='bbox 987 1477 1120 1518; x_wconf 76' lang='lat' dir='ltr'>gratus</span> <span class='ocrx_word' id='word_1_189' title='bbox 1157 1483 1235 1506; x_wconf 90' lang='lat' dir='ltr'>non</span> <span class='ocrx_word' id='word_1_190' title='bbox 1263 1469 1394 1518; x_wconf 75' lang='lat' dir='ltr'>faerit,</span> <span class='ocrx_word' id='word_1_191' title='bbox 1421 1483 1499 1506; x_wconf 87' lang='lat' dir='ltr'>non</span> <span class='ocrx_word' id='word_1_192' title='bbox 1530 1469 1770 1516; x_wconf 79' lang='lat' dir='ltr'>mirandam,</span> 
     </span>
     <span class='ocr_line' id='line_1_22' title="bbox 72 1528 1769 1578; baseline 0 -12"><span class='ocrx_word' id='word_1_193' title='bbox 72 1535 156 1566; x_wconf 80' lang='lat' dir='ltr'>tum</span> <span class='ocrx_word' id='word_1_194' title='bbox 176 1528 270 1578; x_wconf 82' lang='lat' dir='ltr'>quia</span> <span class='ocrx_word' id='word_1_195' title='bbox 290 1542 369 1565; x_wconf 89' lang='lat' dir='ltr'>non</span> <span class='ocrx_word' id='word_1_196' title='bbox 389 1529 432 1566; x_wconf 82' lang='lat' dir='ltr'>de</span> <span class='ocrx_word' id='word_1_197' title='bbox 452 1542 584 1577; x_wconf 82' lang='lat' dir='ltr'>regno,</span> <span class='ocrx_word' id='word_1_198' title='bbox 604 1537 638 1566; x_wconf 91' lang='lat' dir='ltr'>et</span> <span class='ocrx_word' id='word_1_199' title='bbox 657 1543 725 1578; x_wconf 88' lang='lat' dir='ltr'>per</span> <span class='ocrx_word' id='word_1_200' title='bbox 744 1543 979 1577; x_wconf 75' lang='lat' dir='ltr'>consequens</span> <span class='ocrx_word' id='word_1_201' title='bbox 1001 1529 1043 1565; x_wconf 83' lang='lat' dir='ltr'>in</span> <span class='ocrx_word' id='word_1_202' title='bbox 1062 1528 1173 1577; x_wconf 82' lang='lat' dir='ltr'>regni</span> <span class='ocrx_word' id='word_1_203' title='bbox 1194 1528 1358 1566; x_wconf 80' lang='lat' dir='ltr'>concilio</span> <span class='ocrx_word' id='word_1_204' title='bbox 1379 1542 1457 1565; x_wconf 89' lang='lat' dir='ltr'>non</span> <span class='ocrx_word' id='word_1_205' title='bbox 1483 1528 1562 1577; x_wconf 75' lang='lat' dir='ltr'>fnit</span> <span class='ocrx_word' id='word_1_206' title='bbox 1580 1528 1665 1577; x_wconf 81' lang='lat' dir='ltr'>ejus</span> <span class='ocrx_word' id='word_1_207' title='bbox 1685 1542 1769 1578; x_wconf 86' lang='lat' dir='ltr'>pre-</span> 
     </span>
     <span class='ocr_line' id='line_1_23' title="bbox 70 1587 1771 1638; baseline 0.001 -14"><span class='ocrx_word' id='word_1_208' title='bbox 70 1587 199 1625; x_wconf 78' lang='lat' dir='ltr'>sentia</span> <span class='ocrx_word' id='word_1_209' title='bbox 222 1588 456 1635; x_wconf 76' lang='lat' dir='ltr'>necessaria,</span> <span class='ocrx_word' id='word_1_210' title='bbox 481 1596 564 1625; x_wconf 76' lang='lat' dir='ltr'>tum</span> <span class='ocrx_word' id='word_1_211' title='bbox 586 1588 679 1638; x_wconf 80' lang='lat' dir='ltr'>quia</span> <span class='ocrx_word' id='word_1_212' title='bbox 703 1588 889 1637; x_wconf 76' lang='lat' dir='ltr'>partialis</span> <span class='ocrx_word' id='word_1_213' title='bbox 911 1596 944 1625; x_wconf 88' lang='lat' dir='ltr'>et</span> <span class='ocrx_word' id='word_1_214' title='bbox 965 1587 1100 1625; x_wconf 76' lang='lat' dir='ltr'>sensui</span> <span class='ocrx_word' id='word_1_215' title='bbox 1123 1587 1285 1637; x_wconf 85' lang='lat' dir='ltr'>proprio</span> <span class='ocrx_word' id='word_1_216' title='bbox 1309 1587 1496 1633; x_wconf 69' lang='lat' dir='ltr'>innitens,</span> <span class='ocrx_word' id='word_1_217' title='bbox 1520 1602 1630 1636; x_wconf 83' lang='lat' dir='ltr'>qnem</span> <span class='ocrx_word' id='word_1_218' title='bbox 1655 1588 1771 1625; x_wconf 77' lang='lat' dir='ltr'>multe</span> 
     </span>
     <span class='ocr_line' id='line_1_24' title="bbox 70 1646 1769 1696; baseline 0 -12"><span class='ocrx_word' id='word_1_219' title='bbox 70 1646 178 1684; x_wconf 80' lang='lat' dir='ltr'>litere</span> <span class='ocrx_word' id='word_1_220' title='bbox 202 1646 385 1696; x_wconf 76' lang='lat' dir='ltr'>fortassis</span> <span class='ocrx_word' id='word_1_221' title='bbox 411 1647 590 1684; x_wconf 81' lang='lat' dir='ltr'>insanire</span> <span class='ocrx_word' id='word_1_222' title='bbox 615 1646 783 1696; x_wconf 77' lang='lat' dir='ltr'>jaciunt,</span> <span class='ocrx_word' id='word_1_223' title='bbox 803 1646 992 1696; x_wconf 80' lang='lat' dir='ltr'>spiritum</span> <span class='ocrx_word' id='word_1_224' title='bbox 1018 1655 1175 1694; x_wconf 78' lang='lat' dir='ltr'>rectam,</span> <span class='ocrx_word' id='word_1_225' title='bbox 1206 1647 1247 1683; x_wconf 82' lang='lat' dir='ltr'>in</span> <span class='ocrx_word' id='word_1_226' title='bbox 1264 1661 1375 1696; x_wconf 79' lang='lat' dir='ltr'>quem</span> <span class='ocrx_word' id='word_1_227' title='bbox 1401 1646 1612 1684; x_wconf 83' lang='lat' dir='ltr'>obstinatio</span> <span class='ocrx_word' id='word_1_228' title='bbox 1638 1661 1769 1696; x_wconf 86' lang='lat' dir='ltr'>pecca·</span> 
     </span>
     <span class='ocr_line' id='line_1_25' title="bbox 69 1705 1770 1756; baseline 0 -14"><span class='ocrx_word' id='word_1_229' title='bbox 69 1713 155 1743; x_wconf 82' lang='lat' dir='ltr'>tum</span> <span class='ocrx_word' id='word_1_230' title='bbox 178 1714 246 1752; x_wconf 83' lang='lat' dir='ltr'>est,</span> <span class='ocrx_word' id='word_1_231' title='bbox 273 1721 297 1744; x_wconf 85' lang='grc' dir='ltr'><em>α</em></span> <span class='ocrx_word' id='word_1_232' title='bbox 320 1720 360 1743; x_wconf 85' lang='lat' dir='ltr'>se</span> <span class='ocrx_word' id='word_1_233' title='bbox 385 1706 554 1744; x_wconf 76' lang='lat' dir='ltr'>creditur</span> <span class='ocrx_word' id='word_1_234' title='bbox 578 1706 789 1756; x_wconf 68' lang='lat' dir='ltr'>expulisse.</span> <span class='ocrx_word' id='word_1_235' title='bbox 819 1707 947 1756; x_wconf 77' lang='lat' dir='ltr'>Quare</span> <span class='ocrx_word' id='word_1_236' title='bbox 974 1706 1105 1755; x_wconf 77' lang='lat' dir='ltr'>ipsius</span> <span class='ocrx_word' id='word_1_237' title='bbox 1130 1706 1328 1756; x_wconf 81' lang='lat' dir='ltr'>presentia</span> <span class='ocrx_word' id='word_1_238' title='bbox 1352 1714 1533 1743; x_wconf 77' lang='lat' dir='ltr'>sanctum</span> <span class='ocrx_word' id='word_1_239' title='bbox 1558 1705 1770 1743; x_wconf 80' lang='lat' dir='ltr'>concilium</span> 
     </span>
     <span class='ocr_line' id='line_1_26' title="bbox 69 1764 1768 1815; baseline 0 -13"><span class='ocrx_word' id='word_1_240' title='bbox 69 1764 186 1814; x_wconf 69' lang='lat' dir='ltr'>facile</span> <span class='ocrx_word' id='word_1_241' title='bbox 211 1766 368 1803; x_wconf 78' lang='lat' dir='ltr'>turbare</span> <span class='ocrx_word' id='word_1_242' title='bbox 394 1765 592 1804; x_wconf 70' lang='lat' dir='ltr'>valuisset.</span> <span class='ocrx_word' id='word_1_243' title='bbox 624 1766 686 1803; x_wconf 85' lang='lat' dir='ltr'>Ex</span> <span class='ocrx_word' id='word_1_244' title='bbox 714 1780 793 1815; x_wconf 88' lang='lat' dir='ltr'>qua</span> <span class='ocrx_word' id='word_1_245' title='bbox 823 1780 917 1803; x_wconf 74' lang='lat' dir='ltr'>vera</span> <span class='ocrx_word' id='word_1_246' title='bbox 947 1765 1179 1803; x_wconf 84' lang='lat' dir='ltr'>narratione</span> <span class='ocrx_word' id='word_1_247' title='bbox 1208 1765 1410 1814; x_wconf 81' lang='lat' dir='ltr'>colligitur</span> <span class='ocrx_word' id='word_1_248' title='bbox 1438 1764 1600 1802; x_wconf 90' lang='lat' dir='ltr'>vanitas</span> <span class='ocrx_word' id='word_1_249' title='bbox 1629 1778 1768 1802; x_wconf 87' lang='lat' dir='ltr'>eorum</span> 
     </span>
     <span class='ocr_line' id='line_1_27' title="bbox 69 1823 1569 1873; baseline 0 -12"><span class='ocrx_word' id='word_1_250' title='bbox 69 1837 174 1873; x_wconf 92' lang='lat' dir='ltr'>quae</span> <span class='ocrx_word' id='word_1_251' title='bbox 199 1824 396 1862; x_wconf 90' lang='lat' dir='ltr'>Oldoinus</span> <span class='ocrx_word' id='word_1_252' title='bbox 418 1824 550 1862; x_wconf 88' lang='lat' dir='ltr'>tradit</span> <span class='ocrx_word' id='word_1_253' title='bbox 570 1825 619 1862; x_wconf 90' lang='lat' dir='ltr'>de</span> <span class='ocrx_word' id='word_1_254' title='bbox 642 1839 799 1863; x_wconf 88' lang='lat' dir='ltr'>carcere</span> <span class='ocrx_word' id='word_1_255' title='bbox 823 1824 977 1862; x_wconf 89' lang='lat' dir='ltr'>Gallico</span> <span class='ocrx_word' id='word_1_256' title='bbox 1001 1824 1166 1861; x_wconf 87' lang='lat' dir='ltr'>Martini</span> <span class='ocrx_word' id='word_1_257' title='bbox 1190 1824 1204 1846; x_wconf 91' lang='lat'>⁷</span> <span class='ocrx_word' id='word_1_258' title='bbox 1231 1824 1275 1873; x_wconf 85' lang='lat' dir='ltr'>[t.</span> <span class='ocrx_word' id='word_1_259' title='bbox 1298 1839 1339 1871; x_wconf 87' lang='lat'>11,</span> <span class='ocrx_word' id='word_1_260' title='bbox 1363 1824 1436 1862; x_wconf 92' lang='lat' dir='ltr'>col.</span> <span class='ocrx_word' id='word_1_261' title='bbox 1461 1823 1569 1872; x_wconf 75' lang='lat'>687).</span> 
     </span>
    </p>

    <p class='ocr_par' dir='ltr' id='par_1_4' title="bbox 66 1883 1768 2276">
     <span class='ocr_line' id='line_1_28' title="bbox 123 1883 1768 1934; baseline -0.001 -14"><span class='ocrx_word' id='word_1_262' title='bbox 123 1883 243 1921; x_wconf 89' lang='lat' dir='ltr'>Anno</span> <span class='ocrx_word' id='word_1_263' title='bbox 271 1883 429 1931; x_wconf 89' lang='lat' dir='ltr'>eodem,</span> <span class='ocrx_word' id='word_1_264' title='bbox 462 1884 540 1922; x_wconf 89' lang='lat' dir='ltr'>kal.</span> <span class='ocrx_word' id='word_1_265' title='bbox 578 1883 632 1934; x_wconf 85' lang='lat'>[1]</span> <span class='ocrx_word' id='word_1_266' title='bbox 667 1883 924 1934; x_wconf 86' lang='lat' dir='ltr'>septembris,</span> <span class='ocrx_word' id='word_1_267' title='bbox 964 1883 1175 1933; x_wconf 85' lang='lat' dir='ltr'>publicata</span> <span class='ocrx_word' id='word_1_268' title='bbox 1217 1891 1278 1921; x_wconf 89' lang='lat' dir='ltr'>est</span> <span class='ocrx_word' id='word_1_269' title='bbox 1318 1883 1428 1933; x_wconf 91' lang='lat' dir='ltr'>apud</span> <span class='ocrx_word' id='word_1_270' title='bbox 1466 1883 1768 1920; x_wconf 84' lang='lat' dir='ltr'>Villamnovam</span> 
     </span>
     <span class='ocr_line' id='line_1_29' title="bbox 68 1942 1766 1991; baseline -0.001 -11"><span class='ocrx_word' id='word_1_271' title='bbox 68 1950 211 1980; x_wconf 89' lang='lat' dir='ltr'>contra</span> <span class='ocrx_word' id='word_1_272' title='bbox 240 1942 495 1981; x_wconf 86' lang='lat' dir='ltr'>Avenionem</span> <span class='ocrx_word' id='word_1_273' title='bbox 520 1943 750 1981; x_wconf 90' lang='lat' dir='ltr'>subtractio</span> <span class='ocrx_word' id='word_1_274' title='bbox 778 1943 1034 1981; x_wconf 84' lang='lat' dir='ltr'>obedientiae</span> <span class='ocrx_word' id='word_1_275' title='bbox 1063 1943 1172 1981; x_wconf 86' lang='lat' dir='ltr'>facta</span> <span class='ocrx_word' id='word_1_276' title='bbox 1199 1942 1422 1981; x_wconf 87' lang='lat' dir='ltr'>Benedicto</span> <span class='ocrx_word' id='word_1_277' title='bbox 1449 1956 1470 1979; x_wconf 89' lang='lat' dir='ltr'>a</span> <span class='ocrx_word' id='word_1_278' title='bbox 1497 1956 1586 1991; x_wconf 82' lang='lat' dir='ltr'>rege</span> <span class='ocrx_word' id='word_1_279' title='bbox 1614 1950 1654 1980; x_wconf 87' lang='lat' dir='ltr'>et</span> <span class='ocrx_word' id='word_1_280' title='bbox 1680 1942 1766 1991; x_wconf 88' lang='lat' dir='ltr'>ejus</span> 
     </span>
     <span class='ocr_line' id='line_1_30' title="bbox 69 2000 1766 2050; baseline -0.001 -11"><span class='ocrx_word' id='word_1_281' title='bbox 69 2001 252 2041; x_wconf 89' lang='lat' dir='ltr'>consilio.</span> <span class='ocrx_word' id='word_1_282' title='bbox 273 2002 441 2040; x_wconf 90' lang='lat' dir='ltr'>Postera</span> <span class='ocrx_word' id='word_1_283' title='bbox 461 2002 524 2040; x_wconf 90' lang='lat' dir='ltr'>die</span> <span class='ocrx_word' id='word_1_284' title='bbox 545 2002 573 2049; x_wconf 79' lang='grc'>8,</span> <span class='ocrx_word' id='word_1_285' title='bbox 592 2010 639 2039; x_wconf 90' lang='lat' dir='ltr'>ut</span> <span class='ocrx_word' id='word_1_286' title='bbox 659 2002 795 2040; x_wconf 84' lang='lat' dir='ltr'>Surita</span> <span class='ocrx_word' id='word_1_287' title='bbox 814 2002 885 2048; x_wconf 84' lang='lat' dir='ltr'>ait,</span> <span class='ocrx_word' id='word_1_288' title='bbox 906 2002 1131 2040; x_wconf 88' lang='lat' dir='ltr'>cardinales</span> <span class='ocrx_word' id='word_1_289' title='bbox 1158 2002 1262 2039; x_wconf 89' lang='lat' dir='ltr'>Galli</span> <span class='ocrx_word' id='word_1_290' title='bbox 1280 2009 1321 2039; x_wconf 90' lang='lat' dir='ltr'>et</span> <span class='ocrx_word' id='word_1_291' title='bbox 1340 2001 1425 2050; x_wconf 88' lang='lat' dir='ltr'>ejus</span> <span class='ocrx_word' id='word_1_292' title='bbox 1448 2000 1624 2039; x_wconf 87' lang='lat' dir='ltr'>nationis</span> <span class='ocrx_word' id='word_1_293' title='bbox 1645 2000 1766 2039; x_wconf 89' lang='lat' dir='ltr'>comi·</span> 
     </span>
     <span class='ocr_line' id='line_1_31' title="bbox 67 2060 1766 2111; baseline -0.001 -13"><span class='ocrx_word' id='word_1_294' title='bbox 67 2068 182 2099; x_wconf 86' lang='lat' dir='ltr'>tatus</span> <span class='ocrx_word' id='word_1_295' title='bbox 208 2061 417 2100; x_wconf 90' lang='lat' dir='ltr'>Avenione</span> <span class='ocrx_word' id='word_1_296' title='bbox 442 2061 661 2100; x_wconf 86' lang='lat' dir='ltr'>decedunt.</span> <span class='ocrx_word' id='word_1_297' title='bbox 686 2061 910 2099; x_wconf 88' lang='lat' dir='ltr'>Benedicto</span> <span class='ocrx_word' id='word_1_298' title='bbox 943 2070 1133 2111; x_wconf 87' lang='lat' dir='ltr'>parentes</span> <span class='ocrx_word' id='word_1_299' title='bbox 1168 2069 1292 2110; x_wconf 88' lang='lat' dir='ltr'>atque</span> <span class='ocrx_word' id='word_1_300' title='bbox 1319 2060 1555 2098; x_wconf 89' lang='lat' dir='ltr'>obedientes</span> <span class='ocrx_word' id='word_1_301' title='bbox 1579 2074 1766 2110; x_wconf 88' lang='lat' dir='ltr'>perman·-</span> 
     </span>
     <span class='ocr_line' id='line_1_32' title="bbox 68 2118 1766 2170; baseline -0.001 -13"><span class='ocrx_word' id='word_1_302' title='bbox 68 2133 152 2157; x_wconf 90' lang='lat' dir='ltr'>sere</span> <span class='ocrx_word' id='word_1_303' title='bbox 198 2118 399 2158; x_wconf 91' lang='lat' dir='ltr'>Martinus</span> <span class='ocrx_word' id='word_1_304' title='bbox 455 2120 592 2167; x_wconf 86' lang='lat' dir='ltr'>Salva,</span> <span class='ocrx_word' id='word_1_305' title='bbox 639 2120 921 2158; x_wconf 87' lang='lat' dir='ltr'>Ferdinandus</span> <span class='ocrx_word' id='word_1_306' title='bbox 968 2120 1165 2166; x_wconf 88' lang='lat' dir='ltr'>Peresius,</span> <span class='ocrx_word' id='word_1_307' title='bbox 1221 2120 1489 2170; x_wconf 80' lang='lat' dir='ltr'>Berengarius</span> <span class='ocrx_word' id='word_1_308' title='bbox 1536 2119 1766 2169; x_wconf 80' lang='lat' dir='ltr'>Anglesola,</span> 
     </span>
     <span class='ocr_line' id='line_1_33' title="bbox 69 2178 1767 2228; baseline -0.001 -12"><span class='ocrx_word' id='word_1_309' title='bbox 69 2178 299 2217; x_wconf 88' lang='lat' dir='ltr'>Gaufredus</span> <span class='ocrx_word' id='word_1_310' title='bbox 328 2178 482 2218; x_wconf 89' lang='lat' dir='ltr'>Boilius</span> <span class='ocrx_word' id='word_1_311' title='bbox 520 2187 561 2218; x_wconf 89' lang='lat' dir='ltr'>et</span> <span class='ocrx_word' id='word_1_312' title='bbox 597 2179 833 2218; x_wconf 85' lang='lat' dir='ltr'>Bonifacius</span> <span class='ocrx_word' id='word_1_313' title='bbox 873 2180 920 2217; x_wconf 92' lang='lat' dir='ltr'>de</span> <span class='ocrx_word' id='word_1_314' title='bbox 963 2179 1192 2226; x_wconf 79' lang='lat' dir='ltr'>Anianatis‚</span> <span class='ocrx_word' id='word_1_315' title='bbox 1223 2193 1361 2216; x_wconf 87' lang='lat' dir='ltr'>omnes</span> <span class='ocrx_word' id='word_1_316' title='bbox 1397 2178 1569 2228; x_wconf 86' lang='lat' dir='ltr'>Hispani</span> <span class='ocrx_word' id='word_1_317' title='bbox 1605 2186 1767 2227; x_wconf 90' lang='lat' dir='ltr'>praeter</span> 
     </span>
     <span class='ocr_line' id='line_1_34' title="bbox 66 2237 340 2276; baseline 0.004 -1"><span class='ocrx_word' id='word_1_318' title='bbox 66 2237 340 2276; x_wconf 87' lang='lat' dir='ltr'>Bonifacium.</span> 
     </span>
    </p>

    <p class='ocr_par' dir='ltr' id='par_1_5' title="bbox 124 2295 1764 2347">
     <span class='ocr_line' id='line_1_35' title="bbox 124 2295 1764 2347; baseline -0.001 -13"><span class='ocrx_word' id='word_1_319' title='bbox 124 2297 294 2335; x_wconf 88' lang='lat' dir='ltr'>Interim</span> <span class='ocrx_word' id='word_1_320' title='bbox 316 2297 563 2336; x_wconf 88' lang='lat' dir='ltr'>Benedictus</span> <span class='ocrx_word' id='word_1_321' title='bbox 587 2297 629 2335; x_wconf 89' lang='lat' dir='ltr'>in</span> <span class='ocrx_word' id='word_1_322' title='bbox 652 2297 808 2347; x_wconf 84' lang='lat' dir='ltr'>palatio</span> <span class='ocrx_word' id='word_1_323' title='bbox 831 2297 1058 2347; x_wconf 86' lang='lat' dir='ltr'>apostolico</span> <span class='ocrx_word' id='word_1_324' title='bbox 1078 2297 1238 2335; x_wconf 88' lang='lat' dir='ltr'>clausus</span> <span class='ocrx_word' id='word_1_325' title='bbox 1260 2296 1389 2343; x_wconf 80' lang='lat' dir='ltr'>erat9,</span> <span class='ocrx_word' id='word_1_326' title='bbox 1411 2310 1483 2335; x_wconf 90' lang='lat' dir='ltr'>nec</span> <span class='ocrx_word' id='word_1_327' title='bbox 1501 2295 1636 2346; x_wconf 81' lang='lat' dir='ltr'>egredi</span> <span class='ocrx_word' id='word_1_328' title='bbox 1651 2303 1764 2345; x_wconf 88' lang='lat' dir='ltr'>pote-</span> 
     </span>
    </p>
   </div>
   <div class='ocr_carea' id='block_1_3' title="bbox 1 2353 1765 2407">
    <p class='ocr_par' dir='ltr' id='par_1_6' title="bbox 1 2353 1765 2407">
     <span class='ocr_line' id='line_1_36' title="bbox 1 2353 1765 2407; baseline -0.002 -13"><span class='ocrx_word' id='word_1_329' title='bbox 1 2383 2 2386; x_wconf 53' lang='lat'><em>=</em></span> <span class='ocrx_word' id='word_1_330' title='bbox 66 2363 145 2394; x_wconf 83' lang='lat' dir='ltr'>rat.</span> <span class='ocrx_word' id='word_1_331' title='bbox 166 2356 352 2394; x_wconf 90' lang='lat' dir='ltr'>Tandem</span> <span class='ocrx_word' id='word_1_332' title='bbox 369 2363 512 2395; x_wconf 90' lang='lat' dir='ltr'>tamen</span> <span class='ocrx_word' id='word_1_333' title='bbox 532 2364 627 2407; x_wconf 90' lang='lat' dir='ltr'>post</span> <span class='ocrx_word' id='word_1_334' title='bbox 648 2356 976 2406; x_wconf 88' lang='lat' dir='ltr'>quinquennium</span> <span class='ocrx_word' id='word_1_335' title='bbox 1006 2356 1086 2394; x_wconf 89' lang='lat' dir='ltr'>fere</span> <span class='ocrx_word' id='word_1_336' title='bbox 1119 2355 1324 2405; x_wconf 80' lang='lat' dir='ltr'>integrum</span> <span class='ocrx_word' id='word_1_337' title='bbox 1355 2355 1505 2393; x_wconf 84' lang='lat' dir='ltr'>furtive</span> <span class='ocrx_word' id='word_1_338' title='bbox 1527 2363 1567 2392; x_wconf 88' lang='lat' dir='ltr'>et</span> <span class='ocrx_word' id='word_1_339' title='bbox 1588 2354 1630 2392; x_wconf 89' lang='lat' dir='ltr'>in</span> <span class='ocrx_word' id='word_1_340' title='bbox 1651 2353 1765 2392; x_wconf 88' lang='lat' dir='ltr'>dissi-</span> 
     </span>
    </p>
   </div>
   <div class='ocr_carea' id='block_1_4' title="bbox 64 2491 1766 3170">
    <p class='ocr_par' dir='ltr' id='par_1_7' title="bbox 115 2491 1193 2536">
     <span class='ocr_line' id='line_1_37' title="bbox 115 2491 1193 2536; baseline 0.001 -12"><span class='ocrx_word' id='word_1_341' title='bbox 115 2491 146 2525; x_wconf 91' lang='lat'>1.</span> <span class='ocrx_word' id='word_1_342' title='bbox 177 2491 360 2531; x_wconf 62' lang='lat' dir='ltr'>MartIzne,</span> <span class='ocrx_word' id='word_1_343' title='bbox 388 2492 639 2536; x_wconf 81' lang='lat' dir='ltr'>Amplissima</span> <span class='ocrx_word' id='word_1_344' title='bbox 665 2493 833 2531; x_wconf 81' lang='lat' dir='ltr'>collectio,</span> <span class='ocrx_word' id='word_1_345' title='bbox 864 2498 890 2525; x_wconf 84' lang='lat' dir='ltr'>t.</span> <span class='ocrx_word' id='word_1_346' title='bbox 921 2505 983 2532; x_wconf 85' lang='lat' dir='ltr'>vn,</span> <span class='ocrx_word' id='word_1_347' title='bbox 1014 2493 1080 2525; x_wconf 87' lang='lat' dir='ltr'>col.</span> <span class='ocrx_word' id='word_1_348' title='bbox 1111 2493 1193 2525; x_wconf 88' lang='lat'>470.</span> 
     </span>
    </p>

    <p class='ocr_par' dir='ltr' id='par_1_8' title="bbox 117 2545 674 2589">
     <span class='ocr_line' id='line_1_38' title="bbox 117 2545 674 2589; baseline 0.004 -12"><span class='ocrx_word' id='word_1_349' title='bbox 117 2546 147 2578; x_wconf 80' lang='lat'>2.</span> <span class='ocrx_word' id='word_1_350' title='bbox 175 2545 383 2588; x_wconf 88' lang='lat' dir='ltr'>Bellaguet‚</span> <span class='ocrx_word' id='word_1_351' title='bbox 411 2550 438 2578; x_wconf 86' lang='lat' dir='ltr'>t.</span> <span class='ocrx_word' id='word_1_352' title='bbox 464 2557 501 2585; x_wconf 85' lang='lat'>11,</span> <span class='ocrx_word' id='word_1_353' title='bbox 530 2557 564 2589; x_wconf 88' lang='lat' dir='ltr'>p.</span> <span class='ocrx_word' id='word_1_354' title='bbox 594 2546 674 2579; x_wconf 81' lang='lat'>273.</span> 
     </span>
    </p>

    <p class='ocr_par' dir='ltr' id='par_1_9' title="bbox 115 2597 1009 2638">
     <span class='ocr_line' id='line_1_39' title="bbox 115 2597 1009 2638; baseline 0 -7"><span class='ocrx_word' id='word_1_355' title='bbox 115 2599 146 2631; x_wconf 89' lang='lat'>3.</span> <span class='ocrx_word' id='word_1_356' title='bbox 174 2598 215 2631; x_wconf 90' lang='lat' dir='ltr'>B.</span> <span class='ocrx_word' id='word_1_357' title='bbox 245 2597 303 2637; x_wconf 60' lang='lat' dir='ltr'>N„</span> <span class='ocrx_word' id='word_1_358' title='bbox 330 2609 398 2631; x_wconf 76' lang='lat' dir='ltr'>ms·</span> <span class='ocrx_word' id='word_1_359' title='bbox 425 2597 522 2631; x_wconf 88' lang='lat' dir='ltr'>latin</span> <span class='ocrx_word' id='word_1_360' title='bbox 547 2598 652 2638; x_wconf 79' lang='grc'>1475,</span> <span class='ocrx_word' id='word_1_361' title='bbox 680 2598 743 2631; x_wconf 82' lang='lat' dir='ltr'>fol.</span> <span class='ocrx_word' id='word_1_362' title='bbox 771 2599 816 2632; x_wconf 88' lang='grc'>33</span> <span class='ocrx_word' id='word_1_363' title='bbox 842 2600 939 2631; x_wconf 89' lang='lat' dir='ltr'>r0-53</span> <span class='ocrx_word' id='word_1_364' title='bbox 966 2603 1009 2631; x_wconf 88' lang='lat' dir='ltr'>r0.</span> 
     </span>
    </p>

    <p class='ocr_par' dir='ltr' id='par_1_10' title="bbox 115 2650 534 2684">
     <span class='ocr_line' id='line_1_40' title="bbox 115 2650 534 2684; baseline 0.002 -1"><span class='ocrx_word' id='word_1_365' title='bbox 115 2651 147 2684; x_wconf 93' lang='lat'>4.</span> <span class='ocrx_word' id='word_1_366' title='bbox 177 2650 249 2684; x_wconf 92' lang='lat' dir='ltr'>Gui</span> <span class='ocrx_word' id='word_1_367' title='bbox 275 2651 319 2683; x_wconf 90' lang='lat' dir='ltr'>de</span> <span class='ocrx_word' id='word_1_368' title='bbox 346 2651 534 2684; x_wconf 84' lang='lat' dir='ltr'>Malesset.</span> 
     </span>
    </p>

    <p class='ocr_par' dir='ltr' id='par_1_11' title="bbox 69 2703 1759 2800">
     <span class='ocr_line' id='line_1_41' title="bbox 115 2703 1759 2747; baseline 0 -11"><span class='ocrx_word' id='word_1_369' title='bbox 115 2705 146 2737; x_wconf 90' lang='lat'>5.</span> <span class='ocrx_word' id='word_1_370' title='bbox 166 2704 363 2746; x_wconf 85' lang='lat' dir='ltr'>Bellaguet</span> <span class='ocrx_word' id='word_1_371' title='bbox 384 2703 435 2747; x_wconf 79' lang='lat' dir='ltr'>(nt</span> <span class='ocrx_word' id='word_1_372' title='bbox 450 2715 492 2743; x_wconf 84' lang='lat' dir='ltr'>s.‚</span> <span class='ocrx_word' id='word_1_373' title='bbox 511 2709 538 2737; x_wconf 94' lang='lat' dir='ltr'>t.</span> <span class='ocrx_word' id='word_1_374' title='bbox 555 2716 592 2743; x_wconf 80' lang='lat'>11,</span> <span class='ocrx_word' id='word_1_375' title='bbox 621 2716 655 2747; x_wconf 92' lang='lat' dir='ltr'>p.</span> <span class='ocrx_word' id='word_1_376' title='bbox 685 2705 766 2747; x_wconf 79' lang='lat'>572)</span> <span class='ocrx_word' id='word_1_377' title='bbox 796 2711 833 2736; x_wconf 90' lang='lat' dir='ltr'>et</span> <span class='ocrx_word' id='word_1_378' title='bbox 850 2704 998 2743; x_wconf 66' lang='lat' dir='ltr'>Archiv,</span> <span class='ocrx_word' id='word_1_379' title='bbox 1017 2710 1043 2737; x_wconf 87' lang='lat' dir='ltr'>t.</span> <span class='ocrx_word' id='word_1_380' title='bbox 1064 2716 1112 2743; x_wconf 84' lang='lat' dir='ltr'>Vl,</span> <span class='ocrx_word' id='word_1_381' title='bbox 1132 2716 1165 2747; x_wconf 91' lang='lat' dir='ltr'>p.</span> <span class='ocrx_word' id='word_1_382' title='bbox 1187 2704 1265 2737; x_wconf 72' lang='lat'>249.</span> <span class='ocrx_word' id='word_1_383' title='bbox 1280 2723 1328 2727; x_wconf 69' lang='lat'>—</span> <span class='ocrx_word' id='word_1_384' title='bbox 1344 2703 1434 2736; x_wconf 87' lang='lat' dir='ltr'>Voir</span> <span class='ocrx_word' id='word_1_385' title='bbox 1451 2703 1551 2736; x_wconf 88' lang='lat' dir='ltr'>aussi</span> <span class='ocrx_word' id='word_1_386' title='bbox 1570 2703 1613 2736; x_wconf 91' lang='lat' dir='ltr'>N.</span> <span class='ocrx_word' id='word_1_387' title='bbox 1633 2703 1759 2736; x_wconf 89' lang='lat' dir='ltr'>Valois</span> 
     </span>
     <span class='ocr_line' id='line_1_42' title="bbox 69 2756 616 2800; baseline 0.002 -10"><span class='ocrx_word' id='word_1_388' title='bbox 69 2756 109 2800; x_wconf 87' lang='lat' dir='ltr'>(t.</span> <span class='ocrx_word' id='word_1_389' title='bbox 140 2769 192 2796; x_wconf 88' lang='lat'>111,</span> <span class='ocrx_word' id='word_1_390' title='bbox 223 2769 258 2800; x_wconf 93' lang='lat' dir='ltr'>p.</span> <span class='ocrx_word' id='word_1_391' title='bbox 290 2757 372 2796; x_wconf 83' lang='lat'>148,</span> <span class='ocrx_word' id='word_1_392' title='bbox 404 2757 486 2796; x_wconf 84' lang='lat'>150,</span> <span class='ocrx_word' id='word_1_393' title='bbox 517 2757 616 2800; x_wconf 87' lang='grc'>168).</span> 
     </span>
    </p>

    <p class='ocr_par' dir='ltr' id='par_1_12' title="bbox 115 2809 875 2849">
     <span class='ocr_line' id='line_1_43' title="bbox 115 2809 875 2849; baseline -0.001 -6"><span class='ocrx_word' id='word_1_394' title='bbox 115 2811 146 2843; x_wconf 88' lang='grc'>6.</span> <span class='ocrx_word' id='word_1_395' title='bbox 167 2810 207 2842; x_wconf 90' lang='grc' dir='ltr'>Β.</span> <span class='ocrx_word' id='word_1_396' title='bbox 230 2809 288 2849; x_wconf 88' lang='grc' dir='ltr'>Ν.,</span> <span class='ocrx_word' id='word_1_397' title='bbox 308 2821 376 2843; x_wconf 91' lang='lat' dir='ltr'>ms.</span> <span class='ocrx_word' id='word_1_398' title='bbox 396 2809 493 2843; x_wconf 89' lang='lat' dir='ltr'>latin</span> <span class='ocrx_word' id='word_1_399' title='bbox 510 2810 640 2848; x_wconf 74' lang='grc'>14644,</span> <span class='ocrx_word' id='word_1_400' title='bbox 660 2810 723 2843; x_wconf 76' lang='lat' dir='ltr'>fol.</span> <span class='ocrx_word' id='word_1_401' title='bbox 746 2811 813 2842; x_wconf 84' lang='lat'>212</span> <span class='ocrx_word' id='word_1_402' title='bbox 832 2815 875 2842; x_wconf 84' lang='lat' dir='ltr'>r0.</span> 
     </span>
    </p>

    <p class='ocr_par' dir='ltr' id='par_1_13' title="bbox 65 2862 1766 3012">
     <span class='ocr_line' id='line_1_44' title="bbox 114 2862 1766 2906; baseline -0.001 -10"><span class='ocrx_word' id='word_1_403' title='bbox 114 2863 146 2896; x_wconf 90' lang='lat'>7.</span> <span class='ocrx_word' id='word_1_404' title='bbox 170 2862 312 2896; x_wconf 89' lang='lat' dir='ltr'>Martin</span> <span class='ocrx_word' id='word_1_405' title='bbox 333 2863 377 2895; x_wconf 90' lang='lat' dir='ltr'>de</span> <span class='ocrx_word' id='word_1_406' title='bbox 399 2862 513 2895; x_wconf 84' lang='lat' dir='ltr'>Salva</span> <span class='ocrx_word' id='word_1_407' title='bbox 542 2874 587 2895; x_wconf 91' lang='lat' dir='ltr'>ne</span> <span class='ocrx_word' id='word_1_408' title='bbox 618 2862 677 2894; x_wconf 82' lang='lat' dir='ltr'>fut</span> <span class='ocrx_word' id='word_1_409' title='bbox 707 2874 773 2906; x_wconf 86' lang='lat' dir='ltr'>pas</span> <span class='ocrx_word' id='word_1_410' title='bbox 795 2862 1034 2905; x_wconf 80' lang='lat' dir='ltr'>emprisonne</span> <span class='ocrx_word' id='word_1_411' title='bbox 1057 2863 1077 2894; x_wconf 80' lang='lat' dir='ltr'>a</span> <span class='ocrx_word' id='word_1_412' title='bbox 1099 2869 1198 2895; x_wconf 84' lang='lat' dir='ltr'>cette</span> <span class='ocrx_word' id='word_1_413' title='bbox 1221 2862 1406 2900; x_wconf 86' lang='lat' dir='ltr'>occasion,</span> <span class='ocrx_word' id='word_1_414' title='bbox 1426 2862 1518 2895; x_wconf 85' lang='lat' dir='ltr'>mais</span> <span class='ocrx_word' id='word_1_415' title='bbox 1540 2863 1571 2895; x_wconf 87' lang='lat' dir='ltr'>le</span> <span class='ocrx_word' id='word_1_416' title='bbox 1595 2863 1638 2894; x_wconf 79' lang='lat'>24</span> <span class='ocrx_word' id='word_1_417' title='bbox 1661 2867 1766 2894; x_wconf 86' lang='lat' dir='ltr'>octo-</span> 
     </span>
     <span class='ocr_line' id='line_1_45' title="bbox 65 2915 1760 2958; baseline -0.001 -10"><span class='ocrx_word' id='word_1_418' title='bbox 65 2915 130 2949; x_wconf 87' lang='lat' dir='ltr'>bre</span> <span class='ocrx_word' id='word_1_419' title='bbox 155 2916 250 2950; x_wconf 83' lang='lat'>1398</span> <span class='ocrx_word' id='word_1_420' title='bbox 274 2927 338 2948; x_wconf 91' lang='lat' dir='ltr'>sur</span> <span class='ocrx_word' id='word_1_421' title='bbox 362 2915 412 2948; x_wconf 88' lang='lat' dir='ltr'>les</span> <span class='ocrx_word' id='word_1_422' title='bbox 439 2915 565 2948; x_wconf 90' lang='lat' dir='ltr'>ordres</span> <span class='ocrx_word' id='word_1_423' title='bbox 592 2916 636 2948; x_wconf 92' lang='lat' dir='ltr'>de</span> <span class='ocrx_word' id='word_1_424' title='bbox 663 2915 841 2958; x_wconf 83' lang='lat' dir='ltr'>Geoffroy</span> <span class='ocrx_word' id='word_1_425' title='bbox 866 2915 1077 2948; x_wconf 88' lang='lat' dir='ltr'>Boucicaut</span> <span class='ocrx_word' id='word_1_426' title='bbox 1101 2922 1139 2948; x_wconf 89' lang='lat' dir='ltr'>et</span> <span class='ocrx_word' id='word_1_427' title='bbox 1164 2916 1184 2947; x_wconf 81' lang='lat' dir='ltr'>a</span> <span class='ocrx_word' id='word_1_428' title='bbox 1209 2916 1384 2948; x_wconf 89' lang='lat' dir='ltr'>Boulhon</span> <span class='ocrx_word' id='word_1_429' title='bbox 1403 2915 1462 2958; x_wconf 87' lang='lat' dir='ltr'>(N.</span> <span class='ocrx_word' id='word_1_430' title='bbox 1490 2915 1629 2954; x_wconf 85' lang='lat' dir='ltr'>Valois,</span> <span class='ocrx_word' id='word_1_431' title='bbox 1656 2920 1682 2948; x_wconf 87' lang='lat' dir='ltr'>t.</span> <span class='ocrx_word' id='word_1_432' title='bbox 1708 2927 1760 2954; x_wconf 92' lang='lat'>111,</span> 
     </span>
     <span class='ocr_line' id='line_1_46' title="bbox 66 2968 1324 3012; baseline -0.001 -10"><span class='ocrx_word' id='word_1_433' title='bbox 66 2980 101 3012; x_wconf 88' lang='lat' dir='ltr'>p.</span> <span class='ocrx_word' id='word_1_434' title='bbox 127 2969 210 3012; x_wconf 86' lang='lat'>201)</span> <span class='ocrx_word' id='word_1_435' title='bbox 237 2974 276 3001; x_wconf 81' lang='lat' dir='ltr'>et</span> <span class='ocrx_word' id='word_1_436' title='bbox 301 2968 339 3002; x_wconf 89' lang='lat' dir='ltr'>F.</span> <span class='ocrx_word' id='word_1_437' title='bbox 367 2968 480 3001; x_wconf 87' lang='lat' dir='ltr'>Ehrle</span> <span class='ocrx_word' id='word_1_438' title='bbox 509 2968 668 3011; x_wconf 77' lang='lat' dir='ltr'>(Martin</span> <span class='ocrx_word' id='word_1_439' title='bbox 691 2969 732 3001; x_wconf 86' lang='lat' dir='ltr'>de</span> <span class='ocrx_word' id='word_1_440' title='bbox 754 2968 949 3012; x_wconf 82' lang='lat' dir='ltr'>Alpartils,</span> <span class='ocrx_word' id='word_1_441' title='bbox 976 2974 1002 3001; x_wconf 80' lang='lat' dir='ltr'>t.</span> <span class='ocrx_word' id='word_1_442' title='bbox 1026 2981 1050 3007; x_wconf 91' lang='lat'>1,</span> <span class='ocrx_word' id='word_1_443' title='bbox 1076 2980 1110 3011; x_wconf 93' lang='lat' dir='ltr'>p.</span> <span class='ocrx_word' id='word_1_444' title='bbox 1137 2969 1324 3012; x_wconf 77' lang='lat'>520-525).</span> 
     </span>
    </p>

    <p class='ocr_par' dir='ltr' id='par_1_14' title="bbox 114 3021 1033 3065">
     <span class='ocr_line' id='line_1_47' title="bbox 114 3021 1033 3065; baseline -0.001 -10"><span class='ocrx_word' id='word_1_445' title='bbox 114 3023 145 3055; x_wconf 88' lang='lat'>8.</span> <span class='ocrx_word' id='word_1_446' title='bbox 179 3021 327 3055; x_wconf 80' lang='lat' dir='ltr'>Martin</span> <span class='ocrx_word' id='word_1_447' title='bbox 357 3021 398 3055; x_wconf 84' lang='lat' dir='ltr'>de</span> <span class='ocrx_word' id='word_1_448' title='bbox 426 3021 624 3065; x_wconf 81' lang='lat' dir='ltr'>Alpartils,</span> <span class='ocrx_word' id='word_1_449' title='bbox 657 3022 714 3055; x_wconf 80' lang='lat' dir='ltr'>ed.</span> <span class='ocrx_word' id='word_1_450' title='bbox 750 3021 872 3061; x_wconf 85' lang='lat' dir='ltr'>Ehrle,</span> <span class='ocrx_word' id='word_1_451' title='bbox 907 3033 941 3064; x_wconf 89' lang='lat' dir='ltr'>p.</span> <span class='ocrx_word' id='word_1_452' title='bbox 974 3022 1033 3054; x_wconf 91' lang='lat'>37.</span> 
     </span>
    </p>

    <p class='ocr_par' dir='ltr' id='par_1_15' title="bbox 64 3067 1758 3170">
     <span class='ocr_line' id='line_1_48' title="bbox 114 3067 1758 3118; baseline -0.001 -10"><span class='ocrx_word' id='word_1_453' title='bbox 114 3075 145 3108; x_wconf 82' lang='grc'>9.</span> <span class='ocrx_word' id='word_1_454' title='bbox 175 3075 264 3108; x_wconf 92' lang='lat' dir='ltr'>Voir</span> <span class='ocrx_word' id='word_1_455' title='bbox 279 3074 320 3108; x_wconf 88' lang='lat' dir='ltr'>G.</span> <span class='ocrx_word' id='word_1_456' title='bbox 337 3075 479 3114; x_wconf 88' lang='lat' dir='ltr'>Mollat‚</span> <span class='ocrx_word' id='word_1_457' title='bbox 496 3067 674 3118; x_wconf 78' lang='lat' dir='ltr'>Episodes</span> <span class='ocrx_word' id='word_1_458' title='bbox 688 3075 737 3108; x_wconf 77' lang='lat' dir='ltr'>dn</span> <span class='ocrx_word' id='word_1_459' title='bbox 749 3076 845 3117; x_wconf 76' lang='lat' dir='ltr'>siege</span> <span class='ocrx_word' id='word_1_460' title='bbox 858 3075 907 3107; x_wconf 73' lang='lat' dir='ltr'>du</span> <span class='ocrx_word' id='word_1_461' title='bbox 920 3075 1040 3118; x_wconf 85' lang='lat' dir='ltr'>palais</span> <span class='ocrx_word' id='word_1_462' title='bbox 1055 3075 1114 3107; x_wconf 81' lang='lat' dir='ltr'>des</span> <span class='ocrx_word' id='word_1_463' title='bbox 1127 3086 1240 3118; x_wconf 83' lang='lat' dir='ltr'>papes</span> <span class='ocrx_word' id='word_1_464' title='bbox 1254 3086 1303 3107; x_wconf 74' lang='lat' dir='ltr'>aa</span> <span class='ocrx_word' id='word_1_465' title='bbox 1317 3080 1429 3118; x_wconf 85' lang='lat' dir='ltr'>temps</span> <span class='ocrx_word' id='word_1_466' title='bbox 1444 3075 1485 3107; x_wconf 82' lang='lat' dir='ltr'>de</span> <span class='ocrx_word' id='word_1_467' title='bbox 1497 3075 1624 3107; x_wconf 73' lang='lat' dir='ltr'>Benoit</span> <span class='ocrx_word' id='word_1_468' title='bbox 1637 3074 1758 3113; x_wconf 88' lang='lat' dir='ltr'><em>XIII,</em></span> 
     </span>
     <span class='ocr_line' id='line_1_49' title="bbox 64 3127 1369 3170; baseline -0.001 -9"><span class='ocrx_word' id='word_1_469' title='bbox 64 3127 157 3161; x_wconf 89' lang='lat' dir='ltr'>dans</span> <span class='ocrx_word' id='word_1_470' title='bbox 178 3128 298 3161; x_wconf 75' lang='lat' dir='ltr'>Revue</span> <span class='ocrx_word' id='word_1_471' title='bbox 319 3128 503 3161; x_wconf 84' lang='lat' dir='ltr'>d&#39;histoire</span> <span class='ocrx_word' id='word_1_472' title='bbox 522 3128 795 3170; x_wconf 75' lang='lat' dir='ltr'>ecclesiastique,</span> <span class='ocrx_word' id='word_1_473' title='bbox 819 3134 844 3160; x_wconf 88' lang='lat' dir='ltr'>t.</span> <span class='ocrx_word' id='word_1_474' title='bbox 870 3139 963 3160; x_wconf 83' lang='lat' dir='ltr'>xxm</span> <span class='ocrx_word' id='word_1_475' title='bbox 990 3128 1124 3170; x_wconf 77' lang='lat'>(1927),</span> <span class='ocrx_word' id='word_1_476' title='bbox 1148 3139 1181 3170; x_wconf 93' lang='lat' dir='ltr'>p.</span> <span class='ocrx_word' id='word_1_477' title='bbox 1200 3128 1369 3160; x_wconf 78' lang='lat'>489-501.</span> 
     </span>
    </p>
   </div>
  </div>
 </body>
</html>
