2083 3458
89 188 216 244 [666]
616 202 833 228 PAPARUM
870 203 1256 231 AVENioNENsmM
1712 197 1790 239 153

132 287 196 324 Ex
219 286 415 324 cathedra
441 284 725 322 Ebredunensi
749 286 974 323 translatus
999 294 1060 324 est
1084 287 1136 324 ad
1161 287 1394 338 Aquensem
1418 291 1460 329 in
1484 293 1661 331 secunda
1688 294 1788 332 Nar-

78 345 248 384 bonensi
267 347 294 392 1,
315 353 363 382 ut
383 352 491 383 reete
513 342 694 381 ostendit
715 344 804 382 Joa.
829 344 1103 383 Scholasticus
1126 347 1268 385 Pitton
1282 348 1323 385 in
1345 349 1576 388 Annalibus
1592 353 1789 391 Ecclesiae

77 404 277 454 Aquensis
316 404 369 454 [p.
401 402 514 452 168].
547 402 672 440 Recte
701 402 882 452 inquam.
915 403 1079 441 Etenim
1108 405 1149 442 in
1176 406 1296 443 Libro
1310 408 1611 457 obligationum
1638 411 1787 460 legitur

77 463 247 501 fratrem
275 463 478 501 ,Joannem
505 461 553 499 de
581 461 721 507 Podio,
750 461 901 500 ordinis
930 463 1278 513 praedicatorum,
1306 466 1428 505 fuisse
1455 468 1630 506 electum
1657 471 1786 508 archi·

75 521 314 572 episcopum
342 520 678 559 Ebredunensem
705 534 813 557 anno
841 521 1055 569 MCCCXI,
1085 530 1125 560 et
1152 538 1244 561 cum
1271 539 1379 563 anno
1405 528 1592 576 sequenti
1620 529 1785 567 Guillel-

76 595 166 618 mus
192 580 326 618 factus
353 587 414 619 est
441 579 654 630 episcopus
683 579 984 626 Praenestinus,
1012 589 1100 619 erat
1126 583 1453 634 archiepiscopus
1481 586 1696 635 Aquensis,
1724 596 1784 636 ut,

75 646 238 689 praeter
254 639 471 689 scriptores
488 638 598 676 vitae
616 637 849 684 Clementis,
868 639 987 677 docet
1003 639 1128 677 etiam
1145 641 1263 678 Liber
1278 643 1578 692 obligationum.
1599 645 1784 696 Denique

78 698 283 748 Neapoleo
308 698 356 736 de
383 697 553 745 Ursinis,
581 696 796 735 cardinalis
823 697 859 735 S.
888 698 1070 745 Adriani,
1097 700 1275 738 scribens
1301 702 1352 739 ad
1379 702 1614 753 Philippum
1650 719 1784 755 regem

77 757 327 795 Francorum
349 764 444 807 post
466 763 641 794 mortem
666 755 884 793 Clementis
909 756 956 803 V,
981 766 1121 807 aperte
1145 759 1204 796 ait
1226 760 1340 797 illum
1363 775 1434 811 per
1457 762 1708 801 Clementem
1732 764 1785 803 ad

72 815 473 866 archiepiscopatum
490 815 724 864 Aquensem
742 822 782 852 et
795 816 1060 864 postmodum
1076 817 1127 855 ad
1145 818 1446 857 cardinalatum
1461 821 1584 860 fuisse
1599 836 1783 873 assump-

73 883 164 912 tum
183 876 209 914 2.
233 875 449 913 Falluntur
470 881 610 912 autem
632 873 701 923 qui
722 882 875 923 putant
896 889 988 912 eum
1011 875 1338 916 Avenionensem
1360 893 1523 929 quoque
1544 880 1781 931 episcopum

74 933 208 973 fuisse.
235 934 281 971 In
300 933 441 984 primis
461 947 557 971 vero
579 940 687 971 errat
707 932 920 982 insigniter
939 948 985 971 ac
1006 935 1289 985 multipliciter
1309 937 1563 987 Augustinus
1585 939 1782 979 Oldoinus

84 992 128 1043 [t.
154 1007 195 1040 11,
220 1007 259 1043 p.
287 992 385 1043 296]
414 992 591 1030 scribens
617 1005 723 1037 eum,
750 1005 814 1029 an.
843 992 1097 1040 MCCCXVI,
1124 1003 1287 1033 mortuo
1319 996 1539 1045 Clemente,
1566 999 1783 1049 archiepis—
1842 1023 1845 1026 >

73 1059 268 1101 copatum
290 1051 626 1089 Ebredunensem
647 1050 885 1097 obtinuisse,
907 1059 947 1089 et
967 1052 1060 1090 hinc
1081 1061 1288 1102 postremo
1308 1055 1359 1092 ad
1383 1056 1781 1107 archiepiscopatum

73 1112 305 1162 Aquensem
324 1125 408 1148 esse
427 1110 689 1148 translatum.

125 1170 184 1207 Eo
216 1177 399 1220 tempore
432 1183 512 1219 quo
543 1169 677 1206 factus
709 1176 770 1206 est
792 1169 1006 1207 cardinalis
1044 1170 1108 1220 [23
1140 1185 1190 1209 ou
1222 1172 1271 1209 24
1302 1172 1514 1212 decembre
1546 1174 1669 1225 1312]
1694 1184 1783 1215 erat

71 1228 216 1267 absens
245 1242 267 1267 a
295 1227 406 1266 curia
433 1242 616 1274 romana,
645 1241 770 1277 quarn
802 1236 944 1277 postea
979 1229 1153 1267 intravit
1181 1230 1244 1268 die
1272 1246 1343 1268 x1v
1377 1232 1555 1281 januarii
1581 1242 1628 1271 ut
1654 1234 1780 1273 habet

70 1287 189 1325 Liber
212 1287 500 1336 obligationum
515 1286 542 1325 3.

123 1346 242 1384 Anno
288 1346 552 1393 MCCCXIII,
599 1345 640 1383 in
681 1346 855 1384 sabbato
898 1346 1076 1385 Paschae
1142 1348 1204 1397 [21
1250 1349 1391 1399 avril]‚
1437 1350 1489 1388 ad
1536 1350 1777 1390 diaconatus

71 1405 257 1444 ordinem
288 1405 467 1443 sacravit
498 1405 734 1454 Adolphum
766 1404 813 1442 de
846 1405 981 1443 Marca
1013 1406 1187 1444 electum
1219 1408 1510 1446 confirmatum
1541 1410 1778 1460 episcopum

72 1464 349 1511 Leodiensem‚
378 1472 419 1502 et
446 1464 497 1502 ad
525 1464 859 1514 presbyteratum
887 1464 928 1501 in
956 1465 1130 1503 sabbato
1158 1474 1251 1515 post
1280 1467 1551 1506 Pentecosten
1583 1469 1621 1518 [9
1646 1469 1775 1519 juin],

70 1531 116 1560 ut
134 1523 263 1562 tradit
282 1524 462 1561 Joannes
483 1522 724 1561 Hocsemius
746 1522 788 1560 in
815 1523 936 1572 gestis
956 1524 1140 1573 ejusdem
1159 1524 1350 1575 Adolphi.
1371 1526 1471 1565 Vide
1490 1527 1615 1565 etiam
1635 1528 1775 1566 Levol—

68 1583 167 1620 dum
185 1596 208 1620 a
229 1582 407 1621 Northof
423 1582 465 1620 in
483 1581 677 1619 Chronico
695 1582 879 1619 comitum
897 1583 941 1619 cle
959 1583 1114 1628 Illarca,
1133 1598 1171 1633 p.
1194 1584 1279 1622 154.

121 1641 254 1679 Tanta
280 1649 421 1679 autem
447 1641 657 1679 doctrinae
683 1649 724 1678 et
749 1641 968 1690 probitatis
996 1642 1300 1681 existimatione
1329 1643 1466 1682 floruit
1491 1653 1538 1682 ut
1565 1660 1656 1683 cum
1682 1654 1775 1695 post

68 1708 243 1738 mortem
278 1700 496 1739 Clementis
523 1700 557 1736 V
584 1700 808 1737 cardinales
848 1700 939 1738 Itali
965 1700 999 1738 ei
1035 1711 1277 1750 quaererent
1303 1703 1456 1740 bonum
1488 1718 1773 1751 successorem,

66 1759 203 1797 oculos
223 1759 266 1797 in
284 1759 393 1797 hunc
414 1759 677 1797 Guillelmum
698 1759 958 1808 conjecerint.
985 1760 1117 1809 Hujus
1138 1761 1193 1798 rei
1215 1762 1329 1799 testis
1351 1770 1411 1800 est
1431 1763 1773 1812 locupletissimus

68 1818 273 1868 Neapoleo
301 1818 527 1856 cardinalis*
545 1818 585 1855 in
613 1818 785 1868 epistola
813 1818 865 1855 ad
895 1819 1128 1868 Philippum
1156 1834 1289 1868 regem
1317 1821 1365 1858 de
1394 1835 1473 1870 qua
1502 1823 1623 1871 paulo
1652 1836 1773 1871 supra

64 1877 262 1923 diximus,
291 1877 360 1915 ubi
388 1877 529 1915 scribit
556 1891 596 1915 se
624 1891 716 1914 cum
744 1878 886 1915 ceteris
915 1878 1188 1915 cardinalibus
1221 1879 1332 1917 Italis
1361 1880 1468 1917 hunc
1496 1881 1771 1928 Guillelmum‚

66 1950 187 1986 quem
212 1936 389 1973 multum
422 1936 579 1984 laudat,
605 1935 798 1974 statuisse
831 1937 962 1974 locare
995 1937 1035 1973 in
1060 1937 1152 1974 sede
1179 1938 1301 1983 Petri,
1327 1939 1395 1976 sed
1425 1939 1648 1977 cardinales
1674 1940 1771 1977 Vas-

64 2009 184 2033 cones
211 1995 419 2033 obstitisse
435 1995 462 2033 4.

119 2053 260 2091 Virum
294 2054 416 2092 fuisse
451 2053 735 2092 doctissimum
770 2068 908 2092 omnes
943 2054 1218 2093 consentiunt.
1256 2056 1333 2093 Sed
1367 2070 1574 2106 magnum,
1610 2065 1771 2106 praeter

64 2121 212 2160 cetera,
248 2113 370 2162 hujus
405 2113 461 2151 rei
495 2121 786 2163 argumentum
821 2121 882 2151 est
918 2113 1026 2162 quod
1060 2113 1295 2152 Bonifacius
1331 2115 1433 2152 VIII
1470 2116 1769 2165 compositurus

63 2171 215 2209 librum
233 2180 397 2210 sextum
415 2172 693 2219 Decretalium,
713 2172 800 2221 ejus
818 2172 860 2209 in
878 2172 953 2210 hoc
973 2186 1093 2222 opera
1120 2173 1180 2210 uti
1199 2173 1343 2219 voluit,
1363 2182 1409 2210 ut
1430 2174 1577 2223 legitur
1594 2175 1635 2211 in
1657 2189 1769 2224 prae-

65 2230 220 2268 fatione
239 2231 359 2270 Sexti.
377 2231 617 2281 Composuit
632 2239 843 2281 praeterea
860 2239 1087 2268 tractatum
1100 2233 1158 2269 De
1177 2232 1430 2269 electionibus
1448 2242 1474 2279 ¹³,
1492 2233 1607 2282 cujus
1624 2241 1769 2271 extant

64 2289 243 2340 quinque
275 2298 414 2328 vetera
444 2290 693 2340 exemplaria
720 2304 792 2328 ms.
820 2290 860 2327 in
901 2290 1148 2328 bibliotheca
1180 2291 1426 2337 Colbertina,
1458 2300 1498 2330 et
1529 2292 1644 2341 cujus
1676 2306 1767 2329 cum

61 2348 181 2386 laude
212 2349 399 2387 meminit
431 2349 610 2386 ,loannes
642 2349 828 2386 Andreae
859 2349 901 2386 in
930 2349 1210 2386 additionibus
1242 2350 1293 2387 ad
1326 2350 1538 2399 Speculum
1565 2350 1765 2396 Dur-andi,

60 2415 167 2457 part.
199 2407 265 2454 IV,
283 2408 350 2446 fol.
379 2408 399 2445 7
425 2412 474 2454 ΓΟ,
497 2407 537 2445 in
563 2407 627 2445 tit.
654 2410 711 2446 De
736 2408 852 2454 elect„
875 2408 944 2445 ubi
964 2417 1104 2446 tamen
1124 2408 1224 2445 vitio
1249 2409 1506 2457 librariorum
1527 2424 1620 2447 eum
1645 2418 1767 2447 vocat

61 2466 292 2504 Guidonem
315 2466 536 2516 Magadum
555 2467 580 2505 6.
622 2467 781 2504 Extant
803 2467 936 2516 plures
954 2467 1040 2515 ejus
1064 2467 1273 2505 editiones.
1292 2468 1453 2505 Ceteras
1472 2468 1557 2517 ejus
1579 2468 1765 2505 lucubra-

110 2637 142 2669 1.
176 2637 224 2670 Le
245 2638 288 2671 26
308 2637 383 2670 mai
402 2638 512 2678 1311;
533 2638 693 2672 Clement
716 2639 755 2678 V,
777 2651 811 2671 n.
833 2639 937 2672 7001.

111 2690 142 2723 2.
173 2690 328 2730 Baluze,·
341 2697 367 2724 t.
386 2703 436 2731 111,
457 2703 491 2735 p.
513 2692 591 2724 239.

110 2743 143 2776 3.
174 2743 333 2776 Clement
361 2744 402 2784 V,
426 2744 652 2788 Appendice,
678 2757 712 2788 p.
741 2745 819 2778 247.

110 2796 142 2829 4.
172 2796 320 2836 Baluze,
342 2803 368 2830 t.
388 2809 439 2837 111,
469 2809 503 2841 p.
535 2798 614 2831 240.

111 2849 142 2882 5.
171 2849 242 2882 Sur
266 2861 305 2882 ce
332 2850 445 2883 traite
472 2851 534 2883 des
561 2850 737 2884 elections
765 2857 801 2883 et
828 2851 877 2883 les
905 2857 1029 2883 autres
1057 2851 1165 2884 ecrits
1193 2851 1236 2883 de
1265 2850 1497 2894 Mandagout
1524 2852 1605 2884 voir
1629 2852 1678 2885 H.
1706 2852 1761 2892 L.‚

62 2907 88 2934 t.
112 2914 249 2942 xxxw,
273 2914 307 2946 p.
333 2903 452 2936 22-61.
477 2903 525 2937 Μ.
550 2903 587 2936 C.
611 2904 748 2936 Brunel
770 2915 790 2936 a
812 2905 1041 2955 recemment
1063 2904 1188 2946 public
1216 2904 1295 2936 Une
1316 2904 1407 2936 table
1427 2905 1571 2947 pascale
1593 2905 1633 2938 de
1661 2905 1763 2938 Guil-

61 2954 182 2988 laume
205 2956 246 2988 de
268 2955 511 2999 Mandagout,
538 2956 630 2989 dans
654 2956 904 2999 Bibliotheque
919 2957 959 2989 de
974 2956 1106 2989 l’Ecole
1130 2957 1188 2990 des
1212 2956 1370 2996 chastes,
1396 2963 1422 2990 t.
1450 2969 1599 2990 Lxxxw
1627 2958 1761 3000 (1923),

61 3008 293 3094 p·61.6{)11161{t
314 3061 524 3105 Mandegot.
