<?xml version="1.0" encoding="UTF-8"?>
<!DOCTYPE html PUBLIC "-//W3C//DTD XHTML 1.0 Transitional//EN"
    "http://www.w3.org/TR/xhtml1/DTD/xhtml1-transitional.dtd">
<html xmlns="http://www.w3.org/1999/xhtml" xml:lang="en" lang="en">
 <head>
  <title>
</title>
<meta http-equiv="Content-Type" content="text/html;charset=utf-8" />
  <meta name='ocr-system' content='tesseract 3.04.00' />
  <meta name='ocr-capabilities' content='ocr_page ocr_carea ocr_par ocr_line ocrx_word'/>
</head>
<body>
  <div class='ocr_page' id='page_1' title='image "./vitaepaparumaven02balu_0406.png"; bbox 0 0 2083 3458; ppageno 0'>
   <div class='ocr_carea' id='block_1_1' title="bbox 242 248 1948 305">
    <p class='ocr_par' dir='ltr' id='par_1_1' title="bbox 242 248 1948 305">
     <span class='ocr_line' id='line_1_1' title="bbox 242 248 1948 305; baseline -0.001 -15"><span class='ocrx_word' id='word_1_1' title='bbox 242 248 326 291; x_wconf 86' lang='grc'><em>396</em></span> <span class='ocrx_word' id='word_1_2' title='bbox 908 264 1059 291; x_wconf 82' lang='lat' dir='ltr'><strong>NOTAE</strong></span> <span class='ocrx_word' id='word_1_3' title='bbox 1094 266 1154 291; x_wconf 80' lang='lat' dir='ltr'><em>AD</em></span> <span class='ocrx_word' id='word_1_4' title='bbox 1189 266 1317 292; x_wconf 87' lang='lat' dir='ltr'>VITAS</span> <span class='ocrx_word' id='word_1_5' title='bbox 1820 248 1948 305; x_wconf 75' lang='lat'><strong>[884]</strong></span> 
     </span>
    </p>
   </div>
   <div class='ocr_carea' id='block_1_2' title="bbox 241 348 1954 1172">
    <p class='ocr_par' dir='ltr' id='par_1_2' title="bbox 241 348 1954 1172">
     <span class='ocr_line' id='line_1_2' title="bbox 242 348 1953 400; baseline -0.001 -11"><span class='ocrx_word' id='word_1_6' title='bbox 242 350 415 400; x_wconf 81' lang='lat' dir='ltr'><em>epistola</em></span> <span class='ocrx_word' id='word_1_7' title='bbox 442 364 540 387; x_wconf 81' lang='lat' dir='ltr'><em>mox</em></span> <span class='ocrx_word' id='word_1_8' title='bbox 564 350 735 388; x_wconf 82' lang='lat' dir='ltr'><em>laudata</em></span> <span class='ocrx_word' id='word_1_9' title='bbox 753 349 767 372; x_wconf 81' lang='lat'>1</span> <span class='ocrx_word' id='word_1_10' title='bbox 794 350 846 388; x_wconf 85' lang='lat' dir='ltr'><em>ad</em></span> <span class='ocrx_word' id='word_1_11' title='bbox 875 350 1141 400; x_wconf 84' lang='lat' dir='ltr'><em>Raynaldum</em></span> <span class='ocrx_word' id='word_1_12' title='bbox 1167 350 1362 388; x_wconf 86' lang='lat' dir='ltr'><em>Ursinum</em></span> <span class='ocrx_word' id='word_1_13' title='bbox 1393 350 1728 389; x_wconf 80' lang='lat' dir='ltr'>archidiaconum</span> <span class='ocrx_word' id='word_1_14' title='bbox 1755 348 1953 389; x_wconf 84' lang='lat' dir='ltr'><em>Leodien—</em></span> 
     </span>
     <span class='ocr_line' id='line_1_3' title="bbox 243 408 1951 459; baseline -0.001 -13"><span class='ocrx_word' id='word_1_15' title='bbox 243 423 328 447; x_wconf 85' lang='lat' dir='ltr'><em>sem</em></span> <span class='ocrx_word' id='word_1_16' title='bbox 357 425 363 446; x_wconf 77' lang='lat'>1</span> <span class='ocrx_word' id='word_1_17' title='bbox 393 409 460 446; x_wconf 83' lang='lat' dir='ltr'><em>Ad</em></span> <span class='ocrx_word' id='word_1_18' title='bbox 485 423 530 446; x_wconf 88' lang='lat' dir='ltr'><em>ea</em></span> <span class='ocrx_word' id='word_1_19' title='bbox 557 423 627 459; x_wconf 85' lang='lat' dir='ltr'><em>que</em></span> <span class='ocrx_word' id='word_1_20' title='bbox 655 409 769 446; x_wconf 81' lang='lat' dir='ltr'><em>nobis</em></span> <span class='ocrx_word' id='word_1_21' title='bbox 796 409 1042 458; x_wconf 80' lang='lat' dir='ltr'><em>objiciuntur</em></span> <span class='ocrx_word' id='word_1_22' title='bbox 1070 409 1113 446; x_wconf 91' lang='lat' dir='ltr'><em>in</em></span> <span class='ocrx_word' id='word_1_23' title='bbox 1139 410 1252 447; x_wconf 86' lang='lat' dir='ltr'><em>curia</em></span> <span class='ocrx_word' id='word_1_24' title='bbox 1279 410 1322 447; x_wconf 85' lang='lat' dir='ltr'><em>de</em></span> <span class='ocrx_word' id='word_1_25' title='bbox 1349 410 1502 447; x_wconf 68' lang='lat' dir='ltr'><em>lavacro</em></span> <span class='ocrx_word' id='word_1_26' title='bbox 1530 409 1696 448; x_wconf 81' lang='lat' dir='ltr'><em>militari</em></span> <span class='ocrx_word' id='word_1_27' title='bbox 1722 417 1880 459; x_wconf 82' lang='lat' dir='ltr'><em>sumpto</em></span> <span class='ocrx_word' id='word_1_28' title='bbox 1908 408 1951 446; x_wconf 85' lang='lat' dir='ltr'><em>in</em></span> 
     </span>
     <span class='ocr_line' id='line_1_4' title="bbox 242 467 1952 519; baseline -0.001 -13"><span class='ocrx_word' id='word_1_29' title='bbox 242 468 387 506; x_wconf 80' lang='lat' dir='ltr'><em>concha</em></span> <span class='ocrx_word' id='word_1_30' title='bbox 406 469 652 517; x_wconf 77' lang='lat' dir='ltr'><em>paragonica</em></span> <span class='ocrx_word' id='word_1_31' title='bbox 673 467 929 506; x_wconf 76' lang='lat' dir='ltr'><em>Constantini</em></span> <span class='ocrx_word' id='word_1_32' title='bbox 950 469 1121 506; x_wconf 86' lang='lat' dir='ltr'><em>dicimus</em></span> <span class='ocrx_word' id='word_1_33' title='bbox 1142 469 1243 519; x_wconf 80' lang='lat' dir='ltr'><em>quod</em></span> <span class='ocrx_word' id='word_1_34' title='bbox 1264 468 1307 506; x_wconf 90' lang='lat' dir='ltr'><em>in</em></span> <span class='ocrx_word' id='word_1_35' title='bbox 1326 469 1459 507; x_wconf 86' lang='lat' dir='ltr'><em>eadem</em></span> <span class='ocrx_word' id='word_1_36' title='bbox 1481 469 1642 507; x_wconf 66' lang='lat' dir='ltr'><em>intravit</em></span> <span class='ocrx_word' id='word_1_37' title='bbox 1662 468 1952 506; x_wconf 74' lang='lat' dir='ltr'><em>Constantinus</em></span> 
     </span>
     <span class='ocr_line' id='line_1_5' title="bbox 242 527 1951 593; baseline 0 -29"><span class='ocrx_word' id='word_1_38' title='bbox 242 542 428 577; x_wconf 78' lang='lat' dir='ltr'><em>paganus</em></span> <span class='ocrx_word' id='word_1_39' title='bbox 441 535 476 565; x_wconf 92' lang='lat' dir='ltr'><em>et</em></span> <span class='ocrx_word' id='word_1_40' title='bbox 491 527 594 565; x_wconf 84' lang='lat' dir='ltr'><em>inibi</em></span> <span class='ocrx_word' id='word_1_41' title='bbox 609 528 709 565; x_wconf 85' lang='lat' dir='ltr'><em>lotus</em></span> <span class='ocrx_word' id='word_1_42' title='bbox 729 528 825 577; x_wconf 70' lang='lat' dir='ltr'><em>juit5</em></span> <span class='ocrx_word' id='word_1_43' title='bbox 847 536 880 565; x_wconf 85' lang='lat' dir='ltr'><em>et</em></span> <span class='ocrx_word' id='word_1_44' title='bbox 901 528 1096 565; x_wconf 85' lang='lat' dir='ltr'><em>credimus</em></span> <span class='ocrx_word' id='word_1_45' title='bbox 1111 528 1213 593; x_wconf 81' lang='lat' dir='ltr'><em>quod</em></span> <span class='ocrx_word' id='word_1_46' title='bbox 1224 528 1260 565; x_wconf 92' lang='lat' dir='ltr'><em>si</em></span> <span class='ocrx_word' id='word_1_47' title='bbox 1283 542 1365 577; x_wconf 82' lang='lat' dir='ltr'><em>nos,</em></span> <span class='ocrx_word' id='word_1_48' title='bbox 1382 528 1623 566; x_wconf 81' lang='lat' dir='ltr'><em>christianus</em></span> <span class='ocrx_word' id='word_1_49' title='bbox 1646 529 1712 566; x_wconf 68' lang='lat' dir='ltr'><em>det</em></span> <span class='ocrx_word' id='word_1_50' title='bbox 1702 536 1802 565; x_wconf 89' lang='lat' dir='ltr'><em>otus</em></span> <span class='ocrx_word' id='word_1_51' title='bbox 1815 535 1849 565; x_wconf 91' lang='lat' dir='ltr'><em>et</em></span> <span class='ocrx_word' id='word_1_52' title='bbox 1863 541 1951 564; x_wconf 89' lang='lat' dir='ltr'><em>cum</em></span> 
     </span>
     <span class='ocr_line' id='line_1_6' title="bbox 242 586 1953 653; baseline 0 -30"><span class='ocrx_word' id='word_1_53' title='bbox 242 586 419 624; x_wconf 76' lang='lat' dir='ltr'><em>lacrimis</em></span> <span class='ocrx_word' id='word_1_54' title='bbox 439 586 622 624; x_wconf 85' lang='lat' dir='ltr'><em>honestus</em></span> <span class='ocrx_word' id='word_1_55' title='bbox 642 595 675 625; x_wconf 83' lang='lat' dir='ltr'><em>et</em></span> <span class='ocrx_word' id='word_1_56' title='bbox 695 595 837 635; x_wconf 82' lang='lat' dir='ltr'><em>castus,</em></span> <span class='ocrx_word' id='word_1_57' title='bbox 858 601 927 637; x_wconf 86' lang='lat' dir='ltr'><em>per</em></span> <span class='ocrx_word' id='word_1_58' title='bbox 947 602 1091 625; x_wconf 83' lang='lat' dir='ltr'><em>manus</em></span> <span class='ocrx_word' id='word_1_59' title='bbox 1111 587 1252 625; x_wconf 66' lang='lat' dir='ltr'><em>vicarii</em></span> <span class='ocrx_word' id='word_1_60' title='bbox 1272 587 1425 625; x_wconf 88' lang='lat' dir='ltr'><em>domini</em></span> <span class='ocrx_word' id='word_1_61' title='bbox 1446 588 1568 626; x_wconf 81' lang='lat' dir='ltr'><em>nostri</em></span> <span class='ocrx_word' id='word_1_62' title='bbox 1581 602 1691 653; x_wconf 85' lang='lat' dir='ltr'><em>pape</em></span> <span class='ocrx_word' id='word_1_63' title='bbox 1710 587 1778 625; x_wconf 80' lang='lat' dir='ltr'><em>loti</em></span> <span class='ocrx_word' id='word_1_64' title='bbox 1796 586 1953 636; x_wconf 69' lang='lat' dir='ltr'><em>fuimus</em></span> 
     </span>
     <span class='ocr_line' id='line_1_7' title="bbox 244 645 1952 711; baseline 0 -29"><span class='ocrx_word' id='word_1_65' title='bbox 244 646 286 683; x_wconf 87' lang='lat' dir='ltr'><em>in</em></span> <span class='ocrx_word' id='word_1_66' title='bbox 314 646 460 694; x_wconf 74' lang='lat' dir='ltr'><em>eadem,</em></span> <span class='ocrx_word' id='word_1_67' title='bbox 489 646 682 684; x_wconf 86' lang='lat' dir='ltr'><em>credentes</em></span> <span class='ocrx_word' id='word_1_68' title='bbox 710 647 811 711; x_wconf 76' lang='lat' dir='ltr'><em>quod</em></span> <span class='ocrx_word' id='word_1_69' title='bbox 838 660 979 696; x_wconf 88' lang='lat' dir='ltr'><em>corpus</em></span> <span class='ocrx_word' id='word_1_70' title='bbox 1003 646 1171 684; x_wconf 79' lang='lat' dir='ltr'><em>Domini</em></span> <span class='ocrx_word' id='word_1_71' title='bbox 1199 647 1322 685; x_wconf 83' lang='lat' dir='ltr'><em>nostri</em></span> <span class='ocrx_word' id='word_1_72' title='bbox 1349 647 1401 684; x_wconf 88' lang='lat' dir='ltr'><em>sit</em></span> <span class='ocrx_word' id='word_1_73' title='bbox 1423 661 1482 684; x_wconf 89' lang='lat' dir='ltr'><em>res</em></span> <span class='ocrx_word' id='word_1_74' title='bbox 1504 647 1668 697; x_wconf 75' lang='lat' dir='ltr'><em>majoris</em></span> <span class='ocrx_word' id='word_1_75' title='bbox 1689 645 1952 684; x_wconf 72' lang='lat' dir='ltr'><em>venerationis</em></span> 
     </span>
     <span class='ocr_line' id='line_1_8' title="bbox 243 678 1954 755; baseline 0 -13"><span class='ocrx_word' id='word_1_76' title='bbox 243 720 360 755; x_wconf 80' lang='lat' dir='ltr'><em>quam</em></span> <span class='ocrx_word' id='word_1_77' title='bbox 387 678 544 752; x_wconf 75' lang='lat' dir='ltr'><em>coricha,</em></span> <span class='ocrx_word' id='word_1_78' title='bbox 571 713 606 743; x_wconf 87' lang='lat' dir='ltr'><em>et</em></span> <span class='ocrx_word' id='word_1_79' title='bbox 631 713 761 743; x_wconf 88' lang='lat' dir='ltr'><em>tamen</em></span> <span class='ocrx_word' id='word_1_80' title='bbox 788 705 923 755; x_wconf 83' lang='lat' dir='ltr'><em>ipsum</em></span> <span class='ocrx_word' id='word_1_81' title='bbox 947 706 1165 755; x_wconf 76' lang='lat' dir='ltr'><em>frequenter</em></span> <span class='ocrx_word' id='word_1_82' title='bbox 1190 706 1388 744; x_wconf 78' lang='lat' dir='ltr'><em>sumimus</em></span> <span class='ocrx_word' id='word_1_83' title='bbox 1409 714 1444 743; x_wconf 89' lang='lat' dir='ltr'><em>et</em></span> <span class='ocrx_word' id='word_1_84' title='bbox 1463 707 1630 753; x_wconf 46' lang='lat' dir='ltr'><em>dev-oter.</em></span> <span class='ocrx_word' id='word_1_85' title='bbox 1640 738 1646 744; x_wconf 92' lang='lat'><em>.</em></span> <span class='ocrx_word' id='word_1_86' title='bbox 1670 720 1748 744; x_wconf 88' lang='lat' dir='ltr'><em>non</em></span> <span class='ocrx_word' id='word_1_87' title='bbox 1774 705 1954 743; x_wconf 70' lang='lat' dir='ltr'><em>videmur</em></span> 
     </span>
     <span class='ocr_line' id='line_1_9' title="bbox 241 737 1950 816; baseline 0 -15"><span class='ocrx_word' id='word_1_88' title='bbox 241 773 446 814; x_wconf 78' lang='lat' dir='ltr'><em>propterea</em></span> <span class='ocrx_word' id='word_1_89' title='bbox 477 737 698 814; x_wconf 78' lang='lat' dir='ltr'><em>deliquisse.</em></span> <span class='ocrx_word' id='word_1_90' title='bbox 736 765 856 803; x_wconf 85' lang='lat' dir='ltr'><em>Illum</em></span> <span class='ocrx_word' id='word_1_91' title='bbox 888 765 1032 804; x_wconf 86' lang='lat' dir='ltr'><em>eadem</em></span> <span class='ocrx_word' id='word_1_92' title='bbox 1064 765 1269 815; x_wconf 79' lang='lat' dir='ltr'><em>scripsisse</em></span> <span class='ocrx_word' id='word_1_93' title='bbox 1297 765 1349 803; x_wconf 89' lang='lat' dir='ltr'><em>acl</em></span> <span class='ocrx_word' id='word_1_94' title='bbox 1372 780 1525 816; x_wconf 86' lang='lat' dir='ltr'><em>papam</em></span> <span class='ocrx_word' id='word_1_95' title='bbox 1552 774 1733 804; x_wconf 74' lang='lat' dir='ltr'><em>testatur</em></span> <span class='ocrx_word' id='word_1_96' title='bbox 1757 765 1950 802; x_wconf 77' lang='lat' dir='ltr'><em>Albertus</em></span> 
     </span>
     <span class='ocr_line' id='line_1_10' title="bbox 242 822 1951 874; baseline -0.001 -13"><span class='ocrx_word' id='word_1_97' title='bbox 242 824 565 873; x_wconf 77' lang='lat' dir='ltr'><em>Argentinensis,</em></span> <span class='ocrx_word' id='word_1_98' title='bbox 587 839 625 874; x_wconf 88' lang='lat' dir='ltr'><em>p.</em></span> <span class='ocrx_word' id='word_1_99' title='bbox 658 823 761 862; x_wconf 85' lang='lat'><strong>242:</strong></span> <span class='ocrx_word' id='word_1_100' title='bbox 786 823 869 862; x_wconf 87' lang='lat' dir='ltr'><em>Nec</em></span> <span class='ocrx_word' id='word_1_101' title='bbox 898 824 1045 862; x_wconf 81' lang='lat' dir='ltr'><em>mirum</em></span> <span class='ocrx_word' id='word_1_102' title='bbox 1074 825 1176 874; x_wconf 80' lang='lat' dir='ltr'><em>quod</em></span> <span class='ocrx_word' id='word_1_103' title='bbox 1204 825 1247 862; x_wconf 91' lang='lat' dir='ltr'><em>in</em></span> <span class='ocrx_word' id='word_1_104' title='bbox 1276 825 1421 863; x_wconf 76' lang='lat' dir='ltr'><em>concha</em></span> <span class='ocrx_word' id='word_1_105' title='bbox 1449 839 1667 862; x_wconf 85' lang='lat' dir='ltr'><em>marmorea</em></span> <span class='ocrx_word' id='word_1_106' title='bbox 1696 822 1951 862; x_wconf 78' lang='lat' dir='ltr'><em>Constantini</em></span> 
     </span>
     <span class='ocr_line' id='line_1_11' title="bbox 243 883 1951 934; baseline -0.001 -14"><span class='ocrx_word' id='word_1_107' title='bbox 243 883 492 932; x_wconf 79' lang='lat' dir='ltr'><em>imperatoris</em></span> <span class='ocrx_word' id='word_1_108' title='bbox 521 898 561 920; x_wconf 84' lang='lat' dir='ltr'><em>se</em></span> <span class='ocrx_word' id='word_1_109' title='bbox 590 883 717 921; x_wconf 71' lang='lat' dir='ltr'><em>lavari</em></span> <span class='ocrx_word' id='word_1_110' title='bbox 746 883 940 933; x_wconf 73' lang='lat' dir='ltr'><em>permisit,</em></span> <span class='ocrx_word' id='word_1_111' title='bbox 973 883 1016 921; x_wconf 88' lang='lat' dir='ltr'><em>in</em></span> <span class='ocrx_word' id='word_1_112' title='bbox 1046 898 1123 934; x_wconf 82' lang='lat' dir='ltr'><em>qua</em></span> <span class='ocrx_word' id='word_1_113' title='bbox 1152 899 1338 934; x_wconf 75' lang='lat' dir='ltr'><em>paganus</em></span> <span class='ocrx_word' id='word_1_114' title='bbox 1367 884 1492 922; x_wconf 70' lang='lat' dir='ltr'><em>extitit</em></span> <span class='ocrx_word' id='word_1_115' title='bbox 1525 884 1759 934; x_wconf 81' lang='lat' dir='ltr'><em>baptizatus,</em></span> <span class='ocrx_word' id='word_1_116' title='bbox 1790 898 1878 921; x_wconf 87' lang='lat' dir='ltr'><em>cum</em></span> <span class='ocrx_word' id='word_1_117' title='bbox 1910 883 1951 919; x_wconf 93' lang='lat' dir='ltr'><em>in</em></span> 
     </span>
     <span class='ocr_line' id='line_1_12' title="bbox 243 942 1949 994; baseline -0.001 -15"><span class='ocrx_word' id='word_1_118' title='bbox 243 943 373 992; x_wconf 85' lang='lat' dir='ltr'><em>ipsius</em></span> <span class='ocrx_word' id='word_1_119' title='bbox 386 942 538 980; x_wconf 77' lang='lat' dir='ltr'><em>tribuni</em></span> <span class='ocrx_word' id='word_1_120' title='bbox 551 943 704 980; x_wconf 69' lang='lat' dir='ltr'><em>lavacro</em></span> <span class='ocrx_word' id='word_1_121' title='bbox 716 943 834 992; x_wconf 80' lang='lat' dir='ltr'><em>plura</em></span> <span class='ocrx_word' id='word_1_122' title='bbox 843 943 994 992; x_wconf 77' lang='lat' dir='ltr'><em>fuerint</em></span> <span class='ocrx_word' id='word_1_123' title='bbox 1006 942 1141 992; x_wconf 79' lang='lat' dir='ltr'><em>[signa</em></span> <span class='ocrx_word' id='word_1_124' title='bbox 1154 942 1272 993; x_wconf 77' lang='lat' dir='ltr'><em>sacta]</em></span> <span class='ocrx_word' id='word_1_125' title='bbox 1289 958 1406 994; x_wconf 79' lang='lat' dir='ltr'><em>quam</em></span> <span class='ocrx_word' id='word_1_126' title='bbox 1419 944 1461 981; x_wconf 85' lang='lat' dir='ltr'><em>in</em></span> <span class='ocrx_word' id='word_1_127' title='bbox 1472 943 1728 981; x_wconf 81' lang='lat' dir='ltr'><em>Constantini</em></span> <span class='ocrx_word' id='word_1_128' title='bbox 1744 943 1949 992; x_wconf 77' lang='lat' dir='ltr'><em>baptismo,</em></span> 
     </span>
     <span class='ocr_line' id='line_1_13' title="bbox 242 1000 1951 1053; baseline -0.001 -13"><span class='ocrx_word' id='word_1_129' title='bbox 242 1002 319 1040; x_wconf 75' lang='lat' dir='ltr'><em>Sed</em></span> <span class='ocrx_word' id='word_1_130' title='bbox 348 1016 393 1040; x_wconf 86' lang='lat' dir='ltr'><em>ea</em></span> <span class='ocrx_word' id='word_1_131' title='bbox 422 1016 503 1039; x_wconf 88' lang='lat' dir='ltr'><em>non</em></span> <span class='ocrx_word' id='word_1_132' title='bbox 530 1002 791 1052; x_wconf 75' lang='lat' dir='ltr'><em>reperiuntur</em></span> <span class='ocrx_word' id='word_1_133' title='bbox 816 1002 858 1039; x_wconf 86' lang='lat' dir='ltr'><em>in</em></span> <span class='ocrx_word' id='word_1_134' title='bbox 886 1002 1059 1053; x_wconf 71' lang='lat' dir='ltr'><em>epistola</em></span> <span class='ocrx_word' id='word_1_135' title='bbox 1077 1002 1092 1024; x_wconf 78' lang='lat'><strong>2</strong></span> <span class='ocrx_word' id='word_1_136' title='bbox 1120 1002 1278 1041; x_wconf 88' lang='lat' dir='ltr'><em>Nicolai</em></span> <span class='ocrx_word' id='word_1_137' title='bbox 1306 1003 1356 1041; x_wconf 88' lang='lat' dir='ltr'><em>ad</em></span> <span class='ocrx_word' id='word_1_138' title='bbox 1383 1017 1536 1053; x_wconf 85' lang='lat' dir='ltr'><em>papam</em></span> <span class='ocrx_word' id='word_1_139' title='bbox 1565 1017 1668 1052; x_wconf 87' lang='lat' dir='ltr'><em>quae</em></span> <span class='ocrx_word' id='word_1_140' title='bbox 1696 1011 1814 1040; x_wconf 75' lang='lat' dir='ltr'><em>extat</em></span> <span class='ocrx_word' id='word_1_141' title='bbox 1841 1000 1951 1052; x_wconf 86' lang='lat' dir='ltr'><em>apud</em></span> 
     </span>
     <span class='ocr_line' id='line_1_14' title="bbox 244 1055 1952 1112; baseline -0.001 -14"><span class='ocrx_word' id='word_1_142' title='bbox 244 1061 521 1100; x_wconf 76' lang='lat' dir='ltr'><em>Hocseinium.</em></span> <span class='ocrx_word' id='word_1_143' title='bbox 551 1062 675 1100; x_wconf 87' lang='lat' dir='ltr'><em>Porro</em></span> <span class='ocrx_word' id='word_1_144' title='bbox 702 1061 878 1099; x_wconf 77' lang='lat' dir='ltr'><em>vicarius</em></span> <span class='ocrx_word' id='word_1_145' title='bbox 905 1061 1181 1112; x_wconf 83' lang='lat' dir='ltr'><em>papaecujus</em></span> <span class='ocrx_word' id='word_1_146' title='bbox 1207 1062 1330 1100; x_wconf 75' lang='lat' dir='ltr'><em>isthic</em></span> <span class='ocrx_word' id='word_1_147' title='bbox 1356 1062 1609 1101; x_wconf 77' lang='lat' dir='ltr'><em>mentionem</em></span> <span class='ocrx_word' id='word_1_148' title='bbox 1636 1062 1736 1100; x_wconf 79' lang='lat' dir='ltr'><em>facit</em></span> <span class='ocrx_word' id='word_1_149' title='bbox 1761 1055 1952 1099; x_wconf 77' lang='lat' dir='ltr'><em>tribumis</em></span> 
     </span>
     <span class='ocr_line' id='line_1_15' title="bbox 241 1120 1952 1172; baseline 0 -15"><span class='ocrx_word' id='word_1_150' title='bbox 241 1121 472 1158; x_wconf 66' lang='lat' dir='ltr'><em>vocabatur</em></span> <span class='ocrx_word' id='word_1_151' title='bbox 502 1121 775 1170; x_wconf 76' lang='lat' dir='ltr'><em>Raymundus</em></span> <span class='ocrx_word' id='word_1_152' title='bbox 805 1121 1019 1171; x_wconf 88' lang='lat' dir='ltr'><em>episcopus</em></span> <span class='ocrx_word' id='word_1_153' title='bbox 1050 1121 1353 1169; x_wconf 79' lang='lat' dir='ltr'><em>Urbevetanus‚</em></span> <span class='ocrx_word' id='word_1_154' title='bbox 1374 1130 1422 1159; x_wconf 80' lang='lat' dir='ltr'><em>ut</em></span> <span class='ocrx_word' id='word_1_155' title='bbox 1448 1130 1567 1172; x_wconf 74' lang='lat' dir='ltr'><em>patet</em></span> <span class='ocrx_word' id='word_1_156' title='bbox 1595 1136 1645 1160; x_wconf 81' lang='lat' dir='ltr'><em>ex</em></span> <span class='ocrx_word' id='word_1_157' title='bbox 1666 1121 1839 1172; x_wconf 79' lang='lat' dir='ltr'><em>epistola</em></span> <span class='ocrx_word' id='word_1_158' title='bbox 1869 1120 1952 1158; x_wconf 89' lang='lat' dir='ltr'><em>Cle-</em></span> 
     </span>
    </p>
   </div>
   <div class='ocr_carea' id='block_1_3' title="bbox 242 1179 1952 1289">
    <p class='ocr_par' dir='ltr' id='par_1_3' title="bbox 242 1179 1952 1288">
     <span class='ocr_line' id='line_1_16' title="bbox 242 1179 1952 1231; baseline 0 -15"><span class='ocrx_word' id='word_1_159' title='bbox 242 1180 389 1218; x_wconf 74' lang='lat' dir='ltr'><em>mentis</em></span> <span class='ocrx_word' id='word_1_160' title='bbox 419 1180 476 1217; x_wconf 83' lang='lat' dir='ltr'><em>VI</em></span> <span class='ocrx_word' id='word_1_161' title='bbox 504 1181 556 1218; x_wconf 90' lang='lat' dir='ltr'><em>ad</em></span> <span class='ocrx_word' id='word_1_162' title='bbox 584 1180 866 1218; x_wconf 77' lang='lat' dir='ltr'><em>Annibaldum</em></span> <span class='ocrx_word' id='word_1_163' title='bbox 894 1181 1132 1231; x_wconf 86' lang='lat' dir='ltr'><em>episcopum</em></span> <span class='ocrx_word' id='word_1_164' title='bbox 1160 1181 1452 1229; x_wconf 79' lang='lat' dir='ltr'><em>Tusculanum,</em></span> <span class='ocrx_word' id='word_1_165' title='bbox 1482 1195 1586 1231; x_wconf 87' lang='lat' dir='ltr'><em>quae</em></span> <span class='ocrx_word' id='word_1_166' title='bbox 1614 1181 1725 1219; x_wconf 76' lang='lat' dir='ltr'><em>edita</em></span> <span class='ocrx_word' id='word_1_167' title='bbox 1753 1189 1814 1219; x_wconf 82' lang='lat' dir='ltr'><em>est</em></span> <span class='ocrx_word' id='word_1_168' title='bbox 1842 1179 1952 1230; x_wconf 88' lang='lat' dir='ltr'><em>apud</em></span> 
     </span>
     <span class='ocr_line' id='line_1_17' title="bbox 244 1239 1122 1289; baseline 0.002 -13"><span class='ocrx_word' id='word_1_169' title='bbox 244 1239 365 1277; x_wconf 69' lang='lat' dir='ltr'><em>Odox‘</em></span> <span class='ocrx_word' id='word_1_170' title='bbox 336 1254 465 1277; x_wconf 75' lang='lat' dir='ltr'><em>¹Icum</em></span> <span class='ocrx_word' id='word_1_171' title='bbox 489 1240 550 1277; x_wconf 78' lang='lat' dir='ltr'><em>Ra</em></span> <span class='ocrx_word' id='word_1_172' title='bbox 555 1240 768 1289; x_wconf 63' lang='lat' dir='ltr'><em>waldum,</em></span> <span class='ocrx_word' id='word_1_173' title='bbox 791 1254 855 1278; x_wconf 89' lang='lat' dir='ltr'><em>an.</em></span> <span class='ocrx_word' id='word_1_174' title='bbox 881 1239 995 1287; x_wconf 97' lang='grc'>1348,</span> <span class='ocrx_word' id='word_1_175' title='bbox 1024 1239 1040 1288; x_wconf 65' lang='grc' dir='ltr'>ἓ</span> <span class='ocrx_word' id='word_1_176' title='bbox 1063 1240 1122 1278; x_wconf 89' lang='grc'>13.</span> 
     </span>
    </p>
   </div>
   <div class='ocr_carea' id='block_1_4' title="bbox 242 1298 1958 2061">
    <p class='ocr_par' dir='ltr' id='par_1_4' title="bbox 297 1298 1779 1350">
     <span class='ocr_line' id='line_1_18' title="bbox 297 1298 1779 1350; baseline 0 -14"><span class='ocrx_word' id='word_1_177' title='bbox 297 1299 339 1337; x_wconf 97' lang='grc' dir='ltr'><em>Ρ</em></span> <span class='ocrx_word' id='word_1_178' title='bbox 366 1298 411 1335; x_wconf 72' lang='grc' dir='ltr'>2Γ</span> <span class='ocrx_word' id='word_1_179' title='bbox 397 1298 455 1346; x_wconf 69' lang='grc'><em>),2</em></span> <span class='ocrx_word' id='word_1_180' title='bbox 479 1299 545 1349; x_wconf 82' lang='lat' dir='ltr'><em>lig.</em></span> <span class='ocrx_word' id='word_1_181' title='bbox 571 1298 632 1337; x_wconf 85' lang='lat'><em>32.</em></span> <span class='ocrx_word' id='word_1_182' title='bbox 659 1299 954 1338; x_wconf 79' lang='lat' dir='ltr'><strong>CANDIDATUS.</strong></span> <span class='ocrx_word' id='word_1_183' title='bbox 980 1299 1077 1337; x_wconf 87' lang='lat' dir='ltr'><em>Voir</em></span> <span class='ocrx_word' id='word_1_184' title='bbox 1098 1299 1304 1347; x_wconf 83' lang='lat' dir='ltr'><em>Burdach,</em></span> <span class='ocrx_word' id='word_1_185' title='bbox 1328 1307 1358 1340; x_wconf 76' lang='lat' dir='ltr'><em>t.</em></span> <span class='ocrx_word' id='word_1_186' title='bbox 1382 1298 1439 1347; x_wconf 79' lang='lat'><em>113⁷</em></span> <span class='ocrx_word' id='word_1_187' title='bbox 1462 1314 1501 1350; x_wconf 84' lang='lat' dir='ltr'><em>p.</em></span> <span class='ocrx_word' id='word_1_188' title='bbox 1528 1299 1601 1337; x_wconf 87' lang='grc'><em>101</em></span> <span class='ocrx_word' id='word_1_189' title='bbox 1627 1307 1668 1338; x_wconf 82' lang='lat' dir='ltr'><em>et</em></span> <span class='ocrx_word' id='word_1_190' title='bbox 1692 1299 1779 1337; x_wconf 85' lang='lat'><strong>151.</strong></span> 
     </span>
    </p>

    <p class='ocr_par' dir='ltr' id='par_1_5' title="bbox 242 1331 1958 2061">
     <span class='ocr_line' id='line_1_19' title="bbox 298 1331 1953 1409; baseline -0.001 -14"><span class='ocrx_word' id='word_1_191' title='bbox 298 1358 340 1397; x_wconf 88' lang='grc' dir='ltr'><em>Ρ</em></span> <span class='ocrx_word' id='word_1_192' title='bbox 364 1358 453 1405; x_wconf 77' lang='grc'>253,</span> <span class='ocrx_word' id='word_1_193' title='bbox 473 1358 540 1408; x_wconf 79' lang='lat' dir='ltr'><em>lig.</em></span> <span class='ocrx_word' id='word_1_194' title='bbox 564 1358 598 1396; x_wconf 85' lang='lat'><em>2.</em></span> <span class='ocrx_word' id='word_1_195' title='bbox 624 1358 844 1396; x_wconf 78' lang='lat' dir='ltr'>KAROLUM</span> <span class='ocrx_word' id='word_1_196' title='bbox 877 1372 1013 1396; x_wconf 81' lang='lat' dir='ltr'>CITARI</span> <span class='ocrx_word' id='word_1_197' title='bbox 1046 1373 1177 1398; x_wconf 83' lang='lat' dir='ltr'><strong>FECIT.</strong></span> <span class='ocrx_word' id='word_1_198' title='bbox 1202 1359 1334 1396; x_wconf 77' lang='lat' dir='ltr'><em>Extat</em></span> <span class='ocrx_word' id='word_1_199' title='bbox 1361 1331 1472 1409; x_wconf 77' lang='lat' dir='ltr'><em>aplid</em></span> <span class='ocrx_word' id='word_1_200' title='bbox 1500 1358 1780 1407; x_wconf 81' lang='lat' dir='ltr'><em>Hocsemium,</em></span> <span class='ocrx_word' id='word_1_201' title='bbox 1801 1373 1839 1408; x_wconf 88' lang='lat' dir='ltr'><em>p.</em></span> <span class='ocrx_word' id='word_1_202' title='bbox 1863 1357 1953 1405; x_wconf 81' lang='lat'><strong>495,</strong></span> 
     </span>
     <span class='ocr_line' id='line_1_20' title="bbox 243 1416 1953 1468; baseline 0.001 -14"><span class='ocrx_word' id='word_1_203' title='bbox 243 1417 425 1455; x_wconf 73' lang='lat' dir='ltr'><em>edictum</em></span> <span class='ocrx_word' id='word_1_204' title='bbox 440 1416 455 1439; x_wconf 84' lang='lat'><strong>3</strong></span> <span class='ocrx_word' id='word_1_205' title='bbox 476 1417 662 1467; x_wconf 85' lang='lat' dir='ltr'><em>ejusdem</em></span> <span class='ocrx_word' id='word_1_206' title='bbox 691 1418 846 1455; x_wconf 80' lang='lat' dir='ltr'><em>tribuni</em></span> <span class='ocrx_word' id='word_1_207' title='bbox 875 1432 955 1468; x_wconf 88' lang='lat' dir='ltr'><em>quo</em></span> <span class='ocrx_word' id='word_1_208' title='bbox 978 1418 1094 1456; x_wconf 83' lang='lat' dir='ltr'><em>citari</em></span> <span class='ocrx_word' id='word_1_209' title='bbox 1125 1418 1344 1457; x_wconf 80' lang='lat' dir='ltr'><em>mandavit</em></span> <span class='ocrx_word' id='word_1_210' title='bbox 1373 1418 1632 1456; x_wconf 84' lang='lat' dir='ltr'><em>Ludovicum</em></span> <span class='ocrx_word' id='word_1_211' title='bbox 1654 1418 1801 1456; x_wconf 90' lang='lat' dir='ltr'><em>ducem</em></span> <span class='ocrx_word' id='word_1_212' title='bbox 1820 1417 1953 1454; x_wconf 81' lang='lat' dir='ltr'><em>Bava-</em></span> 
     </span>
     <span class='ocr_line' id='line_1_21' title="bbox 242 1475 1958 1527; baseline -0.001 -13"><span class='ocrx_word' id='word_1_213' title='bbox 242 1476 324 1514; x_wconf 85' lang='lat' dir='ltr'><em>riae</em></span> <span class='ocrx_word' id='word_1_214' title='bbox 347 1485 387 1514; x_wconf 82' lang='lat' dir='ltr'><em>et</em></span> <span class='ocrx_word' id='word_1_215' title='bbox 412 1476 611 1515; x_wconf 81' lang='lat' dir='ltr'><em>Karolum</em></span> <span class='ocrx_word' id='word_1_216' title='bbox 632 1491 768 1527; x_wconf 84' lang='lat' dir='ltr'><em>regem</em></span> <span class='ocrx_word' id='word_1_217' title='bbox 788 1477 1024 1525; x_wconf 84' lang='lat' dir='ltr'><em>Bohemiae,</em></span> <span class='ocrx_word' id='word_1_218' title='bbox 1047 1477 1114 1527; x_wconf 83' lang='lat' dir='ltr'><em>qui</em></span> <span class='ocrx_word' id='word_1_219' title='bbox 1134 1491 1174 1514; x_wconf 86' lang='lat' dir='ltr'><em>se</em></span> <span class='ocrx_word' id='word_1_220' title='bbox 1193 1486 1376 1515; x_wconf 85' lang='lat' dir='ltr'><em>asserunt</em></span> <span class='ocrx_word' id='word_1_221' title='bbox 1394 1477 1596 1515; x_wconf 84' lang='lat' dir='ltr'><em>Romanos</em></span> <span class='ocrx_word' id='word_1_222' title='bbox 1619 1477 1879 1527; x_wconf 79' lang='lat' dir='ltr'><em>Imperatores</em></span> <span class='ocrx_word' id='word_1_223' title='bbox 1901 1475 1958 1513; x_wconf 68' lang='lat' dir='ltr'><em>vel</em></span> 
     </span>
     <span class='ocr_line' id='line_1_22' title="bbox 243 1535 1954 1587; baseline 0.001 -15"><span class='ocrx_word' id='word_1_224' title='bbox 243 1536 295 1573; x_wconf 80' lang='lat' dir='ltr'><em>ad</em></span> <span class='ocrx_word' id='word_1_225' title='bbox 324 1536 538 1585; x_wconf 85' lang='lat' dir='ltr'><em>imperium</em></span> <span class='ocrx_word' id='word_1_226' title='bbox 563 1536 648 1586; x_wconf 82' lang='lat' dir='ltr'><em>jam</em></span> <span class='ocrx_word' id='word_1_227' title='bbox 677 1537 824 1584; x_wconf 80' lang='lat' dir='ltr'><em>electos,</em></span> <span class='ocrx_word' id='word_1_228' title='bbox 854 1545 901 1574; x_wconf 82' lang='lat' dir='ltr'><em>ut</em></span> <span class='ocrx_word' id='word_1_229' title='bbox 930 1537 982 1574; x_wconf 89' lang='lat' dir='ltr'><em>ad</em></span> <span class='ocrx_word' id='word_1_230' title='bbox 1012 1544 1171 1576; x_wconf 79' lang='lat' dir='ltr'><em>certum</em></span> <span class='ocrx_word' id='word_1_231' title='bbox 1201 1537 1308 1575; x_wconf 89' lang='lat' dir='ltr'><em>diem</em></span> <span class='ocrx_word' id='word_1_232' title='bbox 1339 1545 1625 1587; x_wconf 77' lang='lat' dir='ltr'><em>comparerent</em></span> <span class='ocrx_word' id='word_1_233' title='bbox 1660 1550 1797 1575; x_wconf 86' lang='lat' dir='ltr'><em>coram</em></span> <span class='ocrx_word' id='word_1_234' title='bbox 1827 1550 1872 1574; x_wconf 87' lang='lat' dir='ltr'><em>eo</em></span> <span class='ocrx_word' id='word_1_235' title='bbox 1903 1535 1954 1573; x_wconf 89' lang='lat' dir='ltr'><em>ad</em></span> 
     </span>
     <span class='ocr_line' id='line_1_23' title="bbox 245 1595 1954 1647; baseline 0.001 -16"><span class='ocrx_word' id='word_1_236' title='bbox 245 1595 477 1633; x_wconf 85' lang='lat' dir='ltr'><em>docendum</em></span> <span class='ocrx_word' id='word_1_237' title='bbox 502 1596 591 1645; x_wconf 87' lang='lat' dir='ltr'><em>quis</em></span> <span class='ocrx_word' id='word_1_238' title='bbox 617 1610 758 1634; x_wconf 88' lang='lat' dir='ltr'><em>eorum</em></span> <span class='ocrx_word' id='word_1_239' title='bbox 782 1595 921 1646; x_wconf 79' lang='lat' dir='ltr'><em>potius</em></span> <span class='ocrx_word' id='word_1_240' title='bbox 944 1595 1010 1645; x_wconf 84' lang='lat' dir='ltr'><em>jus</em></span> <span class='ocrx_word' id='word_1_241' title='bbox 1036 1596 1207 1634; x_wconf 82' lang='lat' dir='ltr'><em>haberet</em></span> <span class='ocrx_word' id='word_1_242' title='bbox 1230 1596 1273 1634; x_wconf 90' lang='lat' dir='ltr'><em>in</em></span> <span class='ocrx_word' id='word_1_243' title='bbox 1296 1596 1468 1647; x_wconf 85' lang='lat' dir='ltr'><em>imperio</em></span> <span class='ocrx_word' id='word_1_244' title='bbox 1494 1596 1696 1635; x_wconf 84' lang='lat' dir='ltr'><em>Romano.</em></span> <span class='ocrx_word' id='word_1_245' title='bbox 1726 1596 1815 1644; x_wconf 85' lang='lat' dir='ltr'><em>Qua</em></span> <span class='ocrx_word' id='word_1_246' title='bbox 1840 1595 1889 1633; x_wconf 92' lang='lat' dir='ltr'><em>de</em></span> <span class='ocrx_word' id='word_1_247' title='bbox 1914 1609 1954 1632; x_wconf 88' lang='lat' dir='ltr'><em>re</em></span> 
     </span>
     <span class='ocr_line' id='line_1_24' title="bbox 245 1654 1956 1705; baseline 0 -14"><span class='ocrx_word' id='word_1_248' title='bbox 245 1668 366 1703; x_wconf 79' lang='lat' dir='ltr'><em>agens</em></span> <span class='ocrx_word' id='word_1_249' title='bbox 396 1655 589 1693; x_wconf 78' lang='lat' dir='ltr'><em>Albertus</em></span> <span class='ocrx_word' id='word_1_250' title='bbox 617 1655 941 1705; x_wconf 81' lang='lat' dir='ltr'><em>Argentinensis,</em></span> <span class='ocrx_word' id='word_1_251' title='bbox 963 1670 1002 1705; x_wconf 90' lang='lat' dir='ltr'><em>p.</em></span> <span class='ocrx_word' id='word_1_252' title='bbox 1032 1655 1121 1703; x_wconf 88' lang='grc'>242,</span> <span class='ocrx_word' id='word_1_253' title='bbox 1143 1655 1200 1693; x_wconf 88' lang='lat' dir='ltr'><em>sic</em></span> <span class='ocrx_word' id='word_1_254' title='bbox 1227 1655 1369 1693; x_wconf 80' lang='lat' dir='ltr'><em>scribit</em></span> <span class='ocrx_word' id='word_1_255' title='bbox 1398 1671 1405 1693; x_wconf 76' lang='grc' dir='ltr'><strong><em>ε</em></strong></span> <span class='ocrx_word' id='word_1_256' title='bbox 1431 1655 1612 1705; x_wconf 82' lang='lat' dir='ltr'><em>Argutus</em></span> <span class='ocrx_word' id='word_1_257' title='bbox 1639 1655 1758 1693; x_wconf 84' lang='lat' dir='ltr'><em>etiam</em></span> <span class='ocrx_word' id='word_1_258' title='bbox 1785 1655 1886 1705; x_wconf 82' lang='lat' dir='ltr'><em>quod</em></span> <span class='ocrx_word' id='word_1_259' title='bbox 1914 1654 1956 1691; x_wconf 88' lang='lat' dir='ltr'><em>in</em></span> 
     </span>
     <span class='ocr_line' id='line_1_25' title="bbox 245 1713 1956 1763; baseline 0.001 -13"><span class='ocrx_word' id='word_1_260' title='bbox 245 1713 428 1751; x_wconf 78' lang='lat' dir='ltr'><em>citatione</em></span> <span class='ocrx_word' id='word_1_261' title='bbox 446 1728 523 1763; x_wconf 78' lang='lat' dir='ltr'><em>qua</em></span> <span class='ocrx_word' id='word_1_262' title='bbox 544 1728 674 1751; x_wconf 80' lang='lat' dir='ltr'><em>coram</em></span> <span class='ocrx_word' id='word_1_263' title='bbox 691 1729 730 1751; x_wconf 91' lang='lat' dir='ltr'><em>se</em></span> <span class='ocrx_word' id='word_1_264' title='bbox 748 1722 781 1752; x_wconf 90' lang='lat' dir='ltr'><em>et</em></span> <span class='ocrx_word' id='word_1_265' title='bbox 798 1714 994 1752; x_wconf 84' lang='lat' dir='ltr'><em>Romanis</em></span> <span class='ocrx_word' id='word_1_266' title='bbox 1012 1715 1146 1752; x_wconf 70' lang='lat' dir='ltr'><em>citavit</em></span> <span class='ocrx_word' id='word_1_267' title='bbox 1162 1714 1420 1753; x_wconf 67' lang='lat' dir='ltr'><em>Ludowicum</em></span> <span class='ocrx_word' id='word_1_268' title='bbox 1438 1715 1573 1752; x_wconf 89' lang='lat' dir='ltr'><em>ducem</em></span> <span class='ocrx_word' id='word_1_269' title='bbox 1591 1714 1763 1752; x_wconf 68' lang='lat' dir='ltr'><em>Bavarie</em></span> <span class='ocrx_word' id='word_1_270' title='bbox 1780 1722 1814 1752; x_wconf 84' lang='lat' dir='ltr'><em>et</em></span> <span class='ocrx_word' id='word_1_271' title='bbox 1828 1714 1956 1752; x_wconf 79' lang='lat' dir='ltr'><em>Karo-</em></span> 
     </span>
     <span class='ocr_line' id='line_1_26' title="bbox 248 1773 1956 1824; baseline 0 -15"><span class='ocrx_word' id='word_1_272' title='bbox 248 1773 330 1809; x_wconf 81' lang='lat' dir='ltr'><em>lum</em></span> <span class='ocrx_word' id='word_1_273' title='bbox 362 1787 489 1821; x_wconf 77' lang='lat' dir='ltr'><em>regem</em></span> <span class='ocrx_word' id='word_1_274' title='bbox 520 1773 707 1810; x_wconf 80' lang='lat' dir='ltr'><em>Bohemie</em></span> <span class='ocrx_word' id='word_1_275' title='bbox 737 1788 776 1810; x_wconf 90' lang='lat' dir='ltr'><em>se</em></span> <span class='ocrx_word' id='word_1_276' title='bbox 809 1773 1106 1811; x_wconf 86' lang='lat' dir='ltr'><em>intromittentes</em></span> <span class='ocrx_word' id='word_1_277' title='bbox 1138 1774 1183 1811; x_wconf 88' lang='lat' dir='ltr'><em>de</em></span> <span class='ocrx_word' id='word_1_278' title='bbox 1214 1788 1332 1824; x_wconf 79' lang='lat' dir='ltr'><em>regno</em></span> <span class='ocrx_word' id='word_1_279' title='bbox 1363 1774 1556 1822; x_wconf 83' lang='lat' dir='ltr'><em>Romano,</em></span> <span class='ocrx_word' id='word_1_280' title='bbox 1585 1774 1790 1812; x_wconf 69' lang='lat' dir='ltr'><em>Bavarum</em></span> <span class='ocrx_word' id='word_1_281' title='bbox 1821 1774 1956 1811; x_wconf 88' lang='lat' dir='ltr'><em>ducem</em></span> 
     </span>
     <span class='ocr_line' id='line_1_27' title="bbox 247 1831 1956 1883; baseline 0.001 -15"><span class='ocrx_word' id='word_1_282' title='bbox 247 1831 521 1880; x_wconf 63' lang='lat' dir='ltr'><em>nominaverit,</em></span> <span class='ocrx_word' id='word_1_283' title='bbox 541 1847 630 1870; x_wconf 89' lang='lat' dir='ltr'><em>cum</em></span> <span class='ocrx_word' id='word_1_284' title='bbox 648 1847 717 1883; x_wconf 89' lang='lat' dir='ltr'><em>per</em></span> <span class='ocrx_word' id='word_1_285' title='bbox 734 1847 886 1883; x_wconf 86' lang='lat' dir='ltr'><em>papam</em></span> <span class='ocrx_word' id='word_1_286' title='bbox 902 1833 1023 1882; x_wconf 73' lang='lat' dir='ltr'><em>suerit</em></span> <span class='ocrx_word' id='word_1_287' title='bbox 1041 1833 1185 1871; x_wconf 88' lang='lat' dir='ltr'><em>ducatu</em></span> <span class='ocrx_word' id='word_1_288' title='bbox 1204 1834 1398 1883; x_wconf 67' lang='lat' dir='ltr'><em>privatus,</em></span> <span class='ocrx_word' id='word_1_289' title='bbox 1418 1833 1637 1871; x_wconf 79' lang='lat' dir='ltr'><em>Bohemum</em></span> <span class='ocrx_word' id='word_1_290' title='bbox 1656 1847 1741 1871; x_wconf 66' lang='lat' dir='ltr'><em>vero</em></span> <span class='ocrx_word' id='word_1_291' title='bbox 1759 1833 1956 1870; x_wconf 87' lang='lat' dir='ltr'><em>Romano-</em></span> 
     </span>
     <span class='ocr_line' id='line_1_28' title="bbox 246 1892 1958 1942; baseline 0.001 -15"><span class='ocrx_word' id='word_1_292' title='bbox 246 1905 334 1928; x_wconf 86' lang='lat' dir='ltr'><em>rum</em></span> <span class='ocrx_word' id='word_1_293' title='bbox 354 1905 481 1940; x_wconf 80' lang='lat' dir='ltr'><em>regem</em></span> <span class='ocrx_word' id='word_1_294' title='bbox 501 1906 580 1929; x_wconf 91' lang='lat' dir='ltr'><em>non</em></span> <span class='ocrx_word' id='word_1_295' title='bbox 600 1892 874 1940; x_wconf 70' lang='lat' dir='ltr'><em>nominaverit,</em></span> <span class='ocrx_word' id='word_1_296' title='bbox 896 1892 1076 1942; x_wconf 67' lang='lat' dir='ltr'><em>quamvis</em></span> <span class='ocrx_word' id='word_1_297' title='bbox 1093 1892 1214 1942; x_wconf 75' lang='lat' dir='ltr'><em>fuerit</em></span> <span class='ocrx_word' id='word_1_298' title='bbox 1233 1892 1276 1930; x_wconf 93' lang='lat' dir='ltr'><em>in</em></span> <span class='ocrx_word' id='word_1_299' title='bbox 1295 1907 1422 1942; x_wconf 80' lang='lat' dir='ltr'><em>regem</em></span> <span class='ocrx_word' id='word_1_300' title='bbox 1440 1893 1713 1930; x_wconf 87' lang='lat' dir='ltr'><em>Romanorum</em></span> <span class='ocrx_word' id='word_1_301' title='bbox 1732 1906 1801 1942; x_wconf 86' lang='lat' dir='ltr'><em>per</em></span> <span class='ocrx_word' id='word_1_302' title='bbox 1820 1892 1958 1930; x_wconf 86' lang='lat' dir='ltr'><em>Sedem</em></span> 
     </span>
     <span class='ocr_line' id='line_1_29' title="bbox 246 1951 1957 2002; baseline 0.001 -15"><span class='ocrx_word' id='word_1_303' title='bbox 246 1951 503 1999; x_wconf 78' lang='lat' dir='ltr'><em>apostolicam</em></span> <span class='ocrx_word' id='word_1_304' title='bbox 521 1951 778 2001; x_wconf 78' lang='lat' dir='ltr'><em>approbatus,</em></span> <span class='ocrx_word' id='word_1_305' title='bbox 799 1951 902 1990; x_wconf 82' lang='lat' dir='ltr'><em>Vide</em></span> <span class='ocrx_word' id='word_1_306' title='bbox 924 1952 1013 1991; x_wconf 87' lang='lat' dir='ltr'><em>Joa.</em></span> <span class='ocrx_word' id='word_1_307' title='bbox 1035 1951 1272 1999; x_wconf 86' lang='lat' dir='ltr'><em>Villanium,</em></span> <span class='ocrx_word' id='word_1_308' title='bbox 1290 1952 1360 1990; x_wconf 91' lang='lat' dir='ltr'><em>lib.</em></span> <span class='ocrx_word' id='word_1_309' title='bbox 1383 1951 1482 1999; x_wconf 89' lang='lat' dir='ltr'>XII,</span> <span class='ocrx_word' id='word_1_310' title='bbox 1508 1966 1595 2002; x_wconf 88' lang='lat' dir='ltr'><em>cap.</em></span> <span class='ocrx_word' id='word_1_311' title='bbox 1618 1966 1783 1989; x_wconf 84' lang='lat' dir='ltr'>LXXXIX</span> <span class='ocrx_word' id='word_1_312' title='bbox 1806 1951 1957 2002; x_wconf 85' lang='lat' dir='ltr'><em>[Mura—</em></span> 
     </span>
     <span class='ocr_line' id='line_1_30' title="bbox 247 2009 1956 2061; baseline 0.001 -15"><span class='ocrx_word' id='word_1_313' title='bbox 247 2009 340 2056; x_wconf 78' lang='lat' dir='ltr'><em>tori,</em></span> <span class='ocrx_word' id='word_1_314' title='bbox 369 2018 397 2047; x_wconf 80' lang='lat' dir='ltr'><em>t.</em></span> <span class='ocrx_word' id='word_1_315' title='bbox 429 2024 514 2057; x_wconf 87' lang='lat' dir='ltr'>XIII,</span> <span class='ocrx_word' id='word_1_316' title='bbox 543 2010 617 2049; x_wconf 86' lang='lat' dir='ltr'><em>col.</em></span> <span class='ocrx_word' id='word_1_317' title='bbox 642 2010 758 2061; x_wconf 81' lang='grc' dir='ltr'>97Ο],</span> <span class='ocrx_word' id='word_1_318' title='bbox 780 2010 1005 2048; x_wconf 87' lang='lat' dir='ltr'><em>Historiam</em></span> <span class='ocrx_word' id='word_1_319' title='bbox 1032 2010 1319 2059; x_wconf 84' lang='lat' dir='ltr'><em>Cortusiorum‚</em></span> <span class='ocrx_word' id='word_1_320' title='bbox 1340 2011 1409 2050; x_wconf 92' lang='lat' dir='ltr'><em>lib.</em></span> <span class='ocrx_word' id='word_1_321' title='bbox 1439 2011 1513 2059; x_wconf 87' lang='lat' dir='ltr'><em>IX,</em></span> <span class='ocrx_word' id='word_1_322' title='bbox 1537 2026 1624 2061; x_wconf 87' lang='lat' dir='ltr'><em>cap.</em></span> <span class='ocrx_word' id='word_1_323' title='bbox 1646 2026 1704 2049; x_wconf 87' lang='lat' dir='ltr'><em>XII</em></span> <span class='ocrx_word' id='word_1_324' title='bbox 1726 2010 1956 2061; x_wconf 82' lang='lat' dir='ltr'><em>[Muratori,</em></span> 
     </span>
    </p>
   </div>
   <div class='ocr_carea' id='block_1_5' title="bbox 248 2069 1958 2120">
    <p class='ocr_par' dir='ltr' id='par_1_6' title="bbox 248 2069 1958 2120">
     <span class='ocr_line' id='line_1_31' title="bbox 248 2069 1958 2120; baseline 0.001 -14"><span class='ocrx_word' id='word_1_325' title='bbox 248 2077 277 2107; x_wconf 85' lang='lat' dir='ltr'><em>t.</em></span> <span class='ocrx_word' id='word_1_326' title='bbox 304 2083 374 2116; x_wconf 86' lang='lat' dir='ltr'>XII,</span> <span class='ocrx_word' id='word_1_327' title='bbox 399 2069 473 2108; x_wconf 90' lang='lat' dir='ltr'><em>col.</em></span> <span class='ocrx_word' id='word_1_328' title='bbox 498 2069 614 2120; x_wconf 86' lang='lat'>923],</span> <span class='ocrx_word' id='word_1_329' title='bbox 638 2077 679 2108; x_wconf 84' lang='lat' dir='ltr'><em>et</em></span> <span class='ocrx_word' id='word_1_330' title='bbox 701 2069 895 2120; x_wconf 79' lang='lat' dir='ltr'><em>epistolas</em></span> <span class='ocrx_word' id='word_1_331' title='bbox 920 2070 1078 2108; x_wconf 85' lang='lat' dir='ltr'><em>Nicolai</em></span> <span class='ocrx_word' id='word_1_332' title='bbox 1101 2070 1312 2110; x_wconf 81' lang='lat' dir='ltr'><em>Laurentii</em></span> <span class='ocrx_word' id='word_1_333' title='bbox 1333 2070 1376 2109; x_wconf 89' lang='lat' dir='ltr'><em>in</em></span> <span class='ocrx_word' id='word_1_334' title='bbox 1399 2071 1536 2109; x_wconf 89' lang='lat' dir='ltr'><em>codice</em></span> <span class='ocrx_word' id='word_1_335' title='bbox 1560 2069 1662 2109; x_wconf 81' lang='lat'><em>7778</em></span> <span class='ocrx_word' id='word_1_336' title='bbox 1684 2070 1958 2108; x_wconf 81' lang='lat' dir='ltr'><em>bibliothecae</em></span> 
     </span>
    </p>
   </div>
   <div class='ocr_carea' id='block_1_6' title="bbox 249 2127 425 2177">
    <p class='ocr_par' dir='ltr' id='par_1_7' title="bbox 249 2127 425 2177">
     <span class='ocr_line' id='line_1_32' title="bbox 249 2127 425 2177; baseline 0.011 -12"><span class='ocrx_word' id='word_1_337' title='bbox 249 2128 381 2177; x_wconf 79' lang='lat' dir='ltr'><em>regiae</em></span> <span class='ocrx_word' id='word_1_338' title='bbox 399 2127 425 2167; x_wconf 73' lang='lat'><em>4.</em></span> 
     </span>
    </p>
   </div>
   <div class='ocr_carea' id='block_1_7' title="bbox 250 2187 1960 2771">
    <p class='ocr_par' dir='ltr' id='par_1_8' title="bbox 250 2187 1960 2471">
     <span class='ocr_line' id='line_1_33' title="bbox 305 2187 1958 2239; baseline 0.001 -15"><span class='ocrx_word' id='word_1_339' title='bbox 305 2187 346 2225; x_wconf 88' lang='lat' dir='ltr'><em>P.</em></span> <span class='ocrx_word' id='word_1_340' title='bbox 383 2187 471 2235; x_wconf 82' lang='grc'>253,</span> <span class='ocrx_word' id='word_1_341' title='bbox 504 2187 571 2237; x_wconf 81' lang='lat' dir='ltr'><em>lig.</em></span> <span class='ocrx_word' id='word_1_342' title='bbox 606 2187 642 2226; x_wconf 89' lang='grc'><em>3.</em></span> <span class='ocrx_word' id='word_1_343' title='bbox 677 2188 882 2226; x_wconf 80' lang='lat' dir='ltr'>ALIENUM</span> <span class='ocrx_word' id='word_1_344' title='bbox 917 2202 1112 2226; x_wconf 74' lang='lat' dir='ltr'>HABITUM</span> <span class='ocrx_word' id='word_1_345' title='bbox 1144 2202 1353 2235; x_wconf 80' lang='lat' dir='ltr'>1NDUENS,</span> <span class='ocrx_word' id='word_1_346' title='bbox 1377 2189 1572 2229; x_wconf 85' lang='lat' dir='ltr'><em>nimirum</em></span> <span class='ocrx_word' id='word_1_347' title='bbox 1605 2189 1824 2239; x_wconf 64' lang='lat' dir='ltr'><em>fugiturus</em></span> <span class='ocrx_word' id='word_1_348' title='bbox 1852 2187 1958 2226; x_wconf 90' lang='lat' dir='ltr'><em>Hinc</em></span> 
     </span>
     <span class='ocr_line' id='line_1_34' title="bbox 254 2245 1960 2298; baseline 0.001 -16"><span class='ocrx_word' id='word_1_349' title='bbox 254 2245 378 2295; x_wconf 81' lang='lat' dir='ltr'><em>igitur</em></span> <span class='ocrx_word' id='word_1_350' title='bbox 405 2246 511 2296; x_wconf 77' lang='lat' dir='ltr'><em>jugit</em></span> <span class='ocrx_word' id='word_1_351' title='bbox 540 2246 583 2284; x_wconf 90' lang='lat' dir='ltr'><em>in</em></span> <span class='ocrx_word' id='word_1_352' title='bbox 610 2247 821 2297; x_wconf 77' lang='lat' dir='ltr'><em>Apuliam,</em></span> <span class='ocrx_word' id='word_1_353' title='bbox 853 2247 922 2285; x_wconf 81' lang='lat' dir='ltr'><em>ubi</em></span> <span class='ocrx_word' id='word_1_354' title='bbox 951 2256 1043 2286; x_wconf 87' lang='lat' dir='ltr'><em>tunc</em></span> <span class='ocrx_word' id='word_1_355' title='bbox 1071 2248 1265 2286; x_wconf 87' lang='lat' dir='ltr'><em>residebat</em></span> <span class='ocrx_word' id='word_1_356' title='bbox 1292 2262 1358 2286; x_wconf 74' lang='lat' dir='ltr'><em>rex</em></span> <span class='ocrx_word' id='word_1_357' title='bbox 1392 2248 1581 2298; x_wconf 79' lang='lat' dir='ltr'><em>Ungarie,</em></span> <span class='ocrx_word' id='word_1_358' title='bbox 1612 2248 1679 2298; x_wconf 82' lang='lat' dir='ltr'><em>qui</em></span> <span class='ocrx_word' id='word_1_359' title='bbox 1707 2262 1797 2285; x_wconf 88' lang='lat' dir='ltr'><em>eum</em></span> <span class='ocrx_word' id='word_1_360' title='bbox 1821 2247 1960 2285; x_wconf 80' lang='lat' dir='ltr'><em>habuit</em></span> 
     </span>
     <span class='ocr_line' id='line_1_35' title="bbox 250 2305 1958 2357; baseline 0.001 -15"><span class='ocrx_word' id='word_1_361' title='bbox 250 2305 453 2355; x_wconf 80' lang='lat' dir='ltr'><em>aliquanto</em></span> <span class='ocrx_word' id='word_1_362' title='bbox 482 2314 650 2356; x_wconf 86' lang='lat' dir='ltr'><em>tempore</em></span> <span class='ocrx_word' id='word_1_363' title='bbox 678 2306 904 2356; x_wconf 77' lang='lat' dir='ltr'><em>honorifice,</em></span> <span class='ocrx_word' id='word_1_364' title='bbox 933 2314 981 2344; x_wconf 83' lang='lat' dir='ltr'><em>ut</em></span> <span class='ocrx_word' id='word_1_365' title='bbox 1007 2307 1157 2357; x_wconf 80' lang='lat' dir='ltr'><em>legitur</em></span> <span class='ocrx_word' id='word_1_366' title='bbox 1183 2307 1226 2345; x_wconf 90' lang='lat' dir='ltr'><em>in</em></span> <span class='ocrx_word' id='word_1_367' title='bbox 1253 2307 1437 2345; x_wconf 88' lang='lat' dir='ltr'><em>Historia</em></span> <span class='ocrx_word' id='word_1_368' title='bbox 1465 2307 1752 2355; x_wconf 86' lang='lat' dir='ltr'><em>Cortusiorum‚</em></span> <span class='ocrx_word' id='word_1_369' title='bbox 1780 2307 1849 2345; x_wconf 91' lang='lat' dir='ltr'><em>lib.</em></span> <span class='ocrx_word' id='word_1_370' title='bbox 1885 2306 1958 2354; x_wconf 80' lang='lat' dir='ltr'><em>IX,</em></span> 
     </span>
     <span class='ocr_line' id='line_1_36' title="bbox 253 2364 1958 2417; baseline 0.001 -16"><span class='ocrx_word' id='word_1_371' title='bbox 253 2378 340 2414; x_wconf 89' lang='lat' dir='ltr'><em>cap.</em></span> <span class='ocrx_word' id='word_1_372' title='bbox 366 2379 421 2402; x_wconf 87' lang='lat' dir='ltr'><em>XII</em></span> <span class='ocrx_word' id='word_1_373' title='bbox 446 2365 675 2415; x_wconf 76' lang='lat' dir='ltr'><em>[MuratorI,</em></span> <span class='ocrx_word' id='word_1_374' title='bbox 697 2374 727 2405; x_wconf 80' lang='lat' dir='ltr'><em>t.</em></span> <span class='ocrx_word' id='word_1_375' title='bbox 751 2380 823 2414; x_wconf 81' lang='lat' dir='ltr'>XII,</span> <span class='ocrx_word' id='word_1_376' title='bbox 846 2366 919 2405; x_wconf 92' lang='lat' dir='ltr'><em>col.</em></span> <span class='ocrx_word' id='word_1_377' title='bbox 943 2365 1058 2417; x_wconf 60' lang='lat'>923}</span> <span class='ocrx_word' id='word_1_378' title='bbox 1082 2366 1185 2405; x_wconf 89' lang='lat' dir='ltr'><em>Vide</em></span> <span class='ocrx_word' id='word_1_379' title='bbox 1214 2366 1340 2405; x_wconf 82' lang='lat' dir='ltr'><em>etiam</em></span> <span class='ocrx_word' id='word_1_380' title='bbox 1363 2367 1485 2406; x_wconf 85' lang='lat' dir='ltr'><em>Odor.</em></span> <span class='ocrx_word' id='word_1_381' title='bbox 1512 2366 1731 2416; x_wconf 68' lang='lat' dir='ltr'><em>Raynald„</em></span> <span class='ocrx_word' id='word_1_382' title='bbox 1753 2380 1818 2406; x_wconf 91' lang='lat' dir='ltr'><em>an.</em></span> <span class='ocrx_word' id='word_1_383' title='bbox 1843 2364 1958 2413; x_wconf 86' lang='grc'>1348,</span> 
     </span>
     <span class='ocr_line' id='line_1_37' title="bbox 259 2423 456 2471; baseline 0.005 -10"><span class='ocrx_word' id='word_1_384' title='bbox 259 2424 275 2471; x_wconf 62' lang='grc' dir='ltr'><em>ἓ</em></span> <span class='ocrx_word' id='word_1_385' title='bbox 304 2423 364 2471; x_wconf 89' lang='grc'><em>10,</em></span> <span class='ocrx_word' id='word_1_386' title='bbox 396 2424 456 2462; x_wconf 89' lang='grc'>13.</span> 
     </span>
    </p>

    <p class='ocr_par' dir='ltr' id='par_1_9' title="bbox 254 2483 1960 2771">
     <span class='ocr_line' id='line_1_38' title="bbox 307 2483 1957 2535; baseline 0.001 -15"><span class='ocrx_word' id='word_1_387' title='bbox 307 2483 348 2521; x_wconf 89' lang='lat' dir='ltr'><em>P.</em></span> <span class='ocrx_word' id='word_1_388' title='bbox 371 2483 459 2531; x_wconf 81' lang='lat'>253,</span> <span class='ocrx_word' id='word_1_389' title='bbox 478 2483 544 2533; x_wconf 85' lang='lat' dir='ltr'><em>lig.</em></span> <span class='ocrx_word' id='word_1_390' title='bbox 565 2484 600 2522; x_wconf 89' lang='lat'><em>4.</em></span> <span class='ocrx_word' id='word_1_391' title='bbox 623 2484 782 2522; x_wconf 81' lang='lat' dir='ltr'>DICTIR.</span> <span class='ocrx_word' id='word_1_392' title='bbox 805 2498 967 2522; x_wconf 82' lang='lat' dir='ltr'>CURIAM</span> <span class='ocrx_word' id='word_1_393' title='bbox 987 2498 1114 2532; x_wconf 76' lang='lat' dir='ltr'>ADIIT,</span> <span class='ocrx_word' id='word_1_394' title='bbox 1137 2484 1178 2522; x_wconf 90' lang='lat' dir='ltr'><em>id</em></span> <span class='ocrx_word' id='word_1_395' title='bbox 1197 2493 1272 2533; x_wconf 81' lang='lat' dir='ltr'><em>est,</em></span> <span class='ocrx_word' id='word_1_396' title='bbox 1303 2485 1445 2523; x_wconf 89' lang='lat' dir='ltr'><em>Karoli</em></span> <span class='ocrx_word' id='word_1_397' title='bbox 1466 2485 1520 2522; x_wconf 84' lang='lat' dir='ltr'><em>IV</em></span> <span class='ocrx_word' id='word_1_398' title='bbox 1538 2484 1641 2535; x_wconf 82' lang='lat' dir='ltr'><em>regis</em></span> <span class='ocrx_word' id='word_1_399' title='bbox 1662 2485 1957 2523; x_wconf 81' lang='lat' dir='ltr'><em>Romanorum.</em></span> 
     </span>
     <span class='ocr_line' id='line_1_39' title="bbox 256 2542 1959 2592; baseline 0.001 -14"><span class='ocrx_word' id='word_1_400' title='bbox 256 2542 305 2579; x_wconf 77' lang='lat' dir='ltr'><em>M.</em></span> <span class='ocrx_word' id='word_1_401' title='bbox 330 2543 426 2580; x_wconf 75' lang='lat' dir='ltr'><em>Ant.</em></span> <span class='ocrx_word' id='word_1_402' title='bbox 452 2542 865 2582; x_wconf 76' lang='lat' dir='ltr'><em>Coccius&#39;Sabellicus</em></span> <span class='ocrx_word' id='word_1_403' title='bbox 887 2543 1080 2582; x_wconf 80' lang='lat' dir='ltr'><em>enneadis</em></span> <span class='ocrx_word' id='word_1_404' title='bbox 1103 2558 1249 2592; x_wconf 88' lang='lat' dir='ltr'><em>nonae,</em></span> <span class='ocrx_word' id='word_1_405' title='bbox 1270 2544 1339 2582; x_wconf 90' lang='lat' dir='ltr'><em>lib.</em></span> <span class='ocrx_word' id='word_1_406' title='bbox 1364 2544 1483 2592; x_wconf 75' lang='lat' dir='ltr'>VIII,</span> <span class='ocrx_word' id='word_1_407' title='bbox 1505 2544 1564 2582; x_wconf 86' lang='lat' dir='ltr'><em>ait</em></span> <span class='ocrx_word' id='word_1_408' title='bbox 1585 2558 1679 2583; x_wconf 87' lang='lat' dir='ltr'><em>eum</em></span> <span class='ocrx_word' id='word_1_409' title='bbox 1700 2551 1827 2582; x_wconf 79' lang='lat' dir='ltr'><em>noctu</em></span> <span class='ocrx_word' id='word_1_410' title='bbox 1849 2542 1959 2581; x_wconf 89' lang='lat' dir='ltr'><em>Urbe</em></span> 
     </span>
     <span class='ocr_line' id='line_1_40' title="bbox 254 2602 1960 2654; baseline 0.001 -16"><span class='ocrx_word' id='word_1_411' title='bbox 254 2615 458 2650; x_wconf 80' lang='lat' dir='ltr'><em>egressum</em></span> <span class='ocrx_word' id='word_1_412' title='bbox 487 2602 645 2652; x_wconf 80' lang='lat' dir='ltr'><em>magnis</em></span> <span class='ocrx_word' id='word_1_413' title='bbox 673 2602 889 2641; x_wconf 82' lang='lat' dir='ltr'><em>itineribus</em></span> <span class='ocrx_word' id='word_1_414' title='bbox 918 2603 971 2640; x_wconf 90' lang='lat' dir='ltr'><em>ad</em></span> <span class='ocrx_word' id='word_1_415' title='bbox 1000 2603 1190 2641; x_wconf 88' lang='lat' dir='ltr'><em>Carolum</em></span> <span class='ocrx_word' id='word_1_416' title='bbox 1217 2603 1409 2642; x_wconf 86' lang='lat' dir='ltr'><em>Boemiae</em></span> <span class='ocrx_word' id='word_1_417' title='bbox 1437 2617 1573 2653; x_wconf 86' lang='lat' dir='ltr'><em>regem</em></span> <span class='ocrx_word' id='word_1_418' title='bbox 1600 2603 1833 2654; x_wconf 81' lang='lat' dir='ltr'><em>profectum</em></span> <span class='ocrx_word' id='word_1_419' title='bbox 1861 2616 1960 2649; x_wconf 88' lang='lat' dir='ltr'><em>esse,</em></span> 
     </span>
     <span class='ocr_line' id='line_1_41' title="bbox 255 2659 1960 2712; baseline 0.001 -15"><span class='ocrx_word' id='word_1_420' title='bbox 255 2659 396 2697; x_wconf 84' lang='lat' dir='ltr'><em>foedus</em></span> <span class='ocrx_word' id='word_1_421' title='bbox 422 2668 463 2698; x_wconf 79' lang='lat' dir='ltr'><em>et</em></span> <span class='ocrx_word' id='word_1_422' title='bbox 487 2660 728 2699; x_wconf 77' lang='lat' dir='ltr'><em>societatem</em></span> <span class='ocrx_word' id='word_1_423' title='bbox 753 2662 805 2700; x_wconf 87' lang='lat' dir='ltr'><em>ab</em></span> <span class='ocrx_word' id='word_1_424' title='bbox 830 2676 876 2700; x_wconf 92' lang='lat' dir='ltr'><em>eo</em></span> <span class='ocrx_word' id='word_1_425' title='bbox 900 2662 1144 2712; x_wconf 74' lang='lat' dir='ltr'><em>petiturum,</em></span> <span class='ocrx_word' id='word_1_426' title='bbox 1171 2663 1361 2701; x_wconf 74' lang='lat' dir='ltr'><em>carolum</em></span> <span class='ocrx_word' id='word_1_427' title='bbox 1385 2677 1495 2710; x_wconf 85' lang='lat' dir='ltr'><em>vero,</em></span> <span class='ocrx_word' id='word_1_428' title='bbox 1521 2670 1569 2699; x_wconf 77' lang='lat' dir='ltr'><em>ut</em></span> <span class='ocrx_word' id='word_1_429' title='bbox 1592 2662 1781 2712; x_wconf 80' lang='lat' dir='ltr'><em>pontifici</em></span> <span class='ocrx_word' id='word_1_430' title='bbox 1805 2660 1960 2712; x_wconf 75' lang='lat' dir='ltr'><em>gratifi-</em></span> 
     </span>
     <span class='ocr_line' id='line_1_42' title="bbox 255 2719 1960 2771; baseline 0.002 -15"><span class='ocrx_word' id='word_1_431' title='bbox 255 2727 430 2767; x_wconf 80' lang='lat' dir='ltr'><em>caretur,</em></span> <span class='ocrx_word' id='word_1_432' title='bbox 454 2719 675 2770; x_wconf 80' lang='lat' dir='ltr'><em>hospitalia</em></span> <span class='ocrx_word' id='word_1_433' title='bbox 698 2720 789 2770; x_wconf 83' lang='lat' dir='ltr'><em>jura</em></span> <span class='ocrx_word' id='word_1_434' title='bbox 815 2720 962 2760; x_wconf 80' lang='lat' dir='ltr'><em>merito</em></span> <span class='ocrx_word' id='word_1_435' title='bbox 987 2729 1081 2771; x_wconf 77' lang='lat' dir='ltr'><em>post</em></span> <span class='ocrx_word' id='word_1_436' title='bbox 1105 2721 1308 2768; x_wconf 72' lang='lat' dir='ltr'><em>habuisse,</em></span> <span class='ocrx_word' id='word_1_437' title='bbox 1329 2721 1544 2758; x_wconf 74' lang='lat' dir='ltr'><em>tribunum</em></span> <span class='ocrx_word' id='word_1_438' title='bbox 1570 2721 1612 2759; x_wconf 88' lang='lat' dir='ltr'><em>in</em></span> <span class='ocrx_word' id='word_1_439' title='bbox 1636 2721 1801 2759; x_wconf 89' lang='lat' dir='ltr'><em>vincula</em></span> <span class='ocrx_word' id='word_1_440' title='bbox 1826 2720 1960 2770; x_wconf 87' lang='lat' dir='ltr'><em>conje-</em></span> 
     </span>
    </p>
   </div>
   <div class='ocr_carea' id='block_1_8' title="bbox 257 2873 1963 3030">
    <p class='ocr_par' dir='ltr' id='par_1_10' title="bbox 257 2873 1963 3030">
     <span class='ocr_line' id='line_1_43' title="bbox 303 2873 1016 2919; baseline 0.008 -15"><span class='ocrx_word' id='word_1_441' title='bbox 303 2873 334 2906; x_wconf 88' lang='grc'>1.</span> <span class='ocrx_word' id='word_1_442' title='bbox 360 2873 546 2915; x_wconf 85' lang='lat' dir='ltr'><em>Burdach,</em></span> <span class='ocrx_word' id='word_1_443' title='bbox 570 2887 626 2919; x_wconf 88' lang='lat' dir='ltr'><em>op.</em></span> <span class='ocrx_word' id='word_1_444' title='bbox 651 2877 721 2916; x_wconf 62' lang='lat' dir='ltr'><em>cit„</em></span> <span class='ocrx_word' id='word_1_445' title='bbox 747 2881 772 2909; x_wconf 88' lang='lat' dir='ltr'><em>t.</em></span> <span class='ocrx_word' id='word_1_446' title='bbox 795 2874 850 2916; x_wconf 85' lang='lat'>11³,</span> <span class='ocrx_word' id='word_1_447' title='bbox 875 2887 910 2919; x_wconf 93' lang='lat' dir='ltr'><em>p.</em></span> <span class='ocrx_word' id='word_1_448' title='bbox 934 2876 1016 2910; x_wconf 87' lang='grc'>147.</span> 
     </span>
     <span class='ocr_line' id='line_1_44' title="bbox 305 2925 1963 2974; baseline 0.005 -17"><span class='ocrx_word' id='word_1_449' title='bbox 305 2926 335 2958; x_wconf 92' lang='grc'><em>2.</em></span> <span class='ocrx_word' id='word_1_450' title='bbox 362 2925 414 2958; x_wconf 79' lang='lat' dir='ltr'><em>La</em></span> <span class='ocrx_word' id='word_1_451' title='bbox 436 2927 546 2961; x_wconf 82' lang='lat' dir='ltr'><em>lettre</em></span> <span class='ocrx_word' id='word_1_452' title='bbox 570 2941 591 2961; x_wconf 89' lang='lat' dir='ltr'><em>a</em></span> <span class='ocrx_word' id='word_1_453' title='bbox 614 2930 671 2962; x_wconf 72' lang='lat' dir='ltr'><em>ete</em></span> <span class='ocrx_word' id='word_1_454' title='bbox 696 2929 843 2972; x_wconf 76' lang='lat' dir='ltr'><em>publiee</em></span> <span class='ocrx_word' id='word_1_455' title='bbox 866 2940 935 2972; x_wconf 88' lang='lat' dir='ltr'><em>par</em></span> <span class='ocrx_word' id='word_1_456' title='bbox 957 2929 1144 2971; x_wconf 82' lang='lat' dir='ltr'><em>Burdach‚</em></span> <span class='ocrx_word' id='word_1_457' title='bbox 1175 2935 1212 2963; x_wconf 84' lang='lat' dir='ltr'><em>ut</em></span> <span class='ocrx_word' id='word_1_458' title='bbox 1232 2942 1274 2970; x_wconf 86' lang='lat' dir='ltr'><em>s.,</em></span> <span class='ocrx_word' id='word_1_459' title='bbox 1307 2942 1342 2974; x_wconf 93' lang='lat' dir='ltr'><em>p.</em></span> <span class='ocrx_word' id='word_1_460' title='bbox 1367 2931 1448 2970; x_wconf 78' lang='lat'><strong>163,</strong></span> <span class='ocrx_word' id='word_1_461' title='bbox 1481 2930 1575 2964; x_wconf 88' lang='lat' dir='ltr'><em>mais</em></span> <span class='ocrx_word' id='word_1_462' title='bbox 1608 2930 1772 2964; x_wconf 85' lang='lat' dir='ltr'><em>Mathias</em></span> <span class='ocrx_word' id='word_1_463' title='bbox 1806 2932 1850 2965; x_wconf 88' lang='lat' dir='ltr'><em>de</em></span> <span class='ocrx_word' id='word_1_464' title='bbox 1886 2932 1963 2966; x_wconf 92' lang='lat' dir='ltr'><em>Nu-</em></span> 
     </span>
     <span class='ocr_line' id='line_1_45' title="bbox 257 2979 1962 3030; baseline 0.005 -20"><span class='ocrx_word' id='word_1_465' title='bbox 257 2979 434 3022; x_wconf 80' lang='lat' dir='ltr'><em>wcnburg</em></span> <span class='ocrx_word' id='word_1_466' title='bbox 454 2992 499 3012; x_wconf 82' lang='lat' dir='ltr'><em>en</em></span> <span class='ocrx_word' id='word_1_467' title='bbox 520 2993 540 3013; x_wconf 84' lang='lat' dir='ltr'><em>a</em></span> <span class='ocrx_word' id='word_1_468' title='bbox 563 2982 704 3025; x_wconf 79' lang='lat' dir='ltr'><em>change</em></span> <span class='ocrx_word' id='word_1_469' title='bbox 720 2982 771 3015; x_wconf 84' lang='lat' dir='ltr'><em>les</em></span> <span class='ocrx_word' id='word_1_470' title='bbox 788 2988 936 3015; x_wconf 87' lang='lat' dir='ltr'><em>termes.</em></span> <span class='ocrx_word' id='word_1_471' title='bbox 950 2982 1058 3016; x_wconf 74' lang='lat' dir='ltr'><em>-Le</em></span> <span class='ocrx_word' id='word_1_472' title='bbox 1075 2983 1164 3016; x_wconf 83' lang='lat' dir='ltr'><em>bain</em></span> <span class='ocrx_word' id='word_1_473' title='bbox 1179 2989 1244 3016; x_wconf 82' lang='lat' dir='ltr'><em>eut</em></span> <span class='ocrx_word' id='word_1_474' title='bbox 1259 2983 1332 3016; x_wconf 89' lang='lat' dir='ltr'><em>lieu</em></span> <span class='ocrx_word' id='word_1_475' title='bbox 1347 2983 1378 3016; x_wconf 90' lang='lat' dir='ltr'><em>le</em></span> <span class='ocrx_word' id='word_1_476' title='bbox 1396 2984 1447 3016; x_wconf 79' lang='lat' dir='ltr'><em>1er</em></span> <span class='ocrx_word' id='word_1_477' title='bbox 1462 2984 1554 3017; x_wconf 74' lang='lat' dir='ltr'><em>aofit</em></span> <span class='ocrx_word' id='word_1_478' title='bbox 1570 2985 1663 3018; x_wconf 84' lang='lat'><strong>1347</strong></span> <span class='ocrx_word' id='word_1_479' title='bbox 1684 2984 1736 3027; x_wconf 80' lang='lat' dir='ltr'><em>(ut</em></span> <span class='ocrx_word' id='word_1_480' title='bbox 1749 2996 1791 3025; x_wconf 74' lang='grc'>3.,</span> <span class='ocrx_word' id='word_1_481' title='bbox 1810 2996 1845 3029; x_wconf 91' lang='lat' dir='ltr'><em>p.</em></span> <span class='ocrx_word' id='word_1_482' title='bbox 1863 2985 1962 3030; x_wconf 83' lang='lat'><strong>112).</strong></span> 
     </span>
    </p>
   </div>
   <div class='ocr_carea' id='block_1_9' title="bbox 257 3032 1960 3125">
    <p class='ocr_par' dir='ltr' id='par_1_11' title="bbox 257 3032 1960 3125">
     <span class='ocr_line' id='line_1_46' title="bbox 305 3032 1960 3081; baseline 0.006 -19"><span class='ocrx_word' id='word_1_483' title='bbox 305 3034 335 3063; x_wconf 57' lang='grc' dir='ltr'><em>ἑὲ.</em></span> <span class='ocrx_word' id='word_1_484' title='bbox 365 3032 531 3073; x_wconf 65' lang='lat' dir='ltr'><em>Zeunmr,</em></span> <span class='ocrx_word' id='word_1_485' title='bbox 561 3034 855 3075; x_wconf 76' lang='lat' dir='ltr'><em>Constitutione-s,</em></span> <span class='ocrx_word' id='word_1_486' title='bbox 883 3041 908 3068; x_wconf 81' lang='lat' dir='ltr'><em>t.</em></span> <span class='ocrx_word' id='word_1_487' title='bbox 939 3033 1031 3076; x_wconf 69' lang='lat' dir='ltr'>VIIII,</span> <span class='ocrx_word' id='word_1_488' title='bbox 1059 3048 1094 3069; x_wconf 87' lang='lat' dir='ltr'><em>n.</em></span> <span class='ocrx_word' id='word_1_489' title='bbox 1124 3037 1204 3076; x_wconf 83' lang='lat'><strong>244,</strong></span> <span class='ocrx_word' id='word_1_490' title='bbox 1233 3049 1267 3080; x_wconf 86' lang='lat' dir='ltr'><em>p.</em></span> <span class='ocrx_word' id='word_1_491' title='bbox 1295 3037 1364 3070; x_wconf 84' lang='lat'><em>302</em></span> <span class='ocrx_word' id='word_1_492' title='bbox 1390 3043 1428 3069; x_wconf 85' lang='lat' dir='ltr'><em>et</em></span> <span class='ocrx_word' id='word_1_493' title='bbox 1453 3036 1641 3077; x_wconf 79' lang='lat' dir='ltr'><em>Burdach,</em></span> <span class='ocrx_word' id='word_1_494' title='bbox 1669 3049 1725 3081; x_wconf 89' lang='lat' dir='ltr'><em>op.</em></span> <span class='ocrx_word' id='word_1_495' title='bbox 1754 3039 1824 3078; x_wconf 62' lang='lat' dir='ltr'><em>cit„</em></span> <span class='ocrx_word' id='word_1_496' title='bbox 1854 3045 1879 3072; x_wconf 87' lang='lat' dir='ltr'><em>t.</em></span> <span class='ocrx_word' id='word_1_497' title='bbox 1905 3038 1960 3080; x_wconf 81' lang='lat'><strong>113,</strong></span> 
     </span>
     <span class='ocr_line' id='line_1_47' title="bbox 257 3084 399 3125; baseline 0.007 -9"><span class='ocrx_word' id='word_1_498' title='bbox 257 3095 290 3125; x_wconf 87' lang='lat' dir='ltr'><em>p.</em></span> <span class='ocrx_word' id='word_1_499' title='bbox 322 3084 399 3117; x_wconf 71' lang='lat'><strong>104.</strong></span> 
     </span>
    </p>
   </div>
   <div class='ocr_carea' id='block_1_10' title="bbox 306 3137 827 3177">
    <p class='ocr_par' dir='ltr' id='par_1_12' title="bbox 306 3137 827 3177">
     <span class='ocr_line' id='line_1_48' title="bbox 306 3137 827 3177; baseline 0.012 -9"><span class='ocrx_word' id='word_1_500' title='bbox 306 3137 336 3169; x_wconf 63' lang='lat'><em>4.</em></span> <span class='ocrx_word' id='word_1_501' title='bbox 362 3137 399 3169; x_wconf 79' lang='lat' dir='ltr'><em>B.</em></span> <span class='ocrx_word' id='word_1_502' title='bbox 428 3138 482 3177; x_wconf 84' lang='lat' dir='ltr'><em>N.‚</em></span> <span class='ocrx_word' id='word_1_503' title='bbox 507 3151 573 3173; x_wconf 89' lang='lat' dir='ltr'><em>ms.</em></span> <span class='ocrx_word' id='word_1_504' title='bbox 596 3140 725 3173; x_wconf 85' lang='lat' dir='ltr'><em>italien</em></span> <span class='ocrx_word' id='word_1_505' title='bbox 747 3140 827 3174; x_wconf 84' lang='lat'><em>557.</em></span> 
     </span>
    </p>
   </div>
  </div>
 </body>
</html>
