2083 3458
106 236 230 292 [828]
633 252 848 277 PAPARUM
884 250 1269 278 AVENIONENSIUM
1710 237 1793 279 333

92 335 314 376 existaient
333 343 463 374 avant
481 336 629 374 Benoit
652 336 736 374 XII
770 337 942 385 (Mollat,
976 336 1035 374 La
1066 336 1248 374 collation
1280 337 1344 374 des
1379 337 1575 387 benefice-9,
1613 353 1652 388 p.
1688 338 1792 387 101).

147 396 190 433 Ρ.
215 394 303 442 228,
326 394 392 445 lig.
417 394 478 433 23.
504 394 703 442 QUESTUS
726 410 938 434 1LL1c1Tos.
963 395 1038 433 Sur
1060 396 1115 433 les
1138 395 1239 433 abus
1263 398 1435 445 regnant
1458 398 1479 434 ὲ
1502 397 1539 434 la
1563 396 1684 444 curie,
1708 397 1796 434 voir

96 455 251 501 Mollat,
272 468 334 504 op.
356 453 434 501 cit.,
454 468 494 503 p.
519 453 604 491 113.

147 514 190 551 Ρ.
218 512 305 559 229,
331 511 397 562 lig.
424 512 486 550 36.
515 512 801 550 FnEnEmcuM
843 514 905 552 cui
932 512 1200 551 favorabilem
1226 512 1347 550 fuisse
1372 513 1641 552 Benedictum
1667 514 1796 552 tradit

96 571 286 610 Nicolaus
306 571 511 621 Specialis,
530 570 600 612 lib.
620 571 737 618 VIII,
759 586 846 622 cap.
868 587 892 609 v
923 571 1149 622 [Muratori,
1169 579 1199 609 t.
1221 585 1247 608 x
1282 572 1355 609 col.
1377 571 1515 622 1080}

147 631 190 669 P.
212 629 300 677 230,
321 629 387 679 lig.
411 629 445 668 1.
469 630 834 668 EBREDUNENSEM
857 644 1240 677 ARCHIEPISCOPUM‚
1262 630 1537 668 Bertrandum
1558 631 1605 670 de
1630 631 1794 679 Deucio,

94 689 187 728 vide
210 703 332 739 supra
370 703 409 739 p.
434 688 522 727 812,

148 748 191 787 Ρ.
214 747 302 794 230,
324 747 390 797 lig.
407 747 442 786 3.
464 747 596 785 INTER
614 749 801 785 Unsmos
824 762 875 785 ET
896 748 1256 786 COLUMPNENSES.
1280 748 1382 786 Rem
1403 748 1458 787 sic
1479 756 1636 798 gestam
1656 757 1797 787 narrat

64 851 66 854 y
94 807 282 853 Bzovius,
310 820 374 844 an.
403 806 516 853 1338,
550 807 566 855 ἓ
593 806 655 854 16,
681 821 730 845 ex
755 807 916 856 Regesto
939 821 1072 857 papae
1095 806 1308 845 Benedicti
1334 822 1342 844 ε
1369 806 1558 856 Legatum
1584 807 1626 845 in
1663 808 1797 846 urbem

95 866 162 916 qui
196 865 390 916 populum
418 865 470 903 ad
506 865 782 914 magistratum
811 880 940 903 recens
967 880 990 902 a
1027 864 1224 904 Ludovico
1258 864 1489 916 impositum
1523 866 1795 915 abrogandum

95 924 293 962 induceret
324 931 358 961 et
401 923 502 960 inter
541 937 717 975 proceres
760 924 928 962 Ursinos
967 932 1080 975 atque
1116 923 1429 975 Columpnenses
1466 938 1601 975 pacem
1645 939 1796 976 compo-

95 991 199 1022 neret
229 990 522 1033 senatoremque
563 982 722 1020 nomine
767 983 880 1022 Sedis
918 982 1128 1035 apostolice
1170 982 1259 1021 urbi
1302 990 1530 1034 proponeret
1570 984 1794 1022 destinavit.

95 1041 231 1080 Facile
260 1041 396 1078 omnia
427 1055 472 1080 ex
501 1041 631 1078 animi
654 1042 849 1079 sententia
880 1050 1076 1080 cesserunt
1102 1041 1145 1078 in
1172 1043 1266 1080 urbe
1287 1041 1425 1090 legatO,
1456 1056 1544 1080 cum
1575 1044 1796 1081 Matthemn

101 1100 296 1139 Ursinum
336 1107 370 1137 et
413 1103 576 1139 Petrum
621 1100 889 1153 Columpnam
924 1109 1121 1140 senatores
1159 1115 1239 1137 esse
1282 1100 1477 1151 jussisset.
1526 1103 1571 1140 In
1608 1103 1797 1141 Rubricis

95 1161 299 1199 literarum
323 1160 538 1198 curialium
561 1175 669 1199 anno
692 1161 831 1199 tert-iil
855 1161 1068 1200 Benedicti
1094 1161 1193 1208 XII,
1219 1175 1307 1211 cap.
1332 1175 1373 1205 11,
1399 1160 1478 1199 ista
1502 1161 1713 1211 leguntur:
1735 1162 1800 1199 Ad

93 1220 272 1268 suturam
298 1219 353 1257 rei
381 1220 621 1258 memoriam.
644 1220 916 1269 Prorogantu'r
942 1229 1072 1269 treuge
1100 1220 1199 1257 inter
1228 1219 1395 1257 Ursinos
1421 1228 1455 1257 et
1473 1219 1795 1271 Columpnenses,

95 1293 164 1329 per
200 1278 405 1316 dominum
434 1279 698 1316 Bertrandum
735 1279 1077 1329 archiepiscopum
1105 1279 1426 1316 Ebredunensem
1457 1279 1610 1318 indicte.
1640 1280 1697 1318 De
1726 1280 1799 1317 ini-

96 1337 260 1376 micitiis
299 1337 405 1376 inter
436 1337 604 1376 Ursinos
643 1346 684 1376 et
721 1338 1010 1377 Columnenses
1049 1337 1143 1377 vide
1174 1338 1454 1385 Petrarcham,
1493 1338 1562 1376 lib.
1596 1338 1670 1387 XI,
1711 1339 1799 1376 Rer.

94 1396 301 1445 familiar„
328 1396 446 1447 epist.
474 1411 559 1444 xvl,
587 1397 790 1435 Joannem
815 1397 1051 1439 Villanium,
1076 1396 1146 1435 lib.
1172 1396 1268 1444 VII,
1294 1411 1382 1446 cap.
1411 1411 1537 1435 cxvm
1574 1397 1800 1447 [Muratori.

95 1464 124 1494 t.
152 1470 237 1503 xm,
264 1456 336 1494 col.
363 1455 478 1506 318],
510 1456 660 1493 Veteres
683 1456 869 1493 historias
893 1455 1214 1503 Pistoriensium‚
1248 1471 1287 1506 p.
1316 1455 1389 1493 107
1425 1456 1652 1506 [Mur-amri,
1688 1464 1717 1494 t.
1745 1471 1801 1504 ΧΙ,

95 1515 168 1553 col.
203 1513 303 1565 445]
337 1522 378 1552 et
410 1514 632 1553 Odoricum
666 1515 944 1564 Raynaldum,
977 1529 1042 1553 an.
1077 1514 1192 1563 1333,
1225 1515 1241 1563 ἓ
1274 1514 1335 1553 25.
1367 1515 1680 1554 Recruduerunt
1711 1516 1801 1554 illae

96 1588 204 1611 anno
238 1581 386 1623 quarto
418 1573 688 1624 pontificatus
723 1574 941 1612 Clementis
975 1574 1047 1621 VI,
1082 1588 1174 1612 cum
1207 1574 1447 1623 Aymericus
1481 1574 1529 1612 de
1563 1574 1802 1613 Castrolucii

97 1632 312 1671 cardinalis
343 1632 487 1671 urbem
516 1632 809 1682 ingrederetur,
841 1641 889 1671 ut
927 1633 1047 1671 docet
1076 1632 1185 1671 idem
1216 1633 1399 1671 Clemens
1430 1632 1471 1670 in
1510 1632 1682 1683 epistola
1715 1648 1802 1671 Dxn

97 1691 187 1730 libri
208 1691 345 1741 quarti
365 1692 417 1729 ad
437 1706 531 1730 eum
551 1691 702 1741 scripta
724 1706 810 1730 xvn
831 1692 910 1730 kal.
933 1692 1097 1742 augusti
1129 1691 1194 1742 [16
1212 1691 1346 1741 juillet
1368 1691 1506 1742 1345}
1529 1692 1803 1730 Theodoricus

96 1764 118 1788 a
148 1750 280 1798 Niem,
307 1750 376 1788 lib.
410 1751 463 1799 II,
489 1751 548 1788 De
574 1751 793 1799 schismate,
824 1765 911 1801 cap.
942 1765 1092 1798 xxx1v,
1120 1766 1159 1801 p.
1190 1751 1278 1798 185,
1307 1758 1486 1789 testatur
1514 1751 1802 1789 Columnenses

97 1808 219 1848 fuisse
245 1809 480 1857 Gibellinos,
507 1809 675 1847 Ursinos
700 1824 797 1848 vero
822 1810 1000 1849 Guelfos.

151 1867 194 1906 P.
220 1868 309 1917 231,
334 1869 359 1906 l.
381 1868 440 1906 11.
466 1883 704 1907 ιυεΗῐΝυΜ.
735 1868 787 1907 Le
816 1869 863 1906 15
889 1869 971 1906 mai
998 1867 1095 1906 1341
1131 1868 1319 1917 (Riezler,
1352 1867 1630 1906 Vatilfanische
1659 1869 1800 1916 Amen,

98 1941 135 1965 n.
167 1927 269 1965 2100
298 1935 338 1966 et
365 1926 484 1974 2101;
518 1927 651 1975 Vidal,
677 1943 716 1966 n.
748 1926 1003 1976 9460-9163).

152 1986 195 2024 Ρ.
228 1986 317 2034 231,
348 1986 414 2036 lig.
449 1986 509 2024 15.
542 1987 774 2025 MASTlNUM
809 2001 864 2024 DE
897 1986 957 2023 LA
989 1988 1138 2025 SCALA.
1173 1987 1292 2025 Liber
1323 1987 1492 2025 Arnaldi
1523 1987 1768 2025 Camerarii2
1795 2003 1802 2024 ε

98 2044 245 2083 Littera
273 2045 421 2083 bullata
446 2045 648 2083 continens
674 2046 840 2096 qualiter
864 2046 1050 2083 dominus
1075 2045 1310 2083 Benedictus
1335 2060 1444 2096 papa
1468 2045 1564 2083 XII
1590 2046 1631 2082 in
1657 2046 1802 2083 consis-

98 2103 194 2141 torio
216 2103 389 2154 publico,
410 2112 569 2142 vacante
590 2104 756 2155 imperio
771 2105 963 2152 Romano,
988 2105 1190 2142 constituit
1210 2105 1367 2142 nomine
1389 2119 1460 2142 suo
1484 2112 1517 2142 et
1539 2118 1804 2142 successorum

96 2162 366 2201 Romanorum
390 2163 634 2213 Pontificum
657 2172 690 2202 et
713 2164 884 2201 Ecclesie
907 2164 1084 2202 Romane
1108 2163 1275 2201 vicarios
1298 2164 1350 2201 ad
1371 2164 1583 2212 regendum
1605 2172 1639 2201 et
1667 2164 1802 2211 guber-

98 2222 276 2260 nandum
296 2222 470 2260 civitates
489 2222 760 2270 Veronensem,
784 2223 1040 2260 Parmensem
1062 2231 1095 2260 et
1124 2222 1402 2260 Vincentinam
1423 2237 1510 2260 cum
1530 2235 1661 2259 eorum
1685 2222 1800 2259 comi—

97 2280 256 2329 tatibus,
287 2281 437 2329 castris,
468 2281 587 2329 vittis,
618 2296 719 2319 mero
748 2290 782 2320 et
810 2282 929 2319 mixto
959 2281 1137 2332 imperio,
1168 2290 1202 2319 et
1227 2280 1575 2330 jurisdictionibus
1602 2280 1799 2327 omnibus,

98 2339 272 2377 videlicet
300 2339 449 2377 nobiles
477 2340 684 2378 Albertum
719 2349 753 2379 et
782 2340 1010 2378 Mastinum
1039 2341 1083 2378 de
1111 2340 1150 2378 la
1180 2340 1295 2378 Scala
1323 2348 1357 2377 et
1384 2353 1516 2377 eorum
1551 2353 1802 2388 successores,

99 2398 288 2447 quamdiu
314 2398 460 2436 dictum
487 2399 700 2449 imperium
726 2408 876 2437 vacaret
900 2408 934 2437 et
959 2400 1058 2437 dicto
1085 2399 1243 2436 domino
1268 2413 1371 2448 pape
1396 2398 1561 2447 placeret
1584 2398 1658 2435 sub
1684 2412 1801 2435 censu

98 2471 233 2494 annuo
261 2457 432 2507 quinque
460 2458 633 2496 millium
658 2458 898 2508 florenorum
926 2458 1017 2496 auri
1045 2473 1151 2496 anno
1179 2457 1346 2507 quolibet
1373 2471 1442 2506 per
1468 2457 1617 2494 eosdem
1653 2456 1801 2493 nobiles

100 2515 261 2565 infesto
289 2516 486 2554 beatorum
510 2517 618 2554 Petri
643 2525 676 2555 et
708 2517 831 2555 Pauli
856 2518 1121 2567 apostolorum
1153 2517 1277 2554 eidem
1310 2515 1467 2552 domino
1492 2528 1593 2565 pape
1628 2514 1683 2552 wel
1713 2528 1798 2551 suc-

100 2573 317 2612 cessoribus
362 2574 462 2622 suis,
510 2575 565 2612 vel
603 2576 690 2612 sede
732 2583 903 2623 vacante,
944 2575 1114 2614 Ecclesie
1153 2575 1341 2621 Romane,
1384 2572 1618 2623 ubicumque
1663 2572 1796 2622 suerit,

99 2646 231 2670 eorum
267 2633 495 2685 sumptibus
539 2642 572 2671 et
607 2634 790 2686 expensis
835 2634 1074 2680 exsolvendo,
1115 2641 1148 2672 et
1194 2632 1295 2683 quod
1337 2645 1442 2668 anno
1490 2631 1658 2682 quolibet
1703 2630 1797 2669 dicti

101 2691 250 2730 nobiles
274 2693 456 2731 haberent
489 2700 613 2731 tenere
646 2707 714 2744 per
738 2701 813 2731 tres
847 2707 996 2732 menses
1021 2706 1155 2729 eorum
1187 2689 1369 2742 expensis
1403 2690 1586 2728 ducentos
1620 2689 1798 2728 homines

100 2750 246 2801 equites
279 2759 313 2789 et
346 2758 530 2790 trecentos
554 2752 702 2804 pedites
730 2754 821 2791 bene
846 2760 1018 2789 armatos
1053 2751 1096 2788 in
1122 2749 1362 2788 Lombardia
1396 2748 1440 2786 in
1472 2748 1671 2787 auxilium
1705 2756 1801 2787 terre

101 2809 271 2848 Ecclesie
307 2812 508 2860 Romane,·
551 2824 620 2862 pro
666 2811 810 2862 quibus
844 2812 1114 2862 juramentum
1152 2808 1352 2859 fidelitatis
1398 2807 1647 2859 prestiterunt
1691 2816 1725 2844 et
1759 2821 1800 2846 se

148 3004 180 3037 1.
202 3003 246 3038 A.
269 3004 438 3045 Theiner‚
461 3005 590 3045 Codex,
613 3012 638 3039 t.
659 3018 696 3046 11,
719 3017 754 3040 n.
776 3006 821 3039 43
846 3006 878 3049 (5
900 3007 991 3039 aofit
1012 3004 1131 3047 1337).

150 3057 181 3090 2.
201 3057 241 3090 Β.
258 3056 316 3098 Ν.,
335 3069 403 3092 ms.
416 3058 511 3092 latin
523 3058 627 3099 5181,
641 3058 703 3092 fol.
725 3059 793 3092 193
812 3063 870 3099 v0;
883 3058 1004 3099 Vidal,
1021 3070 1055 3091 n.
1074 3057 1166 3091 7535
1185 3064 1223 3091 et
1234 3056 1327 3091 7616
1353 3056 1483 3098 (bulles
1499 3056 1548 3089 du
1574 3056 1625 3088 10¹¹
1639 3061 1800 3100 septem-

102 3110 165 3142 bre
190 3110 311 3154 1339).
