2083 3458
260 223 342 264 550
912 238 1063 264 NOTAE
1099 239 1160 263 AD
1198 238 1322 263 viiAS
1815 219 1957 277 [1033]

261 322 387 361 frater
417 322 590 360 Michael
629 322 870 360 monasterii
910 322 1049 361 Sancti
1078 318 1387 362 Bartholomaei
1426 323 1474 361 dc
1504 323 1690 372 Lupiana
1712 322 1725 345 ¹
1750 339 1757 360 ;
1789 322 1971 373 Quadam

263 381 336 429 die,
357 382 472 432 quasi
489 381 585 419 hora,
603 381 705 419 inter
723 395 871 419 nonam
888 389 923 419 et
939 395 1130 431 vesperos,
1151 382 1209 420 vel
1224 382 1320 419 bora
1336 396 1598 432 vesperorum,
1619 381 1673 419 ivi
1690 382 1743 420 ad
1758 381 1972 419 videndum

257 441 448 479 conclave.
472 440 524 478 Et
544 454 633 478 cum
654 454 777 478 essem
799 440 920 488 intuS,
943 441 1101 491 quando
1123 437 1229 478 volui
1250 441 1367 489 exire,
1391 441 1473 479 vidi
1496 441 1705 479 intromitti
1728 441 1771 478 in
1791 441 1972 479 conclave

257 500 502 538 cardinalem
520 499 658 537 Sancti
677 499 800 548 Petri,
821 499 889 550 qui
907 508 989 538 erat
1007 508 1181 554 gutosuS.

312 559 476 597 Norunt
510 572 649 597 omnes
682 559 812 607 illum,
848 559 1039 609 quamvis
1073 560 1176 598 serio
1210 560 1387 599 electum
1420 574 1442 598 a
1476 560 1682 600 cardinale
1717 559 1968 606 Florentino,

260 626 352 657 tum
370 618 529 656 factum
547 632 632 657 esse
657 631 810 668 papam
831 633 904 668 per
930 618 1154 666 fictionem,
1183 627 1231 657 ut
1258 619 1350 658 finis
1375 620 1658 670 imponeretur
1681 617 1968 658 tumultuosis-

255 678 367 716 simis
384 686 425 716 et
441 677 785 727 imperiosissimis
804 677 975 715 vocibus
995 677 1279 718 Romanorum
1294 679 1529 729 petentium
1546 693 1699 730 papam
1717 679 1968 718 Romanum.

257 737 358 775 Cum
388 751 482 786 ergo
503 737 676 774 historia
696 737 765 774 illa
786 737 896 786 pleni
921 737 1005 775 sint
1027 751 1167 776 omnes
1187 737 1295 786 libri,
1315 752 1399 776 non
1417 739 1672 777 immorabor
1690 739 1733 777 in
1753 752 1799 776 ea
1821 736 1968 776 descri-

257 795 405 835 benda.
431 796 537 834 Illud
558 804 727 848 tantum
750 796 898 844 dicam,
918 810 1012 834 eum
1030 798 1164 835 solum
1179 797 1289 836 inter
1305 797 1532 837 cardinales
1550 790 1969 836 adhaesisse'Urbano

254 863 474 905 propterea
501 855 679 894 idiotam
705 862 904 894 vocatum
932 856 1057 894 fuisse
1085 870 1108 894 a
1133 855 1317 896 Roberto
1342 856 1602 896 Gebennensi
1629 857 1816 895 nondum
1844 869 1969 906 papa.

260 914 376 952 Istud
392 915 533 953 inveni
549 914 591 952 in
610 914 868 964 depositione
886 914 1028 953 Alvari
1046 914 1228 964 Martini,
1247 916 1317 965 qui
1334 916 1435 955 haec
1452 916 1578 956 verba
1598 916 1770 955 Roberti
1787 915 1913 954 refert
1927 913 1942 937 ²
1961 930 1968 952 :

255 972 491 1012 Cardinalis
517 973 557 1013 S.
583 974 694 1012 Petri
719 982 776 1012 est
802 974 951 1024 ydiota.
984 974 1094 1012 Nam
1123 989 1257 1013 omnes
1291 975 1365 1013 alii
1395 975 1619 1014 cardinales
1648 989 1789 1013 sumus
1820 974 1863 1012 in
1891 986 1968 1012 uno

255 1033 471 1083 proposito,
498 1041 533 1071 et
555 1034 663 1071 solus
687 1032 909 1071 cardinalis
935 1033 974 1072 S.
1003 1033 1114 1085 Petri
1137 1042 1193 1073 est
1218 1034 1261 1072 in
1285 1035 1378 1075 atio.

310 1092 415 1131 Fato
436 1107 510 1131 suo
532 1093 699 1131 functus
721 1101 797 1141 est,
813 1107 896 1131 non
918 1092 982 1132 die
1003 1093 1202 1143 vigesima
1223 1094 1403 1144 augusti,
1419 1103 1467 1133 ut
1487 1102 1549 1133 est
1568 1095 1608 1132 in
1630 1094 1734 1132 libro
1750 1092 1969 1142 Obligatzo-

258 1165 366 1200 num,
387 1166 437 1190 ex
457 1165 538 1201 quo
558 1151 830 1199 Contelorius‚
850 1151 921 1191 sed
939 1152 1059 1191 initio
1078 1153 1288 1203 sequentis
1307 1154 1458 1192 mensis
1477 1153 1737 1204 septembris,
1756 1160 1805 1191 ut
1821 1152 1972 1202 legitur

255 1211 295 1249 in
313 1211 400 1261 ejus
418 1211 645 1261 epitaphio.
660 1211 880 1250 Testatum
894 1212 937 1250 id
953 1225 1119 1262 quoque
1134 1213 1302 1262 reliquit
1315 1213 1510 1261 Jacobus,
1525 1212 1773 1255 camerarius
1785 1211 1971 1262 ejusdem

256 1270 490 1318 cardinalis,
514 1270 556 1308 in
581 1270 840 1321 depositione
864 1285 951 1319 sua,
978 1285 1084 1321 quae
1107 1271 1164 1310 sic
1185 1272 1334 1323 incipit
1355 1272 1398 1310 in
1422 1272 1560 1311 codice
1588 1271 1667 1311 811
1696 1271 1973 1310 bibliothecae

258 1330 519 1369 Colbertinae
552 1338 594 1369 et
625 1330 667 1367 in
702 1329 970 1368 Harlaeanoss
1002 1347 1010 1368 :
1040 1331 1243 1369 Dominus
1278 1331 1466 1381 Jacobus,
1499 1332 1744 1370 camerarius
1776 1330 1974 1381 quondam

257 1389 410 1426 domini
443 1389 665 1427 cardinalis
697 1390 743 1427 de
775 1389 923 1429 Sancto
956 1390 1085 1439 Petro,
1110 1391 1272 1429 natione
1305 1391 1638 1439 ultramontanus,
1667 1390 1844 1441 dyocesis
1868 1389 1973 1427 Nar-

261 1448 458 1496 bonensis,
479 1448 652 1497 juratus,
676 1448 860 1498 deposuit
888 1463 960 1500 que
986 1459 1207 1500 sequuntur
1226 1450 1323 1488 XII
1342 1451 1406 1488 die
1424 1450 1533 1498 julii.
1556 1451 1608 1489 Et
1637 1450 1738 1489 dixit
1758 1450 1861 1500 quod
1889 1449 1974 1499 ipse

256 1507 337 1556 fuit
363 1507 586 1556 familiaris
615 1516 650 1546 et
677 1508 923 1546 camerarius
952 1508 1048 1547 dicti
1077 1509 1231 1547 domini
1263 1510 1485 1548 cardinalis
1514 1510 1558 1548 de
1586 1510 1731 1548 Sancto
1764 1509 1876 1547 Petro
1904 1522 1974 1558 per

259 1567 401 1605 multos
429 1581 571 1615 annos,
602 1576 637 1605 et
663 1567 887 1617 confidebat
914 1569 959 1606 de
988 1568 1062 1606 isto
1091 1568 1135 1607 in
1161 1569 1279 1619 sactis
1306 1569 1406 1609 suis.
1437 1569 1488 1608 Et
1514 1569 1595 1620 suit
1622 1583 1711 1607 cum
1738 1583 1781 1607 eo
1810 1581 1972 1618 presens

256 1633 428 1676 tempore
459 1627 525 1664 sui
557 1627 689 1665 obitus
721 1635 755 1665 et
785 1636 875 1665 ante
906 1627 1102 1667 continue.
1131 1628 1184 1666 Et
1212 1629 1286 1667 scit
1317 1629 1419 1680 quod
1449 1629 1611 1667 decessit
1632 1629 1760 1667 dictus
1785 1627 1972 1666 dominus

257 1685 478 1723 cardinalis
504 1686 567 1723 die
592 1687 696 1734 lune,
724 1695 834 1724 sexta
859 1686 922 1724 die
945 1687 1192 1737 septembris,
1219 1702 1326 1726 anno
1352 1702 1425 1738 quo
1449 1688 1554 1737 facta
1578 1688 1659 1737 suit
1682 1687 1815 1726 electio
1839 1687 1903 1725 bic
1929 1686 1970 1723 in

264 1745 378 1782 Urbe.
404 1746 454 1782 Et
481 1758 549 1796 per
570 1751 646 1782 tres
667 1744 725 1784 vel
745 1753 914 1796 quatuor
938 1745 1022 1784 dies
1045 1755 1135 1785 ante
1159 1746 1245 1797 ejus
1269 1746 1421 1785 obitum
1442 1746 1595 1786 videbat
1618 1746 1739 1796 signa
1765 1746 1866 1798 quod
1890 1759 1970 1782 non

260 1810 406 1854 poterat
423 1803 593 1843 evadere.
617 1806 668 1842 Et
683 1803 837 1843 dicebat
857 1803 929 1844 iste
948 1804 1153 1856 aliquibus
1175 1806 1486 1855 consanguineis
1512 1805 1605 1844 dicti
1628 1797 1846 1844 bardinalis
1867 1804 1968 1856 quod

260 1861 452 1900 instarent
465 1863 575 1915 apud
588 1877 678 1901 eum
692 1872 729 1902 et
748 1863 972 1916 disponeret
994 1865 1038 1902 de
1054 1864 1194 1904 anima
1217 1879 1318 1904 sua:
1333 1867 1385 1904 Et
1399 1865 1460 1903 illi
1479 1867 1715 1904 recusabant
1727 1865 1809 1904 sibi
1830 1863 1966 1909 dicere,

257 1922 352 1972 quia
380 1923 554 1960 Romani
582 1923 727 1962 liabent
752 1938 824 1974 pro
853 1925 969 1973 malo,
1000 1926 1157 1975 quando
1185 1926 1284 1964 talia
1312 1926 1497 1964 dicantur
1525 1926 1699 1976 infir-mc.
1733 1926 1870 1976 Itaque
1899 1925 1969 1962 iste

256 1982 376 2030 testis,
399 1996 488 2020 cum
509 1991 606 2021 esset
624 1984 733 2022 solus
754 1998 844 2021 cum
864 1998 918 2032 eo,
942 1984 1045 2023 dixit
1066 2001 1074 2022 :
1094 1984 1278 2033 Domine,
1303 1986 1459 2035 quando
1480 1985 1740 2024 consideratis
1761 1985 1970 2035 disponere

256 2041 300 2079 de
320 2041 460 2079 anima
481 2050 606 2080 vestra
625 2051 660 2080 et
678 2042 863 2081 ordinare
882 2043 1041 2094 aliquid
1059 2044 1104 2082 de
1122 2044 1380 2083 servitoribus
1400 2045 1549 2093 vestris,
1573 2045 1641 2095 qui
1661 2045 1830 2083 multum
1848 2042 1967 2081 servi-

257 2109 396 2138 verunt
419 2100 553 2139 vobis?
577 2101 707 2139 Vultis
730 2116 801 2139 nos
824 2102 1018 2140 dimittere
1041 2102 1084 2140 in
1105 2103 1295 2142 manibus
1310 2104 1451 2154 fratris
1472 2104 1599 2152 vestri,
1622 2104 1689 2155 qui
1714 2118 1793 2142 non
1814 2101 1969 2141 curabit
2002 2135 2007 2141 .

255 2163 299 2197 de
319 2159 460 2198 nobis?
475 2160 527 2198 Et
545 2160 614 2198 lioc
630 2161 711 2210 fuit
731 2161 793 2199 die
811 2162 981 2201 sabbati.
1005 2162 1057 2200 Et
1077 2163 1282 2212 respondit
1303 2163 1386 2201 sibi
1411 2165 1513 2214 quod
1527 2164 1671 2213 faceret
1689 2163 1831 2213 deferri
1854 2170 1967 2201 testa·

254 2227 429 2257 mentum
450 2220 552 2270 quod
566 2220 793 2259 condiderat
808 2221 851 2258 in
866 2221 1080 2262 Apinione.
1098 2222 1151 2260 Et
1168 2222 1239 2261 iste
1255 2223 1390 2261 eadem
1410 2224 1472 2261 die
1487 2223 1658 2273 portavit
1678 2230 1964 2264 testamen-tum?

254 2278 305 2315 Et
329 2278 477 2328 incepit
499 2279 662 2329 aliquod
693 2280 912 2330 disponere.
940 2281 992 2319 Et
1014 2295 1103 2319 cum
1126 2282 1380 2320 attediaretur
1403 2283 1506 2321 dixit
1528 2283 1631 2333 quod
1667 2280 1965 2321 commendabat

251 2337 369 2395 fratri
392 2352 465 2375 suo
489 2346 524 2375 et
547 2338 643 2376 aliis
667 2340 781 2378 certis
806 2340 851 2377 de
876 2340 1021 2390 quibus
1046 2341 1277 2391 confidebat.
1305 2342 1358 2380 Et
1380 2342 1465 2380 alia
1488 2342 1564 2390 die,
1591 2342 1805 2390 dominica,
1833 2341 1894 2379 illi
1920 2340 1964 2377 de

253 2410 368 2434 mane
386 2396 550 2445 fuerunt
569 2398 727 2435 remissi
747 2399 852 2437 circa
872 2399 1164 2438 ordinationem
1183 2401 1416 2442 testamenti.
1441 2401 1491 2439 Et
1527 2402 1615 2439 licet
1635 2401 1706 2440 iste
1723 2399 1965 2439 sollicitabat

252 2469 327 2503 eos,
349 2456 429 2504 ipsi
448 2465 578 2494 tamen
594 2471 740 2506 parum
755 2458 942 2506 jecerunt.
962 2459 1014 2497 Et
1029 2460 1205 2509 sequenti
1223 2460 1285 2497 die
1302 2461 1394 2498 lune
1411 2450 1516 2498 cirba
1531 2460 1668 2499 horam
1686 2474 1833 2498 nonam
1850 2473 1961 2498 vexa-

255 2513 368 2552 batur
398 2515 525 2552 dictus
556 2516 776 2554 cardinalis
806 2517 857 2554 ab
889 2512 1124 2567 infirmitate
1152 2519 1302 2558 caduca
1331 2534 1450 2570 quam
1478 2519 1718 2570 patiebatur,
1750 2528 1785 2558 et
1814 2519 1964 2568 incepit

251 2587 439 2622 spumare
463 2583 496 2612 et
520 2583 660 2613 vertere
684 2576 815 2613 oculos
838 2591 1012 2625 sursum,
1038 2586 1073 2615 et
1093 2578 1267 2627 faciebat
1289 2578 1519 2617 horribilem
1542 2588 1757 2629 aspectum,
1779 2587 1813 2616 et
1835 2578 1959 2616 crede-

256 2632 368 2669 batur
395 2634 496 2682 quod
522 2642 619 2672 esset
642 2634 727 2683 jam
760 2644 949 2674 mortuus.
981 2636 1089 2674 Nam
1127 2638 1319 2676 remansit
1341 2637 1520 2687 frigidus
1546 2647 1736 2689 tanquam
1774 2651 1957 2685 marmor,

252 2700 284 2727 et
313 2706 391 2729 non
417 2692 611 2741 spirabat.
642 2694 693 2731 Et
719 2708 808 2731 cum
837 2696 907 2733 iste
935 2696 1097 2734 vidisset
1122 2710 1212 2734 eum
1237 2697 1295 2734 sic
1319 2697 1413 2746 jecit
1436 2697 1590 2747 portari
1616 2712 1784 2748 prunas,
1811 2705 1846 2735 et
1871 2710 1959 2734 cum

252 2751 402 2797 pannis
432 2751 575 2789 calidis
605 2753 860 2801 calefaciebat
890 2768 979 2792 eum
1011 2754 1054 2792 in
1083 2769 1253 2805 corpore.
1286 2756 1338 2793 Et
1364 2757 1458 2806 jecit
1486 2757 1639 2806 portari
1669 2757 1714 2794 de
1751 2755 1957 2803 νενηαεήα,

250 2817 283 2845 et
311 2810 481 2857 ponebat
509 2811 617 2848 intus
645 2826 804 2860 panem,
834 2821 868 2850 et
893 2813 1023 2861 frusta
1058 2814 1182 2864 panis
1208 2828 1298 2853 cum
1327 2815 1393 2852 illo
1422 2816 1513 2853 vino
1540 2816 1712 2866 ponebat
1748 2815 1829 2854 sibi
1858 2815 1958 2853 inter

248 2881 364 2904 aures
385 2876 418 2905 et
438 2870 674 2918 supercilia,
697 2879 731 2908 et
751 2885 840 2909 cum
861 2871 930 2909 lzoc
952 2872 1101 2922 incepit
1120 2874 1329 2923 respirare,
1352 2883 1386 2912 et
1406 2874 1614 2914 clamabat.
1638 2875 1690 2913 Et
1709 2883 1844 2924 postea
1863 2888 1954 2924 ape-

296 3003 327 3037 l.
358 3003 423 3036 Ms.
455 3004 537 3043 cite,
568 3005 629 3038 fol.
662 3007 728 3039 105
756 3012 799 3041 r0.

297 3058 326 3089 2.
358 3056 422 3089 Ms.
455 3057 537 3096 citc,
568 3057 628 3091 fol.
661 3059 728 3092 107
758 3065 808 3094 v0.

294 3110 324 3141 3.
357 3108 393 3141 B.
421 3109 472 3148 N„
498 3121 551 3142 ms
586 3111 681 3144 latin
700 3111 805 3153 1462,
828 3114 889 3148 fol.
913 3115 956 3148 29
976 3119 1019 3156 1·⁰,
1041 3122 1080 3150 et
1099 3118 1166 3150 m's.
1188 3117 1282 3150 latin
1301 3117 1432 3160 11746,
1454 3119 1515 3152 fol.
1538 3119 1583 3152 69
1603 3124 1653 3152 v⁰.
