2083 3458
297 191 353 232 90
949 206 1099 230 NOTAE
1135 205 1194 230 AD
1230 205 1358 231 viTAs
1882 184 2005 242 [613]

299 291 432 339 Mater
461 304 581 340 porro
613 303 752 328 earum
783 303 865 327 non
897 297 984 327 erat
1018 288 1099 326 filia
1130 287 1389 337 imperatoris
1419 287 1626 335 Balduini,
1651 286 1721 325 sed
1751 285 1901 336 neptis,
1925 285 2008 324 filia

301 349 493 387 nimirum
516 348 587 386 filii
602 348 688 398 ejus
706 348 884 398 Philippi
910 356 951 386 et
964 346 1162 386 Beatricis
1183 346 1354 386 Siculae.
1372 346 1477 385 Sane
1500 360 1645 385 Verum
1665 353 1727 384 est
1743 344 2010 386 Catharinam

300 409 422 447 fuisse
447 409 692 459 desponsam
718 406 896 457 Hugoni,
923 406 1006 444 filio
1028 406 1199 444 Roberti
1220 406 1273 453 ΙΙ,
1299 405 1412 444 ducis
1426 405 1704 456 Burgundiae.
1722 404 1800 443 Sed
1815 404 1893 443 hae
1916 418 2010 443 con-

301 468 513 506 ventiones
534 467 685 505 frustra
706 466 830 514 fuere,
851 466 912 503 uti
932 465 1166 504 monuimus
1186 479 1310 516 supra
1329 480 1368 516 p.
1390 464 1478 504 579.

355 528 396 565 P.
422 526 484 573 49,
507 526 572 576 lig.
599 526 658 564 15.
684 526 900 564 ANNONIE.
927 526 977 563 Ce
1000 525 1065 562 fut
1088 525 1193 563 Jean
1216 525 1265 563 de
1290 524 1436 571 Duras,
1460 524 1562 562 frere
1586 524 1641 562 du
1663 522 1723 562 roi
1746 523 1918 570 Robert,
1942 522 2013 573 qui

299 589 451 637 epousa
471 585 668 624 Mathilde
687 585 736 623 de
757 584 955 631 Hainaut,
975 583 1162 622 heritiere
1181 584 1230 622 de
1247 584 1286 621 la
1304 583 1564 634 principaute
1583 583 1791 621 d'Acha'l'e.
1812 581 2012 621 Mathilde

299 645 434 684 refusa
452 645 500 683 (16
519 658 774 683 consommer
789 644 825 682 16
842 643 1034 693 mariage.
1055 643 1141 681 Elle
1159 642 1224 681 fut
1240 643 1523 693 emprisonnee
1541 656 1594 680 au
1611 643 1788 680 chateau
1805 642 1854 680 de
1870 640 2012 689 l’OEuf,

299 704 390 755 puis
421 703 624 754 repudiee.
658 703 809 753 Malgre
841 703 924 741 cela
957 703 1061 740 Jean
1091 710 1209 741 entra
1239 717 1289 741 en
1320 702 1550 753 possession
1581 702 1636 740 du
1667 701 1764 739 titre
1795 701 1844 739 de
1873 700 2013 751 prince

298 764 515 809 d’Achai'e3
537 763 563 800 11
586 765 736 812 epousa
758 762 891 812 Agnes
914 762 962 800 de
985 761 1178 812 Perigord
1200 776 1250 800 en
1272 761 1372 800 1321
1395 762 1457 810 (G.
1477 762 1525 800 de
1546 760 1692 799 Blasiis
1708 761 1810 799 dans
1825 759 2014 799 Archivio
2063 805 2066 807 .

297 823 438 860 storico
455 836 523 872 per
540 823 571 859 le
588 821 788 872 provincie
806 821 1066 871 Napoletane,
1084 829 1114 859 t.
1135 835 1193 859 ΧΗ
1213 820 1362 871 (1887),
1380 836 1419 872 p.
1439 820 1528 868 298,
1547 820 1653 869 311).
2072 825 2074 827 ’

355 882 396 920 Ρ.
423 881 485 927 49,
509 881 574 931 lig.
600 881 661 919 24.
693 881 970 918 RATIFleASSE
993 894 1396 919 RENUNTIATIONEM.
1425 880 1572 918 Adhuc
1600 879 1723 927 enim,
1759 878 1888 918 etiam
1919 886 2016 929 post

298 940 499 979 Bonifacii
522 940 626 977 VIII
650 939 1003 987 constitutionem,
1029 939 1270 979 dubitatum
1293 939 1373 977 fuit
1395 954 1449 978 an
1470 939 1610 978 liceret
1631 953 1803 977 romano
1825 937 2016 989 pontifici

300 999 533 1039 renuntiare
547 998 740 1049 dignitati
756 1013 865 1046 suae,
879 1007 926 1036 ut
938 1007 1056 1049 patet
1069 1013 1120 1037 ex
1132 998 1426 1049 glossatoribus
1437 998 1531 1037 libri
1545 997 1670 1038 Sexti.
1683 998 1761 1036 Sed
1773 997 1864 1036 11610
1875 996 2016 1048 quaeri

297 1067 436 1110 potest
457 1073 511 1097 an
532 1059 714 1097 Clemens
737 1058 771 1095 V
789 1058 972 1109 potuerit
992 1057 1198 1097 ratificare
1216 1057 1568 1098 renuntiationem
1589 1056 1820 1105 Caelestini,
1843 1071 1936 1101 cum
1957 1071 2016 1096 se-

300 1119 481 1157 cundum
510 1118 706 1167 regulam,
737 1132 860 1168 supra
893 1118 938 1169 [t.
960 1118 987 1169 1]
1022 1132 1061 1168 p.
1093 1118 1156 1165 36,
1186 1118 1394 1168 prolatam
1423 1131 1497 1168 par
1528 1117 1570 1156 in
1596 1131 1739 1168 parem
1759 1131 1842 1155 non
1861 1116 2016 1155 habeat

300 1185 564 1228 potestatem.
584 1176 688 1215 Sane
707 1177 887 1216 Joannes
903 1177 1105 1225 Andreae,
1117 1177 1158 1215 in
1179 1191 1267 1228 cap.
1287 1177 1500 1227 Quoniam,
1515 1177 1564 1215 de
1580 1170 1822 1224 renuntiat„
1839 1175 1882 1216 in
1899 1190 1939 1214 vl
1956 1175 2016 1214 ait

299 1251 451 1287 papam
487 1236 720 1275 renuntiare
760 1236 995 1287 cupientem
1033 1251 1116 1275 non
1155 1236 1306 1275 habere
1346 1235 1596 1287 superiorem
1633 1235 1750 1285 cujus
1788 1234 2014 1274 ratificatio

299 1296 543 1346 requiratur.
580 1295 790 1335 Praevidit
819 1295 1056 1334 Bonifacius
1086 1296 1193 1335 hanc
1222 1295 1530 1343 difficultatem3
1567 1303 1609 1334 et
1639 1303 1687 1333 ut
1718 1294 1868 1333 futuris
1896 1293 2013 1333 malis

299 1363 542 1403 occurreret,
581 1369 686 1404 quae
718 1355 753 1394 ei
792 1355 953 1394 evenire
992 1363 1162 1406 possent
1197 1355 1229 1393 si
1266 1355 1518 1396 Caelestinus
1555 1354 1756 1393 sineretur
1793 1353 1924 1393 redire
1961 1354 2014 1392 ad

299 1428 416 1452 suam
452 1428 647 1462 eremum,
684 1414 799 1452 illum
832 1429 882 1453 ex
913 1414 1058 1453 itinere
1092 1414 1280 1462 retraxit,
1312 1423 1353 1453 et
1375 1414 1418 1453 in
1441 1428 1577 1453 arcem
1602 1413 1798 1452 Fumonis
1823 1412 2014 1463 conjecit,

287 1473 370 1524 ‘ubi
394 1488 475 1511 non
499 1473 557 1511 ita
582 1474 713 1512 multo
736 1482 832 1524 post
856 1473 1064 1512 extinctus
1093 1482 1168 1522 est,
1197 1489 1243 1512 ac
1262 1474 1447 1512 mandato
1469 1473 1588 1524 impii
1610 1473 1786 1524 tyranni,
1808 1481 1856 1511 ut
1878 1472 2014 1511 verbis
2048 1468 2059 1469 I

299 1541 394 1570 utar
423 1533 575 1583 Papirii
603 1533 795 1581 Massoni,
815 1533 996 1571 conditur
1013 1533 1056 1571 in
1072 1534 1223 1571 tumulo
1239 1534 1316 1571 alto
1332 1533 1448 1584 pedes
1465 1532 1609 1582 viginti
1625 1533 1864 1583 etamplius.

354 1592 396 1630 P.
420 1591 482 1639 49,
503 1592 569 1642 lig.
592 1592 653 1631 29.
679 1592 939 1631 ROBERTUM.
964 1593 1122 1631 Robert
1142 1592 1257 1631 avait
1278 1595 1342 1631 ete
1363 1593 1442 1631 cite
1463 1594 1485 1630 a
1506 1594 1780 1643 comparaitre
1800 1592 1837 1630 16
1858 1591 1906 1630 12
1926 1606 2014 1642 sep·
2080 1598 2083 1605 '

300 1651 458 1690 tembre
487 1651 601 1699 1312,
629 1651 731 1690 mais
757 1652 796 1690 la
824 1651 997 1690 citation
1023 1652 1139 1691 avait
1167 1655 1230 1690 ete
1256 1654 1460 1702 revoquee
1486 1652 1522 1690 16
1550 1651 1597 1689 21
1624 1651 1786 1701 janvier
1813 1651 1927 1690 1313.
1957 1651 2015 1689 La

300 1711 523 1761 procedure
544 1711 671 1761 reprit
692 1719 833 1750 contre
854 1712 910 1749 lui
930 1711 966 1750 le
989 1711 1037 1749 12
1059 1711 1207 1750 sevrier
1228 1720 1269 1750 et
1290 1726 1334 1750 sa
1355 1711 1455 1750 mise
1477 1725 1529 1749 au
1550 1711 1634 1749 ban
1656 1711 1704 1750 de
1725 1710 1924 1761 l’Empire
1945 1717 2016 1749 eut

299 1769 379 1808 lieu
395 1770 431 1808 16
447 1769 497 1808 26
513 1770 616 1808 avril
634 1770 734 1808 1313
754 1770 984 1821 (Schwalm,
1003 1770 1327 1819 Constitutiones,
1346 1779 1375 1809 t.
1392 1772 1466 1818 1v2,
1483 1785 1523 1809 11.
1540 1770 1631 1818 848,
1648 1770 1738 1818 849,
1757 1769 1833 1808 913
1850 1777 1891 1808 et
1907 1769 2013 1819 946).

355 1829 397 1866 Ρ.
415 1828 477 1876 50,
497 1829 563 1879 lig.
588 1829 648 1867 16.
673 1829 737 1867 DE
761 1844 883 1870 MANU
910 1844 1061 1869 LEGATI
1091 1830 1250 1869 Nicolai
1274 1831 1322 1869 de
1353 1829 1596 1869 Freauvilla.
1623 1829 1726 1868 Vide
1754 1828 2015 1869 continuato·
2076 1862 2079 1864 .

301 1902 385 1926 rem
408 1888 556 1938 Nangii
587 1888 631 1939 [t.
652 1903 678 1936 1,
699 1904 738 1939 p.
761 1889 862 1940 396]
893 1898 934 1928 et
954 1889 1179 1927 Chronicon
1199 1890 1520 1939 Rotliomagense,
1542 1889 1701 1928 editum
1729 1903 1752 1927 a
1772 1888 1860 1927 viro
1881 1887 2015 1927 claris-

302 1947 403 1985 simo
425 1947 614 1998 Philippo
635 1948 801 1987 Labbeo
821 1950 846 1987 1.
1964 1945 1969 1949 .

356 2007 398 2045 P.
427 2006 489 2054 50,
515 2007 581 2056 lig.
608 2007 669 2046 30.
699 2007 898 2051 FIVEscno.
928 2008 1066 2047 L’acte
1093 2007 1393 2047 d’infeodation
1420 2008 1468 2046 de
1485 2007 1738 2047 Pontremoli
1759 2021 1842 2045 aux
1858 2005 2015 2045 Fieschi

303 2065 398 2103 date
416 2066 464 2104 de
480 2066 613 2115 juillet
631 2066 732 2105 1313
752 2067 982 2115 (Schwalm,
1001 2068 1325 2115 constitutiones,
1342 2076 1371 2106 t.
1388 2069 1462 2114 1v2,
1480 2082 1519 2105 n.
1551 2066 1682 2116 1035).

356 2125 399 2163 P.
427 2124 489 2172 51,
508 2124 574 2175 lig.
591 2125 627 2164 4.
644 2125 798 2163 MORTE
820 2141 1035 2164 NATURALI
1052 2126 1168 2176 cujus
1184 2141 1327 2165 causas
1349 2126 1596 2177 multiplices
1613 2134 1805 2165 accurate
1821 2124 2016 2164 describit

303 2184 539 2222 Albertinus
560 2185 781 2233 Mussatus,
801 2185 869 2224 lib.
894 2186 1007 2233 XVI,
1026 2186 1085 2223 De
1114 2186 1231 2235 gestis
1250 2186 1435 2236 ejusdem
1463 2185 1633 2224 Henrici
1664 2185 1892 2236 [Muratori,
1912 2193 1942 2223 t.
1972 2199 2014 2232 X,

304 2243 376 2280 col.
404 2242 518 2293 568].

361 2305 400 2342 Ι).
428 2301 490 2349 51,
512 2304 576 2353 lig.
600 2305 635 2343 4.
663 2306 841 2352 chANT,
864 2304 943 2342 Des
969 2305 1212 2343 documents
1241 2304 1536 2355 authentiques
1558 2306 1721 2343 emanes
1753 2304 1802 2342 de
1826 2303 2014 2353 l’eveque

302 2369 344 2399 et
369 2361 417 2399 de
441 2362 478 2399 la
503 2376 719 2400 commune
746 2363 941 2401 d’Arezzo
968 2363 1071 2402 ainsi
1091 2378 1169 2414 que
1196 2364 1244 2402 de
1273 2364 1390 2411 Jean,
1412 2364 1471 2402 roi
1493 2364 1541 2402 de
1558 2364 1752 2411 Boheme,
1774 2362 2015 2401 etablissent

303 2419 552 2459 l’innocence
574 2421 622 2459 de
642 2421 825 2460 Bernard
851 2423 898 2460 de
920 2422 1255 2473 Montepulciano
1278 2423 1510 2474 (Sch'walm,
1536 2422 1858 2470 Constitutiones,
1884 2430 1914 2461 t.
1939 2422 2013 2469 1v'2,

304 2493 342 2516 n.
372 2479 614 2527 1243-12473
641 2481 958 2529 Baluze-Mansi,
986 2482 1261 2530 Affiscellanea,
1289 2490 1319 2521 t.
1346 2497 1372 2529 1,
1400 2497 1438 2532 p.
1468 2481 1573 2531 326).
1604 2482 1668 2520 En
1694 2495 1783 2520 sens
1811 2480 2013 2521 contraire

304 2537 341 2574 la
380 2538 600 2588 chronique
638 2539 685 2577 (16
721 2540 924 2588 Baudoin‚
962 2542 1218 2591 archeveque
1255 2542 1304 2580 de
1341 2542 1490 2580 Treves
1530 2540 1862 2592 (Baluze-Mansi,
1901 2540 2012 2588 ibid„

304 2611 343 2646 p.
374 2596 479 2645 319).
505 2598 596 2636 Une*
614 2599 836 2649 chronique
857 2600 1033 2639 achevee
1051 2615 1099 2638 en
1123 2600 1225 2638 1320
1244 2615 1346 2638 nous
1375 2600 1585 2651 renseigne
1613 2615 1681 2638 sur
1701 2600 1739 2638 la
1762 2600 1883 2647 facon
1911 2599 2013 2638 dont

305 2656 451 2704 naquit
471 2657 509 2694 la
532 2657 697 2706 legende
721 2658 880 2708 d’apres
903 2659 1075 2709 laquelle
1101 2660 1228 2698 Henri
1250 2659 1331 2697 VII
1353 2667 1522 2697 mourut
1543 2659 1820 2709 empoisonne'.
1875 2657 2013 2696 Domi-

307 2728 381 2750 nus
402 2714 623 2764 imperator,
642 2717 810 2754 existens
828 2718 953 2765 Pisis,
975 2718 1203 2767 infirmatas
1220 2727 1275 2756 est
1294 2719 1461 2767 graviter
1479 2719 1523 2756 de
1541 2718 1808 2765 carbuncullo,
1827 2725 1862 2755 et
1878 2717 2015 2768 petivit

305 2787 327 2808 a
356 2773 514 2810 medicis
539 2775 624 2811 suis
649 2775 683 2812 si.
709 2784 804 2813 esset
827 2777 1049 2826 periculam
1073 2777 1244 2827 equitare
1269 2778 1321 2815 ad
1344 2778 1491 2815 dictam
1528 2785 1712 2824 castrum,
1740 2777 1806 2827 qui
1831 2776 2015 2830 dixerant

307 2833 407 2879 qnod
434 2832 503 2879 sic,
535 2841 616 2870 tam
646 2843 802 2884 propter
831 2836 1051 2885 periculum
1083 2836 1344 2886 infirmitatis,
1376 2845 1458 2874 tam
1487 2844 1644 2887 propter
1674 2836 1847 2874 nimium
1875 2843 2011 2874 estam.

305 2889 444 2927 Dictus
469 2906 552 2927 werf)
576 2893 761 2930 dominus
787 2894 997 2943 imperator
1020 2895 1181 2932 omnino
1206 2896 1357 2933 dicebat
1380 2896 1471 2933 velle
1497 2895 1562 2933 ire.
1594 2895 1706 2933 Tunc
1740 2893 2013 2933 emcellentissi-

308 2962 395 2985 mus
418 2950 590 2987 medicus
613 2952 797 3000 magister
818 2953 1115 2991 Bartholomeus
1137 2955 1181 2991 de
1208 2954 1494 3003 Varagnanna,
1518 2955 1562 2992 de
1584 2954 1738 2994 civitate
1754 2952 2013 3001 Bononiensi,

360 3074 389 3105 1.
422 3074 509 3106 Voir
535 3076 582 3110 ll„
611 3077 666 3113 F.‚
694 3083 718 3108 t.
743 3090 852 3117 xxm,
880 3090 913 3121 p.
938 3078 1019 3111 3'18.
