2083 3458
275 220 356 261 894
924 233 1077 258 NOTAE
1112 233 1172 257 AD
1208 232 1336 257 VITAs
1833 217 1987 275 [1382]

275 316 433 355 sceleris
455 315 637 366 praemia
658 314 845 353 retulisse
866 313 1041 364 insignia
1062 312 1500 364 pseudocardinalitia.
1523 312 1602 352 Sed
1621 328 1695 364 ego
1715 328 1738 352 a
1757 322 1799 353 te
1820 328 1987 365 quaero,

279 376 508 425 Raynalde,
545 389 599 413 an
636 374 838 413 Martinus
876 382 983 413 esset
1018 372 1211 424 indignus
1248 381 1371 412 tanta
1408 371 1626 423 dignitate,
1664 387 1787 424 quem
1823 383 1989 413 constat

276 435 411 474 virum
446 434 568 473 fuisse
602 433 903 481 doctissimum,
935 442 1028 471 tum
1062 432 1212 484 peritia
1245 447 1383 472 rerum
1415 432 1671 483 agendarum
1703 432 1989 483 clarissimum,

276 503 502 544 tantaeque
535 493 854 533 existimationis
887 501 935 532 ut
967 493 1095 531 etiam
1127 492 1358 543 cogitatum
1390 492 1439 530 de
1470 491 1539 530 illo
1570 491 1625 531 sit
1656 507 1751 531 cum
1781 507 1989 532 successor

278 554 470 605 Gregorio
513 554 575 591 XI
617 553 908 603 quaereretur?
954 553 1170 591 Praeterea
1210 560 1393 591 testatur
1432 559 1578 590 auctor
1623 552 1737 590 Vitae
1777 552 1994 592 Clementis>

276 613 391 652 illum
428 612 604 651 voluisse
641 621 765 651 antea
805 627 947 651 ornare
986 611 1214 650 Martinum
1250 626 1297 650 ea
1336 611 1552 661 dignitate,
1590 610 1758 650 vivente
1794 611 1988 652 videlicet

280 673 432 711 Karolo
449 681 583 723 patre,
601 673 672 711 sed
690 672 805 710 illurn
824 671 1000 710 noluisse
1017 680 1110 710 tum
1127 671 1330 710 assentiri.
1352 671 1415 709 Ex
1433 685 1514 720 quo
1541 670 1663 710 facile
1686 671 1890 722 colligitur
1907 687 1994 711 non

280 741 499 784 propterea
532 732 692 771 factum
723 731 975 771 cardinalem
1006 746 1030 770 a
1062 731 1271 770 Clemente
1305 730 1401 781 quia
1435 730 1567 768 filium
1597 731 1685 780 ejus
1717 739 1905 770 traxerat
1936 732 1991 770 ad

280 792 561 831 obedientiam
584 790 821 839 Clementis,
845 792 915 830 sed
940 790 1035 841 quia
1058 790 1244 841 ingentes
1267 790 1355 841 ejus
1379 789 1556 829 virtutes
1579 790 1621 828 id
1642 791 1853 841 postulare
1876 791 1990 830 vide—

279 853 446 890 bantur.
474 852 614 902 Neque
640 851 745 890 clam
768 859 842 889 aut
866 851 1024 890 occulte
1048 865 1140 889 eam
1164 850 1414 901 dignitatem
1437 849 1473 888 ei
1496 849 1650 888 obtulit
1681 851 1866 890 Clemens
1891 851 1992 889 dum

282 912 458 950 Karolus
479 919 599 962 pater
620 910 663 949 in
683 911 773 949 vita
794 919 897 959 erat,
918 910 981 949 uti
1002 909 1191 961 imperite
1213 919 1255 948 et
1276 910 1434 959 absque
1454 918 1561 948 teste
1582 909 1642 948 ait
1664 910 1896 960 Auberyus,
1918 911 1988 950 sed

279 971 418 1022 palam
435 979 477 1009 et
494 970 673 1021 publice.
694 971 890 1021 Vulgares
910 969 967 1008 illi
984 970 1202 1021 scriptores
1219 969 1432 1008 interdum
1450 969 1582 1007 multa
1600 969 1643 1007 in
1661 969 1844 1020 antiquis
1865 970 1988 1021 scrip-

279 1030 438 1069 toribus
463 1030 603 1069 videre
628 1045 669 1069 se
694 1039 849 1081 putant
875 1044 980 1080 quae
1006 1030 1118 1068 nullo
1143 1029 1267 1068 modo
1292 1028 1405 1080 apud
1429 1043 1495 1067 eos
1521 1028 1679 1068 vident.

335 1091 485 1129 Factus
513 1099 575 1129 est
602 1089 727 1140 igitur
753 1089 971 1128 cardinalis
994 1089 1009 1112 1
1035 1103 1144 1127 anno
1165 1089 1379 1128 MCCCXC
1400 1088 1464 1127 die
1487 1103 1563 1126 XXI
1584 1088 1688 1139 julii,
1714 1097 1762 1128 ut
1784 1089 1905 1128 docet
1925 1089 1991 1129 hie

280 1158 437 1188 auctor.
461 1150 561 1188 Erat
580 1158 722 1188 autem
741 1150 902 1188 absens.
927 1149 1073 1199 Itaque
1092 1149 1222 1200 pileus
1243 1149 1392 1187 rubeus
1413 1148 1466 1186 ad
1485 1162 1580 1187 eum
1604 1147 1750 1187 missus
1770 1157 1846 1197 est,
1867 1163 1990 1199 quem

279 1210 364 1260 ipse
393 1209 553 1260 accepit
581 1209 644 1248 die
675 1224 750 1247 xx1
777 1209 882 1259 julii,
910 1217 958 1247 ut
985 1209 1045 1247 ait
1074 1208 1376 1247 Sandovallius.
1408 1209 1471 1246 Ex
1500 1222 1581 1258 quo
1615 1223 1689 1259 ego
1717 1208 1862 1259 colligo
1889 1208 1990 1247 illud

279 1269 389 1307 idem
410 1283 503 1319 erga
525 1268 641 1306 illum
663 1269 822 1307 factum
844 1284 929 1307 esse
952 1268 1063 1318 quod
1092 1282 1215 1319 supra
1237 1283 1276 1319 p.
1302 1267 1404 1306 1296
1426 1267 1662 1307 monuimus
1685 1267 1845 1307 factum
1867 1268 1990 1308 fuisse

280 1342 372 1379 erga
396 1329 614 1367 Guterium
636 1328 818 1367 Gomecii
840 1328 1079 1379 episcopum
1102 1327 1381 1375 Palentinum,
1402 1327 1596 1366 nimirum
1617 1327 1733 1365 illum
1754 1343 1804 1367 ex
1824 1327 1991 1379 speciali

280 1388 481 1426 mandato
515 1402 647 1439 papae
684 1387 946 1427 cardinalitia
982 1387 1185 1437 dignitate
1222 1396 1415 1426 ornatum
1451 1402 1536 1426 esse
1571 1401 1594 1425 a
1630 1388 1753 1426 Petro
1789 1388 1837 1426 de
1873 1388 1990 1426 Luna

280 1447 487 1487 cardinale
510 1448 645 1497 legato
668 1447 709 1486 in
735 1447 948 1498 Hispania.
975 1448 1082 1485 Nam
1106 1448 1275 1485 Petrum
1297 1462 1345 1485 eo
1370 1456 1552 1497 tempore
1576 1446 1699 1486 fuisse
1723 1447 1990 1498 Pampilonae
2044 1442 2047 1444 ¹

282 1521 374 1546 cum
398 1522 490 1557 rege
514 1506 645 1545 tradit
672 1507 822 1546 Surita.

335 1566 464 1604 Addit
487 1567 775 1605 Sandovallius
799 1566 1025 1605 Martinum
1048 1566 1198 1617 gratias
1228 1575 1420 1604 acturum
1439 1565 1629 1616 pontifici
1656 1581 1696 1605 se
1724 1566 1870 1605 statim
1897 1581 1989 1605 con-

281 1626 422 1665 tulisse
452 1626 720 1665 Avenionem.
752 1626 870 1675 Quod
898 1640 1043 1665 verum
1070 1641 1154 1664 esse
1183 1640 1265 1663 non
1291 1633 1443 1676 potest.
1485 1625 1650 1664 Etenim
1686 1625 1727 1663 in
1754 1626 1858 1665 libro
1886 1626 1990 1664 Obli-

283 1686 489 1735 ίςαιίοηῑινη
526 1686 777 1724 adnotatum
815 1694 877 1724 est
915 1685 1030 1724 illum
1080 1685 1213 1737 primo
1259 1685 1433 1723 intrasse
1482 1684 1638 1723 curiam
1676 1699 1785 1724 anno
1822 1693 1991 1724 tantum

284 1744 568 1784 MCCCXCIII
602 1745 664 1784 die
696 1745 821 1784 tertia
853 1744 971 1795 junii.

338 1805 487 1843 Factus
530 1804 747 1843 cardinalis
790 1804 962 1843 retinuit
1002 1804 1288 1855 episcopatum
1332 1803 1692 1854 pampilonensem
1728 1805 1990 1843 administra-

282 1864 388 1902 torio
424 1864 602 1911 nomine,
637 1873 684 1902 ut
719 1864 777 1902 ait
813 1864 1115 1903 Sandovallius.
1154 1864 1272 1912 Quod
1308 1864 1580 1902 confirmatur
1614 1879 1665 1902 ex
1698 1864 1861 1914 Reges-to
1895 1864 1993 1903 anni

284 1923 422 1973 quarti
443 1924 657 1963 Benedicti
681 1924 805 1972 XIII,
828 1924 868 1962 in
892 1938 973 1974 quo
995 1924 1047 1962 ad
1070 1923 1179 1962 diem
1209 1924 1435 1962 secundam
1467 1923 1612 1961 iduum
1648 1923 1730 1974 [12]
1765 1924 1991 1963 decembris

283 1991 632 2021 commemoratur
656 1983 857 2022 Martinus
884 1983 1026 2022 Sancti
1052 1983 1265 2021 Laurentii
1285 1983 1326 2021 in
1347 1983 1501 2021 Lucina
1520 1983 1738 2034 presbyter
1758 1983 1991 2032 cardinalis,

283 2042 597 2081 administrator
627 2042 668 2081 in
699 2042 981 2094 spiritualibus
1014 2051 1055 2081 et
1085 2043 1383 2093 temporalibus
1412 2042 1618 2081 Ecclesiae
1651 2043 1991 2094 Pampilonensis.

286 2102 339 2139 Et
368 2110 510 2141 tamen
540 2103 766 2141 monachus
799 2102 939 2141 Sancti
984 2102 1170 2151 Dionysii
1189 2102 1204 2125 2
1233 2110 1272 2141 et
1305 2103 1485 2141 Joannes
1508 2102 1721 2141 „luvenalis
1753 2103 1802 2141 de
1835 2102 1992 2142 Ursinis

283 2161 324 2199 in
347 2162 531 2199 Historia
554 2162 696 2200 Karoli
725 2162 785 2199 VI
805 2162 907 2212 regis
934 2163 1186 2200 Francorum
1213 2162 1267 2212 [p.
1290 2162 1381 2211 129]
1407 2161 1594 2200 scribunt
1616 2162 1856 2213 episcopum
1873 2163 1992 2200 Pam-

285 2221 537 2271 pilonensem
555 2222 607 2259 ad
625 2222 816 2260 eumdem
839 2222 1039 2259 Karolum
1058 2221 1229 2260 missum
1247 2237 1331 2260 esse
1350 2235 1459 2259 anno
1478 2221 1777 2259 MCCCXCVII
1796 2236 1818 2259 a
1839 2222 1993 2260 Karolo

283 2295 374 2330 rege
398 2281 622 2329 Navarrae,
646 2281 896 2319 cardinalem
918 2296 1011 2320 eum
1033 2281 1145 2319 haud
1167 2281 1289 2319 dubie
1311 2280 1515 2329 vocaturi,
1537 2280 1570 2319 si
1590 2280 1621 2319 is
1645 2281 1715 2331 qui
1735 2290 1782 2320 'eo
1805 2289 1992 2332 tempore

287 2340 612 2390 pampilonensis
645 2340 859 2391 episcopus
895 2348 983 2379 erat
1016 2340 1161 2379 fuisset
1195 2349 1363 2378 ornatus
1398 2354 1444 2378 ea
1478 2340 1694 2390 dignitate.
1731 2340 1993 2389 Nam‘infra,

284 2398 346 2437 uti
369 2399 496 2437 visuri
519 2415 674 2447 sumus,
699 2400 952 2438 mentionem
976 2399 1136 2438 faciunt
1160 2399 1376 2438 cardinalis
1402 2399 1742 2450 Pampilonensis.
1770 2399 1876 2438 Hinc
1900 2414 1994 2450 ergo

286 2458 469 2497 fortassis
496 2459 629 2509 colligi
652 2468 791 2509 posset
817 2459 1043 2497 Martinum
1067 2474 1139 2510 per
1162 2474 1209 2498 ea
1234 2468 1423 2509 tempora
1448 2458 1705 2498 renuntiasse
1730 2459 1993 2498 administra-

285 2517 388 2555 tioni
407 2517 511 2556 illius
531 2518 750 2565 Ecclesiae,
768 2527 810 2556 et
829 2519 1069 2557 Michaelem
1087 2519 1224 2557 fratris
1245 2519 1374 2556 filium
1392 2518 1433 2556 in
1450 2532 1496 2557 ea
1515 2519 1712 2557 cathedra
1730 2518 1852 2557 fuisse
1873 2519 1993 2557 collo-

286 2585 424 2613 catum
441 2576 467 2615 3.

339 2635 456 2673 Anno
479 2636 730 2675 MCCCXCV
752 2637 962 2687 quaesitus
984 2646 1046 2675 est
1068 2637 1256 2676 Lutetiae
1279 2651 1428 2687 magna
1450 2636 1714 2675 contentione
1744 2637 1890 2676 modus
1913 2651 1995 2687 quo

288 2694 377 2732 finis
410 2695 565 2745 imponi
596 2705 736 2746 posset
767 2696 993 2744 schismati,
1026 2705 1067 2735 et
1098 2704 1194 2747 post
1225 2705 1435 2734 maturam
1467 2696 1807 2735 deliberationem
1837 2697 1996 2747 placuit

341 2847 366 2879 1.
406 2847 448 2880 N.
484 2848 611 2881 Valois
648 2849 685 2892 (t.
712 2862 749 2889 11,
776 2862 810 2893 p.
834 2850 914 2889 216,
942 2856 1030 2882 notc
1055 2850 1089 2892 4)
1118 2861 1139 2882 a
1163 2850 1291 2893 publie
1315 2861 1368 2882 un
1392 2855 1502 2882 court
1526 2860 1684 2892 passage
1709 2849 1801 2884 d’un
1826 2849 1994 2882 discours

289 2903 477 2941 prononce
506 2902 525 2932 ἐι
552 2902 756 2935 l⁷occasion
784 2904 828 2935 (16
855 2904 890 2936 la
917 2903 1138 2947 promotion
1165 2902 1392 2936 cardinalice
1421 2902 1464 2935 de
1491 2901 1634 2935 Martin
1661 2902 1705 2935 de
1732 2901 1857 2935 Salva.

338 2953 368 2985 2.
399 2955 601 2997 llcllaguffl,
630 2967 685 2997 ορ.
715 2957 787 2995 cit„
815 2963 841 2988 t.
872 2969 908 2995 11,
941 2968 975 2999 p.
1004 2958 1084 2989 536.

338 3006 368 3037 53.
391 3006 439 3038 Lo
469 3008 637 3040 cardinal
665 3009 780 3051 garda
808 3009 1150 3042 l’administration
1170 3010 1213 3042 de
1232 3009 1399 3042 l’eveche
1420 3009 1463 3041 de
1483 3009 1717 3052 Pampelune
1737 3009 1787 3041 du
1806 3009 1849 3042 23
1870 3008 1994 3052 juillet

294 3058 381 3089 1300
400 3059 552 3102 jusqu⁷a
571 3073 610 3093 sa
628 3069 745 3101 mort3
766 3062 902 3095 Miehel
922 3063 965 3095 dc
985 3062 1099 3095 Salva
1118 3075 1162 3095 nc
1181 3062 1233 3095 lui
1251 3062 1413 3095 succeda
1431 3073 1503 3105 que
1521 3062 1553 3094 le
1573 3062 1616 3094 22
1635 3061 1711 3094 mai
1729 3062 1822 3095 1403
1845 3061 1994 3105 (Eubel,

290 3110 519 3152 Irsierarchm,
549 3119 575 3146 t.
603 3126 626 3153 1,
657 3126 690 3157 p.
720 3115 818 3158 387).
