2083 3458
107 212 233 269 [877]
633 225 850 251 PAPARUM
885 224 1269 250 AVENIONENSIUM
1707 204 1791 247 389

95 310 335 358 Novissime,
351 309 500 358 inquit,
523 323 592 358 per
613 309 817 345 dominum
845 316 1018 345 nostrum
1039 307 1271 344 Clementem
1290 306 1347 343 V]
1364 305 1539 343 Ecclesia
1554 304 1792 354 episcopalis

95 369 312 418 Pragensis
335 368 591 418 suffraganea
615 367 884 415 llffaguntinae
906 367 1010 415 facta
1033 374 1087 403 est
1111 364 1473 415 archiepiscopalis,
1507 371 1656 412 regente
1682 363 1791 400 illam

94 428 190 466 olim
209 428 330 477 fratre
351 435 384 465 et
405 427 522 473 socio,
547 440 652 463 nunc
674 434 783 475 patre
805 434 838 462 et
860 425 1030 471 domino,
1055 425 1222 462 Arnesto
1245 424 1288 461 de
1312 423 1475 460 Boemia
1495 422 1651 472 jamdiu
1674 421 1791 459 licen*—

95 487 195 524 ciato
221 487 263 524 in
285 486 373 536 jure
397 485 596 523 canonico.
628 485 739 522 Idem
766 485 947 522 Clemens
972 484 1013 521 in
1037 483 1154 521 initio
1180 482 1414 520 Collationis
1438 482 1561 532 paulo
1586 490 1681 519 ante
1706 481 1791 518 lau-

96 546 217 584 datae
236 545 249 568 ¹
277 561 284 582 :
313 545 449 591 Modo,
475 543 688 589 carissimi,
716 543 767 579 iis
793 543 945 580 duobus
971 543 1096 580 modis
1121 543 1165 579 de
1188 542 1357 591 fratrum
1383 549 1602 578 nostrorum
1626 539 1791 577 consilio

93 605 250 654 aliquas
269 604 442 641 civitates
462 602 523 640 die
543 602 615 639 isto
635 601 936 639 deliberavimus
954 602 1135 647 exaltare,
1156 615 1292 646 unam,
1315 600 1461 637 scilicet
1482 599 1722 648 Pragensem
1747 597 1791 635 in

94 678 212 712 regno
236 663 434 708 Bohemie,
458 661 637 699 clarioris
660 660 880 710 splendoris
904 660 1015 697 radio
1037 668 1071 697 et
1093 659 1335 709 presidentia
1358 658 1512 696 cumulo
1535 658 1712 695 laureare
1736 656 1792 694 vel

94 722 297 768 honorare,
324 722 423 758 duas
449 720 565 767 alias,
591 719 737 757 scilicet
762 719 1122 756 Luthemuslensem
1147 718 1265 755 etiam
1292 718 1334 755 in
1360 731 1477 766 regno
1502 716 1700 763 Bohemie,
1727 715 1792 753 hec

97 781 139 818 in
161 781 303 818 diocesi
324 779 533 828 Pragensi,
557 779 599 816 in
620 793 696 828 qua
716 786 796 815 erat
815 778 977 815 abbatia
996 777 1210 827 solempnis
1230 777 1383 814 ordinis
1403 774 1791 822 Premonstratensis,

92 848 129 877 et
155 840 273 877 etiam
302 838 540 888 Argizillam
565 837 608 874 in
636 851 753 885 regno
778 837 957 886 Yspanie
981 836 1024 873 in
1044 836 1243 882 diocesi...,
1266 835 1429 884 majoris
1442 833 1792 883 honorispreconio

95 907 128 936 et
145 898 363 936 excellentie
381 897 492 935 titulo
511 897 698 934 decorare.
720 896 901 932 Primam
918 895 1037 941 enim,
1056 895 1201 932 scilicet
1218 895 1472 943 pragensem,
1491 892 1792 931 deliberavimus

96 956 140 994 in
163 956 502 1007 metropolitanam
524 963 558 993 et
579 955 953 1004 archiepiscopalem
975 954 1119 1002 erigere
1141 962 1174 991 et
1199 953 1328 1003 ipsam
1351 953 1400 990 ab
1424 951 1531 990 omni
1554 951 1792 1001 subjectione

94 1016 382 1066 archiepiscopi
405 1023 439 1052 et
462 1014 633 1052 Ecclesie
658 1013 901 1062 llIaguntine
925 1013 1089 1050 escimere
1113 1021 1146 1050 et
1171 1013 1236 1049 isti
1261 1011 1432 1049 Ecclesie
1457 1010 1678 1048 immediate
1701 1009 1792 1047 sub-

94 1075 220 1125 jacere
234 1083 268 1112 et
282 1075 378 1112 duos
393 1073 667 1124 suffraganeos
681 1072 760 1110 sibi
777 1072 989 1118 concedere,
1005 1071 1150 1108 scilicet
1165 1071 1458 1108 Olomucensem
1474 1070 1517 1107 in
1531 1070 1660 1106 eodem
1676 1081 1792 1117 regno

94 1142 130 1172 et
155 1133 539 1171 Luthormulsensem
567 1146 684 1182 quam
711 1132 755 1168 de
784 1145 879 1168 novo
908 1131 950 1167 in
978 1130 1234 1168 cathedralem
1259 1138 1292 1166 et
1319 1129 1579 1178 episcopalem
1607 1127 1793 1165 delibera-

94 1193 225 1230 vimus
251 1192 477 1241 erigendam
503 1199 537 1228 et
561 1191 641 1228 sibi
668 1198 809 1228 certam
835 1198 869 1227 et
895 1189 1191 1227 determinatam
1218 1188 1402 1225 diocesim
1427 1187 1644 1236 assignare.
1675 1185 1792 1234 Quod

93 1260 236 1290 autem
260 1251 378 1289 addit
402 1251 593 1288 Albertus
620 1248 674 1299 [p.
702 1248 800 1299 200]
826 1249 890 1298 jus
918 1248 1139 1286 coronandi
1164 1262 1273 1297 reges
1302 1246 1521 1284 Bohemiae
1550 1245 1792 1295 pertinuisse

44 1312 46 1315 ’
95 1319 192 1349 ante
221 1311 273 1348 ad
302 1309 654 1359 archiepiscopum
684 1307 987 1358 Moguntinum,
1016 1307 1127 1345 istud
1157 1306 1426 1344 confirmatur
1455 1320 1505 1343 ex
1533 1305 1643 1342 bulla
1674 1304 1792 1341 Inno-

95 1369 219 1408 centii
238 1369 294 1407 VI
314 1369 424 1407 edita
444 1368 554 1418 apud
574 1367 795 1406 Odoricum
817 1366 1093 1416 Raynaldum,
1113 1379 1178 1403 an.
1201 1365 1314 1411 1341,
1340 1364 1356 1412 ξ
1377 1364 1436 1402 16.

151 1429 193 1467 Ρ.
211 1428 299 1476 249,
315 1428 380 1477 lig.
399 1427 459 1466 15.
477 1428 642 1464 V1LLAM
659 1426 887 1464 Amasmss.
913 1425 1242 1474 VValsinghamus
1264 1424 1315 1461 ad
1339 1437 1494 1460 annum
1507 1421 1790 1460 MCCCXLIII

96 1488 143 1539 [t.
173 1502 199 1535 1,
229 1502 268 1538 p.
300 1486 399 1537 262]
433 1502 440 1524 :
473 1486 557 1524 Sub
586 1485 665 1523 hiis
694 1485 832 1522 diebus
869 1484 1007 1521 civitas
1037 1484 1080 1521 de
1110 1483 1300 1532 Algazira
1337 1490 1452 1531 capta
1480 1489 1534 1518 est
1570 1495 1638 1530 per
1665 1493 1793 1528 regem

94 1546 337 1596 Hispaniae,
368 1545 435 1596 qui
464 1559 550 1583 eam
577 1559 647 1594 per
674 1543 892 1593 triennium
921 1548 989 1593 per
1018 1551 1158 1580 terram
1187 1550 1221 1579 et
1249 1556 1317 1591 per
1347 1555 1451 1578 mare
1480 1540 1677 1577 obsederat
1705 1552 1793 1576 cum

94 1619 193 1656 pene
214 1604 499 1642 innumerabili
519 1603 665 1654 populo
685 1602 925 1640 Christiano.
948 1602 1031 1639 Rex
1050 1615 1135 1638 vero
1155 1602 1199 1638 de
1224 1601 1418 1645 Garnade,
1440 1599 1506 1649 qui
1526 1613 1611 1636 eam
1630 1611 1794 1646 occupa-

94 1672 200 1702 verat
225 1679 314 1702 cum
341 1663 564 1709 Saracenis,
592 1662 743 1700 devenit
768 1661 961 1699 vassallus
989 1661 1091 1709 regis
1118 1660 1360 1709 Hispaniae,
1388 1666 1421 1696 et
1446 1658 1570 1695 eidem
1596 1656 1796 1694 constituit

93 1738 254 1761 censum
283 1737 466 1761 annuum
495 1721 697 1773 duodecim
727 1721 900 1758 millium
919 1720 1170 1769 florenorum.
1189 1718 1388 1756 Dominus
1413 1732 1521 1767 papa
1544 1716 1623 1753 hiis
1645 1714 1795 1752 auditis

99 1782 142 1820 in
163 1783 266 1820 dicta
287 1782 440 1820 civitate
460 1781 587 1818 sedem
607 1780 745 1818 statuit
767 1779 1042 1829 episcopalem,
1059 1787 1094 1815 et
1112 1778 1341 1827 episcopum
1363 1777 1472 1814 illius
1494 1775 1603 1813 urbis
1630 1774 1795 1823 subjecit

73 1850 284 1891 .tanquam
319 1841 620 1890 suffraganeum
658 1839 978 1888 metropolitanae
1008 1838 1204 1875 Ecclesiae
1242 1835 1490 1885 Hispalensi.
1523 1835 1705 1872 Clemens
1737 1833 1793 1869 VI

95 1909 189 1951 post
204 1908 411 1950 postrema
428 1899 552 1937 verba
569 1912 690 1948 supra
706 1898 835 1936 relata
857 1897 906 1935 de
923 1897 1126 1935 creatione
1140 1895 1343 1933 Ecclesiae
1362 1893 1572 1943 pragensis
1590 1893 1630 1930 in
1647 1899 1795 1930 metro-

94 1959 221 2010 polim
242 1967 282 1998 et
304 1957 656 1996 Luthomuslensis
676 1957 717 1994 in
739 1957 1016 1995 cathedralem
1036 1956 1115 1993 ista
1136 1954 1350 2004 subjungit
1367 1953 1382 1976 2
1404 1969 1411 1990 :
1435 1953 1484 1990 Et
1505 1952 1547 1989 in
1568 1950 1796 1988 memoriam

92 2026 198 2056 tante
234 2018 390 2055 victorie
425 2031 599 2054 concesse
635 2015 878 2053 Christianis
914 2029 983 2064 per
1019 2014 1285 2052 ministerium
1322 2012 1521 2050 carissimi
1559 2010 1636 2060 filii
1673 2008 1795 2046 nostri

95 2077 294 2127 Alphonsi
325 2076 428 2125 regis
457 2075 621 2113 Castelle
653 2074 819 2112 illustris
849 2073 1099 2123 Argizillam,
1132 2087 1248 2123 quam
1279 2072 1348 2109 (liu
1383 2071 1579 2108 obsessam
1609 2068 1733 2106 tenuit
1762 2075 1795 2104 et

93 2136 175 2173 Deo
199 2143 426 2185 cooperante
449 2134 562 2184 cepit,
590 2134 631 2171 in
656 2134 850 2171 civitatem
873 2133 1031 2181 erigere,
1059 2141 1099 2170 ut
1122 2132 1260 2169 amodo
1284 2131 1437 2168 dicatur
1461 2129 1598 2166 civitas
1621 2126 1794 2164 sacerdo-

93 2195 186 2233 talis
213 2203 247 2232 et
272 2194 381 2243 regia
406 2194 557 2240 civitas,
587 2193 727 2243 inquit,
752 2192 886 2230 David
911 2192 1026 2240 regis,
1054 2200 1133 2228 tam
1159 2190 1347 2228 laboriosi
1374 2188 1489 2237 regis,
1517 2196 1595 2225 tam
1626 2184 1794 2223 bellicosi

95 2254 212 2303 regis.
242 2262 321 2292 tam
351 2252 510 2302 gloriosi
539 2252 654 2301 regis,
685 2260 763 2289 tam
789 2251 856 2289 toti
885 2250 1166 2288 christianitati
1192 2248 1397 2298 fructuosi,
1425 2255 1464 2284 ut
1491 2246 1601 2283 illius
1630 2244 1702 2282 loci
1728 2242 1794 2293 qui

95 2313 211 2363 prius
238 2321 320 2350 erat
347 2311 537 2349 habitatio
566 2310 745 2348 omnium
773 2311 994 2356 demonum,
1024 2317 1057 2346 et
1087 2309 1129 2346 in
1159 2323 1231 2358 quo
1260 2307 1498 2345 adorabatur
1527 2305 1590 2341 ille
1619 2302 1794 2353 perfidus

97 2371 382 2417 lWachometus,
409 2385 514 2408 nunc
537 2369 744 2407 eliminata
765 2369 814 2406 ab
840 2383 881 2406 eo
906 2369 1014 2406 omni
1031 2368 1238 2417 spurcitia,
1256 2366 1418 2403 sabbato
1443 2372 1530 2401 ante
1556 2374 1684 2400 ramos
1709 2360 1793 2410 pal-

96 2445 252 2468 marum
276 2430 319 2468 in
341 2429 558 2467 crastinum
581 2429 777 2478 captionis
801 2427 932 2477 ipsius
953 2427 1031 2476 suit
1053 2441 1121 2476 per
1142 2425 1482 2474 archiepiscopum
1508 2422 1738 2458 Toletanum
1760 2426 1794 2456 et

93 2489 196 2527 alios
216 2489 384 2539 prelatos
404 2488 628 2526 assistentes
650 2487 693 2524 in
713 2487 901 2536 templum
924 2487 966 2523 in
987 2486 1168 2523 honorem
1193 2484 1295 2521 beate
1316 2482 1485 2531 virginis
1505 2487 1738 2524 consecrata,
1760 2485 1794 2514 et

95 2548 208 2586 hodie
226 2562 295 2598 per
313 2562 383 2585 nos
402 2547 444 2584 in
462 2546 718 2584 cathedralem
743 2546 944 2583 ecclesiam
970 2544 1147 2593 erigitur.
1169 2543 1269 2580 Vide
1289 2541 1570 2591 Spondanum,
1591 2552 1655 2575 an.
1677 2536 1791 2584 1344,

104 2607 121 2655 ἓ
143 2607 180 2654 3,
203 2615 244 2645 et
267 2606 488 2645 Odoricum
513 2605 790 2654 Raynaldum‚
813 2619 878 2642 an.
905 2603 1018 2650 1343,
1049 2603 1065 2651 ξ
1087 2603 1135 2640 37
1159 2610 1200 2639 et
1222 2615 1286 2639 an.
1313 2600 1426 2645 1344,
1456 2599 1472 2647 ξ
1495 2598 1557 2643 51,
1580 2596 1650 2634 ubi
1672 2595 1791 2633 refer-

98 2674 166 2703 tur
195 2665 304 2703 bulla
335 2664 552 2703 Clementis
582 2664 654 2710 VI,
676 2678 726 2701 ex
755 2678 834 2713 qua
865 2670 1029 2701 constat
1051 2660 1256 2710 Algezirae
1286 2673 1433 2696 nomen
1463 2666 1553 2694 tum
1582 2662 1792 2692 mutatum

96 2739 182 2763 esse
204 2724 245 2761 in
268 2738 416 2762 nomen
442 2723 601 2761 Insulae
623 2722 776 2760 viridis.

152 2783 253 2821 Vide
308 2783 463 2820 bullam
512 2781 731 2820 Clementis
790 2781 846 2817 VI
892 2780 944 2817 ad
996 2778 1230 2816 ministrum
1277 2775 1503 2825 generalem
1551 2781 1593 2811 et
1646 2772 1790 2809 fratres

148 2929 181 2962 1.
204 2927 251 2961 Ut
264 2939 305 2967 s.,
328 2927 391 2960 fol.
410 2925 475 2958 551
493 2928 543 2956 r0.
559 2923 831 2956 —L⁷erecti0n
860 2923 903 2956 de
933 2922 1075 2965 Prague
1091 2932 1137 2954 en
1164 2918 1370 2962 metropole
1398 2923 1462 2950 eut
1497 2916 1569 2948 lieu
1585 2915 1616 2948 le
1638 2914 1683 2947 30
1697 2911 1790 2946 avril

105 2982 159 3026 (L.
186 2980 406 3018 Klickman,
431 2978 525 3010 Acta
547 2974 740 3010 Clementis
765 2976 832 3016 VI,
858 2976 1011 3018 Pragmz,
1036 2974 1140 3013 1903,
1164 2985 1199 3005 n.
1223 2973 1309 3011 363;
1334 2970 1414 3003 voir
1436 2968 1534 3002 aussi
1556 2980 1591 3001 n.
1615 2967 1695 3006 364,
1719 2965 1789 2999 365

101 3035 184 3074 134,
206 3034 312 3073 4474,
335 3032 416 3071 711,
438 3030 559 3074 4333).

147 3089 179 3122 2.
199 3086 461 3128 Bibliotheque
479 3082 848 3121 Sainte-Genevieve,
869 3092 935 3115 ms.
956 3079 1037 3120 240,
1055 3079 1117 3113 fol.
1137 3079 1203 3113 551
1224 3082 1275 3111 νο.
