2083 3458
318 234 398 274 546
969 251 1120 276 NOTAE
1156 251 1215 275 AD
1251 252 1377 277 vl'rAs
1878 235 2018 292 [1029]

319 342 365 371 ut
382 336 514 384 major
536 336 633 374 [ides
653 337 707 374 cis
726 336 977 374 adhibeatur
995 336 1064 385 qui
1082 344 1275 374 sanctum
1294 336 1483 375 Rochum
1501 339 1619 377 aiunt
1636 354 1686 377 ex
1703 353 1748 377 ea
1766 338 1866 376 urbe
1885 345 2020 376 ortum

319 393 452 432 fuisse.

371 453 490 490 Auno
519 454 864 502 MCCCLXXHI,
894 468 986 492 cum
1017 454 1193 492 Karolus
1220 469 1293 493 rex
1321 456 1573 494 Francorum
1599 458 1638 495 in
1668 457 1899 496 custodiam
1929 470 2021 494 con-

315 512 480 561 jecisset
505 513 728 551 Jolandam
750 514 866 552 Barri
891 514 1159 561 comitissam,
1186 514 1403 565 Gregorius
1427 530 1536 566 papa
1560 517 1595 555 ei
1617 517 1802 567 injunxit
1825 516 1887 554 uti
1911 515 2022 565 apud

317 585 451 621 regem
479 572 753 612 intercederet
782 587 855 623 pro
883 573 1077 612 libertate
1106 573 1208 623 ejus,
1238 583 1286 613 ut
1313 574 1420 613 infra
1450 575 1645 624 dicemus,
1676 576 1746 614 ubi
1776 589 1942 625 agemus
1974 575 2022 612 de

317 631 522 670 cardinale
546 632 594 670 de
617 632 845 671 Britannia.
1763 627 1766 633 '

370 690 412 728 Ρ.
444 689 532 738 369,
562 691 628 740 lig.
662 691 694 730 1.
728 692 997 730 STEPHANUM
1029 706 1084 729 DE
1115 693 1328 732 PAmsms.
1360 694 1635 733 Continuator
1664 694 1842 733 Gallicus
1873 692 2023 743 Nangii

316 762 438 798 agens
463 750 511 788 de
535 750 611 788 hac
636 750 909 789 cardinalium
932 751 1138 790 creatione
1162 752 1222 790 ait
1239 752 1254 775 1
1277 753 1387 792 hunc
1411 754 1670 804 Stephanum
1693 754 1817 792 fuisse
1842 760 1980 791 ortum
2002 767 2022 791 e

316 807 498 847 Vitriaco
523 824 651 859 super
684 810 918 860 Sequanam
948 810 1070 860 juxta
1103 811 1327 851 Lutetiam.
1363 812 1637 852 Continuator
1667 828 1765 851 vero
1794 812 1950 851 latinus
1980 811 2023 849 in

314 874 428 906 tomo
453 883 494 906 x1
518 869 731 918 Spicilegii
755 870 1015 918 Dacheriani,
1039 885 1077 921 p.
1102 870 1192 919 883,
1215 872 1346 910 tradit
1366 872 1483 910 illum
1505 873 1629 911 luisse
1652 873 1865 911 doctorem
1887 871 2022 910 decre—

314 934 452 965 torum
476 935 517 966 et
542 929 743 967 decanum
770 929 975 968 Ecclesiae
1000 930 1253 979 Parisiensis,
1279 931 1472 970 Claudius
1500 932 1750 971 Hemeraeus
1774 931 1816 969 in
1835 931 2024 980 Augusta

320 985 683 1026 Viromanduorum
712 988 923 1037 illustrata,
947 1004 991 1039 p.
1022 988 1111 1038 288,
1133 990 1386 1029 canonicum
1416 991 1621 1030 Ecclesiae
1649 991 1790 1030 Sancti
1819 990 2020 1039 Quintini.

367 1046 487 1085 Anno
500 1046 741 1086 MCCCLIX
756 1056 844 1086 erat
856 1049 1352 1099 magisterrequestarum
1364 1051 1533 1100 hospitii
1545 1051 1657 1101 regii,
1672 1058 1719 1088 ut
1731 1057 1850 1101 patet
1869 1049 2021 1088 exlite-

314 1105 364 1144 ris
382 1106 522 1144 Karoli
534 1106 579 1154 V,
591 1115 683 1145 tum
698 1107 905 1158 Delphini,
919 1108 1039 1147 editis
1051 1108 1093 1146 in
1109 1109 1294 1147 Historia
1305 1111 1632 1148 cancellariorum
1655 1108 1866 1157 Franciae,
1879 1123 1917 1159 p.
1930 1107 2018 1146 339.

365 1165 485 1204 Anno
504 1165 805 1215 MCCCLXIII,
823 1182 866 1205 111
882 1167 974 1205 idus
997 1167 1079 1217 [11]
1105 1169 1345 1217 decembris,
1369 1169 1503 1208 factus
1526 1177 1589 1209 est
1606 1169 1657 1207 ab
1678 1169 1847 1207 Urbano
1866 1168 1901 1205 V
1918 1168 2020 1218 epis-

314 1239 437 1275 copus
470 1225 721 1274 parisiensis,
750 1234 798 1265 ut
824 1227 945 1265 docet
971 1227 1201 1276 Regzssstrum
1228 1228 1386 1267 Urbani
1413 1229 1460 1276 V,
1485 1228 1545 1266 De
1570 1227 1872 1278 provisionibus
1908 1241 2021 1277 prae-

312 1284 493 1332 latorum,
515 1283 584 1323 ubi
598 1285 850 1324 adnotatum
866 1294 928 1324 est
945 1286 1061 1325 illum
1079 1287 1203 1326 fuisse
1217 1295 1308 1325 tum
1326 1288 1529 1326 decanum
1544 1288 1749 1326 Ecclesiae
1766 1287 2020 1334 Parisiensis,

312 1343 521 1382 doctorem
547 1344 820 1393 decretorum,
845 1354 886 1384 et
907 1346 947 1384 in
973 1346 1204 1385 sacerdotio
1229 1347 1518 1386 constitutum.

363 1402 484 1441 Anno
512 1403 852 1453 MCCCLXVIII,
883 1405 946 1444 die
976 1420 1064 1443 xxn
1094 1406 1353 1456 septembris,
1380 1407 1491 1445 idem
1520 1407 1713 1445 Urbanus
1742 1420 1836 1445 eum
1864 1405 2021 1444 creavit

310 1462 599 1512 presbyterum
639 1464 901 1503 cardinalem.
944 1464 1046 1503 Erat
1084 1474 1232 1504 autent
1270 1466 1431 1514 absens,
1472 1466 1663 1505 Lutetiae
1700 1466 1910 1514 nimirum,
1949 1464 2020 1502 ubi

311 1522 463 1559 mansit
480 1536 609 1572 usque
628 1523 679 1561 ad
699 1524 806 1561 diem
824 1524 1014 1563 mercurii
1032 1533 1194 1563 sextam
1213 1525 1453 1574 decembris,
1473 1539 1554 1575 qua
1570 1525 1762 1565 interfuit
1781 1524 2019 1564 ceremoniis

310 1580 507 1631 baptismi
527 1582 669 1620 Karoli
689 1582 760 1621 filii
782 1583 923 1621 Karoli
942 1583 975 1621 V
997 1584 1100 1634 regis
1123 1584 1165 1622 in
1187 1585 1355 1624 ecclesia
1375 1585 1411 1623 S.
1433 1585 1562 1624 Pauli.
1585 1585 1825 1634 Eademque
1844 1584 1908 1623 die
1924 1591 2020 1634 post

310 1654 513 1690 vesperas,
537 1650 584 1679 ut
605 1642 783 1680 adnotat
806 1643 1073 1681 continuator
1096 1643 1274 1682 Gallicus
1299 1644 1448 1694 Nangii
1467 1644 1494 1692 2,
1518 1644 1693 1682 excessit
1715 1658 1766 1682 ex
1787 1658 1833 1682 ea
1855 1643 1955 1681 urbe
1978 1651 2019 1682 et

307 1699 386 1737 iter
423 1699 658 1739 Romanum
694 1701 899 1751 ingressus
936 1710 1011 1750 est,
1050 1703 1347 1741 comitantibus
1385 1717 1479 1741 eum
1515 1712 1632 1742 extra
1668 1716 1806 1741 muros
1844 1702 2017 1741 ducibus

308 1757 554 1798 Bituricensi
580 1768 621 1799 et
646 1760 910 1811 Burgundiae
938 1761 1135 1800 fratribus
1161 1763 1265 1813 regis
1293 1771 1334 1801 et
1361 1763 1568 1801 cardinale
1592 1762 1889 1801 Bellovacensi.
1920 1761 2017 1800 Desss

309 1818 463 1855 cribam
485 1827 626 1858 autem
647 1820 733 1869 ejus
755 1820 882 1859 verba
906 1837 913 1858 ;
939 1821 1038 1859 Item
1058 1821 1159 1859 celui
1180 1822 1388 1872 merquedy
1408 1837 1525 1872 apres
1548 1836 1703 1872 vespres
1723 1822 1817 1860 ledit
1836 1821 2020 1859 cardinal

308 1876 353 1914 de
368 1877 489 1915 Paris
504 1878 612 1927 parti
629 1880 673 1916 de
689 1879 830 1917 ladicte
846 1881 936 1918 ville
951 1895 1054 1930 pour
1069 1882 1151 1919 aler
1166 1884 1190 1919 a
1206 1882 1369 1919 Romme
1386 1882 1517 1919 devers
1533 1882 1566 1919 le
1582 1896 1687 1931 pape
1707 1889 1741 1919 et
1762 1880 1865 1930 prist
1880 1880 2018 1929 congia

307 1936 360 1973 du
380 1950 449 1986 roy
467 1951 521 1974 au
540 1937 702 1977 Louvre.
726 1939 777 1976 Et
797 1939 830 1976 lc
850 1940 1096 1978 convoierent
1113 1939 1275 1990 jusques
1295 1941 1384 1978 hors
1406 1941 1450 1978 de
1469 1941 1592 1978 Paris
1617 1941 1670 1978 les
1691 1941 1786 1978 dues
1816 1940 1860 1978 de
1890 1940 2016 1989 Berry

307 1995 399 2033 etde
415 1996 830 2047 Boiu-goingnefreres
842 1999 895 2036 du
907 2013 986 2049 roy.
1003 1999 1054 2037 Et
1067 2000 1181 2037 aussi
1197 1999 1262 2049 fist
1275 2000 1308 2037 le
1323 2000 1507 2038 cardinal
1517 2000 1561 2037 de
1573 2000 1751 2037 Beauoes
1762 2008 1797 2043 et
1811 1999 2014 2049 plusieurs

306 2062 436 2091 autres
455 2057 586 2105 prelas
606 2057 674 2106 qui
693 2057 855 2096 estoient
874 2072 922 2096 en
942 2059 1061 2096 laclite
1081 2059 1171 2096 ville
1191 2060 1235 2096 de
1255 2059 1388 2097 Paris.
1412 2059 1464 2098 Et
1481 2059 1566 2097 s’en
1585 2059 1651 2097 ala
1670 2073 1724 2096 au
1745 2059 1843 2108 gista
1867 2073 1892 2097 a
1911 2057 2013 2096 Cha-

307 2122 453 2152 renton.
482 2114 600 2153 Anno
625 2117 813 2166 sequenti
836 2117 1010 2167 perfecit
1032 2118 1111 2157 iter
1135 2132 1269 2166 suum,
1295 2127 1336 2157 et
1362 2118 1553 2167 Romam,
1579 2119 1649 2156 ubi
1673 2126 1765 2156 tum
1791 2125 1880 2156 erat
1902 2131 2011 2167 papa

310 2172 513 2221 Urbanus,
537 2174 827 2224 ingressus'est
850 2177 914 2215 die
938 2192 1010 2215 xm
1034 2177 1243 2225 februarii,
1268 2178 1329 2215 uti
1353 2178 1554 2228 scriptum
1576 2186 1638 2216 est
1659 2178 1700 2215 in
1723 2177 1827 2215 libro
1851 2176 2011 2226 Obliga-

305 2231 469 2270 tionum.
499 2233 604 2271 Tum
630 2249 726 2273 vero
752 2236 786 2274 ei
813 2235 935 2274 datus
963 2245 1024 2274 est
1050 2237 1197 2275 titulus
1225 2237 1366 2276 Sancti
1394 2237 1574 2275 Eusebii.
1598 2237 1776 2275 Vacavit
1802 2251 1895 2287 ergo
1921 2243 2012 2273 turn

306 2290 484 2330 Ecclesia
516 2292 767 2342 parisiensis,
798 2295 862 2333 cui
891 2295 942 2332 ab
972 2296 1117 2333 eodem
1144 2310 1254 2346 papa
1283 2297 1496 2346 provisum
1525 2296 1605 2334 fuit
1634 2296 1683 2335 de
1715 2295 1934 2345 Aymerico
1964 2295 2012 2333 de

306 2349 515 2399 Magnaco,
544 2366 588 2389 ix
617 2353 696 2392 kal.
728 2354 906 2392 octobris
942 2354 1007 2405 [23
1031 2356 1264 2405 septembre
1278 2355 1305 2406 ],
1328 2363 1372 2393 ut
1399 2356 1550 2406 legitur
1575 2355 1617 2393 in
1646 2355 1790 2393 eodem
1818 2355 2011 2404 Registro.

308 2408 411 2447 Falsi
462 2411 559 2448 sunt
604 2426 698 2461 ergo
753 2413 1062 2452 Sammarthani
1079 2413 1095 2436 ³
1151 2414 1375 2453 scribentes
1430 2415 1634 2465 templum
1688 2413 2012 2453 Caelestinorum

306 2467 593 2506 Parisiensium
641 2471 880 2509 dedicatum
920 2487 1005 2511 esse
1049 2487 1158 2511 anno
1202 2473 1462 2511 MCCCLXX
1505 2474 1673 2512 sedente
1716 2473 1927 2523 Stephano
1971 2472 2013 2510 in

306 2527 498 2565 cathedra
532 2529 738 2568 Ecclesiae
763 2531 1014 2571 Parisiensis.

359 2585 517 2624 Extant
535 2588 576 2625 in
595 2590 762 2628 archivo
781 2590 891 2640 regio
913 2591 1171 2629 Ruthenensi
1189 2592 1332 2630 literae
1350 2592 1469 2630 istius
1491 2592 1691 2642 Stephani
1710 2591 1833 2629 datae
1856 2590 2011 2629 Romae

304 2645 413 2692 apud
433 2647 630 2686 Sanctum
648 2648 831 2697 Petrum,
851 2664 908 2686 ΧΠ
926 2650 1005 2688 kal.
1025 2650 1221 2688 februarii
1248 2649 1312 2700 [21
1329 2650 1517 2701 janvier]
1534 2650 1807 2701 pontificatus
1825 2650 2010 2699 ejusdem

308 2702 460 2740 Urbani
476 2718 583 2742 anno
599 2714 746 2744 octavo
762 2707 914 2758 [1370]‚
931 2723 981 2747 ex
995 2705 1143 2758 quibus
1157 2709 1290 2759 liquet
1302 2710 1419 2749 illum
1434 2710 1557 2748 fuisse
1571 2722 1781 2748 summum
1798 2709 2010 2748 Romanae

306 2761 506 2801 Ecclesiae
555 2766 920 2813 paenitentiarium
938 2766 964 2807 4.
1015 2768 1213 2806 Concedit
1259 2776 1402 2806 autem
1449 2769 1628 2806 Guidoni
1685 2769 1733 2806 de
1782 2768 2008 2815 severiaco,

354 2908 380 2940 l.
417 2911 577 2943 Grandes
596 2912 806 2955 clworziques
827 2915 867 2946 cle
886 2915 1039 2955 France,
1061 2916 1118 2949 ed.
1143 2915 1383 2956 Delachenal,
1408 2922 1433 2949 t.
1455 2928 1492 2956 11,
1514 2928 1549 2959 p.
1573 2917 1628 2949 60.

351 2962 380 2993 2.
416 2962 461 2993 Ul
480 2973 520 3002 3.,
544 2969 569 2995 t.
591 2976 627 3004 11,
650 2977 683 3008 p.
708 2967 762 2998 66.

348 3016 379 3046 3.
411 3015 579 3048 L’crrcur
602 3029 621 3049 a
646 3018 797 3060 disparu
822 3020 864 3052 de
887 3020 1059 3055 sedition
1083 3021 1127 3054 de
1152 3022 1255 3062 1744,
1282 3028 1308 3054 t.
1336 3034 1397 3062 vu,
1423 3023 1490 3055 col.
1515 3023 1596 3056 137.

347 3067 378 3099 4.
414 3067 439 3099 ll
463 3068 517 3099 sut
540 3072 687 3102 nornine
709 3071 938 3113 penitencier
957 3074 988 3106 le
1010 3074 1050 3106 21
1074 3074 1210 3108 levrier
1229 3075 1324 3108 1369
1349 3074 1404 3119 (E.
1429 3074 1563 3116 Goller,
1582 3075 1654 3109 Die
1673 3075 1876 3119 papstliclze
1893 3075 2008 3109 Poni-

300 3120 474 3159 lentim-ie,
503 3128 524 3153 t.
549 3120 586 3160 1¹,
613 3135 645 3165 ιι.
671 3125 713 3155 93
736 3130 773 3155 ct
798 3131 820 3157 t.
845 3124 884 3165 1²,
908 3138 942 3169 p.
969 3127 1106 3170 20-23).
