2083 3458
309 254 394 297 406
973 268 1126 295 NOTAE
1159 267 1220 293 AD
1253 268 1381 293 VITAS
1890 250 2017 307 [894]

310 354 566 393 dubitaverit
595 354 768 392 scribere
799 352 1037 403 Philippum
1065 365 1202 401 regem
1231 351 1416 390 excusari
1445 351 1517 389 vix
1545 366 1730 402 unquam
1758 366 1877 402 posse
1907 351 2018 401 quod

310 415 480 452 Petrum
513 412 733 451 Bertrandi
768 411 950 461 aliosque
986 411 1202 449 nonnullos
1239 410 1464 449 cardinales
1501 411 1659 449 dederit
1693 411 1735 449 in
1771 410 2016 449 custodiam.

362 473 547 511 Tandem
569 472 715 510 Pastor
736 471 870 509 factus
892 478 954 509 est
973 470 1190 520 presbyter
1211 470 1427 508 cardinalis
1449 470 1562 508 tituli
1583 470 1829 509 Sanctorum
1850 469 2017 508 Marcel-

308 532 379 570 lini
396 540 437 570 et
454 532 565 570 Petri
582 545 690 569 anno
708 530 894 577 MCCCL,
913 529 976 568 die
994 544 1081 567 xvn
1100 529 1338 567 decembris.
1359 529 1593 579 Onuphrius
1613 529 1837 567 Panvinius
1855 528 2017 567 errandi

309 591 466 629 occasio
492 590 571 628 fuit
594 590 642 628 iis
669 590 738 640 qui
763 590 934 628 titulum
960 589 1207 627 Sanctorum
1233 588 1418 626 Silvestri
1442 596 1483 627 et
1508 588 1675 626 Martini
1700 588 1794 626 111110
1820 587 2016 626 cardinali

307 651 554 689 tribuerunt.
597 649 776 687 Pessime
816 647 1139 695 Sammarthani,
1180 648 1248 697 qui
1288 662 1382 686 eum
1420 648 1552 697 primo
1592 656 1859 686 consecutum
1898 647 2016 685 aiunt

306 710 477 748 titulum
503 709 644 747 Sancti
669 708 867 756 Silvestri,
894 707 1040 745 deinde
1067 707 1207 745 Sancti
1232 707 1400 744 Martini
1423 707 1464 745 in
1489 708 1713 755 montibus,
1740 722 1787 745 ac
1811 707 1843 745 si
1867 707 2014 744 titulus

307 769 447 807 Sancti
473 768 640 806 Martini
665 767 849 805 diversus
876 775 981 805 esset
1007 781 1029 804 a
1054 767 1178 804 titulo
1205 766 1344 804 Sancti
1371 766 1567 804 Silvestri.

361 828 475 866 Obiit
501 842 609 865 anno
638 826 885 873 MCCCLVI,
914 840 956 863 x1
985 825 1177 873 octobris,
1205 834 1253 863 ut
1279 825 1338 863 ait
1365 826 1632 864 Contelorius.
1664 826 1791 864 Recte
1825 824 2014 874 sequenti

304 888 413 926 enim
447 902 585 926 mense
619 886 825 925 decembri
858 885 1004 923 titulus
1040 885 1287 924 Sanctorum
1321 885 1542 923 Marcellini
1576 893 1617 923 et
1652 885 1762 923 Petri
1796 885 1917 922 datus
1952 891 2014 922 est

305 946 521 986 Guillelmo
542 945 738 984 Farinerii
757 945 805 983 de
825 944 1046 983 Gordonio.

359 1006 401 1044 P.
426 1005 515 1053 256,
537 1005 603 1055 lig.
629 1005 662 1044 6.
689 1005 975 1042 RAYMUNDUS
1000 1018 1055 1041 DE
1078 1004 1340 1042 CANILHACO.
1361 1004 1528 1042 Certum
1549 1011 1610 1042 est
1632 1004 1740 1041 hunc
1763 1002 2012 1041 cardinalem

305 1074 442 1104 ortum
472 1080 557 1103 esse
589 1080 608 1103 e
640 1064 814 1103 dioecesi
844 1063 1093 1110 Mimatensi,
1125 1078 1144 1101 e
1177 1071 1311 1100 castro
1342 1062 1534 1101 videlicet
1565 1063 1675 1112 quod
1706 1062 1827 1101 hodie
1857 1069 2011 1100 vocant

306 1125 469 1175 Rupem
487 1123 694 1171 Caniliaci,
712 1131 760 1161 ut
790 1131 971 1161 testatur
998 1123 1142 1160 Petrus
1162 1122 1360 1160 Gariellus
1385 1122 1427 1160 in
1446 1122 1553 1160 Serie
1573 1122 1848 1172 episcoporum
1866 1121 2011 1170 Maga-

303 1184 540 1231 lonensium,
558 1198 644 1234 par.
666 1183 720 1230 ΙΙ,
737 1197 775 1233 p.
796 1182 857 1221 59.
879 1183 1052 1221 Constat
1068 1189 1210 1221 autem
1226 1196 1276 1219 ex
1290 1181 1529 1219 testimonio
1546 1181 1731 1231 ejusdem
1748 1180 1925 1228 Garielli‚
1943 1179 2013 1230 qui

303 1243 345 1281 id
382 1251 586 1293 tanquam
625 1250 783 1281 certum
819 1242 963 1289 tradit,
1004 1241 1173 1280 Petrum
1212 1240 1261 1279 de
1299 1240 1518 1288 Canillaco,
1557 1241 1796 1291 episcopum
1833 1240 2012 1290 Magalo-

302 1317 484 1350 nensem,
509 1302 631 1352 hujus
659 1301 899 1351 Raymundi
924 1301 1107 1347 fratrem,
1133 1300 1256 1338 fuisse
1283 1300 1413 1339 filium
1438 1300 1655 1340 Guillelmi.
1683 1300 1747 1337 Ex
1772 1314 1851 1349 quo
1876 1313 2011 1337 neces—

302 1362 407 1400 sario
431 1362 635 1411 colligitur
657 1361 848 1400 eumdem
871 1360 994 1398 fuisse
1016 1368 1179 1410 patrem
1204 1359 1455 1408 Raymundi.
1480 1359 1622 1397 Matris
1646 1359 1733 1409 ejus
1756 1373 1906 1398 nomen
1929 1373 2011 1396 non

300 1422 503 1472 proditur.
532 1421 609 1459 Sed
644 1435 694 1459 ex
720 1420 933 1458 Matthaeo
959 1419 1149 1467 Villanio,
1175 1418 1244 1457 lib.
1274 1418 1349 1466 XI,
1378 1433 1465 1469 cap.
1495 1433 1598 1456 xxvi
1619 1418 1848 1469 [Muratori,
1865 1426 1895 1457 t.
1923 1433 2009 1466 XIV,

302 1481 375 1519 col.
402 1480 500 1531 709]
524 1481 656 1530 liquet
678 1494 766 1518 eam
791 1479 914 1517 fuisse
937 1493 1116 1517 sororem
1137 1478 1356 1516 Bertrandi
1380 1478 1428 1516 de
1453 1478 1619 1526 Deucio,
1644 1477 1861 1516 cardinalis
1885 1478 2010 1517 Ebre-

301 1540 508 1578 dunensis.
541 1540 687 1589 Itaque
715 1539 941 1577 secundum
968 1552 1014 1576 ea
1043 1552 1147 1587 quae
1174 1537 1330 1575 tradita
1358 1545 1455 1575 sunt
1481 1551 1503 1575 a
1532 1537 1708 1575 Gariello
1735 1545 1777 1576 et
1804 1551 1908 1587 quae
1936 1552 2008 1575 nos

301 1599 397 1637 alibi
430 1599 678 1647 invenimus,
700 1599 759 1636 ita
795 1598 991 1636 constitui
1024 1612 1142 1647 posse
1175 1596 1341 1635 videtur
1375 1605 1551 1636 stemma
1583 1596 1702 1634 istius
1737 1597 1881 1646 gentis.
1911 1597 2008 1635 Tres

301 1658 411 1697 fuere
437 1659 597 1707 fratres,
625 1658 863 1696 Guillelmus
888 1656 953 1695 ille
980 1671 1102 1706 quem
1128 1656 1319 1704 diximus,
1345 1664 1387 1694 et
1413 1656 1583 1694 Pontius
1610 1664 1650 1694 et
1676 1655 1810 1694 Guido
1835 1656 2007 1694 abbates

300 1718 552 1756 Anianenses
570 1717 612 1755 in
630 1717 760 1755 Gallia
781 1715 1075 1754 Narbonensil.
1090 1715 1329 1755 Guillelmus
1346 1730 1396 1754 ex
1411 1730 1545 1753 sorore
1559 1715 1778 1754 Bertrandi
1791 1715 1840 1754 de
1854 1715 2007 1754 Deucio

300 1777 516 1815 cardinalis
560 1776 701 1827 genuit
743 1775 1035 1825 Marquesium,
1080 1789 1202 1824 quem
1245 1789 1352 1813 anno
1395 1774 1609 1814 millesimo
1652 1774 1816 1813 CCCIII
1857 1774 2007 1813 vixisse

300 1845 464 1874 constat
501 1850 552 1875 ex
589 1835 844 1873 Collectaneis
883 1835 926 1872 de
964 1834 1131 1872 dissidio
1161 1833 1367 1883 Bonifacii
1410 1834 1523 1871 VIII
1559 1842 1593 1871 et
1628 1833 1817 1884 Philippi
1853 1834 2006 1882 Pulcri,

302 1896 600 1945 Raymundum
638 1894 901 1941 cardinalem,
942 1894 1110 1932 Petrum
1149 1894 1386 1943 episcopum
1425 1893 1771 1943 Magalonensem‚
1811 1893 2006 1931 Pontium

299 1955 497 1993 abbatem
533 1954 822 2002 Anianensem,
861 1961 902 1991 et
941 1952 1192 2003 Dalphinam
1228 1960 1404 1992 matrem
1442 1952 1640 1990 Guidonis
1687 1953 1736 1991 de
1776 1952 2002 1991 Severiaco.

300 2014 553 2063 Marquesius
602 2013 776 2052 moriens
831 2012 996 2051 unicam
1049 2012 1205 2062 prolem
1252 2012 1417 2061 reliquit
1456 2012 1694 2059 Guarinam,
1744 2026 1848 2061 quae
1896 2026 2004 2050 anno

299 2073 553 2112 MCCCXLV
584 2073 726 2123 nupsit
757 2070 973 2111 Guillelmo
1007 2071 1183 2121 Rogerii,
1216 2071 1435 2110 Clementis
1467 2071 1525 2108 VI
1557 2071 1687 2119 fratri,
1720 2086 1771 2109 ex
1802 2085 1882 2121 quo
1915 2078 2004 2109 orta

297 2132 419 2183 stirps
443 2132 736 2170 Belfortiorum
761 2132 829 2181 qui
854 2130 1133 2180 cognominati
1157 2139 1253 2168 sunt
1277 2130 1326 2168 de
1351 2130 1583 2177 Canilhaco.
1611 2131 1674 2168 Ex
1698 2144 1778 2180 quo
1802 2130 1919 2169 facile
1943 2138 2005 2168 est

298 2192 514 2230 aestimare
536 2206 680 2230 verum
703 2206 784 2229 non
807 2206 891 2229 esse
913 2191 953 2228 id
977 2190 1087 2240 quod
1110 2189 1168 2227 ait
1189 2190 1298 2228 idem
1322 2189 1533 2237 Gariellus,
1557 2189 1821 2229 Guillelmum
1842 2197 2003 2240 patrem

299 2251 407 2289 Petri
431 2251 610 2301 episcopi
634 2250 932 2300 Magalonensis
957 2249 1080 2287 fuisse
1104 2249 1315 2288 sobrinum
1339 2249 1523 2298 ejusdem
1547 2248 1766 2288 Clementis
1790 2256 1831 2287 et
1855 2248 2003 2298 Grego-

296 2311 402 2349 rium
427 2310 489 2347 XI
513 2310 600 2359 ejus
624 2317 818 2360 nepotem
842 2309 965 2347 fuisse
989 2323 1039 2347 ex
1062 2308 1217 2347 familia
1241 2308 1567 2347 Canilhacorum.

349 2370 468 2407 Anno
494 2368 831 2407 MCCCXXXIX
857 2368 1130 2417 Raymundus
1154 2375 1246 2406 tum
1269 2367 1528 2417 praepositus
1553 2367 1852 2417 Magalonensis
1875 2366 2004 2416 judex

295 2429 446 2466 electus
481 2442 563 2466 una
598 2442 691 2466 611111
725 2428 941 2466 Guillelmo
976 2427 1024 2465 de
1059 2427 1169 2464 Aura
1202 2427 1444 2476 presbytero
1478 2426 1683 2464 cardinale
1716 2426 1828 2464 tituli
1863 2425 2003 2464 Sancti

296 2488 495 2538 Stephani
516 2487 558 2525 in
582 2487 716 2525 Coelio
740 2494 880 2525 monte
906 2486 1030 2525 finem
1052 2486 1192 2536 posuit
1215 2485 1399 2523 diutinae
1418 2485 1715 2523 concertationi
1739 2499 1843 2534 quae
1866 2484 2002 2523 fuerat

295 2547 400 2585 inter
425 2546 689 2585 Guillelmum
712 2546 760 2584 de
786 2546 1001 2593 Lauduno,
1026 2545 1268 2583 vestiarium
1290 2545 1544 2594 Magalonae,
1567 2553 1608 2582 et
1632 2545 1848 2582 canonicos
1873 2544 2000 2582 claus-

294 2606 416 2643 trales
445 2620 565 2655 super
592 2605 822 2655 augmentis
851 2619 955 2654 quae
983 2604 1116 2642 dictus
1143 2604 1360 2642 vestiarius
1390 2604 1444 2642 eis
1470 2604 1565 2641 dare
1592 2603 1832 2649 tenebatur3
1853 2603 1999 2650 Gariel,

294 2673 400 2714 part.
431 2665 483 2712 II,
508 2679 546 2714 p.
574 2664 634 2703 12.

348 2725 466 2761 Anno
486 2723 753 2770 MCCCXLV,
772 2737 865 2761 cum
884 2723 1123 2761 Guillelmus
1142 2722 1190 2760 de
1209 2722 1409 2759 Lauduno
1427 2721 1756 2771 archiepiscopus
1775 2721 1999 2759 Tolosanus

292 2783 570 2821 renuntiasset
597 2782 981 2832 archiepiscopatui,
1011 2781 1285 2830 Raymundus
1313 2781 1347 2818 ei
1374 2781 1570 2818 suffectus
1598 2788 1660 2818 est
1677 2779 1705 2828 ²,
1733 2780 1794 2818 uti
1822 2780 1998 2819 diximus

294 2856 430 2891 supra,
456 2857 494 2892 p.
520 2841 610 2880 868.

346 2901 465 2938 Anno
492 2900 663 2939 MCCCL
689 2900 873 2938 Clemens
900 2899 956 2936 VI
983 2913 1076 2937 eum
1102 2898 1258 2937 creavit
1289 2898 1579 2947 presbyterum
1612 2897 1862 2936 cardinalem
1887 2897 1999 2935 tituli

294 2960 467 2998 Sanctae
496 2959 633 2998 Crucis
659 2959 701 2996 in
730 2958 998 2997 Hierusalem.
1030 2958 1118 3005 Quo
1156 2958 1244 2996 1060
1272 2957 1580 2995 admonendum
1608 2964 1669 2995 est
1698 2964 1806 2995 recte
1832 2957 1918 3006 jam
1945 2956 1997 2994 ab

341 3091 371 3121 1.
397 3089 518 3122 Gallia
536 3089 745 3128 christiana,
765 3094 791 3121 t.
812 3099 861 3127 VI,
880 3089 946 3121 col.
967 3088 1137 3121 845-846.

342 3142 371 3174 2.
391 3141 440 3174 Le
460 3142 503 3175 28
520 3153 618 3174 mars
636 3142 729 3175 1345
750 3140 895 3184 (Eubel,
914 3140 1145 3180 Hierarchia,
1164 3146 1190 3173 t.
1208 3152 1231 3180 1,
1251 3152 1286 3183 p.
1305 3140 1402 3183 488).
