2083 3458
271 237 355 278 484
922 252 1073 277 NOTAE
1108 251 1167 276 AD
1204 250 1330 275 νΙΤΑε
1824 240 1978 296 [1435]

276 337 551 385 Hieronymus
585 337 736 387 quippe
769 336 920 383 surita,
952 336 1020 375 lib.
1054 335 1135 372 Vll
1156 335 1318 374 Annali.
1351 334 1565 384 Arragon.‚
1597 351 1684 388 cap.
1719 353 1805 388 XIV,
1836 341 1978 380 scribit

272 397 482 434 decretum
505 397 628 434 fuisse
650 405 697 433 ut
718 396 829 446 apud
851 395 1142 433 Castellionem
1163 394 1203 431 in
1226 408 1323 443 agro
1346 394 1619 444 Emporitano
1641 398 1916 438 celebraretur
1935 401 1977 439 in

271 457 427 494 oetavis
459 456 650 494 Paschae.
684 456 862 493 ,loannes
892 463 1032 492 autem
1062 454 1109 491 de
1139 453 1365 502 Arragonia
1394 454 1630 504 patriarcha
1659 456 1976 508 Alexandrinus,

270 515 380 553 Petri
406 516 545 562 frater,
574 516 614 553 in
641 515 815 564 epistola
842 522 932 552 tum
959 514 1110 563 scripta
1138 513 1190 550 ad
1218 513 1442 551 Geraldum
1480 514 1716 554 ministrum
1747 519 1978 567 generalem

269 575 419 612 ordinis
441 575 615 612 fratrum
636 574 839 612 Minorum
859 582 899 612 et
918 581 1071 611 ceteros
1092 573 1237 610 fratres
1257 572 1368 622 apud
1385 573 1679 623 perpinianum
1695 586 1976 627 congregatos,

268 634 327 672 ait
353 649 393 672 se
421 634 601 684 capitulo
628 648 782 681 eorum,
811 646 1051 683 quanquam
1076 632 1117 669 id
1154 632 1273 669 valde
1309 640 1491 682 cuperet,
1527 633 1724 673 interesse
1750 650 1833 674 non
1859 651 1977 687 posse

268 703 436 744 propter
473 702 784 731 concurrentem
821 692 1128 731 solemnitatem
1165 691 1408 741 nuptiarum
1443 691 1574 731 incliti
1612 693 1769 733 domini
1802 695 1975 735 infantis

269 754 377 791 Petri
404 753 585 803 germani
609 753 683 791 sui.
713 752 899 802 Epistola
925 766 1045 801 porro
1070 751 1139 788 illa
1165 750 1263 788 data
1289 758 1351 789 est
1376 750 1594 790 Gerundae
1620 753 1684 791 die
1708 755 1852 793 martis
1882 765 1976 805 post

268 813 559 851 Ascensionem
585 812 740 850 domini
766 811 895 849 nostri
921 811 1018 849 Jesu
1045 810 1196 848 Christi
1232 809 1298 859 [14
1322 810 1444 861 mai].
1474 810 1537 848 Ex
1563 825 1644 861 quo
1671 813 1804 863 colligi
1829 814 1975 854 debere

268 872 433 910 videtur
458 873 624 922 nuptias
652 886 755 921 quae
782 871 887 909 coire
913 870 1124 908 debebant
1148 869 1190 907 in
1217 869 1374 907 octavis
1401 869 1584 909 Paschae
1610 871 1759 911 dilatas
1786 873 1910 913 fuisse
1933 875 1976 913 in

268 932 573 970 Ascensionem.
606 931 792 981 Epistola
820 931 888 968 illa
917 930 1028 968 edita
1058 937 1119 968 est
1147 943 1169 966 a
1197 928 1446 978 Waddingo,
1475 943 1540 969 an.
1572 930 1687 979 1331,
1722 931 1739 980 ἓ
1767 932 1790 970 9
1829 933 1874 983 [t
1905 948 1975 982 vn,

267 1006 304 1041 p.
333 990 431 1041 121]
456 1006 506 1029 ex
529 992 658 1029 veteri
681 990 819 1028 codice
843 1004 916 1028 ms.
943 989 1013 1039 qui
1035 1003 1145 1026 nunc
1170 996 1360 1026 censetur
1382 988 1423 1026 in
1447 988 1698 1028 bibliotheca
1724 991 1974 1041 colbertina,

267 1064 378 1089 num.
411 1048 515 1088 5496
542 1052 726 1100 signatus
746 1049 771 1089 1.
806 1049 930 1091 Edita
962 1057 1023 1087 est
1049 1057 1194 1086 autem
1224 1047 1317 1086 cum
1347 1048 1507 1098 aliquot
1536 1050 1710 1098 mendis,
1739 1051 1974 1091 leviusculis

268 1125 378 1157 sane,
402 1110 471 1148 sed
495 1119 636 1148 tamen
660 1109 830 1148 mendis.
861 1109 905 1146 In
928 1109 1052 1146 titulo
1074 1108 1224 1158 legitur
1248 1107 1291 1144 in
1314 1106 1471 1145 Christo
1495 1107 1594 1157 filiis
1616 1111 1973 1160 reverendissimis;

267 1185 339 1220 pro
366 1184 446 1219 quo
470 1170 511 1207 in
536 1170 665 1208 veteri
690 1169 827 1207 codice
851 1168 1029 1207 habetur
1055 1168 1098 1205 in
1121 1167 1279 1205 Christo
1302 1167 1383 1205 sibi
1407 1167 1647 1207 karissimis.
1678 1169 1789 1207 Infra
1815 1171 1975 1209 editum

266 1237 326 1267 est
348 1229 454 1278 patri
476 1227 691 1266 Francisco
714 1228 932 1277 impressis‘,
955 1241 1048 1265 cum
1069 1227 1110 1265 in
1133 1227 1277 1265 eodem
1299 1227 1430 1266 veteri
1451 1226 1556 1265 libro
1579 1228 1780 1278 scriptum
1797 1230 1851 1268 sit
1867 1231 1975 1280 patri

270 1288 492 1326 beatissimo
524 1288 740 1338 impressis,
774 1288 828 1325 Et
858 1302 955 1325 mox
982 1287 1266 1338 reponendum
1296 1294 1358 1325 est
1388 1301 1508 1336 usque
1539 1287 1581 1324 in
1620 1287 1750 1337 finem.
1784 1289 1974 1328 Ceterum

266 1349 451 1386 Joannae
469 1349 605 1386 uxoris
626 1348 733 1386 Petri
752 1347 906 1385 mentio
931 1355 992 1385 est
1008 1347 1049 1385 in
1081 1346 1191 1384 bulla
1211 1345 1225 1368 2
1242 1346 1461 1385 Clementis
1480 1346 1551 1395 VI,
1580 1361 1660 1397 qua
1692 1348 1856 1398 utrique
1873 1349 1974 1388 facit

265 1416 518 1457 potestatem
535 1407 781 1446 aedificandi
799 1407 969 1445 domum
987 1406 1138 1444 ordinis
1154 1406 1331 1444 fratrum
1344 1406 1550 1444 Minorum
1566 1406 1604 1444 in
1623 1407 1712 1446 loco
1730 1407 1779 1446 de
1798 1408 1972 1456 Gaudia,

266 1467 458 1505 dioecesis
478 1468 733 1506 Valentinae.
751 1467 895 1504 Edidit
911 1467 1024 1505 illam
1040 1466 1150 1504 idem
1167 1465 1439 1516 Waddingus‚
1453 1474 1482 1504 t.
1498 1480 1566 1514 VII,
1579 1466 1620 1503 in
1638 1466 1813 1516 Regesto‚
1827 1483 1865 1518 p.
1880 1467 1969 1508 497.

319 1526 437 1564 Anno
461 1527 746 1564 MCCCXLIII
767 1527 809 1564 in
831 1541 874 1565 ea
897 1534 1016 1576 parte
1038 1525 1173 1575 campi
1196 1525 1511 1563 Tarraconensis
1533 1526 1844 1577 maricontigua
1867 1542 1971 1578 quae

266 1586 436 1635 attingit
470 1595 629 1625 montes
663 1586 899 1636 Balagarios
934 1585 1129 1623 fundavit
1164 1585 1473 1624 celeberrimum
1506 1585 1825 1635 xenodochium,
1861 1587 1971 1637 quod

266 1646 387 1695 vulgo
414 1654 587 1684 vocatur
616 1646 829 1696 Hospitale
856 1645 1049 1695 principis
1076 1646 1141 1683 vel
1168 1645 1344 1693 comitis,
1364 1645 1399 1682 lo
1424 1645 1586 1694 Espital
1603 1645 1664 1682 del
1686 1646 1888 1695 princepo
1913 1646 1974 1684 del

265 1713 393 1743 comte,
434 1705 563 1755 Supra
597 1713 762 1756 portam
797 1705 919 1743 turris
955 1704 1140 1754 ejusdem
1174 1705 1251 1742 loci
1285 1704 1326 1742 in
1362 1718 1564 1743 marmore
1608 1705 1784 1743 candido
1819 1705 1972 1756 scripta

264 1773 326 1803 est
344 1779 516 1815 sequeus
534 1765 760 1815 inscriptio,
782 1779 907 1815 quam
926 1764 1169 1814 Pujadesius
1189 1778 1311 1814 supra
1330 1764 1524 1802 laudatus
1544 1764 1709 1802 notavit
1736 1779 1776 1803 se
1796 1765 1972 1815 descrip-

267 1824 363 1862 sisse
384 1839 433 1862 ex
451 1825 539 1874 ipso
558 1825 694 1875 lapide
714 1839 821 1862 anno
842 1825 1056 1862 millesimo
1078 1823 1318 1871 DCXXIII,
1341 1824 1403 1863 die
1425 1838 1532 1861 xxix
1551 1824 1794 1874 septembris
1827 1839 1834 1862 ε

318 1884 437 1921 Anno
452 1885 618 1922 Domini
636 1884 962 1932 MCCCXLIJI‚
981 1901 1021 1925 VJ
1039 1884 1129 1921 idus
1143 1883 1196 1934 [8]
1212 1883 1446 1932 novembris,
1464 1883 1625 1921 inclitus
1637 1883 1823 1921 dominus
1836 1883 1973 1933 infans

264 1944 406 1981 Petrus
433 1943 697 1981 illustrissimi
723 1944 876 1981 domini
905 1943 1046 1981 Jacobi
1075 1943 1196 1980 bonae
1221 1943 1431 1980 memoriae
1455 1943 1559 1992 regis
1583 1943 1820 1992 Aragonum
1847 1943 1971 1993 filius,

265 2017 389 2040 comes
409 2003 669 2052 Hipucurtioe
689 2012 722 2041 et
742 2012 1042 2041 montanearum
1062 2003 1107 2040 de
1126 2003 1287 2050 Pradis,
1309 2017 1380 2052 pro
1400 2002 1616 2040 animabus
1637 2002 1834 2040 nobilium
1854 2002 1971 2040 comi-

261 2071 346 2100 tum
388 2062 664 2112 Impuriarum
704 2064 975 2113 defunctorum
1015 2063 1058 2100 de
1098 2062 1270 2112 pecunia
1309 2062 1643 2100 munumissoriae
1680 2062 1972 2111 praedictorum

265 2122 451 2160 'comitum
479 2122 594 2171 juxta
623 2123 913 2161 ordinationem
942 2122 1189 2160 sanctissimi
1222 2122 1265 2158 in
1295 2121 1451 2159 Christo
1480 2121 1609 2171 patris
1638 2129 1672 2159 et
1701 2121 1856 2158 domini
1886 2120 1971 2158 Cle-

265 2182 405 2219 mentis
422 2197 552 2232 papae
577 2182 649 2229 VI,
670 2182 774 2220 bunc
790 2183 984 2232 hospitale
999 2182 1198 2232 fundavit,
1218 2181 1363 2218 dotavit
1381 2189 1415 2219 et
1431 2181 1605 2219 construi
1621 2180 1713 2230 fecit
1729 2180 1772 2217 in
1788 2180 1972 2217 honorem

266 2250 299 2279 et
323 2241 479 2279 laudem
502 2243 670 2279 Domini
696 2250 729 2280 et
759 2242 889 2280 beatae
915 2242 1087 2291 virginis
1114 2241 1288 2289 Μανὶαθ,
1316 2249 1542 2278 sanctorum
1568 2240 1835 2289 apostolorum
1862 2239 1971 2277 Petri

262 2309 296 2338 et
314 2301 448 2341 Pauli.

317 2361 461 2399 Petrus
487 2362 621 2400 infans
647 2376 764 2411 aegre
790 2362 920 2400 ferens
946 2361 1195 2400 desiderium
1220 2361 1407 2398 Joannae
1432 2359 1570 2397 uxoris
1596 2373 1707 2406 suae,
1733 2372 1838 2408 quae
1864 2358 1969 2396 circa

262 2434 418 2459 annum
456 2422 735 2459 MCCCLVIII
773 2422 957 2460 extincta
995 2428 1069 2469 est,
1098 2434 1234 2459 rerum
1270 2419 1577 2458 mundanarum
1615 2431 1755 2456 curam
1791 2417 1969 2467 abjicere

263 2480 445 2518 decrevit
481 2489 521 2518 et
558 2481 765 2519 Christum
800 2495 1025 2531 pauperem
1061 2481 1189 2530 sequi.
1232 2480 1378 2528 Itaque
1415 2478 1554 2516 divisis
1591 2477 1708 2515 bonis
1745 2476 1826 2514 suis
1862 2476 1970 2515 inter

266 2539 381 2587 filios,
417 2540 500 2589 ipse
535 2541 729 2578 instituto
764 2541 967 2579 sodalium
1004 2540 1371 2578 Franciscanorum
1406 2552 1446 2576 se
1480 2537 1654 2576 addixit.
1693 2536 1813 2574 Hinc
1834 2536 1967 2573 factus

260 2599 470 2647 illustrior,
491 2614 536 2637 ac
557 2600 848 2639 miraculorum
867 2609 908 2639 et
926 2599 1228 2638 revelationum
1248 2597 1373 2648 gloria
1393 2596 1654 2643 clarissimus,
1675 2609 1768 2633 cum
1786 2602 1968 2633 aetatem

264 2672 379 2694 suain
405 2660 667 2707 produxisset
691 2674 820 2709 usque
845 2660 896 2697 ad
921 2668 1109 2708 tempora
1134 2656 1379 2703 schismatis,
1407 2655 1564 2694 Urbani
1589 2655 1646 2692 VI
1670 2662 1808 2704 partes
1833 2654 1965 2691 tuitus

266 2726 320 2753 cst
354 2719 484 2755 acrius
516 2733 640 2768 quani
670 2720 831 2757 deceret
861 2720 995 2756 virum
1024 2715 1284 2768 sapientem3
1313 2724 1353 2754 et
1382 2714 1617 2753 sanctitatis
1648 2713 1838 2764 opinione
1868 2713 1967 2751 eele-

315 2872 340 2903 l.
374 2872 412 2904 B.
449 2872 503 2912 N.⁷
537 2885 602 2906 ms.
636 2874 729 2906 latin
761 2873 868 2914 5006,
900 2874 961 2908 fol.
994 2874 1062 2907 183
1093 2877 1143 2906 v2.

312 2924 339 2956 2.
378 2924 500 2965 Eubol,
528 2926 569 2959 B.
598 2926 653 2967 F„
681 2934 705 2960 t.
734 2939 781 2967 vi,
808 2940 842 2961 n.
870 2927 949 2960 147.

312 2980 339 3008 ¹3.
374 2978 504 3010 {Jaluzc
533 2980 687 3023 critique
716 2981 962 3023 injustement
988 2980 1022 3012 la
1049 2979 1224 3012 conduite
1253 2978 1296 3010 de
1326 2976 1445 3009 Pierre
1474 2975 1679 3018 d’Arag0n;
1708 2975 1743 3008 la
1768 2974 1964 3018 legitimite

263 3030 304 3059 «lo
334 3031 492 3062 (jhssmvnc
529 3032 597 3064 vll
628 3033 721 3066 u'est
747 3046 813 3077 pas
840 3045 969 3066 encore
998 3033 1224 3066 demontree.
1247 3050 1295 3053 —
1321 3029 1369 3063 Le
1394 3030 1432 3063 P.
1455 3028 1755 3079 Bliemetzrieder
1777 3027 1858 3071 (Die
1881 3026 1966 3059 zwei

265 3082 460 3115 minorum
483 3085 595 3117 l’rinz
616 3086 743 3119 Petrus
765 3098 831 3119 con
850 3086 1063 3129 Aragonien
1085 3086 1161 3118 und
1178 3082 1364 3117 Kardinal
1383 3082 1557 3115 Belo-and
1574 3081 1747 3136 Atgerius
1761 3092 1806 3113 zu
1817 3080 1965 3123 Beginn

263 3136 319 3166 cles
354 3136 679 3172 11immutatis-elien
715 3139 908 3179 Schismas,
946 3140 1037 3172 dans
1071 3138 1271 3171 Archivum
1305 3136 1595 3169 Franciscanum
1627 3134 1848 3174 historicum,
1878 3139 1904 3166 t.
1938 3144 1964 3165 11
