2083 3458
152 212 265 270 [850]
677 229 894 254 PAPARUM
930 226 1314 253 AVENIONENSIUM
1753 212 1836 254 359

144 313 362 352 beatissime
381 313 543 362 virgini,
564 327 712 350 necnon
730 320 764 350 et
785 312 890 349 beato
907 311 1084 348 Antonio
1102 311 1325 360 consessori,
1346 312 1459 361 cujus
1479 311 1670 349 devotioni
1689 311 1836 360 afficior

139 372 405 422 perhennibus
431 372 570 421 referta
599 371 908 409 benedictionum
933 369 1121 407 laudibus
1148 370 1273 418 gloria
1298 378 1332 407 et
1356 371 1509 417 honore,
1537 371 1581 408 de
1606 370 1726 419 hujus
1755 370 1833 407 bre-

138 431 258 469 viarii
279 431 513 469 venerabilis
533 438 566 468 et
586 429 855 479 circumspecti
876 429 951 467 viri
972 428 1124 466 domini
1151 428 1339 466 Galliardi
1360 430 1404 466 de
1425 430 1578 467 Bedach
1600 430 1833 467 decretorum

138 490 315 537 doctoris,
340 490 530 540 prepositi
554 489 810 536 Arelatensis,
836 487 1031 525 reverendi
1057 487 1099 525 in
1123 487 1277 524 Christo
1300 488 1426 537 patris
1449 497 1483 525 et
1506 488 1656 525 domini
1680 487 1832 525 domini

137 549 327 587 Ademari
362 548 519 586 Roberti
555 548 660 585 tituli
697 548 835 585 Sancte
869 546 1083 584 Anasta-sie
1117 546 1331 596 presbyteri
1374 547 1589 584 cardinalis
1623 546 1830 597 auditoris,

133 608 262 654 futuri
281 607 470 658 episcopi,
493 606 644 644 domini
665 606 740 644 mei
760 606 954 656 precipui,
975 605 1166 655 scripture
1186 605 1417 654 perfectione
1437 620 1505 655 per
1529 620 1586 643 me
1609 606 1831 643 „Iohannem

136 666 302 704 Corradi
328 667 372 704 de
397 665 593 715 Fulgineo
619 665 817 703 notarium
841 665 980 714 scripti
1007 664 1259 714 infinitarum
1284 664 1336 701 sit
1360 664 1459 702 actio
1486 665 1716 713 gratiarum.

192 725 320 775 Igitur
341 725 566 764 Ademarus
590 724 760 763 Roberti
778 724 910 762 factus
933 723 1035 761 fuit1
1057 723 1270 773 presbyter
1292 723 1506 761 cardinalis
1521 723 1632 761 tituli
1647 724 1684 761 S.
1701 723 1829 760 Anas-

136 784 265 823 tasiae
286 799 309 822 a
330 785 536 823 Clemente
558 783 616 821 VI
637 797 744 821 anno
767 783 1041 829 MCCCXLII,
1064 782 1127 820 die
1148 781 1343 831 vigesima
1365 782 1619 832 septembris.
1644 783 1697 819 Et
1719 795 1827 829 mox,

137 857 264 892 quum
284 843 319 882 ei
341 844 523 882 Clemens
545 842 749 892 quaedam
770 842 905 892 opima
927 841 1153 879 sacerdotia
1176 841 1415 879 contulisset
1434 841 1476 878 in
1497 841 1654 890 Anglia‚
1678 840 1828 890 gravis-

136 902 282 942 simam
301 901 668 940 contradictionem
685 915 827 951 passus
846 909 908 939 est
925 915 948 938 a
966 915 1056 949 rege
1077 900 1270 937 Eduardo
1292 900 1355 937 III
1370 908 1411 938 et
1428 914 1450 937 a
1467 900 1625 937 Joanne
1639 899 1828 949 episcopo

138 961 358 999 Exoniensi
373 961 414 998 in
431 961 548 1010 cujus
564 959 735 998 dioecesi
753 959 831 997 sita
848 968 936 997 erat
953 959 1089 1009 aliqua
1105 973 1199 1009 pars
1214 958 1451 997 eorumdem
1467 958 1789 997 sacerdotiorum
1799 957 1826 996 2.

135 1020 352 1059 Testatum
370 1020 411 1058 id
431 1020 589 1058 faciunt
606 1019 747 1057 literae
767 1018 1003 1068 pontificiae
1023 1018 1075 1055 ad
1094 1018 1284 1056 eumdem
1305 1017 1546 1057 Eduardum
1564 1017 1698 1056 editae
1717 1016 1828 1067 apud

137 1079 489 1129 Walsinghamum
523 1079 568 1129 [t.
591 1093 617 1126 1,
641 1093 680 1128 p.
706 1078 803 1127 259]
830 1085 871 1115 et
893 1077 995 1115 aliae
1019 1077 1140 1115 datae
1163 1077 1216 1114 ad
1238 1077 1428 1115 eumdem
1450 1076 1700 1127 episcopum,
1724 1089 1828 1125 quae

135 1146 282 1176 extant
306 1138 348 1176 in
372 1138 474 1176 libro
502 1145 649 1187 quarto
675 1137 928 1186 Regestorum
952 1136 1137 1186 ejusdem
1162 1135 1380 1174 Clementis
1407 1135 1477 1183 VI,
1505 1149 1592 1185 cap.
1621 1149 1699 1173 L1v.
1727 1134 1828 1172 Vide

136 1197 262 1236 etiam
281 1197 502 1236 Odoricum
523 1196 712 1246 Raynal.‚
732 1210 796 1233 an.
819 1195 931 1243 1344,
958 1195 974 1244 ξ
994 1195 1054 1234 55.
1078 1196 1140 1232 Ex
1158 1194 1329 1245 epistola
1348 1209 1467 1244 porro
1487 1194 1637 1244 scripta
1656 1193 1708 1231 ad
1726 1192 1828 1243 epis-

137 1270 285 1306 copum
314 1255 587 1294 Exoniensem
612 1255 743 1304 liquet
770 1255 973 1294 Ademaro
1001 1255 1144 1293 datam
1172 1253 1292 1291 fuisse
1321 1253 1598 1304 praebendam
1627 1252 1828 1290 Ecclesiae

138 1315 405 1353 Eboracensis
420 1314 447 1353 3.

188 1374 306 1412 Anno
337 1374 650 1421 MCCCXLVII,
681 1387 808 1423 quum
833 1372 1075 1411 recitaretur
1102 1386 1312 1422 processus
1354 1371 1674 1409 canonizationis
1697 1368 1829 1408 sancti

140 1433 290 1481 Ivonis‚
318 1434 501 1472 Clemens
529 1433 586 1470 VI
615 1431 905 1471 collationem4
930 1431 1091 1482 publice
1118 1430 1265 1468 habuit
1292 1431 1340 1468 de
1368 1431 1443 1468 hac
1471 1444 1606 1477 causa,
1633 1438 1680 1467 ut
1707 1442 1828 1478 supra

135 1492 326 1540 diximus,
347 1500 388 1530 et
406 1492 449 1530 in
471 1492 549 1530 fine
568 1491 647 1529 ista
668 1491 829 1529 addidit
851 1506 857 1528 :
882 1490 977 1528 Istis
996 1504 1084 1539 ergo
1106 1490 1148 1527 in
1167 1489 1396 1528 consistorio
1416 1489 1621 1538 diligenter
1640 1487 1830 1526 discussis

135 1559 169 1589 et
188 1546 439 1599 camminatis,
461 1559 495 1588 et
515 1551 700 1588 relatione
720 1550 824 1599 sacta
845 1564 913 1600 per
932 1550 1072 1599 fratres
1094 1557 1242 1586 nostros
1264 1549 1425 1586 Petrum
1448 1548 1706 1586 Sabinensem
1727 1546 1829 1596 epis-

136 1625 289 1661 copum,
316 1610 564 1653 Ademarurn
593 1609 699 1647 tituli
737 1609 903 1647 Sanctae
933 1608 1174 1646 Anastasiae
1209 1608 1488 1658 presbyterum,
1518 1615 1551 1644 et
1588 1607 1830 1644 Gallzardum

137 1670 302 1708 Sanctae
315 1669 462 1707 Luciae
477 1668 519 1706 in
532 1668 641 1706 silice
655 1668 865 1706 diaconum
882 1668 1114 1715 cardinales,
1130 1675 1164 1705 et
1182 1667 1326 1704 ibidem
1343 1667 1527 1704 omnibus
1541 1665 1830 1716 particulariter

136 1729 254 1776 lectis,
275 1729 403 1766 visum
420 1728 499 1778 suit
517 1728 617 1778 quod
634 1728 751 1765 etiam
769 1742 794 1765 a
811 1727 973 1777 prelatis
992 1726 1054 1764 liic
1071 1726 1326 1764 existentibus
1347 1726 1389 1762 in
1407 1726 1519 1763 curia
1536 1740 1589 1762 an
1607 1725 1829 1762 deberemus

134 1788 186 1826 ad
213 1787 343 1838 ipsius
368 1787 706 1825 canonizationem
731 1787 932 1836 procedere
958 1785 1168 1823 consilium
1195 1793 1420 1835 peteremus.
1453 1785 1563 1822 Haec
1590 1783 1714 1821 verba
1743 1783 1829 1820 des-

135 1847 266 1897 cripta
293 1854 390 1884 sunt
415 1861 466 1884 ex
490 1854 604 1885 tomo
632 1853 779 1895 quarto
806 1845 902 1885 maii
929 1844 1202 1892 Bollandiani,
1229 1859 1268 1894 p.
1297 1844 1385 1892 578,
1414 1844 1482 1882 sed
1509 1843 1727 1882 emendata
1755 1856 1829 1892 ope

137 1906 284 1944 veteris
310 1905 458 1944 codicis
482 1919 556 1943 ms,

191 1965 236 2003 In
270 1964 399 2003 veteri
433 1964 569 2002 codice
605 1963 845 2010 Naudean0‚
879 1971 926 2000 ut
959 1970 1139 2001 testatur
1174 1961 1385 2012 Philippus
1421 1961 1608 1999 Labheus
1641 1960 1682 1998 in
1717 1958 1831 1996 Nova

137 2024 365 2062 bibliotheca
382 2038 451 2061 seu
471 2022 694 2072 Specimine
711 2022 966 2072 antiquarum
982 2021 1190 2059 lectionum
1219 2021 1271 2071 [p.
1292 2021 1390 2071 223]
1411 2020 1603 2058 exstabat
1620 2033 1829 2069 processus

137 2083 269 2121 factus
304 2098 374 2133 per
408 2097 438 2120 r.
475 2097 513 2132 p.
551 2082 589 2120 d.
626 2081 877 2120 Ademarum
912 2080 1023 2118 tituli
1059 2080 1232 2118 Sanctae
1268 2079 1509 2117 Anastasiae
1544 2078 1830 2128 presbyterum

134 2142 383 2180 cardinalem
410 2140 784 2193 super'suspicione
812 2139 987 2178 haeresis
1016 2147 1157 2177 contra
1188 2139 1448 2177 Franciscum
1476 2138 1524 2175 de
1553 2136 1752 2175 Ordelafis
1781 2136 1828 2173 de

181 2343 213 2374 1.
233 2342 425 2375 Adhemar
445 2341 588 2374 Rohert
606 2341 700 2374 etait
719 2342 875 2375 docteur
892 2353 938 2374 en
957 2341 1055 2374 droit
1074 2341 1171 2380 civil,
1192 2341 1388 2384 chapelain
1406 2340 1613 2384 pontifical,
1634 2338 1830 2382 chapelain

134 2401 171 2427 et
189 2395 365 2427 auditeur
382 2395 432 2427 du
449 2394 617 2427 cardinal
635 2394 800 2427 Galhard
819 2395 914 2427 dela
926 2394 1054 2427 Mothe
1071 2394 1204 2437 (Vidal.
1224 2406 1258 2427 Π.
1279 2395 1370 2427 2735
1388 2399 1425 2426 ct
1442 2392 1562 2436 7719),
1579 2392 1754 2424 auditeur
1767 2392 1829 2424 des

133 2459 260 2481 causes
285 2448 334 2480 du
356 2446 473 2491 palais
497 2447 732 2491 apostolique
759 2447 914 2490 (Mollat‚
937 2447 993 2480 La
1014 2448 1181 2480 collation
1203 2448 1262 2480 des
1287 2446 1466 2489 benefice-9,
1490 2457 1525 2489 p.
1550 2444 1734 2488 303-304).
1759 2444 1830 2477 Sur

134 2511 189 2534 ses
210 2500 406 2540 benefices,
429 2500 509 2533 voir
528 2500 670 2540 Mollat‚
692 2512 727 2533 n.
749 2501 863 2533 44991
887 2507 924 2533 et
944 2500 1064 2540 Vidal,
1087 2507 1113 2533 t.
1133 2512 1183 2540 111,
1205 2512 1239 2543 p.
1263 2501 1293 2532 2.
1314 2519 1362 2522 —
1380 2499 1515 2531 Baluze
1536 2499 1663 2542 ajoute
1685 2510 1691 2530 z
1716 2498 1744 2530 Il
1763 2509 1788 2541 y
1808 2509 1829 2530 a

135 2555 226 2586 dans
248 2554 280 2586 le
304 2555 422 2587 tresor
445 2553 488 2585 de
510 2553 685 2597 l'abbaye
709 2554 752 2586 de
776 2553 908 2597 Cluny‚
932 2565 983 2586 un
1006 2560 1087 2586 acte
1112 2554 1217 2596 passe
1239 2553 1271 2585 le
1294 2553 1338 2585 16
1360 2551 1436 2584 mai
1458 2552 1550 2585 1327
1573 2562 1641 2594 par
1661 2551 1782 2593 lequel
1803 2550 1828 2583 il

133 2606 257 2650 paroit
278 2618 349 2650 que
372 2606 587 2640 venerabilis
608 2612 639 2639 et
660 2607 832 2640 discretus
854 2607 908 2640 vir
927 2607 1133 2639 Ademarus
1154 2606 1310 2644 Roberti,
1334 2605 1531 2638 canonicus
1554 2604 1778 2636 Turonensis
1799 2608 1830 2636 et

132 2660 341 2707 scolasticus
357 2659 658 2698 Constantiensis,
676 2659 735 2692 fut
752 2661 902 2693 nomme
919 2659 1057 2692 arbitre
1070 2671 1164 2702 pour
1180 2659 1296 2701 regler
1311 2659 1361 2690 les
1375 2657 1574 2690 differends
1587 2656 1650 2700 qui
1667 2656 1828 2689 estoient

134 2719 237 2746 entre
256 2712 380 2746 l'abhe
401 2713 445 2745 de
466 2712 586 2756 Cluny
605 2719 643 2745 et
660 2713 784 2746 l’abbe
805 2713 848 2745 de
869 2712 903 2746 S.
926 2712 1075 2745 Martial
1096 2712 1139 2744 de
1160 2712 1342 2754 Limoges.
1364 2710 1491 2743 L'acte
1511 2721 1557 2742 en
1580 2711 1753 2752 presence
1783 2709 1827 2742 de

136 2765 174 2799 P.
197 2766 240 2799 de
261 2765 295 2798 S.
317 2765 478 2805 Martial,
499 2766 696 2799 camerario
714 2766 855 2799 ordinis
874 2765 1129 2798 Cluniacensis
1150 2765 1189 2797 in
1207 2764 1379 2803 Francia,
1400 2770 1470 2796 etc.

182 2819 312 2851 Ari-est
338 2819 381 2851 de
407 2818 500 2851 1399
527 2830 533 2850 :
561 2818 623 2851 feu
650 2818 770 2851 Pierre
799 2818 952 2857 Robert,
980 2817 1076 2861 jadis
1103 2818 1226 2860 doyen
1252 2817 1295 2849 de
1322 2816 1356 2849 S.
1385 2815 1561 2849 Germain
1585 2814 1825 2854 l'Auxerrois‚

135 2871 238 2904 oncle
268 2872 312 2904 de
343 2870 477 2904 Guiart
508 2870 651 2904 Robert
681 2871 876 2910 chevalier,
908 2870 1144 2904 chambellan
1174 2870 1224 2902 du
1254 2870 1324 2902 duc
1355 2869 1560 2902 d'Orleans.
1590 2887 1639 2890 —
1665 2868 1827 2911 Aymart

136 2924 279 2957 Rohert
301 2924 538 2957 chambellan
561 2924 605 2957 de
628 2931 753 2957 nostre
777 2924 869 2956 frere
892 2924 923 2956 le
948 2924 1018 2956 duc
1043 2922 1248 2956 d’Orleans.

184 2978 214 3010 2.
235 2977 306 3010 Sur
324 2983 422 3010 cette
442 2976 582 3016 affaire,
603 2977 845 3016 voir'Mollat‚
866 2976 921 3008 La
939 2976 1106 3009 collation
1125 2976 1183 3008 des
1205 2974 1385 3018 benefices,
1406 2986 1440 3018 p.
1463 2974 1631 3007 254-258.

181 3031 212 3063 3.
240 3030 388 3069 Baluze,
416 3035 442 3063 t.
469 3041 519 3069 ιν,
546 3041 581 3073 p.
609 3030 665 3062 51.

183 3083 215 3116 4.
239 3083 279 3116 B.
306 3082 363 3122 N.‚
387 3094 454 3115 ms.
478 3082 573 3115 latin
595 3081 700 3122 3293,
724 3082 786 3115 fol.
811 3082 880 3115 3‘10
908 3086 953 3115 ΓΟ.
