2083 3458
84 199 206 254 [713]
514 195 519 201 ’
607 214 821 240 PAPARUM
857 214 1239 239 AVENIONENSIUM
1679 198 1760 241 209

69 311 194 347 quam
209 297 334 336 etiam
348 297 536 341 Bzovius,
552 311 617 334 an.
637 297 749 344 1330,
773 297 789 345 ἓ
806 298 840 344 1,
857 312 897 335 se
914 297 1173 347 descripsisse·
1185 298 1402 347 profitetur
1416 313 1467 336 ex
1482 299 1624 337 eodem
1640 300 1756 347 libro,

70 356 112 394 in
139 356 310 406 epistola
338 356 508 405 inquam
538 355 604 393 illa
636 356 805 394 Joannis
837 356 965 393 XXII
997 356 1142 394 diserte
1173 357 1369 406 scriptum
1411 365 1472 395 est
1503 358 1755 396 Ludovicum

69 415 191 453 ‚fuisse
208 422 448 453 coronatum
464 414 515 451 ab
531 415 741 464 antipapa.
757 415 935 452 Afferam
948 423 1086 452 autem
1101 415 1187 465 ipsa
1203 415 1327 453 verba
1345 431 1351 453 :
1369 416 1479 453 Patet
1492 416 1613 465 igitur
1626 417 1758 467 ipsum

71 473 269 511 Bavarum
292 473 359 522 jus
383 473 541 522 aliquod
567 487 644 510 non
670 473 817 520 habere,
846 474 938 523 quia
964 488 1041 510 non
1065 487 1088 509 a
1115 488 1199 510 vero
1223 488 1376 511 summo
1399 475 1595 524 pontifice,
1619 476 1685 512 sed
1708 476 1758 513 ab

65 532 263 582 antipapa
306 532 492 581 recepisse
535 531 677 568 «licitur
719 540 752 569 et
795 532 965 569 noscitur
1005 533 1246 581 supradicta,
1290 533 1434 570 scilicet
1477 534 1756 581 inunctionem,

66 590 405 638 consecrationem,
428 599 462 628 et
482 590 779 628 coronationem.
806 591 922 638 Quod
944 605 1085 628 verum
1108 599 1180 629 est.
1205 591 1396 629 Testatur
1417 592 1523 629 enim
1547 593 1756 641 villanius,

69 649 136 687 lib.
155 649 206 696 X,
224 663 310 699 cap.
330 663 459 686 Lxx1v
487 649 711 699 [Muratori,
730 657 757 687 t..
777 664 860 696 xm,
878 650 950 687 col.
969 649 1082 698 646}
1099 664 1191 687 eum
1206 664 1366 687 rursum
1382 659 1621 688 coronatum
1638 652 1758 689 fuisse

69 707 121 745 ab
141 708 351 758 antipapa.
374 708 490 746 Unde
510 707 550 745 in
571 707 762 745 Chronico
785 708 935 745 Donati
954 708 1082 746 Bossii
1101 709 1247 757 legitur
1265 709 1378 746 illum
1398 710 1574 748 secundo
1595 724 1758 748 corona-

67 774 158 804 tum
178 781 261 804 esse
281 767 332 804 ab
352 767 568 816 antipapa;
590 781 612 803 a
636 781 707 815 quo
729 767 866 803 iterum
893 781 931 803 se
951 767 1128 804 coronari
1153 767 1273 816 jubet,
1293 768 1439 817 inquit.
1463 768 1649 806 Ceterum
1678 784 1755 806 non

68 825 175 863 bona
205 825 283 863 fide
310 840 425 874 agere
453 825 551 863 mihi
578 825 741 862 videtur
769 826 946 863 Joannes
975 826 1167 874 Georgius
1199 826 1432 863 Herwartus
1459 827 1500 864 in
1527 827 1758 865 defensione

70 884 266 922 Ludovici
293 885 488 923 adversus
515 884 728 925 Bzovium,
755 899 793 933 p.
824 884 911 931 428,
940 884 1008 921 ubi
1036 885 1308 934 praesentiam
1337 885 1602 923 cardinalium
1630 900 1759 936 papae

66 943 294 992 legatorum
319 943 352 981 ei
377 943 520 993 objicit
544 951 743 991 tanquam
769 943 939 980 fuissent
961 943 1083 992 legati
1109 943 1278 981 Joannis
1303 958 1445 993 papae,
1473 958 1571 993 quos
1597 953 1758 982 constat

68 1001 189 1039 fuisse
206 1002 305 1040 duos
322 1002 409 1040 illos
426 998 674 1051 episcoposla
693 1001 838 1050 quibus
855 1002 1029 1039 Bzovius
1045 1002 1103 1039 ait
1122 1002 1373 1039 Ludovicum
1387 1003 1511 1040 -fuissc
1527 1003 1755 1041 inunctum.

121 1060 164 1098 P.
201 1060 288 1108 148,
337 1061 401 1110 lig.
454 1060 515 1098 32.
568 1061 864 1097 Deposmoms
914 1075 1197 1098 SENTENTIAM.
1245 1061 1457 1110 Duplicem
1503 1075 1591 1099 eam
1637 1062 1757 1099 fuisse

64 1119 195 1168 liquet
221 1133 270 1157 ex
298 1119 466 1157 Nicolao
492 1119 683 1157 Minorita
702 1119 714 1140 ¹
742 1127 781 1156 et
808 1134 857 1156 ex
883 1119 1112 1156 Annalibus
1139 1119 1327 1156 Boiorum
1355 1120 1523 1157 Joannis
1549 1121 1755 1158 Aventini.

70 1178 123 1215 Et
151 1178 373 1216 secundam
403 1178 567 1228 quidem
598 1178 826 1215 Aventinus
856 1178 936 1215 suis
966 1178 1097 1215 verbis
1128 1178 1262 1224 refert,
1292 1193 1330 1228 p.
1364 1178 1449 1225 770,
1481 1179 1620 1216 datam
1651 1193 1756 1217 anno

67 1236 410 1284 MCCCXXVIII,
433 1237 495 1275 die
518 1252 616 1274 xvm
639 1237 787 1286 aprilis,
810 1237 878 1274 sed
900 1237 1074 1273 multum
1097 1237 1298 1274 diversam
1320 1237 1370 1274 ab
1392 1238 1585 1286 originali.
1609 1238 1753 1275 Secun-

64 1295 175 1343 dam,
199 1310 322 1345 quam
342 1296 383 1334 in
405 1296 471 1335 sol.
497 1296 571 1334 779
591 1296 769 1342 exhibet,
793 1296 933 1333 datam
955 1296 1096 1333 eodem
1118 1296 1180 1333 (lie
1202 1303 1242 1333 et
1263 1296 1404 1333 eodem
1425 1310 1545 1337 anno,
1568 1311 1637 1334 nos
1660 1297 1753 1334 alibi

67 1354 250 1392 nondum
270 1355 499 1393 invenimus
519 1355 545 1392 2'.
571 1355 748 1392 Priorem
770 1369 859 1392 eam
881 1368 983 1403 quae
1005 1363 1119 1391 extat
1141 1354 1250 1403 apud
1274 1354 1486 1392 Nicolaum
1506 1355 1752 1402 Minoritam,

65 1413 178 1462 quod
198 1414 392 1463 prolixior
412 1414 476 1460 sit,
498 1414 556 1451 ait
577 1414 772 1452 Odoricus
796 1413 1046 1462 Raynaldus,
1068 1427 1131 1450 an.
1157 1413 1268 1460 1328,
1295 1413 1311 1461 ξ
1334 1413 1392 1459 11,
1414 1414 1517 1451 nolle
1538 1428 1576 1451 se
1597 1415 1754 1461 referre,
1804 1447 1806 1449 ,

68 1486 114 1509 ne
135 1472 177 1509 in
198 1468 431 1510 immensam
452 1474 588 1510 molem
608 1472 821 1522 confutatio
841 1480 1034 1520 assurgat,
1057 1472 1154 1509 satis
1175 1472 1230 1509 ibi
1251 1486 1333 1509 esse
1361 1472 1393 1509 si
1412 1472 1628 1522 praecipua
1654 1473 1757 1510 illius

64 1531 204 1581 capita
230 1532 570 1581 perstringantur.
599 1532 680 1569 Nos
706 1532 905 1579 integram
932 1531 1118 1568 dabimus
1143 1531 1184 1567 in
1209 1530 1431 1580 appendice
1456 1531 1642 1568 Actorum
1667 1540 1757 1568 wete-

67 1589 202 1636 ram33
228 1590 271 1627 in
294 1591 397 1628 libro
417 1591 591 1628 Arnaldi
619 1590 837 1628 Camerarii
863 1590 960 1627 haec
987 1589 1206 1639 leguntur4
1233 1605 1240 1627 :
1268 1589 1408 1626 Littere
1432 1589 1602 1637 sigillate
1626 1590 1756 1638 sigillo

67 1648 256 1686 Luslovici
281 1649 325 1686 cle
351 1650 525 1687 Bavaria
550 1650 786 1687 continentes
811 1650 942 1698 plures
971 1648 1193 1697 blasfemias
1218 1656 1349 1685 contra
1374 1648 1577 1685 dominum
1609 1649 1756 1686 „lolian-

66 1722 154 1744 nem
185 1722 333 1758 papam
363 1708 502 1746 XXII
532 1723 578 1746 ex
608 1709 750 1758 quibus
783 1708 915 1757 ipsum
946 1707 1158 1756 deponebat
1194 1707 1322 1754 verbm·
1356 1707 1455 1756 quod
1497 1722 1574 1744 non
1604 1708 1755 1756 ezrpeslit

63 1766 271 1816 explicare.
315 1768 430 1805 Hanc
469 1768 665 1805 Ludovici
705 1767 963 1812 sententiam,
1003 1774 1146 1815 utpote
1194 1766 1245 1803 ab
1292 1765 1584 1815 incompetenti
1621 1766 1754 1815 judice

65 1825 208 1873 latam,
237 1827 390 1863 nullam
418 1826 539 1864 fuisse
567 1826 727 1876 scripsit
756 1826 925 1863 Alvarus
957 1824 1118 1874 Pelagii,
1146 1824 1213 1862 lib.
1244 1824 1272 1871 I,
1291 1824 1350 1860 De
1369 1825 1529 1873 planctu
1546 1824 1752 1871 Ecclesiae,

66 1898 155 1934 cap.
178 1899 341 1933 xxxvii,
362 1886 428 1923 fol.
451 1885 499 1923 13
517 1890 561 1922 r0
581 1885 765 1935 :Qualem
784 1898 871 1932 ergo
888 1883 1131 1929 sententiam,
1151 1883 1297 1932 inquit,
1319 1883 1408 1920 (lare
1426 1883 1551 1932 potuit
1571 1883 1610 1920 in
1633 1884 1752 1933 impe-

69 1943 126 1980 rio
150 1943 326 1981 intrusus
348 1953 479 1982 contra
500 1959 649 1994 papam
671 1944 913 1990 catholicum,
937 1942 1000 1979 cui
1022 1950 1097 1979 tota
1119 1941 1304 1987 Ecclesia,
1327 1941 1428 1979 sicut
1448 1949 1605 1989 tenetur,
1629 1942 1754 1979 obedit

64 2010 101 2039 et
119 2010 218 2040 tenet
237 2017 326 2040 eum
347 2018 417 2053 pro
438 2018 558 2053 papa,
583 2018 660 2040 non
681 2003 874 2048 azalitum,
899 2016 976 2038 non
997 2001 1228 2049 confessum,
1252 2014 1329 2037 non
1350 2000 1578 2047 convictum,
1602 2015 1679 2037 non
1700 2001 1756 2037 rei

64 2060 260 2098 evidentia
281 2061 516 2100 hereticum?
1743 2066 1745 2068 ’

123 2120 164 2158 Ρ.
198 2120 286 2172 149,
321 2120 387 2170 lig.
425 2121 485 2159 23.
523 2122 852 2158 CELEBRARENT.
891 2119 1009 2156 Liber
1049 2117 1214 2155 Arnaldi
1257 2117 1474 2155 Camerarii
1491 2116 1506 2139 5
1535 2133 1541 2154 :
1579 2117 1758 2167 Quinque

64 2177 290 2226 juramenta
313 2180 552 2217 continentia
576 2179 739 2229 qualiter
762 2178 957 2228 presbyter
981 2176 1186 2214 ,Martinus
1211 2184 1327 2213 rector
1350 2176 1502 2213 ecclesie
1527 2176 1757 2225 Sanctorum

70 2236 199 2286 Sergii
218 2246 252 2275 et
271 2238 416 2275 Bacchi
435 2239 479 2276 cle
500 2238 636 2277 Selina
655 2239 698 2275 cle
723 2238 826 2275 Urbe
845 2250 1115 2285 recognoscens
1137 2232 1254 2272 suum
1281 2239 1440 2282 reatum,
1463 2234 1634 2272 videlicet
1660 2235 1759 2283 quod

67 2296 232 2334 durante
253 2297 452 2335 interdicto
471 2298 652 2347 apposito
677 2296 720 2334 in
742 2296 832 2334 urbe
851 2308 1014 2332 romana
1041 2302 1197 2344 propter
1216 2293 1415 2330 Bavarum
1444 2293 1701 2342 dampnatum
1726 2302 1758 2330 et

68 2354 352 2393 heresiarcham
370 2356 531 2394 Petrum
550 2357 593 2393 (le
611 2355 803 2393 Corbaria
821 2354 1058 2404 antipapam
1078 2353 1119 2390 in
1139 2352 1239 2389 (licta
1263 2352 1365 2389 Urbe
1383 2352 1596 2398 existentes,
1617 2351 1758 2388 missas

66 2414 282 2462 celebravit,
309 2423 342 2453 et
365 2415 421 2452 eis
445 2423 601 2465 propter
626 2423 767 2452 metum
792 2412 970 2459 obedivit,
997 2426 1058 2449 eos
1083 2411 1319 2457 honorando,
1347 2424 1423 2446 non
1448 2418 1575 2447 tamen
1598 2410 1756 2459 partici-

69 2473 200 2522 pando
229 2473 271 2510 in
299 2473 421 2511 heresi
448 2474 634 2523 predicta,
659 2474 702 2510 in
729 2481 893 2522 quatuor
927 2469 1259 2521 patriarchalibus
1286 2469 1455 2506 ecclesiis
1488 2468 1619 2515 Urbis,
1660 2469 1758 2505 inter

67 2531 284 2569 missarum
305 2532 525 2583 solempnia
547 2533 627 2570 alta
646 2546 730 2569 voce
748 2545 876 2569 coram
895 2530 1039 2580 populo
1063 2528 1260 2577 consessus
1282 2527 1360 2576 fuit
1382 2527 1426 2564 de
1446 2527 1627 2564 mandato
1654 2526 1696 2565 G.
1716 2527 1759 2564 ‹le

75 2589 195 2638 Valle,
225 2591 432 2628 camerarii
461 2591 614 2628 clomini
642 2605 758 2641 pape,
781 2598 988 2638 antequam
1010 2587 1292 2625 absolutionem
1315 2586 1365 2622 ab
1383 2586 1512 2622 eodem
1529 2599 1647 2634 super
1677 2585 1757 2623 illis

68 2649 270 2687 sententiis
286 2649 480 2688 obtineret.
505 2650 647 2688 Actum
666 2650 786 2686 Rome
798 2662 911 2685 anno
927 2646 1092 2683 Domini
1108 2644 1393 2682 MCCCXXX
1409 2644 1469 2681 die
1490 2654 1585 2681 XIII
1601 2643 1756 2692 aprilis.

124 2707 166 2745 P.
194 2708 280 2756 150,
305 2708 370 2758 lig.
396 2709 457 2747 30.
484 2708 752 2746 ABSOLUTUS.
780 2707 879 2744 Vide
905 2705 1141 2743 Chronicam
1165 2704 1293 2740 Aulae
1317 2702 1457 2751 regiae,
1483 2717 1520 2752 p.
1548 2702 1634 2740 479.

118 2849 149 2882 1.
179 2849 219 2882 Β.
246 2849 302 2889 Ν.,
326 2861 393 2883 ms.
417 2850 511 2883 latin
534 2851 638 2884 5154.
804 2892 808 2896 ι

118 2902 149 2934 2.
167 2901 256 2935 Voir
271 2902 468 2943 Schwalm,
486 2903 779 2943 Constitutiones,
801 2909 824 2935 t.
845 2900 907 2941 Vll,
926 2914 959 2934 n.
978 2902 1046 2934 436
1063 2907 1099 2933 ct
1115 2901 1194 2933 437.

114 2955 149 2987 3.
174 2955 322 2995 Baluze,
347 2962 374 2989 t.
397 2968 448 2996 111,
473 2968 507 3000 p.
533 2957 702 2989 425-450.

115 3007 149 3040 4.
170 3007 209 3041 B.
233 3008 290 3048 N.,
310 3020 377 3042 nis.
397 3009 492 3041 latin
512 3009 616 3048 5181,
637 3009 660 3042 f.
683 3009 750 3041 214
769 3021 785 3041 r
796 3012 823 3041 0.

119 3063 151 3095 5.
181 3061 221 3094 Β.
245 3061 302 3102 Ν.,
322 3073 389 3095 ms.
411 3062 504 3094 latin
525 3063 629 3102 5181,
650 3062 673 3094 f.
696 3062 759 3094 191
785 3065 834 3095 νο.
