2083 3458
108 182 233 239 [800]
634 199 850 224 PAPARUM
886 197 1269 225 AVENIONENSIUM
1711 183 1793 223 303

98 282 268 325 basilice,
307 282 381 320 sub
414 296 519 319 anno
548 282 715 319 Domini
748 282 1019 320 MCCCXLI.
1055 282 1250 331 Magister
1290 282 1445 320 Paulus
1493 282 1536 319 de
1579 281 1694 319 Senis
1733 296 1791 319 me

93 341 185 390 fecit
202 341 228 379 ¹.

149 400 191 438 P.
221 400 308 444 198,
334 399 399 449 lig.
430 399 489 437 17.
518 400 848 437 CONcEssmeM
878 414 1128 438 ΒΕνοεΑνΙτ.
1160 400 1205 437 In
1232 399 1368 438 codice
1393 398 1497 437 1652
1522 399 1794 437 bibliothecae

95 458 366 505 Colberfinae,
398 458 465 496 fol.
490 458 540 496 66
561 464 598 496 r0
619 466 659 496 et
684 458 731 495 76
755 463 799 495 νο
820 466 861 496 et
890 458 931 495 in
963 458 1099 497 codice
1120 457 1238 505 1419,
1263 459 1329 497 fol.
1354 458 1404 496 46
1426 466 1467 497 et
1489 458 1538 496 54
1568 465 1616 506 r⁰‚
1648 466 1795 496 extant

95 517 200 556 duae
217 518 349 555 bullae
368 516 579 555 Benedicti
596 517 680 554 XII
694 516 707 538 ²
728 516 769 554 in
793 517 940 566 quibus
958 518 1192 557 continetur
1210 517 1418 556 revocatio
1441 517 1692 556 decimarum
1712 517 1794 567 regi

95 575 288 614 Franciae
318 590 601 614 concessarum
630 583 745 613 extra
774 590 943 624 regnum
972 590 1104 621 suum,
1135 584 1175 614 et
1204 577 1315 626 quod
1342 577 1480 614 levata
1508 576 1795 615 restituantur.

95 635 279 684 Utraque
301 643 440 673 autem
462 635 559 672 data
581 642 643 673 est
663 648 771 672 anno
792 635 969 672 secundo
991 635 1272 684 pontificatus,
1295 635 1403 685 prior
1425 649 1481 672 xv
1503 635 1582 673 kal.
1603 634 1796 684 januarii,

91 693 171 732 alia
198 708 255 731 ΧΠ
283 694 361 732 kal.
390 693 583 731 februarii
621 692 776 743 [1336].
809 693 854 730 In
880 693 1049 731 rubricis
1076 708 1172 731 vero
1198 694 1295 731 anni
1321 693 1434 732 tertii
1460 693 1644 743 ejusdem
1668 694 1796 732 Bene-

93 752 206 800 dicti,
222 766 309 802 cap.
333 767 373 800 11,
390 752 468 790 ista
491 753 682 802 leguntur
706 767 713 789 ε
738 751 1045 801 Archiepiscopo
1062 752 1315 789 Narbonensi
1337 752 1496 802 ejusque
1512 751 1792 803 suffraganeis.

92 811 314 849 IWandatur
337 811 394 848 eis
417 812 518 861 quod
540 826 564 848 α
588 810 805 848 collectione
828 818 862 848 et
885 811 1082 848 exactione
1100 811 1244 848 decime
1267 811 1490 849 sexennalis
1513 826 1584 861 pro
1607 811 1795 861 passagio

92 878 187 908 terre
203 878 334 908 sancte
352 870 434 919 regi
453 870 489 907 F
491 870 623 907 rancie
641 884 815 907 concesse
834 878 978 907 cessent
996 878 1028 906 et
1047 870 1270 907 abstineant
1289 870 1462 909 omnino.

89 956 93 958 -
147 930 189 968 P.
216 928 303 976 198,
327 929 393 978 lig.
420 929 480 967 18.
506 929 570 966 AD
602 943 731 966 IPSUM
765 942 893 965 VENIT
925 928 1065 966 anno3
1089 929 1416 966 MCCCXXXVI
1441 937 1488 966 ut
1524 929 1643 968 docet
1666 929 1794 967 conti-

94 995 243 1026 nuator
264 961 430 1037 N,angii;
451 987 543 1026 vide
566 987 853 1030 Froissartum
874 987 1133 1037 t.11,p.150.

148 1047 191 1086 P.
221 1046 308 1093 198,
334 1047 399 1096 lig.
428 1046 489 1085 22.
518 1047 763 1085 OceUPAwT
799 1060 1005 1084 DUCATUM
1044 1047 1472 1091 AQUITANIE.Pet1us
1509 1047 1672 1096 Rogerii
1708 1061 1792 1085 car-

96 1105 241 1144 dinalis
272 1105 315 1143 in
346 1120 529 1144 sermone
561 1120 634 1156 pro
667 1119 809 1155 guerra
841 1105 1086 1143 indicenda4
1120 1105 1362 1154 ·Quantum
1394 1106 1445 1142 ad
1475 1120 1601 1154 regem
1632 1105 1792 1155 Anglie,

93 1164 229 1202 sciatis
253 1165 354 1214 quod
376 1164 561 1202 dominus
585 1179 650 1202 refe
673 1179 718 1202 em
743 1164 876 1201 multis
897 1173 930 1202 et
951 1164 1071 1213 justis
1095 1164 1228 1201 causis
1252 1172 1285 1201 et
1309 1179 1395 1202 cum
1421 1179 1563 1213 magno
1587 1172 1620 1201 et
1644 1173 1795 1202 maturo

93 1223 257 1260 consilio
277 1224 515 1273 prelatorum
535 1231 568 1261 et
591 1223 782 1261 baronum
801 1231 835 1260 et
854 1223 1024 1260 aliorum
1053 1231 1210 1273 propter
1230 1223 1373 1260 multas
1402 1223 1628 1261 rebelliones
1657 1232 1691 1261 et
1712 1224 1794 1261 ino-

96 1282 322 1330 bedientias,
348 1282 545 1332 vituperia
568 1290 602 1320 et
633 1290 886 1332 contemptus,
912 1297 982 1332 que
1014 1282 1199 1320 dominus
1223 1282 1269 1320 P.
1297 1283 1340 1319 de
1364 1282 1596 1331 Cuigneriis
1620 1282 1728 1319 vobis
1753 1283 1795 1319 in

90 1341 218 1391 specie
240 1349 415 1391 exponet,
440 1341 638 1379 ordinavit
661 1342 846 1379 ducatum
868 1341 1086 1391 Aquitanie
1109 1342 1161 1379 ad
1184 1355 1347 1378 manum
1370 1355 1484 1378 suam
1509 1341 1662 1378 realiter
1684 1341 1794 1391 poni,

92 1415 171 1437 non
192 1400 244 1438 ad
267 1400 386 1450 finem
410 1400 544 1450 ipsum
564 1414 636 1438 suo
659 1400 834 1437 dominio
857 1399 1164 1450 appropriandi,
1184 1400 1251 1437 sed
1272 1399 1351 1437 sibi
1375 1400 1426 1437 ad
1458 1400 1576 1449 finem
1597 1399 1795 1449 justitiam

89 1458 276 1507 faciendi,
305 1467 380 1497 etc.
412 1459 598 1497 Meminit
624 1459 741 1497 istius
769 1459 825 1498 rei
852 1459 978 1498 etiam
1006 1458 1269 1502 continuator
1298 1458 1446 1508 Nangii
1484 1459 1527 1508 [t.
1556 1473 1598 1506 11,
1626 1474 1664 1509 p.
1695 1459 1793 1509 154]

90 1517 143 1555 ad
166 1532 321 1555 annum
346 1518 687 1565 MCCCXXXVI,
712 1518 782 1556 ubi
806 1518 864 1556 ait
889 1526 1069 1556 castrum
1094 1518 1361 1564 Santonense‚
1388 1518 1498 1567 quod
1521 1525 1582 1556 est
1605 1517 1643 1555 in
1671 1518 1794 1568 Aqui-

89 1576 217 1625 tania,
252 1576 436 1614 dirutum
469 1577 591 1616 fuisse
624 1591 646 1615 a
683 1577 835 1615 Karolo
869 1577 1016 1615 comite
1051 1576 1276 1622 Alenconii,
1307 1577 1432 1615 fratre
1465 1576 1568 1626 regis
1603 1577 1792 1627 Philippi.

90 1635 192 1674 Vide
213 1635 339 1674 etiam
360 1635 583 1674 Odoricum
604 1636 882 1685 Raynaldum,
904 1651 968 1675 an.
994 1636 1107 1683 1337,
1135 1636 1151 1685 ξ
1172 1636 1233 1674 21.

144 1695 186 1733 P.
218 1694 306 1742 199,
333 1694 399 1744 lig.
429 1695 463 1733 9.
495 1695 631 1732 VENIT
658 1710 701 1732 IN
731 1696 1029 1733 FRANKEFORD
1062 1709 1169 1733 anno
1198 1695 1574 1733 MCCCXXXVIII
1602 1703 1648 1732 ut
1676 1695 1795 1733 docet

91 1753 420 1803 Walsinghamus
452 1754 496 1804 [t.
519 1769 544 1801 1,
566 1769 603 1804 p.
628 1754 728 1804 223]
752 1770 759 1792 :
785 1754 938 1792 Interea
958 1769 1045 1792 cum
1067 1753 1295 1792 nuntiatum
1313 1753 1454 1803 suisset
1474 1753 1564 1791 duci
1584 1750 1793 1800 Bcwariae,

90 1812 157 1862 qui
184 1827 224 1850 se
252 1813 468 1863 appellavit
497 1812 781 1863 imperatorem,
812 1814 913 1863 quod
941 1828 1006 1851 rex
1033 1813 1207 1862 Angliae
1235 1812 1466 1860 advenisset,
1496 1812 1678 1850 accersiri
1707 1827 1792 1850 eum

92 1871 220 1918 jussit,
238 1879 272 1909 et
288 1871 391 1909 circa
408 1872 590 1909 calendas
606 1872 767 1921 augusti
785 1872 950 1910 occurrit
965 1872 1044 1909 sibi
1060 1872 1174 1922 juxta
1191 1872 1411 1919 Coloniam,
1433 1871 1500 1909 ubi
1518 1886 1606 1910 cum
1623 1871 1794 1909 maximo

90 1938 289 1980 apparatu
309 1939 342 1968 et
363 1931 488 1979 gloria
506 1945 546 1968 se
567 1931 733 1969 invicem
751 1931 986 1969 salutarunt.
1011 1931 1184 1981 Quidam
1204 1939 1333 1968 autem
1351 1931 1527 1980 serebant
1546 1931 1648 1980 quod
1667 1930 1794 1968 Bava-

90 2003 157 2026 rus
181 1989 344 2038 indigne
365 1989 511 2039 serebat
534 1991 635 2040 quod
657 2005 722 2027 rest:
744 1990 917 2039 Angliae
941 2005 1019 2027 non
1041 2005 1080 2027 se
1102 1990 1289 2028 submisit
1311 1990 1363 2027 ad
1384 1990 1517 2027 oscula
1539 1990 1683 2039 pedum
1705 2004 1792 2026 suo-

89 2062 188 2089 rum,
218 2047 296 2086 Cui
324 2062 555 2098 responsum
580 2048 659 2098 suit
686 2049 786 2099 quod
812 2063 877 2087 rese
903 2049 1076 2098 Angliae
1103 2057 1183 2086 erat
1211 2049 1398 2086 inunctus
1417 2056 1450 2086 et
1477 2048 1589 2086 habet
1615 2048 1735 2085 vitam
1761 2055 1793 2085 et

84 2107 304 2145 membrum
333 2107 375 2144 in
402 2115 585 2158 potestate
610 2122 702 2155 sua,·
729 2116 763 2146 et
791 2108 932 2146 idcirco
962 2123 1040 2145 non
1064 2108 1170 2145 debet
1196 2122 1235 2145 se
1261 2107 1486 2147 submittere
1514 2115 1664 2145 tantum
1693 2107 1793 2144 sicut

138 2262 169 2295 ¹1.
201 2262 242 2295 G.
268 2262 444 2302 Daumet,
467 2263 517 2296 Le
539 2269 746 2297 monument
767 2264 807 2297 de
828 2264 956 2297 Benoit
976 2264 1073 2304 XII,
1098 2265 1189 2297 datis
1211 2264 1246 2297 la
1270 2263 1445 2307 basilique
1466 2263 1507 2296 de
1529 2262 1788 2301 Sami-Pteme,

91 2315 183 2348 dans
202 2315 393 2359 Melanges
412 2316 668 2360 d’archeologie
685 2322 715 2349 et
733 2317 927 2356 d’histoire,
948 2323 974 2350 t.
996 2329 1062 2350 xw
1085 2317 1218 2360 (1896),
1239 2329 1273 2360 p.
1297 2317 1375 2349 295.
1396 2316 1443 2349 M.
1466 2315 1606 2349 Cerrati
1626 2327 1646 2348 a
1666 2315 1790 2358 publie

89 2367 139 2401 les
160 2375 328 2412 comptes
349 2370 410 2402 des
432 2370 610 2413 depenses
630 2369 739 2403 faites
760 2371 780 2402 3
800 2370 1048 2403 Saint-Pierre
1069 2382 1137 2414 par
1155 2370 1289 2403 Benoit
1310 2369 1389 2403 XII
1413 2369 1462 2410 (Il
1487 2374 1564 2401 letto
1584 2368 1675 2401 della
1697 2367 1790 2401 basi-

91 2420 161 2454 lica
181 2421 362 2455 Vaticana
379 2422 500 2465 rilatto
517 2434 581 2466 per
597 2434 706 2466 opera
724 2424 761 2456 di
779 2423 968 2456 Benedetto
985 2423 1083 2463 XII,
1105 2424 1196 2457 dans
1215 2422 1349 2456 recueil
1369 2422 1451 2461 cite,
1473 2427 1498 2455 t.
1520 2433 1632 2454 xxxv
1655 2420 1787 2463 (1915),

117 2501 124 2507 .
175 2475 211 2506 1·
303 2501 310 2508 .

89 2485 112 2517 p
140 2475 171 2560 28.
189 2475 305 2567 Β111Νζ1,
321 2540 408 2562 mss.
425 2528 537 2561 latins
552 2528 647 2562 4172
660 2536 698 2562 et
712 2528 823 2569 4204;
841 2529 1016 2569 Daumet,
1034 2542 1068 2562 n.
1087 2530 1166 2569 251,
1185 2530 1264 2568 260,
1283 2529 1350 2561 262
1370 2528 1503 2570 (Bulles
1520 2528 1569 2560 du
1585 2527 1628 2560 18
1645 2527 1789 2559 decem—

90 2579 153 2612 bre
174 2581 267 2614 1336
286 2587 325 2614 et
346 2582 395 2614 du
416 2582 456 2614 21
479 2581 627 2625 janvier
646 2583 766 2625 1337).
787 2601 835 2605 —
854 2583 990 2615 Baluze
1011 2594 1032 2615 a
1052 2583 1127 2615 mal
1147 2583 1184 2615 lu
1204 2582 1254 2614 les
1275 2580 1511 2614 manuscrits.
1535 2580 1587 2612 La
1608 2579 1786 2623 premiere

89 2633 189 2665 bulle
211 2639 268 2666 est
290 2634 398 2668 datee
421 2635 465 2667 de
487 2635 523 2668 la
546 2634 740 2669 deuxieme
764 2637 880 2669 annee
905 2637 954 2669 du
977 2635 1189 2679 pontificat,
1213 2635 1248 2667 la
1271 2635 1427 2667 seconde
1452 2634 1495 2666 de
1526 2633 1562 2666 la
1587 2632 1784 2666 troisieme.

137 2687 169 2719 3.
193 2686 243 2719 Le
264 2686 468 2731 biographe
491 2689 535 2721 de
556 2688 691 2721 Benoit
713 2688 791 2721 XII
812 2688 1028 2721 intervertit
1048 2688 1182 2721 l’ordre
1206 2688 1267 2720 des
1291 2687 1395 2726 faits;
1418 2686 1449 2719 le
1470 2685 1525 2719 roi
1546 2686 1720 2729 sejourna
1741 2697 1787 2717 en

86 2738 264 2782 Avignon
283 2741 332 2773 du
351 2740 403 2773 10¹¹
421 2752 468 2773 au
487 2741 532 2774 16
550 2753 649 2774 mars
669 2742 761 2775 1336
778 2742 832 2784 (E.
849 2741 1004 2785 Deprez‚
1018 2741 1086 2774 Les
1103 2740 1373 2784 preliminaires
1391 2740 1432 2772 de
1450 2739 1485 2772 la
1503 2750 1626 2781 guerre
1643 2739 1684 2770 de
1699 2737 1788 2771 Cent

86 2791 180 2832 Ans,
202 2804 237 2836 p.
261 2793 342 2832 122,
364 2799 402 2826 et
423 2793 586 2833 Schai'er,
608 2794 785 2828 Benedilct
804 2794 902 2834 XII,
925 2807 959 2838 p.
983 2795 1040 2833 41,
1063 2794 1134 2837 49).
1159 2793 1229 2826 Sur
1257 2793 1307 2825 les
1338 2791 1573 2836 pourparlers
1604 2791 1786 2834 auxquels

89 2844 215 2878 donna
230 2845 302 2878 lieu
318 2846 353 2879 la
369 2846 544 2890 question
560 2848 603 2880 de
620 2847 655 2880 la
671 2847 848 2887 croisade,
868 2847 948 2881 voir
963 2846 1152 2880 Jassemin
1172 2846 1252 2889 (Les
1267 2846 1416 2889 papiers
1432 2845 1472 2877 de
1487 2844 1582 2877 Mile
1597 2845 1637 2877 de
1653 2844 1784 2886 Noyer,

88 2897 180 2930 dans
203 2898 366 2932 Bulletin
389 2899 632 2943 philologique
653 2905 684 2933 et
705 2901 900 2943 historique
923 2901 971 2933 du
995 2900 1131 2933 Comite
1154 2899 1213 2932 des
1238 2899 1409 2931 Travaux
1429 2898 1653 2940 historiques,
1684 2897 1784 2936 1918,

87 2962 122 2993 p.
148 2951 332 2995 213—223).

134 3003 166 3035 4⁴
189 3004 229 3037 B.
246 3004 303 3044 N.‚
316 3016 383 3038 ms.
398 3004 493 3038 latin
501 3004 607 3045 3293,
620 3005 682 3039 fol.
698 3007 767 3039 244
779 3005 1023 3039 v⁰.——L⁷acte
1038 3005 1080 3038 de
1091 3003 1339 3038 confiscation
1354 3004 1403 3036 du
1420 3003 1539 3037 duche
1554 3003 1597 3036 de
1617 3002 1784 3036 Guienne

86 3061 144 3089 est
163 3057 256 3090 dans
278 3057 472 3098 Froissart,
495 3058 551 3092 ed.
576 3058 730 3102 Kervyn
753 3059 796 3092 de
818 3058 1064 3097 Lettenhove‚
1088 3063 1112 3091 t.
1137 3069 1241 3097 xvm,
1262 3069 1298 3090 n.
1321 3057 1377 3096 13,
1398 3068 1434 3100 p.
1456 3057 1513 3090 33.
1557 3091 1559 3095 ⁴
