2083 3458
41 233 198 289 ἶ1311]
566 250 783 275 PAPARUM
818 250 1203 276 Av-ENIONENSIUM
1650 233 1731 274 827

31 331 251 377 fructibus,
273 330 501 369 redditibus
525 340 565 370 et
602 332 872 382 proventibus
895 332 1028 370 dictae
1052 332 1191 370 Sancti
1215 332 1329 370 Pauli
1354 331 1555 370 Ecclesiae
1579 339 1619 369 et
1639 344 1729 380 par·

34 389 193 428 rochiae
217 390 265 428 de
289 390 494 428 Petriarco
517 391 733 429 Corbariae
757 391 955 429 inferioris
982 391 1254 429 Narbonensis
1280 390 1472 429 dioecesis
1496 404 1568 440 pro
1596 389 1727 429 media

32 457 149 499 parte
173 449 377 500 pensionis
402 450 569 499 singulis
593 450 709 489 annis
733 450 774 488 in
797 450 965 488 civitate
987 450 1274 497 Avenionensi,
1298 451 1338 488 in
1362 450 1520 488 duobus
1544 448 1727 488 terminis

33 508 325 559 persolvendae
361 508 397 546 ei
431 509 680 547 auctoritate
716 509 942 559 apostolica
977 509 1224 559 assignatae,
1260 517 1300 547 et
1336 510 1410 547 hoc
1446 523 1518 558 pro
1553 507 1728 547 termino

34 566 128 606 festi
150 568 328 606 Paschae
350 568 539 618 proximo
560 568 739 607 venturi.
766 569 920 607 Datum
943 568 1143 606 Avenioni
1164 583 1271 606 anno
1295 568 1543 614 MCCCXCI,
1566 566 1627 605 die
1654 581 1727 604 xx¹

33 634 184 665 martii.

88 685 291 724 Eumdem
337 686 459 724 fuisse
498 686 834 724 archidiaconum
874 686 1064 724 Amiliani
1104 686 1145 724 in
1186 687 1363 725 Ecclesia
1397 684 1650 724 Ruthenensi
1687 692 1729 723 et

32 745 357 783 anniversarium
381 760 453 795 pro
476 745 636 784 animae
660 760 754 783 suae
778 745 915 795 requie
938 745 1105 795 singulis
1130 746 1335 785 mensibus
1359 746 1399 783 in
1422 745 1484 782 die
1508 744 1643 782 obitus
1666 743 1726 781 sui

26 804 323 843 celebrandum
353 804 580 842 instituisse
612 804 653 842 in
684 805 850 843 ecclesia
887 805 1139 842 Buthenensi
1170 804 1299 842 tradit
1329 805 1436 843 idem
1467 804 1672 841 Bo'nallus.

87 863 199 902 Obiit
228 878 336 901 anno
366 864 615 910 MCCCXCI,
646 864 708 901 die
738 864 915 902 secunda
948 864 1136 902 octobris.
1169 864 1359 914 Sepultus
1399 872 1539 902 autem
1577 870 1651 909 est,
1681 870 1727 899 ut

28 922 116 973 ipse
147 923 434 970 constituerat,
466 923 507 961 in
537 923 704 961 ecclesia
735 923 961 961 cathedrali
993 923 1266 961 Avenionensi
1296 931 1403 961 retro
1434 923 1561 959 altare
1593 921 1725 970 majus

32 996 171 1020 versus
198 990 364 1032 portam
391 982 607 1020 vestiariae
635 997 706 1020 seu
732 982 940 1020 sacristiae
968 982 1100 1019 dictae
1128 982 1331 1020 ecclesiae.
1360 981 1437 1020 Sed
1465 995 1557 1020 cum
1584 989 1726 1030 postea

32 1041 131 1079 haec
151 1055 244 1091 pars
266 1041 512 1092 presbyterii
532 1041 794 1079 reaedificata
818 1041 975 1087 fuisset,
991 1042 1223 1091 sepulcrum
1243 1041 1329 1090 ejus
1353 1040 1443 1078 hinc
1465 1048 1651 1078 amotum
1666 1046 1727 1077 est

27 1108 74 1138 *et
94 1100 347 1139 translatum
369 1100 410 1138 in
433 1101 628 1138 sacellum
651 1101 761 1150 quod
783 1108 936 1138 vocant
960 1100 1262 1138 Purificationis
1295 1100 1439 1137 beatae
1466 1098 1615 1136 Mariae
1640 1097 1727 1135 Vir-

27 1159 149 1209 ginis,
167 1168 263 1198 ante
281 1160 514 1210 sepulcrum
531 1159 722 1198 videlicet
740 1159 952 1197 Benedicti
973 1159 1056 1196 XII
1075 1174 1218 1209 papae.
1243 1160 1303 1196 Ita
1322 1159 1470 1196 docent
1490 1157 1726 1195 Franciscus

34 1218 304 1268 Nouguierius
333 1227 374 1257 et
403 1218 669 1257 Sebastianus
702 1218 927 1256 Fantonius
946 1218 974 1256 ¹.

87 1278 129 1316 P.
159 1278 249 1325 490,
280 1279 346 1328 fig.
376 1278 412 1316 9.
443 1278 614 1316 PETRUS
646 1279 866 1328 AYsi-:L1N1.
900 1277 970 1315 His
1001 1291 1103 1327 quae
1135 1278 1255 1326 vulgo
1284 1275 1546 1315 scribuntur2
1574 1275 1622 1312 de
1650 1275 1725 1312 hoc

27 1337 253 1384 cardinale,
289 1351 392 1387 quae
428 1351 499 1375 nos
535 1337 586 1374 ob
621 1351 711 1374 eam
745 1351 911 1376 causam
946 1336 1214 1386 praeterimus
1251 1335 1345 1385 quia
1381 1335 1569 1375 omnibus
1606 1333 1726 1371 obvia

31 1404 142 1444 sunt,
173 1397 281 1434 addo
312 1396 427 1436 illum
458 1396 579 1434 fuisse
611 1403 795 1434 creatum·
827 1395 1076 1434 cardinalem
1106 1396 1334 1441 absentem,
1364 1394 1547 1443 adeoque
1578 1392 1726 1431 sentire

30 1469 95 1495 me
119 1470 210 1494 cum
235 1455 466 1494 Contelorio
494 1455 548 1506 [p.
575 1456 665 1506 183]
691 1455 925 1505 suspicante
958 1455 1071 1492 illum
1095 1468 1307 1504 nunquam
1331 1453 1518 1491 habuisse
1541 1452 1724 1491 titulum.

28 1514 192 1565 'Quippe
219 1529 379 1565 semper
405 1514 558 1554 mansit
584 1515 625 1552 in
651 1515 749 1553 urbe
779 1514 1027 1553 Parisiorum
1053 1522 1099 1551 ut
1126 1513 1265 1551 multis
1292 1511 1536 1551 testimoniis
1564 1510 1726 1561 probari

29 1582 184 1624 posset.
215 1574 271 1612 De
298 1574 577 1613 controversia
604 1589 725 1624 porro
751 1588 855 1623 quae
884 1573 961 1611 suit
988 1588 1060 1623 pro
1087 1573 1235 1622 regalia
1264 1570 1527 1610 Laudunensi
1553 1585 1598 1608 eo
1625 1579 1725 1607 tem—

30 1648 128 1683 pore
151 1647 231 1683 quo
253 1633 316 1672 ille
340 1633 473 1672 factus
495 1641 558 1671 est
580 1633 797 1671 cardinalis
821 1633 912 1670 vide
936 1633 1140 1670 Joannem
1163 1631 1281 1678 Galli,
1305 1639 1463 1680 quaest.
1489 1644 1548 1667 xx
1569 1638 1610 1667 et
1633 1643 1725 1666 CLx.

86 1693 129 1731 P.
162 1692 251 1740 490,
282 1692 348 1743 lig.
383 1693 443 1731 11.
477 1693 722 1730 WALTERUS
756 1707 810 1729 DE
845 1692 1113 1729 WARDELxN.
1151 1691 1211 1728 Ita
1244 1699 1400 1728 veteres
1434 1688 1538 1726 libri.
1576 1689 1727 1725 Hector

28 1751 216 1800 Boetius,
238 1751 306 1790 lib.
334 1752 433 1790 XVI
458 1752 566 1790 Hist.
600 1752 762 1797 Scotor„
787 1751 853 1789 fol.
879 1751 968 1798 329,
992 1750 1072 1788 levi
1105 1749 1336 1788 discrimine
1360 1757 1482 1787 vocat
1503 1748 1725 1785 Walterum

33 1811 253 1850 Vardalau.
283 1812 438 1849 Foedus
465 1825 612 1860 quoque
640 1819 867 1848 renouatum
893 1818 959 1857 est,
987 1809 1136 1859 inquit,
1163 1823 1208 1846 en:
1235 1817 1342 1858 parte
1370 1808 1583 1853 Scotorum,
1612 1805 1725 1844 nimi-

31 1884 123 1909 rum
154 1884 247 1908 cum
279 1870 419 1918 Gallis,
451 1878 486 1908 et
517 1870 663 1908 missus
694 1885 783 1907 cum
814 1869 953 1918 legatis
984 1868 1262 1906 revertentibus
1295 1868 1489 1905 Walterus
1528 1866 1728 1903 Vardalau

26 1929 241 1980 »episcopus
273 1929 530 1979 Glasguensis
555 1930 607 1966 ad
634 1929 840 1966 Karolum.
870 1929 973 1966 Acta
1000 1929 1097 1965 haec
1124 1942 1231 1966 anno
1260 1925 1619 1965 MCCCLXXXII.

85 1989 204 2026 Anno
236 1988 556 2027 MCCCLXXVI
587 1997 674 2026 erat
705 1988 814 2038 apud
846 1987 1113 2033 Avenionem,
1146 1986 1215 2024 ubi
1246 2001 1295 2024 ex
1322 1984 1604 2030 commissione
1633 1984 1728 2021 Gre-

28 2047 132 2097 gorii
163 2048 224 2086 XI
254 2061 386 2098 papae
418 2047 590 2097 gradum
622 2046 846 2096 magisterii
876 2046 916 2084 in
947 2045 1152 2095 theologia
1179 2045 1294 2083 dedit
1326 2044 1442 2082 fratri
1469 2044 1648 2081 Thomae
1680 2041 1728 2079 de

35 2107 169 2156 Rissy‚
197 2107 348 2146 ordinis
379 2107 582 2145 Minorum
609 2106 761 2144 vicario
789 2105 964 2155 generali
994 2105 1036 2142 in
1062 2119 1184 2153 regno
1212 2103 1370 2141 Scotiae
1397 2111 1438 2141 et
1464 2102 1728 2139 baccalaureo

32 2165 269 2212 Parisiensi3
299 2166 533 2215 Wadding.,
561 2179 626 2203 an.
658 2165 771 2211 1376,
806 2165 821 2213 8,
851 2165 870 2202 7
910 2165 955 2214 [t.
987 2179 1068 2211 vni,
1096 2179 1135 2213 p.
1164 2162 1270 2211 332]

87 2225 206 2263 Anno
230 2224 602 2264 MCCCLXXXIII
626 2232 800 2262 exeunte
823 2231 1065 2270 creatus—est
1087 2221 1302 2260 oardinalis
1325 2235 1346 2258 a
1370 2221 1575 2258 Clemente
1607 2232 1727 2268 papa,

32 2284 155 2334 vulgo
182 2292 352 2323 vocatus
377 2283 594 2322 cardinalis
621 2283 794 2321 Scotiae.
823 2283 922 2320 Erat
946 2291 1087 2320 autem
1111 2282 1271 2327 absens,
1297 2288 1343 2317 ut
1369 2287 1537 2317 notatur
1561 2277 1602 2315 in
1627 2277 1728 2314 libro

32 2343 344 2393 Obligationum.
367 2344 420 2381 Et
444 2357 537 2381 cum
555 2342 606 2380 ad
628 2357 721 2381 eum
746 2343 895 2379 allatus
921 2350 1025 2379 esset
1051 2340 1218 2377 nuntius
1246 2340 1293 2376 de
1320 2338 1519 2387 dignitate
1545 2336 1727 2374 cardina-

29 2402 134 2450 litia,
152 2402 284 2440 noluit
301 2402 508 2440 dimittere
526 2401 813 2452 episcopatum
830 2415 962 2439 suum.
982 2401 1176 2437 Testatur
1192 2398 1231 2435 id
1251 2399 1428 2435 joannes
1448 2395 1552 2434 Galli
1569 2402 1744 2444 quaest„

33 2476 92 2499 xx
117 2461 178 2499 his
204 2461 337 2499 verbis
362 2477 369 2499 z
396 2461 627 2499 Cardinalis
653 2460 806 2498 Scotino
832 2459 958 2496 noluit
979 2458 1193 2496 consentire
1218 2455 1458 2494 absolutioni
1481 2454 1730 2504 episcopatus

28 2520 198 2567 Scotiae,
222 2520 401 2570 quamvis
421 2520 562 2569 fuisset
581 2520 710 2568 jactus
732 2518 949 2556 cardinalis
971 2526 1004 2554 et
1025 2515 1292 2555 cardinalatui
1316 2514 1583 2552 consensisset.
1602 2513 1730 2561 Quare

26 2579 111 2617 sibi
127 2579 280 2617 dimisit
295 2594 405 2629 papa
420 2579 692 2628 episcopatum
710 2578 861 2615 scotiae
880 2577 921 2613 in
939 2576 1217 2613 commendam.
1239 2573 1351 2612 Obiit
1369 2587 1475 2610 anno
1496 2572 1626 2609 MCCC
1638 2571 1728 2608 XCI

29 2647 80 2677 ut
102 2646 220 2688 patet
243 2653 293 2676 ex
316 2637 561 2687 Waddingo,
585 2651 650 2674 an.
677 2636 791 2683 1391,
822 2637 837 2684 ξ
861 2636 883 2673 3
919 2635 963 2684 [t.
989 2650 1047 2681 lx,
1071 2649 1109 2684 p.
1137 2633 1240 2682 100].

88 2697 253 2736 Erravit
280 2711 373 2746 ergo
403 2696 600 2735 Oldoinus
629 2695 807 2734 scribens
837 2695 948 2731 illum
977 2692 1189 2731 Benedicti
1231 2692 1338 2729 XIII
1367 2698 1502 2741 partes
1540 2696 1729 2727 secutum

83 2849 115 2882 1.
146 2847 217 2881 Sur
246 2846 385 2890 Faydit
413 2845 704 2889 d’Aigrefeuille‚
736 2844 816 2877 voir
843 2845 874 2876 le
900 2842 1156 2876 Dictionnatre
1184 2841 1369 2874 d’htstoire
1396 2845 1426 2873 et
1454 2839 1494 2872 de
1516 2838 1732 2882 geographie

28 2901 318 2943 -eccleisiastiques
346 2900 385 2943 (t.
410 2911 434 2938 1,
461 2899 528 2932 col.
556 2898 792 2941 1115-1116),
819 2894 1200 2929 Albanes-Chevalier
1222 2895 1290 2937 (op.
1318 2894 1388 2932 cit„
1416 2892 1482 2925 001.
1509 2891 1668 2925 439-459
1693 2896 1731 2924 et

34 2965 69 2988 n.
94 2954 200 2994 6240,
223 2953 346 2996 6247),
370 2952 579 2985 Bellamera
604 2950 786 2994 (Consilia
807 2950 839 2989 7,
863 2950 925 2982 fol.
943 2949 1000 2988 48,
1024 2948 1091 2981 001.
1109 2948 1147 2986 4;
1181 2946 1281 2980 cons.
1306 2947 1362 2985 10,
1385 2946 1448 2978 fol.
1473 2945 1528 2984 59,
1553 2945 1620 2977 001.
1644 2944 1665 2976 4
1693 2949 1730 2976 et

32 3019 136 3041 cons.
161 3007 218 3046 11,
245 3006 307 3039 fol.
333 3006 391 3044 77,
417 3004 485 3038 col.
511 3004 560 3047 4).

86 3062 116 3094 2.
140 3059 230 3093 Voir
247 3059 290 3092 N.
307 3058 434 3091 Valois
454 3057 494 3101 (t.
511 3069 549 3096 11,
567 3069 601 3101 p.
619 3056 701 3099 471)
720 3062 759 3089 et
779 3055 942 3089 Grandes
956 3054 1170 3096 clzroniques
1185 3054 1226 3086 de
1240 3052 1381 3084 France
1399 3051 1468 3094 (ed.
1488 3049 1729 3089 DelachenaL

36 3100 64 3146 t.
86 3125 139 3153 111,
164 3125 199 3157 p.
225 3112 299 3155 39).
