2083 3458
59 200 182 256 [640]
583 220 799 245 PAPARUM
834 221 1216 247 AVENIONENSIUM
1663 207 1744 247 123

46 304 340 354 interpretatus
359 311 420 341 est
437 303 485 340 de
504 302 726 344 Avenione,
747 304 840 353 quia
859 304 1014 342 sciebat
1031 319 1076 343 ea
1095 313 1341 355 tempestate
1361 306 1513 343 curiam
1527 320 1739 344 romanam

47 376 69 400 a
91 363 296 400 Clemente
318 363 351 399 V
385 361 655 400 constitutam
678 362 798 400 fuisse
819 362 861 401 in
881 377 927 401 ea
948 363 1129 402 civitate.
1154 364 1303 402 Verum
1335 379 1426 402 cum
1447 373 1608 403 constet
1629 380 1738 403 eum-

46 421 137 459 dem
166 421 415 462 Clementem
443 434 535 458 cum
563 420 671 457 curia
700 435 771 458 sua
800 421 920 459 fuisse
948 422 1127 461 Viennae
1154 423 1206 460 ad
1236 423 1482 462 Rhodanum
1509 438 1531 461 a
1557 424 1741 462 kalendis

46 480 222 517 octobris
245 480 340 521 anni
364 479 565 517 MCCCXI
600 493 727 528 usque
750 480 802 516 ad
828 480 949 520 finem
972 481 1119 520 mensis
1141 481 1244 530 junii
1270 483 1366 522 anni
1389 483 1608 532 sequentis,
1632 491 1742 521 recte

46 539 216 577 scribere
234 538 371 589 potuit
389 538 641 576 Contelorius
661 537 714 587 [p.
732 537 794 587 18]
825 539 931 577 hunc
950 539 1203 589 Stephanum
1218 556 1301 579 esse
1320 549 1527 578 mortuum
1546 541 1737 581 Viennae.

48 598 152 635 Hinc
171 612 267 635 vero
287 612 430 647 corpus
450 597 536 646 ejus
567 597 748 634 delatum
773 606 834 635 est
852 598 903 635 ad
924 597 1171 636 Laudunum
1201 600 1421 645 clavatum,
1442 600 1511 637 ubi
1534 601 1741 650 sepultum

45 665 106 694 est
126 657 166 694 in
181 656 429 694 monasterio
450 655 588 693 Sancti
613 656 795 694 Joannis.
812 656 913 694 Vide
935 657 1059 694 Notas
1080 657 1153 694 viri.
1175 659 1387 696 clarissimi
1409 659 1537 696 Lucae
1554 659 1742 696 Daclzerizss

43 716 95 752 od
120 715 351 753 Guibertum
370 716 414 752 de
434 714 665 763 Novigento‚
686 729 724 764 p.
746 715 823 752 830
854 715 915 765 [P.
938 716 997 763 L.‚
1019 724 1047 754 t.
1072 731 1175 759 CLVI,
1199 718 1271 756 col.
1296 718 1409 761 1181,
1432 718 1570 767 11821.

98 775 192 823 Pag.
219 774 280 819 61,
305 774 370 823 lig.
398 774 458 811 23.
485 773 763 811 GUILLELMUS
780 772 1012 812 ARRUFATI.
1041 775 1215 823 Quidam
1241 776 1396 814 codices
1421 777 1576 814 habent
1599 777 1739 825 Hufati

44 834 107 871 vel
139 834 304 882 Ruffati,
338 847 441 882 quae
472 832 591 870 lectio
623 832 855 870 confirmari
887 833 1049 871 videtur
1079 849 1128 872 ex
1158 835 1341 884 pluribus
1372 835 1460 873 aliis
1490 835 1599 874 locis.
1634 836 1740 872 Nam

43 892 175 942 primo
198 893 251 930 sic
276 907 433 941 semper
456 891 647 929 scribitur
670 891 711 928 in
734 892 1021 930 vetustissimis
1046 894 1245 943 excerptis
1270 909 1288 931 e
1312 894 1480 943 registro
1501 894 1597 931 anni
1619 894 1739 944 primi

44 951 261 992 Clementis
285 951 331 995 V,
356 965 459 1000 quae
483 958 628 988 extant
650 950 691 988 in
714 950 960 989 bibliotheca
984 951 1104 1001 regia,
1126 960 1167 989 et
1188 953 1230 990 in
1251 952 1530 990 vetustissimo
1554 954 1740 1002 catalogo

44 1009 311 1047 cardinalium
339 1010 407 1059 qui
434 1009 632 1048 vivebant
658 1009 699 1046 in
726 1009 852 1049 initiis
878 1010 1147 1059 pontificatus
1174 1011 1357 1060 ejusdem
1384 1012 1601 1049 Clementis
1629 1012 1740 1049 edito

42 1069 83 1105 in
112 1064 226 1106 ¹tomo
257 1069 380 1107 tertio
411 1068 654 1105 Libertatum
685 1069 882 1105 Ecclesiae
912 1069 1172 1117 Angliccmae‚
1204 1085 1242 1120 p.
1278 1070 1391 1115 1155,
1423 1078 1512 1107 tum
1543 1071 1667 1108 etiam
1698 1071 1741 1108 in

42 1127 162 1164 Libro
183 1128 470 1177 obligationum
491 1127 640 1165 archivi
669 1127 864 1166 Vaticani.
892 1128 1046 1166 Deinde
1068 1128 1105 1165 in
1130 1129 1296 1166 archivo
1318 1129 1507 1167 ecclesiae
1530 1130 1738 1167 Convena-

42 1201 131 1224 rum
155 1195 300 1228 extant
323 1195 416 1224 acta
440 1186 536 1227 anni
560 1186 814 1232 MCCXCVL
839 1187 878 1224 in
904 1187 1050 1236 quibus
1072 1188 1324 1225 Bertrandus
1348 1188 1560 1238 episcopus
1586 1189 1739 1226 Conve-

42 1259 186 1285 narum
213 1246 299 1295 (qui
322 1254 466 1296 postea
492 1245 569 1282 fuit
605 1245 786 1283 Clemens
820 1260 927 1295 papa
961 1246 1010 1293 V)
1050 1247 1348 1296 compromittit
1374 1261 1465 1284 cum
1491 1247 1664 1296 Augerio
1690 1247 1740 1284 de

44 1305 271 1354 Falguario‚
299 1305 450 1342 abbate
476 1304 721 1342 Bonifontis.
750 1304 904 1341 Arbitri
932 1304 1040 1342 fuere
1070 1305 1306 1343 Guillelmus
1336 1306 1492 1348 Rufati,
1521 1305 1738 1343 canonicus

44 1364 338 1413 Lugdunensis,
364 1371 405 1401 et
429 1363 632 1402 Arnaldus
659 1363 830 1410 Nox-elli,
856 1364 1078 1401 monachus
1103 1364 1151 1402 de
1174 1364 1370 1402 Bolbona.
1397 1364 1573 1402 Additus
1597 1365 1638 1403 in
1662 1372 1740 1402 ter-

42 1422 146 1459 tium
177 1423 380 1462 Arnaldus
414 1422 576 1471 Rogerii
606 1422 865 1472 praepositus
896 1423 1131 1461 Tolosanus.
1167 1424 1380 1461 Praeterea
1411 1423 1450 1460 in
1482 1432 1639 1471 regesto
1672 1437 1738 1460 in

53 1481 129 1531 [JJ
143 1480 215 1531 61]
237 1481 391 1519 archivi
406 1481 504 1531 regii
520 1481 755 1520 parisiensis
772 1495 859 1532 cap.
877 1482 964 1528 487,
980 1481 1021 1519 in
1041 1482 1165 1519 literis
1186 1482 1324 1519 Karoli
1344 1482 1410 1528 IV,
1429 1482 1530 1531 regis
1547 1482 1741 1523 Franciae

42 1548 83 1578 et
114 1541 336 1588 Navarrae‚
367 1541 474 1578 datis
505 1540 668 1578 Parisiis
698 1554 805 1580 anno
836 1541 1118 1588 MCCCXXII,
1160 1555 1295 1579 mense
1335 1541 1463 1590 junio,
1505 1541 1742 1579 nominatur

42 1599 244 1637 Arnaldus
281 1600 438 1637 Russ'ati
470 1607 713 1650 procurator
746 1614 815 1637 seu
850 1599 1040 1649 syndicus
1075 1600 1356 1637 habitatorum
1390 1600 1465 1638 loci
1497 1599 1740 1649 Brageriaci.

42 1659 156 1696 Adde
179 1658 471 1696 auctoritatem
493 1658 640 1696 veteris
663 1658 927 1698 instrumenti
957 1658 1054 1696 editi
1088 1659 1193 1696 inter
1223 1658 1480 1696 Prohationes
1503 1673 1741 1708 nuperorum

41 1718 265 1755 Annalium
294 1718 591 1763 Tolosanorum,
618 1732 656 1767 p.
687 1718 748 1764 56,
777 1717 846 1754 ubi
873 1717 1027 1755 mentio
1054 1726 1115 1755 est
1142 1717 1307 1755 Martini
1336 1717 1506 1765 Russ'ati‚
1535 1717 1604 1766 qui
1630 1731 1738 1755 anno

43 1777 205 1814 MCClY
232 1776 310 1814 fuit
334 1777 474 1814 consul
498 1777 735 1816 Tolosanus.

96 1835 190 1873 Fuit
223 1835 461 1873 Guillelmus
492 1835 625 1886 primo
652 1835 870 1874 canonicus
903 1835 1176 1873 nobilissimae
1200 1835 1400 1872 Ecclesiae
1434 1834 1733 1884 Lugdunensis3

41 1902 88 1931 ut
106 1895 253 1932 docent
272 1894 397 1933 etiam
416 1903 608 1944 excerpta
621 1907 741 1944 supra
756 1895 925 1932 laudata
946 1909 995 1932 ex
1017 1903 1174 1943 regesto
1192 1894 1288 1933 anni
1306 1893 1425 1943 primi
1439 1894 1656 1931 Clementis
1670 1893 1735 1939 VJ,

42 1953 111 1990 uhi
141 1962 313 1991 vocatur
343 1953 581 1991 Guillelmus
614 1953 757 1991 Rufati
796 1954 844 1991 de
875 1954 1107 1991 Cassaneto.
1143 1954 1286 1999 Recte3
1310 1966 1406 1990 nam
1436 1967 1485 1990 ex
1514 1960 1671 2001 regesto
1698 1953 1734 1989 I)

42 2026 223 2050 camerae
245 2021 532 2062 computorum
556 2012 804 2059 Parisiensis‚
827 2012 893 2050 fol.
917 2012 1005 2058 250,
1026 2020 1198 2062 apparet
1218 2026 1309 2050 eum
1336 2011 1524 2049 habuisse
1544 2019 1736 2061 nepotem

42 2071 323 2109 Gualhardum
345 2072 393 2109 de
416 2072 650 2119 Cassanem,
674 2071 857 2109 militem.
884 2071 1038 2109 Deinde
1061 2071 1256 2117 Clemens,
1273 2071 1360 2120 ejus
1375 2070 1519 2116 affinis,
1535 2084 1627 2107 eum
1641 2070 1739 2107 fecit

42 2144 159 2167 suum
178 2130 495 2169 referendarium
513 2130 540 2177 ²,
560 2138 607 2167 ut
625 2138 741 2180 patet
759 2145 809 2168 ex
826 2130 995 2168 laudato
1019 2130 1204 2179 catalogo
1223 2129 1490 2167 cardinalium
1508 2137 1549 2166 et
1567 2143 1616 2166 ex
1634 2128 1736 2178 epis-

42 2189 124 2226 tola
144 2190 326 2239 ejusdem
346 2189 549 2228 Guillelmi
567 2190 619 2227 ad
637 2189 925 2236 Bononienses‚
958 2197 1046 2226 tum
1068 2203 1175 2227 anno
1194 2188 1366 2226 MCCCV
1396 2187 1459 2237 [15
1487 2186 1733 2236 decembris]

41 2257 214 2286 exeunte
234 2248 451 2287 diaconum
470 2248 717 2287 cardinalem
730 2243 846 2285 tituli
866 2248 1108 2285 Sanctorum
1127 2248 1294 2285 Cosmae
1313 2255 1353 2284 et
1373 2246 1575 2292 Damiani‚
1589 2254 1629 2283 et
1641 2260 1737 2283 mox

52 2306 162 2356 [ante
191 2307 209 2344 1
239 2307 376 2345 martii
405 2307 527 2357 1306]
557 2308 844 2358 presbyterum
871 2306 981 2344 tituli
1010 2307 1182 2344 Sanctae
1221 2306 1503 2351 Potenfflanae,
1542 2304 1611 2354 qui
1647 2312 1736 2341 tum

41 2366 218 2403 vacabat
249 2374 343 2416 post
374 2374 548 2404 mortem
583 2366 751 2404 Roberti
785 2365 999 2403 cardinalis
1033 2365 1318 2411 Cisterciensis,
1352 2363 1502 2401 mortui
1534 2363 1597 2401 die
1629 2377 1737 2401 nona

41 2425 216 2462 octobris
241 2424 423 2474 ejusdem
447 2425 556 2472 anni,
581 2433 627 2462 ut
650 2425 796 2474 legitur
818 2425 860 2462 in
882 2425 1002 2462 Libro
1025 2424 1308 2473 obligationum
1333 2422 1481 2460 archivi
1509 2421 1693 2459 Vaticani
1707 2420 1734 2459 3.

43 2483 104 2520 Ex
122 2498 201 2533 quo
221 2484 394 2533 corrigas
412 2499 477 2522 eos
497 2484 565 2534 qui
584 2498 719 2522 mense
738 2483 901 2533 augusti
919 2484 1103 2521 scribunt
1121 2498 1213 2521 eum
1231 2481 1458 2520 decessisse.

95 2542 156 2579 Ex
172 2542 232 2580 his
250 2557 352 2592 quae
368 2543 566 2581 hactenus
584 2543 693 2580 dicta
710 2550 806 2580 sunt
822 2542 937 2580 facile
954 2550 1015 2580 est
1031 2542 1213 2591 colligere
1230 2542 1336 2578 hunc
1353 2540 1599 2578 cardinalem
1615 2539 1738 2576 fuisse

39 2600 123 2649 jam
147 2601 188 2641 in
212 2601 363 2639 familia
388 2601 518 2639 affinis
542 2601 603 2639 sui
627 2601 844 2641 Clementis
867 2615 913 2638 eo
936 2609 1119 2650 tempore
1143 2614 1223 2649 quo
1246 2600 1310 2637 ille
1333 2599 1499 2648 regebat
1514 2597 1738 2636 Ecclesiam

41 2659 337 2707 Convenarum,
364 2668 404 2698 et
428 2660 572 2700 deinde
607 2660 641 2698 ei
666 2674 827 2710 quoque
860 2660 1090 2697 adhaesisse
1114 2666 1334 2709 postquam
1369 2657 1499 2695 evasit
1522 2656 1737 2706 archiepis-

89 2815 120 2847 1.
141 2814 299 2847 Clement
320 2814 360 2854 V,
380 2826 414 2847 n.
434 2815 514 2848 995.
533 2834 580 2837 —
597 2815 815 2848 Guillelmus
836 2814 992 2853 Rufini,
1012 2812 1212 2845 canonicus
1238 2817 1276 2843 et
1294 2809 1459 2842 officialis
1476 2809 1735 2853 Lugdunensis

0 2887 2 2892 ν
43 2878 83 2899 ac
119 2867 277 2900 vicarius
303 2867 341 2899 in
366 2868 635 2911 temporalibus
662 2869 701 2901 B.
730 2867 997 2912 archiepiscopi
1024 2863 1294 2909 Lugdunensis,
1322 2874 1420 2895 anno
1445 2863 1539 2895 1292
1578 2858 1739 2909 [Menes-

43 2919 145 2966 tricr⁴
172 2920 334 2953 Histoire
358 2921 399 2953 de
421 2921 535 2964 Lyon,
562 2921 729 2961 Pretwes,
757 2934 791 2965 p.
819 2922 899 2961 101,
927 2921 993 2953 col.
1021 2920 1037 2951 'l
1065 2925 1103 2951 et
1128 2930 1162 2961 p.
1190 2917 1270 2956 102,
1297 2916 1364 2948 col.
1402 2917 1432 2948 2.
1461 2915 1668 2963 Canonicus
1695 2921 1736 2948 et

43 2973 207 3006 officialis
230 2973 500 3016 Lugdunensis,
525 2986 624 3007 anno
647 2975 750 3013 1293,
777 2976 868 3007 dans
892 2974 997 3006 titres
1021 2972 1064 3004 de
1088 2971 1270 3008 Turenne‚
1296 2968 1503 3012 Meslanges
1529 2968 1650 3010 [Bam.

91 3026 121 3058 2.
154 3026 280 3066 Finke,
299 3026 504 3070 Pap-silum,
524 3033 550 3060 t.
568 3039 605 3067 11,
625 3039 660 3071 p.
681 3028 737 3060 21.

89 3080 121 3111 3.
152 3079 310 3112 Οἷένηεηί
332 3079 373 3120 V,
392 3079 617 3123 Αρρεηάιῖεε,
638 3091 672 3123 p.
695 3081 775 3113 201.
