2083 3458
126 270 274 326 [1467]
643 284 859 310 PAPARUM
895 286 1279 313 AVEMONENsluM
1729 276 1807 318 747

108 372 260 409 Contra
296 368 458 407 Garsias
496 368 676 416 Martini,
712 369 864 408 electus
901 370 1122 419 Auriensis,
1157 371 1402 422 respondit1
1437 372 1598 412 eredere
1632 388 1673 412 se
1708 375 1810 425 quod

108 429 280 467 Romani
302 428 517 465 induerunt
534 427 614 465 sibi
633 443 786 478 capam.
799 429 860 467 'Et
882 429 1061 468 Joannes
1086 431 1286 478 Columbi,
1307 431 1473 470 clericus
1495 432 1807 481 Avenionensis‚

107 489 156 527 de
175 503 214 527 se
233 489 403 537 loquens
421 486 462 524 in
480 486 605 525 tertia
622 501 796 537 persona
818 488 832 510 ‘2
852 503 859 525 :
878 488 929 526 Et
946 498 1038 527 tunc
1057 489 1140 539 ipse
1159 490 1257 528 vidit
1273 491 1375 541 quod
1392 491 1565 529 Romani
1582 506 1805 542 assumpse-

108 556 200 586 runt
222 546 370 585 dictum
392 545 635 583 cardinalem
657 546 795 584 Sancti
818 547 941 594 Petri,
965 548 1127 598 quidam
1148 563 1217 598 per
1239 558 1370 599 caput,
1393 550 1467 588 alii
1490 564 1559 600 per
1579 552 1708 601 pedes,
1732 552 1807 589 alii

109 621 177 657 per
199 619 356 652 manus,
378 613 411 643 et
432 606 681 644 adduxerunt
701 620 790 643 eum
810 620 929 656 super
951 608 1131 645 humeros
1153 609 1266 657 quasi
1288 617 1485 647 mortuum
1507 610 1625 647 donec
1646 611 1805 649 colloca-

108 674 244 704 verunt
263 679 353 702 eum
370 678 490 714 super
508 664 630 702 altare
649 665 794 714 capelle
813 673 950 703 secrete
971 666 1039 703 ubi
1060 667 1199 704 cotidie
1217 668 1475 706 communiter
1492 669 1680 708 audiebat
1697 685 1807 720 papa

108 726 286 771 missam,
304 733 338 762 et
356 723 412 761 ibi
430 723 611 761 tenebant
628 738 718 761 eum
734 724 876 773 aliqui,
895 733 928 762 et
945 725 1018 762 alii
1039 726 1256 764 induebant
1272 741 1361 764 eum
1378 742 1478 777 capa
1495 728 1617 766 rubea
1633 737 1668 767 et
1687 743 1804 779 pone-

112 786 202 823 bant
219 783 300 821 sibi
319 783 488 821 mitram.
510 783 565 820 At
582 782 710 831 istud,
728 798 810 820 non
825 797 847 821 a
866 784 1033 834 populo,
1049 785 1119 822 sed
1137 799 1159 822 a
1176 785 1451 824 cardinalibus
1468 788 1626 826 factum
1644 803 1728 826 esse
1747 788 1806 826 ait

107 844 356 894 Stephanus,
396 842 609 892 episcopus
649 842 913 890 Tudertinus,
952 842 993 880 in
1032 857 1104 881 sua
1144 844 1398 894 depositione
1419 845 1435 868 ³
1469 860 1476 883 :
1517 846 1736 900 Audientes
1773 856 1807 886 et

107 903 278 941 videntes
313 901 535 939 cardinales
571 915 766 939 rumorem
801 902 942 951 populi
979 903 1188 941 clamantis
1225 918 1307 942 una
1343 918 1428 942 voce
1466 920 1473 942 :
1512 905 1645 953 Mora,
1683 920 1806 955 mora,

106 962 290 1000 disrerunt
317 961 369 999 ad
395 960 602 998 dominum
631 960 768 998 Sancti
797 961 920 1007 Petri,
948 970 1065 1011 prout
1092 962 1230 1000 audivi
1261 977 1273 1000 .·
1303 963 1348 1001 Si
1377 972 1417 1001 tu
1446 978 1525 1002 non
1553 965 1693 1002 liberes
1721 980 1806 1014 nos,

106 1035 238 1058 omnes
269 1020 411 1058 mortui
437 1033 590 1057 sumus,
621 1020 671 1057 Et
699 1028 790 1057 tunc
818 1034 886 1070 per
914 1021 1141 1058 violentiam
1164 1022 1437 1071 imposuerunt
1459 1023 1539 1061 sibi
1567 1033 1746 1062 mantum
1773 1034 1808 1063 et

109 1080 443 1118 intronizaverunt
476 1093 565 1116 eum
602 1078 643 1116 in
677 1079 808 1117 altari.
846 1080 996 1117 Contra
1032 1080 1146 1120 illum
1181 1090 1327 1131 sponte
1362 1090 1402 1120 et
1437 1096 1519 1119 non
1553 1084 1806 1122 abnuentem

108 1139 290 1190 positum
312 1154 395 1177 esse
425 1138 466 1176 in
488 1138 580 1176 sede
615 1138 737 1176 fidem
769 1138 866 1176 facit
892 1138 1113 1177 Rodericus
1138 1140 1341 1178 Fernandi
1371 1141 1646 1191 portionarius
1671 1144 1806 1182 Eccle-

108 1199 189 1237 siae
210 1197 463 1248 Hispalensis
484 1213 490 1235 :
512 1197 581 1247 qui
598 1198 768 1247 loquens
788 1198 836 1236 de
854 1197 895 1235 vi
913 1206 953 1236 et
975 1198 1175 1237 seditione
1197 1200 1493 1248 Romanorum,
1511 1201 1630 1239 addit
1645 1201 1662 1225 4
1677 1202 1806 1241 cardi-

109 1258 219 1296 nales
234 1266 402 1296 tantum
416 1257 601 1295 timuisse
617 1258 718 1307 quod
731 1266 965 1306 rogaverunt
979 1258 1221 1296 cardinalem
1235 1259 1373 1297 Sancti
1387 1260 1496 1297 Petri
1511 1261 1612 1310 quod
1624 1262 1808 1312 reciperet

108 1318 266 1356 mitram
292 1325 326 1354 et
351 1316 517 1354 salvaret
543 1330 606 1353 eos
632 1331 656 1354 a
685 1325 814 1361 morte,
843 1325 876 1354 et
904 1316 988 1366 ipse
1021 1318 1222 1367 respondit
1248 1319 1349 1368 quod
1374 1319 1552 1368 placebat
1577 1319 1657 1358 sibi
1681 1321 1808 1370 facere

107 1385 299 1427 quantum
325 1375 405 1426 ipsi
431 1376 584 1421 vellent3
611 1384 645 1413 et
668 1383 761 1413 tunc
785 1376 924 1426 recipit
949 1376 1120 1423 mitram,
1146 1386 1179 1415 et
1203 1386 1419 1427 posuerunt
1442 1392 1531 1416 eum
1557 1379 1599 1417 in
1628 1380 1808 1422 cathedra

107 1445 296 1486 tanquam
315 1449 477 1485 papam.
502 1435 645 1473 Petrus
667 1435 997 1485 archipresbyter
1018 1436 1066 1473 de
1087 1436 1193 1483 Fita,
1212 1437 1434 1476 Toletanae
1455 1437 1663 1485 dioecesis,
1684 1439 1807 1478 inter-

109 1503 274 1545 rogatus
301 1509 422 1544 super
446 1494 620 1532 articulo
646 1508 711 1531 L111
738 1509 853 1532 casus
879 1494 1001 1544 primi
1025 1495 1143 1533 electi
1169 1496 1269 1534 discit
1287 1496 1302 1518 5
1317 1510 1356 1533 se
1370 1498 1517 1534 credere
1533 1499 1634 1547 quod
1653 1498 1808 1548 quando

108 1553 328 1592 cardinales
354 1553 535 1591 viderunt
559 1553 760 1591 Romanos
785 1562 956 1591 armatos
984 1554 1174 1593 intrantes
1200 1555 1377 1592 conclave
1404 1556 1586 1594 dixerunt
1611 1558 1808 1595 cardinali

108 1613 246 1651 Sancti
267 1613 374 1651 Petri
399 1628 406 1650 :
426 1613 610 1659 Domine,
633 1613 838 1663 recipiatis
861 1613 977 1651 istam
999 1614 1159 1652 mitram
1182 1630 1189 1651 :
1212 1615 1306 1664 quia
1327 1615 1362 1652 si
1383 1629 1452 1665 per
1473 1629 1537 1652 vos
1567 1630 1645 1654 non
1666 1617 1807 1655 libera-

109 1688 210 1720 mur,
236 1687 313 1710 non
338 1672 554 1722 poterimus
579 1672 671 1709 hinc
695 1673 852 1710 evadere
878 1681 1048 1712 mortem.
1077 1674 1127 1711 Et
1150 1674 1305 1711 audivit
1331 1674 1401 1711 iste
1425 1675 1531 1712 testis
1557 1677 1658 1724 quod
1681 1676 1807 1714 cardi-

109 1733 217 1770 nales
241 1732 295 1769 ita
316 1732 499 1781 fecerant,
523 1740 555 1769 et
577 1732 732 1769 audivit
754 1732 833 1769 (lici
856 1733 957 1781 quod
981 1732 1049 1770 illa
1072 1734 1116 1770 de
1138 1747 1259 1771 causa
1282 1742 1474 1783 receperat
1502 1734 1660 1772 mitram
1682 1735 1809 1773 dictus

107 1791 326 1829 cardinalis
353 1791 527 1829 libenter.
557 1792 707 1828 Contra
733 1791 923 1830 Nicolaus
948 1790 1129 1839 Martini,
1151 1792 1462 1830 archidiaconus
1486 1793 1809 1841 Salamantinus,

107 1851 382 1899 interrogatus
403 1865 524 1900 super
542 1850 686 1888 eodem
705 1850 878 1888 articulo
899 1851 1000 1889 discit
1018 1851 1032 1873 ⁶
1050 1852 1152 1901 quod
1181 1852 1271 1889 bene
1297 1852 1453 1890 audivit
1470 1854 1571 1902 quod
1588 1854 1809 1890 cardinales

108 1918 343 1959 rogaverunt
361 1918 395 1947 et
416 1910 657 1947 induxerunt
678 1911 919 1947 cardinalem
942 1911 1078 1948 Sancti
1100 1911 1208 1948 Petri
1230 1912 1331 1961 quod
1350 1926 1421 1961 pro
1440 1912 1657 1949 salvatione
1677 1927 1810 1950 eorum

106 1984 146 2006 se
172 1969 347 2006 indueret
372 1984 501 2019 cappa
527 1969 667 2018 papali
692 1978 726 2007 et
750 1970 982 2007 consentiret
1006 1970 1107 2020 quod
1130 1979 1338 2019 poneretur
1361 1970 1441 2008 sibi
1464 1970 1581 2008 mitra
1605 1980 1639 2009 et
1663 1980 1811 2009 vocaret

107 2043 146 2065 se
166 2043 330 2078 papam,
352 2036 386 2065 et
405 2028 560 2065 audivit
581 2028 659 2065 dici
681 2030 782 2078 quod
803 2029 1021 2066 cardinalis
1043 2029 1194 2067 dixerat
1214 2030 1315 2079 quod
1335 2030 1502 2068 nolebat.
1527 2030 1706 2070 Rursum
1728 2045 1809 2068 non

108 2087 303 2125 convenit
332 2087 438 2125 inter
470 2095 592 2125 testes
625 2087 740 2126 illum
771 2088 811 2125 in
841 2088 933 2126 sede
964 2088 1146 2137 positum
1178 2088 1299 2127 fuisse
1329 2103 1351 2126 a
1383 2088 1673 2128 cardinalibus.
1705 2090 1810 2128 Sunt

108 2146 217 2186 enim
251 2146 320 2196 qui
353 2155 538 2184 asserant
571 2146 682 2184 istud
718 2147 876 2186 factum
909 2163 993 2185 csse
1027 2161 1048 2184 a
1083 2148 1236 2197 populo
1268 2148 1570 2195 tumultuante,
1603 2157 1650 2186 ut
1684 2148 1810 2186 frater

110 2207 289 2243 Joannes
327 2206 455 2243 abbas
494 2205 733 2244 monasterii
771 2206 910 2244 Sancti
952 2206 1109 2253 Isidori,
1148 2206 1298 2244 ordinis
1333 2207 1622 2255 Cisterciensis,
1663 2207 1809 2257 Hispa-

107 2265 227 2303 lensis
258 2264 466 2311 dioecesis,
496 2265 537 2302 in
567 2265 683 2314 cujus
714 2265 968 2315 depositione
999 2266 1191 2314 leguntur
1230 2266 1353 2304 verba
1392 2266 1605 2315 sequentia
1627 2267 1641 2289 ⁷
1673 2283 1679 2304 :
1714 2267 1811 2304 Item

109 2324 196 2373 quis
216 2323 349 2374 posuit
366 2339 455 2361 eum
476 2324 517 2361 in
537 2325 731 2370 cathedra,
752 2325 852 2362 discit
869 2339 908 2361 se
926 2324 1128 2362 audivisse
1147 2326 1248 2374 quod
1264 2325 1486 2363 cardinales
1504 2334 1690 2374 rogarant
1708 2340 1810 2371 eum,

112 2391 151 2420 ut
175 2383 359 2433 predixit,
385 2384 486 2432 quod
508 2397 547 2420 se
572 2392 729 2433 poneret
755 2384 796 2420 in
821 2384 999 2421 cathedra
1026 2392 1067 2421 ut
1092 2384 1176 2433 ipse
1199 2392 1234 2421 et
1258 2384 1338 2434 ipsi
1365 2385 1567 2422 evaderent
1589 2385 1811 2434 periculum

110 2443 257 2480 mortis.
284 2443 334 2479 Et
356 2442 474 2480 etiam
497 2442 652 2480 audivit
674 2444 775 2492 quod
797 2442 969 2480 Romani
993 2443 1043 2480 ab
1068 2442 1158 2480 inde
1180 2451 1403 2492 receperant
1425 2457 1513 2480 eum
1538 2452 1572 2481 et
1599 2452 1813 2493 posuerant

109 2515 228 2551 super
243 2501 377 2538 altare.
397 2502 500 2540 Item
519 2501 758 2540 Franciscus
778 2501 997 2548 Fernandi,
1019 2510 1163 2539 cantor
1190 2501 1445 2549 Palentinus‚
1459 2502 1564 2539 dixit
1577 2502 1591 2524 ⁸
1605 2502 1810 2541 audivisse

108 2576 148 2599 se
174 2561 288 2610 quod,
315 2561 471 2609 quando
495 2561 740 2598 intraverunt
761 2561 935 2598 Romani
959 2560 1001 2597 in
1022 2562 1214 2607 conclave,
1236 2561 1362 2610 aliqui
1384 2561 1607 2598 cardinales
1631 2562 1812 2599 dixerant

106 2619 163 2656 eis
186 2620 286 2668 quod
321 2619 400 2668 ipsi
435 2620 629 2668 elegerant
655 2620 899 2657 cardinalem
933 2620 1070 2657 Sancti
1093 2619 1215 2666 Petri,
1238 2628 1368 2657 tamen
1395 2620 1550 2657 nolebat
1580 2621 1811 2667 consentire,

223 2784 288 2817 Ms.
315 2784 399 2823 cite,
424 2784 486 2817 fol.
513 2785 580 2818 203
605 2790 654 2816 v0.

222 2837 288 2870 Ms.
314 2837 397 2876 cite,
422 2837 483 2870 fol.
508 2838 577 2871 169
600 2842 650 2869 v0.

223 2891 288 2923 Ms.
311 2890 395 2929 cite,
417 2890 478 2923 fol.
501 2891 545 2923 76
564 2895 607 2923 r⁰.

224 2943 291 2976 Ms.
322 2943 406 2983 cite,
436 2943 498 2976 fol.
529 2944 597 2976 103
626 2948 669 2976 r0.

225 2996 291 3029 Ms.
319 2996 404 3035 cite,
431 2996 492 3029 fol.
521 2997 588 3029 163
613 3000 657 3029 r0,

225 3049 291 3082 Ms.
314 3049 398 3087 cite,
420 3049 482 3082 fol.
505 3050 573 3082 180
592 3054 635 3082 r0.

225 3102 290 3135 Ms.
322 3102 406 3141 cite,
438 3102 499 3134 fol.
531 3102 599 3135 198
630 3107 679 3135 v0.

225 3155 290 3188 Μ5.
315 3155 400 3194 cite,
424 3155 487 3188 fol.
513 3155 581 3187 224
604 3159 653 3187 v0.

158 2785 191 2923 5030?

160 2944 180 3134 κισιωι-ε»

159 3157 192 3187 :00
