2083 3458
283 242 365 284 530
929 250 1080 275 NOTAE
1114 250 1175 276 AD
1209 250 1336 276 vrrAs
1830 235 1985 292 [1013]

282 340 429 383 histor..
454 354 491 389 p.
518 338 606 385 235,
631 338 689 374 ait
714 336 929 373 Urbanum
952 336 1167 384 navigasse
1190 335 1231 372 in
1255 335 1461 384 praetoria
1485 335 1582 373 navi
1607 335 1983 385 Hospitalariorum

283 413 504 448 eorumque
534 396 719 446 magistri
748 394 982 443 Berengarii
1012 394 1221 444 pontificis
1252 394 1502 433 amicissimi.
1535 394 1686 432 Contra
1719 395 1985 433 continuator

285 459 461 497 Gallicus
487 456 633 505 Nangii
656 456 697 493 in
721 454 857 492 codice
881 451 932 490 43
952 453 1226 492 bibliothecae
1250 453 1509 492 Colbertinae
1528 452 1556 501 1,
1579 454 1647 492 fol.
1672 453 1748 492 239
1769 461 1818 502 r⁰‚
1842 454 1984 493 scribit

283 532 376 556 eum
391 518 615 566 ingressum
633 515 842 552 triremem
859 513 1076 560 Venetam,
1093 521 1127 550 et
1141 522 1251 551 entra
1266 527 1314 549 en
1327 527 1372 550 sa
1387 527 1581 562 personne
1597 527 1645 550 en
1660 514 1749 551 celle
1764 513 1808 551 de
1828 513 1983 562 Venise,

284 586 317 615 et
339 578 403 614 ala
427 576 527 613 droit
549 578 573 612 a
601 572 765 612 Viterhe.
794 572 927 620 Quam
950 580 1204 622 postremam
1227 572 1477 610 sententiam
1502 571 1722 610 confirmat
1747 573 1985 621 petrarcha,

285 636 353 674 lib.
380 635 439 672 IX
459 635 547 673 Rer.
569 633 697 680 senil„
720 646 807 681 cap.
828 646 855 669 11
877 647 884 669 ε
912 631 1047 669 Unum
1067 631 1111 668 de
1131 631 1267 669 multis
1287 631 1530 679 interseram,
1549 631 1676 681 fuisse
1696 631 1754 669 ibi
1773 633 1985 670 nonnullos

286 709 330 732 esc
348 695 414 733 illo
432 695 549 732 etiam
568 691 782 730 venerabili
800 691 936 728 ordine
954 691 1021 740 qui
1039 690 1243 739 confestim
1262 699 1303 728 ut
1326 690 1495 728 Venetus
1512 691 1674 729 classem
1693 691 1806 729 terris
1823 691 1983 741 eripuit,

285 769 351 792 ceu
371 753 459 792 terti
477 752 629 799 acriter,
651 750 836 788 muliebri
854 749 1006 799 ejulatu
1025 750 1205 787 omnium
1226 750 1269 787 in
1287 764 1326 787 se
1346 758 1562 788 nautarum
1579 750 1703 788 simul
1721 759 1989 800 vectorumque

284 828 352 851 ora
379 819 647 851 converterent.
679 810 808 858 Quem
835 810 971 847 locum
999 809 1231 848 describens
1260 809 1459 847 Odoricus
1489 809 1745 858 Raynaldus,
1774 823 1839 848 an.
1870 809 1986 857 1367,

291 872 307 921 ξ
336 872 372 920 3,
403 881 538 909 ventus
566 871 705 920 inepte
735 877 775 908 et
803 869 993 919 imperite
1021 868 1206 919 reposuit
1234 882 1307 919 pro
1342 868 1524 908 Venetus‘.
1565 868 1659 907 Non
1695 869 1755 907 ita
1791 869 1984 917 Bzovius,

285 932 355 982 qui
373 946 438 970 an.
459 930 564 978 eod.,
590 929 606 978 §J
626 929 660 977 1,
679 937 789 967 recte
807 929 970 978 scripsit
993 928 1174 967 Venetus.

339 992 380 1030 P.
402 989 491 1037 362,
510 990 576 1039 lig.
598 988 633 1027 6.
656 989 816 1027 ιῙΑΝυΕ.
837 988 990 1026 Baluze
1011 988 1056 1037 (t.
1076 1002 1131 1036 1v,
1151 1002 1190 1037 p.
1213 986 1319 1036 132),
1348 987 1455 1026 Petit
1484 987 1703 1025 Thalamus
1736 988 1790 1038 (p.
1819 986 1884 1035 95,
1902 987 1987 1037 96),

288 1050 433 1088 Kirsch
460 1049 545 1099 (op.
571 1049 632 1086 ci.t
641 1063 711 1098 ,.p
738 1047 803 1085 21-
792 1047 888 1096 -23).
1044 1078 1047 1080 .

338 1110 379 1148 P.
400 1108 489 1156 362,
508 1109 574 1158 lig.
596 1107 656 1146 19.
679 1107 757 1144 Dm
778 1120 963 1151 QUARTA.
986 1106 1034 1143 D'
1040 1120 1156 1156 apres
1175 1107 1200 1143 l'
1205 1106 1413 1145 itineraire
1432 1106 1469 1143 d’
1478 1106 1635 1144 Urbain
1653 1105 1688 1144 V
1706 1120 1750 1144 ce
1767 1106 1893 1145 serait
1908 1106 1944 1145 Ie
1962 1105 1986 1144 3

285 1169 463 1219 (Baluze,
487 1177 516 1206 t.
540 1182 596 1215 1v,
619 1181 657 1217 p.
684 1166 789 1215 132).
816 1166 869 1205 Le
892 1166 997 1204 Petit
1020 1166 1240 1203 Thalamus
1260 1166 1414 1215 precise
1438 1179 1516 1215 que
1537 1166 1572 1204 le
1593 1179 1700 1215 pape
1723 1166 1858 1203 arriva
1882 1165 1984 1204 dans

283 1229 319 1266 la
341 1228 432 1266 nuit
452 1228 506 1265 du
527 1226 549 1265 3
570 1240 621 1264 au
642 1226 678 1274 4,
701 1226 800 1275 qu’il
821 1226 1013 1264 demeura
1035 1240 1103 1263 sur
1121 1239 1165 1263 sa
1195 1225 1327 1274 galere
1347 1233 1388 1263 et
1416 1239 1465 1263 en
1486 1224 1699 1264 descendit
1717 1225 1752 1263 le
1773 1225 1797 1262 4
1818 1225 1871 1275 (p.
1903 1224 1984 1274 96).

337 1288 379 1326 P.
401 1286 490 1334 362,
510 1286 576 1335 lig.
598 1285 659 1324 31.
682 1285 908 1324 MINORUM.
930 1285 1028 1323 Voir
1045 1286 1081 1323 le
1100 1284 1205 1323 Petit
1226 1284 1457 1332 Thalamus,
1477 1298 1515 1334 p.
1537 1283 1599 1323 96.

338 1347 379 1386 P.
414 1345 503 1394 363,
535 1345 602 1395 lig.
638 1345 671 1384 1.
707 1345 972 1383 CRASTINUM.
1008 1344 1064 1381 La
1098 1344 1321 1382 Pentecote
1353 1343 1590 1382 coincidant
1621 1357 1721 1382 avec
1752 1344 1788 1382 le
1829 1342 1852 1380 6
1882 1343 1986 1393 juin,

286 1406 442 1445 Urbain
460 1406 493 1443 V
511 1405 635 1443 serait
653 1405 757 1442 donc
775 1405 885 1455 parti
902 1404 951 1442 de
970 1404 1145 1442 Corneto
1159 1404 1194 1442 le
1215 1403 1250 1451 7,
1268 1403 1371 1441 mais
1385 1403 1590 1453 cejour-la
1602 1403 1658 1441 les
1671 1403 1987 1442 ambassadeurs

287 1466 483 1504 Romains
512 1465 650 1502 furent
676 1478 790 1510 recus
819 1479 868 1502 en
895 1464 1093 1502 audience
1121 1463 1282 1513 d’apres
1309 1463 1345 1501 le
1371 1462 1478 1501 Petit
1505 1462 1726 1500 Thalamus
1754 1463 1808 1512 (p.
1837 1461 1903 1511 96)
1932 1470 1989 1510 et,

285 1526 447 1564 d⁷autre
468 1532 577 1575 part,
600 1538 702 1562 nous
725 1538 874 1561 savons
898 1537 976 1573 que
998 1524 1033 1561 le
1054 1536 1160 1573 pape
1183 1530 1300 1561 entra
1323 1524 1344 1560 a
1367 1522 1606 1561 Toscanella
1628 1522 1664 1560 le
1685 1521 1709 1559 8
1733 1520 1864 1572 (Petit
1885 1521 1987 1559 Tha-

285 1587 428 1633 lamus,
448 1599 487 1634 p
508 1583 558 1621 96
578 1592 618 1622 et
636 1583 802 1631 Baluze,
822 1591 852 1622 t.
873 1597 929 1631 lv,
950 1597 989 1633 p.
1012 1582 1118 1631 132).

339 1645 381 1683 P.
401 1643 490 1691 363,
508 1644 574 1693 lig.
595 1643 628 1682 6.
650 1643 791 1681 NONA.
809 1643 975 1690 Baluze,
993 1650 1023 1680 t.
1041 1656 1083 1679 lv
1090 1656 1155 1691 p.
1177 1640 1250 1679 132
1269 1649 1310 1679 et
1328 1641 1363 1679 le
1382 1642 1487 1678 Petit
1507 1641 1740 1689 Thalamus,
1758 1656 1797 1691 p.
1817 1640 1879 1680 97.

339 1704 380 1743 P.
415 1676 504 1749 364,
529 1703 594 1756 lig.
621 1702 655 1742 9.
675 1702 838 1740 Rumon
856 1716 899 1739 IN
917 1674 1140 1739 memio.
1162 1701 1265 1739 Vide
1287 1700 1408 1748 infra,
1435 1700 1589 1751 [t.1]p.
1611 1700 1718 1738 409
1707 1715 1749 1739 in
1772 1701 1891 1739 Sexta
1908 1700 1989 1738 vita

284 1763 401 1801 istius
432 1736 604 1810 Urbani,
629 1763 856 1800 Garoscum
879 1762 927 1800 de
952 1761 1160 1799 Ulmoisca
1193 1761 1323 1799 veteri
1350 1760 1391 1798 in
1416 1760 1690 1810 descriptione
1717 1760 1874 1799 itineris
1894 1759 1987 1809 ejus

286 1823 463 1860 Romani
480 1821 507 1869 2,
529 1829 569 1861 et
588 1822 922 1860 continuatorem
942 1820 1092 1870 Nangii
1107 1820 1154 1870 [t.
1174 1834 1216 1867 11,
1236 1834 1274 1870 p.
1295 1819 1410 1869 3731.
1434 1819 1674 1858 Describam
1691 1828 1833 1858 autem
1852 1820 1988 1858 locum

285 1897 333 1920 ex
355 1883 642 1920 continuatore
672 1881 827 1919 Gallico
857 1880 1006 1929 Nangii
1033 1893 1155 1929 supra
1183 1879 1415 1927 laudatum,
1440 1879 1510 1929 qui
1532 1879 1588 1917 sic
1609 1879 1737 1917 habet
1756 1878 1773 1901 3
1792 1895 1800 1916 :
1820 1873 1924 1916 L’an
1945 1879 1990 1916 de

286 1956 396 1990 grace
423 1940 765 1988 MCCCLXVIJ,
791 1942 823 1978 le
847 1940 1008 1977 derrain
1031 1939 1122 1988 jour
1143 1938 1300 1987 d’avril,
1322 1953 1426 1988 pape
1455 1938 1612 1976 Urbain
1630 1938 1738 1988 parti
1759 1938 1990 1987 d’Avignon

285 2015 385 2049 pour
400 2001 480 2038 aler
496 2004 520 2038 a
537 2000 699 2037 Romme
714 2015 767 2037 au
783 2009 856 2038 tres
872 2008 988 2048 grant
1000 1998 1146 2048 plaisir
1160 1998 1355 2035 d’aucuns
1370 1998 1603 2036 cardinaux.
1620 1998 1671 2036 Et
1684 2012 1732 2035 en
1749 1998 1935 2035 demoura
1960 1997 2000 2035 V-

286 2060 352 2109 qui
373 2060 561 2097 n’alerent
577 2074 651 2109 pas
668 2074 852 2109 avecques
869 2060 920 2109 ly,
940 2058 1043 2095 mais
1060 2058 1090 2095 il
1106 2072 1152 2095 ne
1174 2056 1287 2107 [leur]
1309 2058 1442 2095 donna
1461 2072 1507 2094 ne
1525 2072 1571 2094 ne
1588 2058 1671 2094 leur
1691 2057 1816 2095 laissa
1833 2071 1988 2095 aucune

285 2120 509 2168 puissance.
530 2119 582 2156 Et
606 2119 689 2156 s'en
707 2120 773 2157 ala
790 2122 814 2156 a
833 2118 1040 2155 Marseille
1057 2132 1159 2166 pour
1176 2126 1302 2155 entrer
1319 2131 1366 2154 en
1385 2131 1476 2155 mer.
1497 2116 1550 2154 Et
1575 2117 1614 2154 la
1632 2125 1768 2155 trouva
1785 2117 1987 2166 plusieurs

285 2180 410 2226 galbes
438 2179 481 2216 de
515 2179 656 2215 Venise
683 2187 717 2216 et
744 2179 788 2215 de
822 2177 975 2215 Gennes
1003 2185 1037 2215 et
1064 2177 1107 2214 de
1136 2176 1276 2214 Sezille
1303 2185 1338 2213 et
1363 2185 1495 2215 autres
1522 2177 1646 2214 moult
1671 2170 1989 2214 honorablement

284 2241 443 2275 aorne'es
467 2238 510 2275 de
534 2247 623 2286 gent
644 2247 678 2275 et
701 2238 744 2275 de
766 2251 986 2287 paremens.
1012 2236 1063 2274 Et
1084 2246 1195 2274 entra
1217 2250 1264 2273 en
1286 2250 1332 2272 sa
1353 2250 1546 2285 personne
1569 2250 1616 2272 en
1639 2236 1728 2273 celle
1758 2236 1802 2273 de
1830 2235 1986 2282 Venise,

284 2306 317 2334 et
337 2298 403 2335 ala
425 2298 525 2335 droit
547 2300 570 2335 a
597 2297 770 2343 Viterhe3
795 2298 833 2334 la
855 2300 905 2334 ou
929 2297 958 2334 il
979 2296 1164 2333 demoura
1186 2303 1220 2332 et
1241 2295 1316 2332 tint
1336 2310 1381 2332 sa
1405 2304 1513 2333 court
1533 2295 1697 2332 environ
1719 2303 1851 2344 quatre
1873 2294 1984 2333 mois.

287 2356 336 2393 Et
350 2357 525 2405 pendant
538 2357 570 2394 le
584 2365 708 2405 temps
723 2356 823 2406 qu’il
835 2356 947 2393 estoit
960 2370 1008 2392 en
1024 2355 1143 2393 ladile
1159 2355 1247 2392 ville
1262 2354 1345 2391 l'an
1360 2355 1556 2392 dessusdit
1573 2369 1612 2391 se
1632 2362 1715 2392 mut
1733 2368 1808 2391 une
1829 2367 1990 2391 rumeur

288 2425 391 2453 entre
415 2417 467 2453 les
491 2415 676 2453 habitans
701 2416 849 2453 d'icelle
873 2416 961 2453 ville
984 2423 1018 2452 et
1039 2429 1193 2452 aucuns
1215 2414 1412 2463 jamilz'ers
1436 2414 1500 2451 des
1524 2414 1732 2451 cardinalx
1753 2427 1856 2463 pour
1878 2427 1928 2461 ce,
1953 2411 1989 2449 si

287 2489 430 2511 comme
452 2489 502 2511 on
524 2475 654 2522 discit,
679 2489 749 2524 que
769 2476 907 2524 yceuloe
926 2474 1124 2523 samiliers
1146 2473 1316 2512 lavoient
1337 2474 1440 2511 leurs
1463 2473 1595 2510 mains
1616 2487 1664 2510 en
1686 2474 1725 2511 la
1744 2472 1924 2521 fontaine
1945 2471 1990 2509 de

286 2534 404 2571 [adite
428 2534 527 2572 wille.
554 2534 605 2572 Et
626 2537 687 2583 sut
711 2536 793 2572 telle
817 2534 935 2572 ladite
959 2548 1119 2570 rumeur
1142 2547 1213 2583 que
1237 2534 1346 2570 ceula*
1370 2533 1413 2569 de
1437 2533 1556 2570 ladite
1580 2533 1670 2570 ville
1692 2532 1923 2569 s'armerent
1955 2539 1991 2568 et

286 2602 493 2630 coururent
513 2608 581 2630 sus
603 2608 683 2630 auxr
705 2593 927 2630 cardinausc
949 2601 982 2630 et
1003 2596 1027 2630 a
1049 2594 1152 2631 leurs
1171 2606 1275 2641 gens.
1294 2592 1344 2629 Et
1365 2592 1523 2629 convint
1549 2606 1619 2641 que
1641 2605 1795 2628 aucuns
1817 2590 1882 2627 des
1904 2604 1986 2627 car-

287 2652 454 2689 dimmla:
477 2667 516 2689 se
541 2653 761 2690 rendissent
785 2661 818 2690 et
845 2652 1075 2690 baillassent
1099 2653 1182 2690 leur
1207 2652 1318 2701 capel
1341 2665 1459 2700 rouge
1485 2654 1509 2689 a
1531 2665 1685 2688 aucuns
1710 2650 1775 2687 des
1800 2649 1986 2687 habitans

333 2811 362 2842 ’1.
394 2811 432 2843 Β.
458 2811 512 2850 Ν.,
535 2823 600 2844 ms.
623 2811 783 2852 francais
803 2811 909 2845 2164.
931 2831 979 2834 —-—
999 2811 1142 2845 Urbain
1163 2810 1195 2844 V
1209 2811 1285 2854 prit
1304 2811 1339 2843 la
1359 2822 1437 2843 mer
1456 2821 1531 2843 non
1550 2810 1581 2842 le
1603 2810 1659 2849 20,
1680 2808 1774 2842 mais
1793 2809 1825 2842 le
1846 2808 1890 2840 19
1909 2807 1985 2841 mai

288 2863 327 2896 <ss
333 2864 433 2894 11113
441 2891 445 2898 .
476 2871 499 2897 t.
526 2876 575 2903 1v
604 2877 636 2907 p.
665 2866 750 2904 131;
778 2865 874 2898 Petu
900 2865 1111 2904 Thalamus,
1139 2876 1173 2908 p.
1202 2865 1263 2903 95;
1293 2863 1439 2903 Kirsch‚
1463 2863 1535 2896 Die
1558 2862 1756 2901 ΒᾶσΙςΙςθὴν,
1783 2873 1817 2905 p.
1846 2861 1907 2894 20-
1893 2860 1982 2905 -21).

286 2916 379 2999 1111111
386 2919 420 2948 113
425 2917 512 2949 ςςΙὶε
518 2918 639 2950 lavillc
660 2918 690 2949 le
713 2918 837 2950 Roulx
860 2916 948 2960 (Les
967 2918 1218 2962 Hospitaliers
1237 2919 1259 2950 a
1276 2917 1428 2956 Rhodes,
1451 2928 1484 2960 p.
1507 2915 1588 2960 164)
1620 2916 1651 2949 le
1673 2926 1769 2959 pape
1785 2915 1861 2958 prit
1880 2914 1983 2958 place

283 2942 614 3008 ιει11·111«,1·1ἶ311·111111
639 2970 765 3003 Grand
790 2971 935 3004 Maitre.

335 3022 362 3053 L.
410 3023 540 3059 31111171
567 3030 662 3060 t.1v
687 3036 720 3067 p.
748 3025 824 3057 132.
848 3043 896 3047 —
916 3024 1005 3057 Voir
1027 3024 1126 3057 aussi
1147 3024 1178 3057 le
1200 3023 1296 3056 Petit
1319 3023 1518 3056 Thalamus
1544 3022 1590 3066 (p.
1615 3021 1671 3065 97)
1697 3028 1734 3055 et
1757 3020 1984 3053 Delachenal

289 3072 469 3107 (Histoire
491 3077 530 3107 [le
552 3076 698 3108 Charles
725 3077 765 3116 V,
790 3084 815 3110 t.
838 3090 888 3116 111,
913 3089 946 3121 p.
971 3077 1156 3120 528-530).

335 3130 364 3158 33.
403 3128 558 3161 Grande
584 3129 793 3172 chroniques
816 3131 856 3162 de
878 3130 1018 3163 France
1043 3131 1111 3173 (ed.
1138 3130 1376 3168 Delachenal,
1402 3136 1427 3162 t.
1450 3141 1488 3169 11,
1511 3141 1546 3172 p.
1571 3128 1644 3171 32).
