2083 3458
269 227 352 269 352
921 244 1073 269 NOTAE
1108 244 1168 269 AD
1202 245 1331 270 viTAs
1853 228 1979 284 [843]

272 327 408 367 demia
431 328 693 376 Bononiensi,
715 336 764 366 ut
787 328 907 367 docet
931 327 1259 376 Ghirardaccius,
1282 328 1351 367 lib.
1388 328 1507 376 XXI,
1530 328 1638 368 Hist.
1663 328 1816 367 Bonon.
1845 329 1889 379 [t.
1913 330 1982 380 11],

274 402 312 437 p.
342 387 428 426 102.

329 446 425 484 Fuit
452 454 592 486 autem
618 446 786 497 junctus
814 446 996 486 amicitia
1024 446 1265 496 Aymericus
1294 461 1387 486 cum
1414 447 1675 486 celeberrimo
1701 447 1770 485 illo
1798 447 1983 486 canonici

274 505 374 554 juris
398 506 622 556 interprete
647 506 807 544 Joanne
831 506 1033 553 Andreae,
1052 514 1100 543 ut
1118 506 1204 557 ipse
1225 506 1405 544 Joannes
1420 506 1541 545 docet
1562 506 1604 544 in
1623 506 1907 545 additionibus
1929 507 1982 545 ad

274 564 490 615 Speculum
520 565 718 613 Durandi,
745 580 785 616 p.
815 565 878 613 37,
907 565 954 603 41
983 573 1025 604 et
1052 565 1141 613 542,
1169 565 1360 604 editionis
1386 565 1525 614 Basil„
1553 579 1618 605 an.
1649 565 1764 613 1563,
1791 565 1862 603 ubi
1889 580 1982 604 eum

276 632 400 662 vocat
425 639 545 662 suum
570 624 938 675 singularissimum
964 624 1285 673 benefactorem,
1310 633 1473 675 patrem
1498 633 1539 663 et
1564 625 1791 664 dominum.
1820 625 1982 665 Fallun-

273 691 342 721 tur
365 691 508 722 tamen
532 684 601 733 qui
624 691 778 734 putant
802 698 896 723 eum
920 683 1043 722 fuisse
1067 684 1301 723 auditorem
1324 684 1510 734 ejusdem
1535 684 1706 723 ,Ioannis
1724 683 1751 723 ¹.

328 743 451 793 Apud
491 743 703 782 Labbeum
741 743 783 780 in
819 743 934 781 Nova
973 743 1203 781 bibliotheca
1236 758 1306 782 seu
1342 743 1562 794 specimine
1602 743 1869 794 antiquarum
1906 744 1981 782 lec-

277 801 450 850 tionum,
482 817 521 853 p.
555 802 644 849 223,
675 802 853 840 habetur
892 802 1048 841 mentio
1089 803 1306 853 cujusdam
1346 802 1494 841 codicis
1536 802 1766 850 Naudeani,
1805 802 1848 841 in
1888 817 1983 853 quo,

274 860 381 899 inter
407 869 554 908 cetera,
576 861 811 900 continetur
831 861 1156 901 instrumentum
1179 862 1437 901 obedientiae
1457 862 1681 913 praestitae
1702 861 1807 901 circa
1828 876 1984 901 annum

276 920 562 959 MCCCXLIII
592 935 614 958 a
644 920 819 959 dominis
850 921 1040 960 Galeacio
1069 929 1111 960 et
1140 921 1345 960 Pandulfo
1375 922 1423 960 de
1453 921 1681 960 Malatestis
1710 936 1784 972 pro
1813 921 1984 960 civitate

276 979 535 1018 Ariminensi.
568 980 717 1031 Incipit
744 987 885 1019 autem
913 996 921 1019 :
950 980 1186 1031 Aymericus
1213 981 1318 1019 tituli
1346 981 1483 1020 Sancti
1510 980 1686 1019 Martini
1715 980 1758 1018 in
1785 980 1985 1019 montibus

274 1039 475 1089 presbyter
509 1039 740 1087 cardinalis,
775 1039 987 1090 apostolice
1023 1040 1137 1080 Sedis
1172 1041 1336 1090 legatus,
1373 1041 1424 1078 ad
1453 1039 1636 1079 notitiam
1660 1040 1904 1091 presentium
1952 1048 1985 1078 et

276 1106 506 1148 perpetuam
541 1099 769 1137 memoriam
802 1099 1042 1149 futurorum.
1075 1100 1241 1138 Dudum
1275 1108 1433 1150 propter
1470 1100 1711 1148 rebelliones,
1760 1099 1985 1138 inobedien-

273 1157 366 1205 tias,
387 1166 464 1196 etc.

331 1217 438 1261 Eum
457 1217 562 1256 male
584 1217 729 1256 Saxius
750 1226 791 1256 et
810 1218 878 1255 alii
899 1218 1161 1256 confundunt
1181 1233 1274 1257 cum
1295 1219 1505 1269 Stephano
1526 1219 1575 1257 de
1596 1218 1747 1257 Gardia
1767 1217 1984 1268 archiepis-

274 1290 378 1326 copo
401 1276 630 1315 Arelatensi
655 1278 708 1328 [p.
733 1276 848 1328 316].

331 1336 373 1374 P.
402 1335 490 1383 242,
515 1335 581 1386 lig.
610 1336 671 1375 29.
700 1336 910 1374 ANDREAS
938 1351 994 1374 DE
1022 1337 1283 1375 FLORENTIA.
1314 1338 1377 1375 Ita
1403 1345 1494 1375 tum
1519 1337 1642 1387 vulgo
1668 1337 1912 1384 vocabatur,
1937 1344 1985 1374 ut

276 1402 394 1444 patet
423 1395 550 1434 etiam
579 1410 630 1434 ex
657 1396 761 1434 libro
791 1395 1093 1446 Obligationum
1122 1396 1278 1435 archivi
1308 1396 1512 1444 Vaticani,
1544 1411 1594 1435 ex
1622 1396 1785 1446 Regesto
1814 1395 1986 1433 LXVII

278 1453 356 1503 [JJ
382 1453 456 1505 67]
486 1454 641 1493 archivi
667 1455 766 1505 regii
794 1455 936 1507 Paris„
965 1470 1053 1507 cap.
1085 1470 1220 1504 ccxm,
1240 1471 1290 1494 ex
1317 1455 1534 1493 Collatione
1552 1455 1566 1478 2
1590 1455 1734 1493 habita
1763 1455 1815 1493 ad
1838 1455 1984 1504 Talay-

276 1513 452 1553 randum
478 1514 727 1553 cardinalem
751 1529 860 1553 anno
888 1515 1160 1562 MCCCLVII,
1184 1516 1295 1566 apud
1321 1516 1519 1554 Sanctum
1544 1514 1842 1562 Audomarum,
1867 1522 1909 1553 et
1935 1528 1985 1553 ex

277 1572 490 1623 Arnulpho
507 1573 659 1621 Ruzeo,
674 1574 715 1612 in
734 1574 919 1612 Tractatio
931 1574 1036 1624 juris
1051 1575 1234 1624 regaliae,
1249 1574 1385 1626 privil.
1404 1589 1489 1622 x1v,
1506 1589 1617 1614 num.
1632 1574 1827 1612 LVerum
1844 1582 1984 1613 tamen

275 1646 426 1670 nomen
449 1632 536 1682 ejus
559 1641 621 1671 est
643 1633 826 1672 Andreas
851 1633 973 1672 Ghini
996 1634 1221 1685 Malpighli‚
1244 1642 1291 1671 ut
1313 1648 1407 1672 eum
1426 1642 1550 1672 vocat
1573 1634 1752 1672 Joannes
1769 1632 1984 1680 Villanius,

278 1690 346 1729 lib.
376 1691 475 1739 XII,
502 1706 590 1743 cap.
618 1707 687 1730 vm
716 1693 944 1744 [Muratori,
979 1701 1009 1732 t.
1037 1708 1123 1741 xm,
1150 1693 1223 1732 col.
1250 1693 1350 1743 877]
1378 1693 1541 1731 Andrea
1572 1692 1694 1730 Ghini
1719 1692 1916 1743 Malpigli
1941 1692 1985 1730 de

279 1750 455 1789 Firenze.
490 1751 596 1790 Hinc
625 1752 844 1791 Buzelinus
874 1752 916 1790 in
946 1752 1179 1791 Annalibus
1215 1752 1540 1802 Galloslanclriae,
1571 1767 1610 1803 p.
1632 1751 1722 1800 332,
1743 1766 1837 1790 eum
1861 1759 1984 1789 vocat

278 1809 486 1848 Andream
505 1811 701 1849 Ghinium
719 1811 972 1862 Malpigliam
992 1811 1222 1851 Florentiae
1240 1820 1399 1850 natum.
1422 1812 1523 1850 Erat
1539 1826 1611 1862 per
1628 1825 1694 1850 eas
1713 1818 1984 1861 tempestates

277 1868 501 1908 clarissima
521 1884 616 1920 gens
636 1870 844 1922 Malpiglia
863 1871 975 1922 apud
994 1871 1259 1919 Florentiam,
1278 1871 1496 1922 praecipue
1515 1885 1612 1909 vero
1629 1870 1672 1908 in
1691 1878 1824 1909 castro
1845 1869 1982 1908 Sancti

279 1927 439 1966 Miniati
467 1929 694 1978 Teutonici,
722 1938 770 1968 ut
796 1938 915 1981 patet
953 1945 1003 1969 ex
1031 1931 1191 1969 ,Ioanne
1218 1930 1408 1978 Villanio,
1447 1930 1516 1969 lib.
1550 1930 1624 1977 IX,
1654 1944 1741 1980 cap.
1772 1944 1914 1976 xcvm,
1943 1937 1985 1967 et

279 1987 348 2026 lib.
384 1988 483 2035 XII,
517 2002 604 2040 cap.
640 2003 773 2028 Lxxxl
809 1989 1037 2040 [Muratori,
1070 1998 1100 2029 t.
1135 2004 1222 2038 x111,
1257 1990 1330 2028 col.
1365 1988 1480 2040 962].
1519 1990 1564 2027 In
1603 1989 1765 2038 Regesto
1796 1988 1985 2026 LXXIV

281 2047 358 2097 [JJ
399 2047 469 2098 74]
498 2048 653 2087 archivi
678 2049 777 2099 regii
804 2049 946 2097 Paris.,
973 2063 1061 2100 cap.
1091 2064 1297 2097 CDxxvm,
1324 2057 1442 2088 extat
1467 2048 1714 2098 confirmatio
1746 2047 1985 2086 venditionis

278 2114 373 2143 certe
401 2107 539 2145 domus
568 2107 630 2145 hic
658 2116 830 2146 contente
856 2109 956 2158 facte
987 2108 1134 2146 Jacobo
1163 2109 1208 2146 de
1236 2108 1454 2158 Malpiglis
1483 2108 1527 2145 cle
1555 2107 1758 2145 Florentia
1786 2122 1856 2157 pro
1885 2114 1985 2144 certa

274 2179 433 2203 samma
457 2167 630 2216 pecunia
653 2167 734 2205 sibi
760 2168 957 2218 qu'ondam
983 2168 1113 2206 debita
1137 2183 1162 2206 a
1193 2167 1402 2206 Guillelmo
1424 2167 1560 2205 Dache
1586 2167 1782 2217 quondam
1807 2165 1985 2204 Parisiis

276 2234 548 2264 commorante.
585 2227 630 2264 In
659 2227 787 2265 literis
816 2242 938 2278 porro
967 2226 1064 2278 ipsis
1096 2226 1203 2266 datis
1235 2226 1398 2265 Parisiis
1441 2241 1506 2265 an.
1539 2226 1815 2273 MCCCXLII,
1846 2239 1984 2263 mense

274 2283 479 2332 januario,
501 2285 610 2324 idem
631 2293 806 2324 vocatur
826 2300 849 2324 a
870 2301 963 2337 rege
986 2294 1111 2324 nostre
1132 2288 1217 2324 ame'
1238 2294 1397 2335 sargent
1417 2286 1584 2324 d’armes
1608 2286 1775 2336 Jasques
1797 2284 1985 2335 Malpins

276 2342 322 2380 (le
344 2343 380 2380 F
382 2344 541 2383 lorence.

333 2402 391 2440 De
419 2403 582 2441 Andrea
610 2403 665 2442 sic
691 2404 875 2454 loquitur
902 2405 1080 2443 Thomas
1108 2405 1157 2443 de
1183 2405 1221 2442 la
1250 2405 1363 2443 Moor
1390 2404 1432 2442 in
1464 2404 1556 2442 Vita
1581 2403 1763 2441 Eduardi
1793 2403 1854 2455 II,
1882 2402 1983 2452 regis

278 2460 447 2511 Angliae
482 2463 533 2513 [p.
562 2461 652 2514 304]
689 2479 696 2501 :
730 2464 851 2502 Anno
882 2463 1192 2512 MCCCXXII,
1224 2463 1445 2513 Philippus
1476 2478 1541 2501 rea:
1572 2462 1769 2500 Franciae
1806 2462 1981 2501 moritur.

326 2640 359 2672 1.
377 2641 530 2684 Aimery
547 2642 642 2675 etait
659 2644 763 2676 verse
780 2643 872 2676 da'ns
889 2643 924 2676 la
941 2643 1083 2676 science
1101 2644 1151 2676 du
1169 2642 1278 2676 droit.
1299 2643 1378 2676 Une
1396 2643 1494 2676 bulle
1522 2643 1571 2675 du
1589 2643 1633 2676 26
1658 2642 1862 2675 novembre
1889 2642 1982 2675 1310

287 2692 458 2733 (Clement
484 2694 526 2734 V,
551 2706 585 2727 n.
612 2695 717 2739 6413)
745 2696 817 2729 cite
836 2707 905 2729 son
928 2696 1015 2729 titre
1040 2697 1083 2729 de
1108 2696 1319 2740 professeur
1340 2708 1386 2729 en
1410 2696 1509 2729 droit
1532 2695 1628 2733 civil,
1646 2702 1683 2728 et
1706 2707 1778 2728 une
1801 2701 1908 2728 autre
1932 2696 1981 2728 du

279 2746 322 2777 ‘17
346 2747 436 2779 aofit
457 2748 550 2780 1317
576 2748 732 2790 (Mollat,
755 2760 790 2782 n.
814 2749 920 2792 4769)
946 2750 1039 2783 celui
1062 2749 1278 2782 d'auditeur
1299 2750 1361 2782 des
1383 2761 1511 2782 causes
1534 2750 1584 2781 du
1606 2749 1723 2792 palais
1746 2748 1981 2792 apostolique

280 2804 317 2830 vt
334 2799 376 2831 dc
393 2800 590 2843 chapelain
605 2802 801 2844 pontifical
822 2802 977 2845 (Mollat,
994 2814 1029 2836 n.
1047 2802 1168 2846 4769).
1189 2803 1218 2835 Il
1233 2802 1293 2835 fut
1307 2802 1339 2835 le
1355 2803 1488 2835 maitre
1506 2801 1742 2842 d'Amanieu,
1761 2802 1804 2835 de
1820 2800 1980 2841 Beraud‚

279 2852 323 2883 ‹lc
342 2851 529 2885 Raimond
546 2854 719 2887 Guilhem
733 2861 771 2888 et
785 2855 829 2888 de
844 2856 1029 2888 Bertrand
1045 2857 1088 2889 de
1105 2856 1278 2899 Fargues,
1294 2867 1443 2888 neveux
1458 2856 1500 2888 de
1517 2855 1686 2889 Clement
1699 2854 1732 2887 V
1749 2854 1922 2898 (Clement
1938 2854 1979 2894 1⁷,

281 2915 314 2936 n.
338 2905 457 2948 4852).
482 2906 551 2939 Sur
571 2907 743 2947 Aimeric,
767 2908 848 2941 voir
864 2908 1120 2942 Dictionnaire
1139 2909 1323 2942 d’histoire
1342 2914 1372 2941 et
1392 2909 1433 2942 de
1452 2909 1669 2952 geographie
1687 2908 1979 2951 eccleisiashqws,

285 2963 306 2988 1..
322 2969 344 2995 1,
362 2959 427 2991 col.
445 2959 668 3000 ‘1174-11763
687 2960 846 2994 Clement
863 2962 905 3002 V,
921 2974 956 2995 n.
973 2963 1065 2996 6973
1080 2969 1118 2995 et
1133 2961 1402 3002 6974;M011at,
1419 2973 1453 2994 n.
1471 2962 1550 3001 243,
1568 2961 1696 3000 12201,
1712 2961 1979 3000 14313-14318,

284 3010 410 3050 14362,
435 3012 701 3053 16090-16091,
726 3014 853 3048 26491.
876 3033 925 3038 ——
945 3014 1020 3048 Son
1041 3027 1150 3048 sceau
1173 3027 1194 3048 a
1215 3016 1273 3049 ete
1296 3014 1414 3048 decrit
1436 3025 1503 3058 par
1524 3014 1653 3048 Donet
1674 3013 1813 3058 d’Arcq
1838 3013 1983 3057 (Collec-

281 3063 357 3095 tion
375 3063 414 3095 tle
431 3075 571 3104 senaar,
593 3072 617 3098 t.
637 3064 689 3106 11¹,
711 3078 744 3099 n.
766 3067 886 3111 6181).

332 3117 362 3148 2.
386 3117 422 3149 κ’.
446 3117 652 3156 ΒιιοΙιοεηυ,
674 3119 836 3152 Histoire
853 3121 893 3153 de
911 3126 989 3154 tous
1006 3121 1054 3154 les
1072 3121 1276 3155 cardinalia:
1290 3120 1462 3164 lrancois,
1482 3127 1508 3154 t.
1527 3132 1564 3160 11,
1584 3132 1618 3164 p.
1639 3120 1719 3154 314.
