2083 3458
246 223 330 266 878
898 238 1050 263 NOTAE
1086 239 1146 263 AD
1182 238 1309 264 VITAS
1804 221 1956 278 [1364]

242 322 327 360 nini
349 321 455 372 jugis
480 320 618 371 ibique
644 321 854 371 sepultum
877 321 919 358 in
942 321 1112 360 ecclesia
1136 321 1315 359 fratrum
1340 320 1560 359 Minorum.
1588 320 1711 358 Errat
1734 334 1831 359 sane
1856 321 1955 359 dum

243 381 386 420 scribit
414 381 529 418 illum
557 379 724 419 rediisse
753 380 795 418 in
824 380 1001 430 gratiam
1024 395 1118 420 cum
1142 381 1311 419 Urbano
1333 389 1465 419 sexto.
1494 380 1602 418 Nam
1627 379 1669 418 id
1691 379 1842 418 falsum
1870 395 1956 419 esse
1982 395 1991 415 ε

243 440 461 479 manifeste
491 448 610 490 patet
640 454 690 478 ex
719 439 894 490 epistola
925 440 1012 490 ejus
1044 440 1096 478 ad
1130 440 1338 478 Romanos
1382 453 1505 490 supra
1545 448 1884 487 commemorata,
1915 447 1957 478 et

244 514 294 539 ex
326 514 373 538 eo
408 499 519 549 quod
553 507 740 537 mortuus
775 507 838 537 est
872 499 1068 539 Viennae.
1105 499 1168 538 Ad
1201 500 1311 538 hunc
1346 499 1598 538 cardinalem
1621 498 1731 537 idem
1761 499 1953 538 Nicolaus

244 558 407 609 scripsit
445 558 664 609 epistolam
703 557 895 608 quintam
933 567 974 598 et
1012 567 1191 598 sextam.

299 618 399 657 Vide
426 626 456 656 t.
482 632 524 655 111
554 618 697 656 Italiae
722 632 817 666 sac„
843 633 883 669 p.
912 618 1001 666 796,
1028 633 1068 657 n.
1096 618 1158 657 28.

297 678 341 717 Ρ.
373 677 463 725 497,
495 676 562 727 lig,
595 677 657 716 31.
691 678 914 717 COMMISIT.
946 678 1065 716 Bulla
1097 677 1395 717 commissionis
1428 677 1539 716 edita
1571 685 1634 716 est
1663 677 1772 716 inter
1803 677 1954 715 Proba-

239 737 363 775 tlones
392 736 579 774 historiae
609 736 882 775 cardinalium
918 737 1139 785 Gallorum,
1168 753 1208 788 p.
1242 737 1331 776 541.

298 797 397 834 Post
417 810 600 835 mensem
617 796 781 846 julium,
801 811 882 847 quo
901 796 1004 835 obiit
1021 797 1062 836 b.
1086 797 1231 836 Petrus
1255 797 1305 836 de
1332 797 1638 846 LuxemburgO,
1659 796 1845 835 Clemens
1872 797 1953 834 VII

243 855 409 895 secessit
439 856 491 894 ad
525 856 881 906 Rupemmauram
911 857 975 895 die
991 856 1150 895 decima
1173 856 1354 906 augusti,
1377 856 1540 906 illicque
1563 855 1717 894 mansit
1744 854 1874 906 usque
1900 856 1953 894 ad

244 915 352 954 diem
380 930 485 953 XXIV
512 915 772 966 septembris,
800 925 848 954 ut
875 915 1024 966 legitur
1050 916 1093 955 in
1116 916 1262 955 Diario
1290 915 1471 967 episcopi
1500 916 1761 955 Carnotensis
1792 915 1846 966 [p.
1876 915 1953 954 378

243 983 284 1013 et
317 975 427 1025 422]
1254 1025 1257 1027 ‚

297 1035 340 1073 P.
371 1034 461 1082 498,
490 1034 557 1084 lig.
588 1034 625 1073 9.
657 1035 828 1073 ΡΕΤΒυε
861 1050 947 1073 REX
971 1036 1238 1074 ARAGONUM,
1275 1035 1439 1086 Duplex
1471 1049 1565 1085 ergo
1589 1034 1668 1072 fuit
1697 1034 1816 1073 istius
1847 1033 1950 1084 regis

242 1093 392 1143 legatio
412 1094 454 1131 in
474 1108 598 1132 causa
618 1093 868 1142 schismatis,
888 1095 1021 1145 prima
1042 1094 1083 1132 in
1103 1094 1200 1146 ipsis
1221 1094 1455 1134 schismatis
1476 1093 1618 1142 initiis,
1640 1094 1688 1133 de
1719 1108 1800 1144 qua
1827 1108 1951 1145 supra

241 1168 280 1204 p.
310 1153 410 1191 1266
435 1153 594 1192 dictum
620 1162 696 1202 est,
721 1154 851 1193 altera
873 1168 981 1192 anno
1006 1154 1388 1202 MCCCLXXXVI,
1410 1154 1459 1192 de
1481 1168 1563 1204 qua
1587 1168 1719 1192 sermo
1740 1168 1850 1192 nunc
1874 1161 1950 1192 est.

246 1213 367 1251 Istius
388 1220 529 1251 autem
549 1221 783 1263 postremae
804 1213 915 1252 nulla
936 1214 1034 1252 alibi
1054 1214 1212 1252 mentio
1230 1213 1434 1264 reperitur
1453 1213 1564 1264 apud
1585 1213 1802 1264 scriptores
1823 1212 1951 1251 histo-

240 1272 394 1310 riarum
423 1280 586 1323 praeter
616 1287 742 1322 quam
771 1273 883 1324 apud
914 1273 1110 1322 Suritam,
1140 1273 1209 1312 lib.
1238 1274 1277 1312 X
1301 1274 1453 1312 Annal.
1483 1273 1698 1322 Arragon.,
1728 1287 1818 1323 cap.
1849 1287 1950 1320 XLII,

240 1332 312 1370 ubi
345 1332 404 1370 ait
436 1332 579 1370 missos
614 1346 698 1371 esse
734 1332 990 1372 Avenionem
1023 1348 1046 1371 a
1081 1334 1203 1372 Petro
1237 1348 1328 1384 rege
1365 1332 1630 1371 Guillelmum
1663 1332 1712 1371 de
1747 1331 1949 1371 Vallesica

243 1392 382 1441 (quem
409 1391 527 1441 initio
549 1391 784 1430 schismatis
809 1392 981 1431 missum
1002 1393 1125 1432 fuisse
1151 1394 1328 1433 Romam
1350 1392 1528 1431 diximus
1552 1406 1675 1443 supra
1697 1406 1736 1442 p.
1768 1391 1884 1442 1266)
1908 1399 1951 1430 et

242 1451 411 1489 Petrum
438 1451 624 1490 Calvum.
657 1451 785 1497 Idem,
809 1452 880 1491 lib.
906 1452 970 1490 III
998 1453 1198 1501 Indicum,
1226 1452 1285 1490 ait
1305 1453 1512 1490 Joannem
1529 1466 1665 1502 regem
1691 1451 1809 1490 istius
1838 1450 1951 1490 Petri

242 1510 372 1548 filium
394 1510 446 1548 ad
469 1510 578 1549 diem
599 1511 824 1549 secundam
845 1526 941 1550 non.
957 1512 1015 1562 [4]
1039 1512 1140 1551 febr.
1164 1512 1262 1550 anni
1284 1511 1677 1550 MCCCLXXXVII
1704 1510 1949 1558 Barcinone,

241 1569 446 1608 assidente
467 1571 590 1608 Petro
613 1572 661 1609 de
681 1571 797 1609 Luna
814 1571 1020 1610 cardinale
1039 1572 1189 1621 legato,
1211 1571 1329 1622 quasi
1343 1586 1417 1621 pro
1436 1571 1525 1621 jure
1544 1585 1618 1609 suo
1632 1570 1807 1609 edixisse
1822 1578 1947 1620 atque

240 1629 466 1668 decrevisse
495 1629 627 1679 prima
657 1630 929 1668 cardinalium
958 1631 1139 1679 comitia,
1170 1631 1318 1681 quibus
1351 1631 1507 1669 Romae
1538 1631 1729 1669 Urbanus
1758 1629 1949 1681 pontifex

236 1688 445 1727 maximus
467 1689 730 1728 renuntiatus
754 1690 903 1738 fuerat,
925 1690 968 1728 vi
989 1699 1115 1740 atque
1138 1690 1404 1741 impressione
1426 1689 1587 1738 habita,
1609 1704 1655 1728 ea
1677 1704 1774 1728 vero
1798 1689 1947 1739 quibus

239 1748 423 1786 Clemens
453 1757 613 1794 creatus
643 1758 731 1787 erat
759 1749 957 1800 legitima,
985 1750 1112 1800 justa,
1142 1759 1369 1800 sanctaque
1398 1749 1536 1797 fuisse,
1565 1748 1683 1799 eique
1713 1749 1877 1787 obedire
1906 1756 1948 1787 et

238 1821 379 1857 parere
409 1822 548 1846 omnes
579 1808 638 1846 uti
664 1823 762 1846 vero
789 1808 939 1847 Christi
964 1809 1118 1848 vicario
1141 1810 1206 1859 jus
1230 1810 1373 1859 fasque
1395 1824 1495 1848 esse.
1521 1809 1609 1857 Qua
1630 1808 1674 1846 in
1694 1824 1735 1848 re
1757 1817 1947 1847 secutum

238 1866 353 1904 illum
379 1866 502 1905 fuisse
528 1867 804 1906 intentionem
828 1868 958 1919 patris
985 1869 1088 1907 adeo
1113 1869 1342 1908 luculenter
1368 1877 1546 1907 testatae
1572 1876 1620 1906 ut
1645 1869 1694 1907 de
1721 1883 1767 1907 ea
1792 1867 1947 1918 ambigi

239 1941 320 1964 non
345 1941 463 1976 posse
489 1926 682 1965 videatur
707 1927 838 1966 tradit
863 1928 927 1967 hic
953 1937 1099 1967 auctor
1129 1929 1242 1966 Vitae
1268 1929 1493 1967 Clementis.
1522 1929 1586 1966 Ex
1611 1942 1693 1977 quo
1718 1927 1945 1967 necessario

238 1985 503 2035 consequitur
524 1986 674 2024 falsum
694 1986 817 2025 fuisse
836 2002 1045 2026 rumorem
1065 2002 1160 2038 quo,
1179 1988 1243 2026 uti
1261 1988 1386 2026 refert
1404 1987 1515 2026 idem
1533 1987 1685 2032 Surita‚
1704 1987 1945 2037 jactabatur

237 2044 406 2084 consilio
441 2045 630 2084 muliebri
662 2054 832 2084 tantum
866 2061 951 2085 rem
987 2056 1145 2097 gestam
1183 2063 1282 2096 esse,
1312 2047 1509 2086 nimirum
1554 2046 1722 2085 consilio
1766 2046 1943 2085 Jolantis

237 2104 399 2154 reginae
431 2104 570 2143 uxoris
615 2106 801 2154 Joannis,
845 2121 971 2156 quam
1005 2107 1256 2146 Froissartus
1294 2107 1374 2157 ]ed.
1412 2107 1597 2156 Kervyn,
1630 2114 1660 2145 t.
1696 2121 1768 2154 ΧΗ,
1800 2121 1841 2157 p.
1874 2105 1942 2157 40]

235 2172 417 2202 testatur
443 2164 495 2201 ad
521 2165 597 2202 hoc
621 2164 844 2215 impulsam
870 2181 954 2204 esse
980 2180 1002 2204 a
1028 2166 1130 2205 duce
1156 2166 1339 2214 Barensi,
1366 2167 1492 2205 fratre
1513 2180 1600 2204 suo.
1631 2165 1814 2215 Iniquior
1837 2165 1943 2204 Odo-

235 2223 341 2262 ricus
367 2223 622 2273 Raynaldus,
643 2238 709 2263 an.
732 2225 848 2273 1387,
875 2226 892 2274 ἓ
914 2225 975 2273 10,
997 2225 1068 2276 qui
1086 2241 1161 2276 pro
1180 2240 1253 2265 sua
1273 2225 1522 2277 impotentia
1542 2225 1584 2263 in
1598 2239 1735 2275 regem
1754 2224 1942 2264 invectus

237 2291 360 2320 vocat
388 2282 574 2332 iniquam
602 2283 707 2322 illius
737 2284 995 2323 sanctionem
1024 2299 1104 2336 qua
1132 2285 1415 2335 promulgavit
1443 2285 1696 2323 Clementem
1724 2292 1772 2322 ut
1799 2298 1943 2323 verum

235 2342 479 2391 pontificem
509 2343 740 2391 colendum,
774 2344 991 2382 Urbanum
1020 2345 1339 2395 repudiandum,
1370 2353 1575 2394 tanquam
1609 2343 1645 2382 ei
1683 2358 1766 2381 non
1803 2343 1943 2382 liceret

235 2400 471 2439 existimare
499 2402 742 2441 electionem
771 2403 928 2441 Urbani
955 2404 1058 2442 vitio
1086 2404 1242 2443 factam
1270 2419 1352 2442 non
1379 2404 1527 2442 valere.
1558 2403 1598 2442 Si
1624 2411 1787 2441 extaret
1814 2403 1943 2442 codex

235 2460 277 2497 in
304 2475 383 2510 quo
410 2460 731 2500 continebantur
757 2463 1032 2513 depositiones
1060 2464 1331 2502 cardinalium
1356 2471 1398 2501 et
1423 2463 1598 2501 aliorum
1623 2462 1811 2512 gravium
1836 2462 1942 2501 viro-

236 2534 327 2556 rum
355 2519 488 2558 factae
516 2521 627 2570 apud
656 2521 913 2560 Avenionem
939 2537 1078 2561 coram
1105 2523 1249 2573 legatis
1277 2522 1410 2573 regiis,
1440 2536 1540 2573 quas
1578 2522 1620 2559 in
1647 2521 1830 2560 codicem
1865 2521 1941 2560 sub

238 2592 362 2616 manu
386 2579 551 2628 publica
577 2589 617 2618 et
642 2581 883 2620 authentica
904 2582 1041 2620 vforma
1065 2583 1215 2621 relatas
1241 2597 1325 2621 esse
1350 2590 1531 2621 testatur
1554 2581 1619 2620 hic
1643 2580 1832 2631 scriptor,
1857 2594 1941 2618 ma-

238 2650 359 2685 gnam
384 2638 478 2676 huic
503 2638 698 2678 historiae
724 2641 858 2679 lucem
884 2642 1062 2680 afferret.
1090 2642 1168 2680 Sed
1191 2656 1300 2680 nunc
1319 2641 1383 2680 ille
1406 2656 1488 2679 non
1510 2648 1735 2690 comparet.
1759 2640 1941 2678 Tantum

237 2695 277 2732 in
301 2696 437 2735 codice
459 2696 534 2734 81]
558 2698 833 2738 bibliothecae
858 2700 1142 2740 Colbertinae1
1168 2709 1316 2739 extant
1339 2701 1452 2748 Acta,
1469 2700 1510 2738 in
1534 2700 1682 2750 quibus
1704 2699 1941 2738 continetur

237 2754 437 2804 depositio
474 2757 690 2796 cardinalis
731 2759 956 2797 Florentini
990 2760 1116 2809 jurati
1154 2774 1255 2798 more
1292 2760 1532 2810 prelatorum
1568 2773 1690 2797 manu
1726 2758 1856 2808 posita
1891 2759 1943 2796 ad

239 2821 368 2858 pectus
402 2816 510 2852 sacta
545 2831 683 2854 coram
716 2818 860 2867 legatis
896 2818 1013 2869 regiis
1048 2828 1090 2857 et
1124 2818 1301 2865 notario,
1335 2819 1376 2856 in
1411 2818 1581 2857 civitate
1617 2817 1839 2856 Avenionis
1875 2817 1938 2855 die

237 2872 340 2919 jovis
376 2888 460 2910 xvn
496 2875 591 2912 maii
626 2889 733 2913 anno
768 2891 789 2914 a
824 2878 1047 2916 nativitate
1085 2878 1250 2916 Domini
1284 2877 1665 2925 MCCCLXXXVI,
1699 2885 1740 2915 et
1778 2876 1942 2915 articuli

293 3007 316 3037 1,
339 3006 375 3038 Β.
406 3007 462 3046 N.y
489 3020 554 3041 ms.
581 3010 676 3042 latin
702 3011 806 3045 1462.
832 3013 894 3046 fol.
920 3014 1068 3047 3510-45
1096 3019 1146 3053 νο,
1173 3014 1322 3047 5οΓἺ-54
1347 3018 1398 3047 v0.
1415 3032 1464 3037 —·
1490 3013 1529 3046 L.
1558 3012 1684 3056 Gayet
1714 3012 1777 3056 (Le
1815 3012 1942 3046 Grand

238 3058 398 3091 &rhu-me
427 3060 645 3102 rl’Ooeident,
674 3070 698 3096 t.
729 3077 764 3101 11,
794 3065 915 3108 pieccs
936 3067 1222 3111 justificatives)
1259 3078 1280 3100 a
1310 3067 1439 3111 public
1471 3066 1634 3100 certains
1664 3061 1717 3114 {de
1742 3077 1800 3098 ees
1833 3067 1941 3100 Actes

241 3114 287 3152 [p.
318 3112 344 3149 1,
371 3113 494 3153 57-82‚
526 3116 713 3153 84-1-148,
751 3119 881 3159 16268,
917 3120 1105 3164 169-185).
