2083 3458
115 242 265 297 [1252]
633 259 850 285 PAPARUM
886 262 1270 288 AVENroNENsmM
1721 247 1801 287 775

103 343 274 382 Joannis
298 342 433 389 Fabri,
454 343 634 394 episcopi
654 344 929 393 Carnotensis,
951 347 1112 384 ostendi
1131 347 1171 384 id
1194 347 1310 386 facile
1330 356 1482 398 potest.
1506 348 1671 386 Etenim
1691 362 1799 385 anno

104 402 460 449 MCCCLXXXV,
480 402 543 440 die
562 403 765 442 dominica
785 405 889 441 xx'm
907 405 1061 455 aprilis,
1078 406 1185 444 idem
1206 406 1418 457 episcopus
1436 415 1478 445 et
1496 407 1563 444 alii
1581 406 1799 445 consiliarii

104 462 253 501 Mariae
284 461 445 516 reginae
479 461 650 509 Siciliae,
682 476 786 512 quae
817 471 906 501 erat
937 465 1045 514 apud
1080 465 1384 505 Villamnovam
1415 466 1455 504 in
1487 466 1573 516 ripa
1609 465 1799 504 Rhodani

101 519 244 560 contra
274 520 544 568 Avenionem,
574 521 681 559 ivere
711 522 978 562 cum‘eodem
1007 524 1211 563 cardinale
1242 525 1496 565 Avenionem
1526 526 1567 563 in
1595 525 1798 575 palatium

100 580 388 631 apostolicum,
414 579 552 629 ibique
577 595 650 630 pro
676 581 848 630 negotiis
874 582 1034 631 reginae
1061 584 1295 633 congregati
1320 593 1417 623 sunt
1441 584 1482 622 in
1508 598 1667 622 camera
1694 598 1798 634 quae

101 648 275 678 vocatur
307 640 508 686 Romana,
539 640 608 677 sed
638 654 785 689 parum
814 650 1125 690 promoverunt.
1157 643 1262 680 Tum
1291 643 1503 693 episcopus
1534 658 1706 694 pransus
1736 651 1800 681 est

100 699 211 749 apud
242 698 493 738 cardinalem
526 698 874 738 Ebredunensem.
909 701 1075 738 Postera
1108 701 1169 739 die
1200 701 1344 740 iisdem
1375 702 1628 752 congregatis
1660 716 1798 740 coram

100 772 222 808 papa,
256 772 348 796 cum
381 771 462 795 una
495 758 700 805 adessent,
733 767 896 808 praeter
928 768 1096 806 ceterOS‚
1129 760 1216 810 ipsa
1251 761 1377 799 Maria
1410 761 1561 811 regina,
1598 761 1796 800 Henricus

101 818 272 868 despota
307 816 532 855 Romaniae
564 817 690 855 frater
720 817 895 867 reginae,
927 818 1060 857 Guido
1101 819 1365 867 Lavallensis‚
1398 835 1530 860 comes
1561 819 1797 868 Bellifortis‚

100 877 372 915 seneschallus
396 876 650 923 Provinciae,
672 877 860 916 dominus
884 877 931 915 de
953 878 1083 924 Saltu,
1104 879 1334 917 Bernardus
1357 879 1404 917 de
1426 880 1463 917 la
1486 880 1592 926 Sala,
1613 888 1653 917 et
1675 880 1795 917 Geor-

102 935 186 985 gius
213 936 261 974 de
289 935 445 983 Marlio,
473 936 684 976 decretum
709 944 770 974 est
795 951 865 986 per
890 936 1001 977 viam
1027 938 1212 975 scrutinii
1230 938 1292 976 uti
1324 939 1429 977 bello
1464 939 1574 988 quod
1600 939 1798 976 adversus

101 995 375 1034 provinciales
418 995 659 1045 parabatur,
703 995 878 1044 gerendo
920 997 1214 1046 praeficeretur
1256 1012 1349 1035 cum
1385 1012 1545 1036 summa
1588 989 1797 1047 potestate

100 1054 289 1092 dominus
311 1054 359 1093 de
385 1054 615 1104 Rupeforti,
637 1062 677 1092 et
697 1054 862 1094 interim
883 1055 1010 1094 donec
1032 1055 1094 1093 ille
1116 1056 1365 1103 advenisset,
1383 1048 1571 1094 dominus
1594 1057 1641 1094 de
1662 1056 1794 1095 Vinai.

154 1114 310 1152 Eodem
341 1128 449 1151 anno
493 1114 696 1163 [Journak
727 1128 767 1163 p.
802 1114 916 1164 107],
949 1114 1011 1152 die
1042 1115 1162 1153 lunae
1204 1124 1351 1154 octava
1384 1116 1493 1162 maii,
1534 1130 1626 1154 cum
1657 1115 1794 1165 regina

99 1173 349 1211 consiliarios
371 1187 463 1210 suos
485 1181 526 1210 et
547 1172 771 1211 cardinales
796 1173 1132 1213 Ebredunensem
1152 1183 1193 1212 et
1214 1175 1482 1213 Cusentinum
1505 1174 1546 1214 in.
1565 1189 1657 1212 suas
1679 1175 1798 1212 aedes

100 1241 326 1279 evocasset,
342 1232 705 1281 consultarentque
721 1232 897 1270 invicem
913 1233 960 1271 de
972 1233 1130 1271 ratione
1146 1234 1454 1272 scribendarum
1468 1234 1680 1273 literarum
1693 1248 1798 1283 quae

99 1305 122 1329 a
144 1292 282 1341 regina
304 1291 579 1329 scriberentur
599 1291 639 1328 in
662 1291 922 1329 Provinciam
944 1300 984 1330 et
1007 1292 1054 1330 de
1076 1293 1363 1343 procuratione
1385 1293 1497 1342 regni
1520 1292 1798 1343 Neapolitani,

100 1351 232 1400 primo
253 1351 420 1400 quidem
442 1350 636 1389 convenit
658 1350 769 1390 illam
790 1350 830 1388 in
852 1350 1067 1389 scribendo
1089 1360 1347 1390 servaturam
1368 1367 1462 1392 eum
1484 1352 1652 1389 modum
1676 1366 1798 1401 quem

99 1411 293 1448 servabat
316 1410 357 1447 in
381 1409 505 1448 literis
531 1424 631 1459 quas
656 1409 862 1448 scribebat
884 1410 925 1447 in
950 1410 1180 1457 Franciam,
1204 1419 1406 1461 tanquam
1430 1426 1475 1449 ea
1499 1426 1602 1460 quac
1626 1411 1797 1449 haberet

101 1469 270 1507 ballium
293 1469 376 1507 sive
400 1469 578 1507 tutelam
600 1477 641 1507 et
663 1469 1067 1509 administrationem
1091 1471 1191 1520 regis
1219 1470 1288 1507 filii
1311 1470 1372 1508 sui
1397 1470 1452 1519 (id
1475 1479 1550 1517 est,
1575 1470 1798 1508 Lufslovicus

101 1543 166 1566 rex
187 1537 252 1567 ete.
278 1530 321 1566 cle
343 1529 571 1566 auctoritate
592 1537 625 1566 et
647 1543 811 1566 assensu
834 1529 990 1566 domine
1013 1530 1147 1567 illm-ie
1169 1530 1302 1578 regine
1325 1530 1527 1579 genitricis
1549 1538 1582 1567 et
1605 1530 1797 1578 guberna-

101 1588 223 1635 tricis,
250 1596 344 1635 etc.,
372 1597 419 1626 ut
445 1588 568 1638 paulo
596 1596 692 1626 ante
720 1587 878 1626 dictum
905 1589 982 1637 est)
1013 1589 1157 1627 deinde
1187 1589 1383 1639 quoniam
1411 1588 1568 1627 dictum
1597 1588 1674 1625 fuit
1702 1588 1798 1625 olim

100 1661 227 1698 papas
252 1647 293 1684 in
318 1662 358 1685 se
383 1647 606 1697 suscepisse
631 1647 815 1697 ejusden]
841 1647 954 1696 regni
978 1648 1382 1686 administrationem
1406 1663 1496 1697 rege
1522 1648 1731 1697 impubere
1757 1655 1798 1685 et

100 1707 269 1754 minore,
294 1707 478 1763 adeoque
504 1706 714 1756 negotium
738 1706 850 1745 istud
874 1721 955 1744 non
980 1722 1113 1745 carere
1139 1707 1396 1754 difficultate,
1422 1706 1576 1757 placuit
1601 1706 1797 1744 delibera-

100 1766 254 1804 tionem
283 1765 436 1804 diss'erri
461 1765 502 1803 in
529 1765 653 1803 alium
683 1766 803 1806 diem.
833 1766 1014 1804 Tandem
1042 1775 1135 1816 post
1159 1767 1272 1805 varia
1296 1766 1497 1816 colloquia
1525 1765 1667 1803 habita
1691 1765 1799 1803 inter

101 1840 234 1875 regem
258 1834 299 1863 et
323 1825 504 1875 reginam
529 1825 698 1875 ejusque
725 1825 987 1873 consiliarios,
1013 1826 1196 1864 Clemens
1221 1840 1329 1876 papa
1353 1825 1496 1863 habito
1522 1825 1796 1875 quorumdam

101 1884 368 1923 cardinalium
394 1884 561 1922 consilio
585 1884 647 1922 die
669 1884 775 1934 jovis
800 1899 900 1922 xv111
924 1885 1109 1934 ejusdem
1132 1885 1280 1923 mensis
1304 1884 1464 1934 reginae
1488 1884 1704 1921 mandavit
1726 1898 1798 1933 per

103 1944 437 1982 Ebredunensem
459 1943 684 1982 decrevisse
704 1959 743 1982 se
763 1943 798 1982 ei
817 1944 978 1982 tradere
998 1944 1168 1982 ballium
1189 1953 1229 1982 et
1247 1943 1651 1982 administrationem
1670 1942 1797 1992 regni,

101 2012 286 2054 oportere
314 2003 455 2053 itaque
482 2011 529 2040 ut
555 2003 642 2053 ipsa
670 2003 866 2053 postridie
894 2003 935 2040 in
963 2003 1202 2041 consistorio
1229 2003 1459 2053 postularet
1486 2017 1576 2040 eam
1603 2001 1796 2039 adminis-

103 2062 336 2110 trationem,
370 2077 473 2112 quae
506 2062 582 2100 sibi
613 2062 676 2100 die
708 2063 872 2100 sabbati
904 2063 1203 2109 decerneretur,
1235 2071 1276 2101 et
1307 2062 1370 2100 die
1404 2063 1665 2100 pentecostes
1709 2060 1797 2109 ejus

101 2122 337 2172 homagium
367 2122 615 2172 reciperetur
664 2122 866 2171 [donnum
905 2136 944 2172 p.
977 2122 1090 2172 109].
1126 2121 1196 2160 Die
1237 2122 1376 2171 itaque
1416 2120 1573 2159 veneris
1609 2119 1797 2169 sequenti

101 2180 313 2231 episcopus
332 2180 592 2219 Carnotensis
611 2180 698 2218 vice
715 2189 757 2219 et
773 2180 937 2219 nomine
953 2181 1130 2230 reginae,
1147 2189 1293 2230 utpote
1311 2179 1589 2225 cancellarius,
1607 2178 1797 2228 quamvis

99 2254 144 2278 ea
167 2240 326 2279 sederet
348 2240 405 2278 ibi
426 2240 533 2278 inter
556 2240 656 2278 duos
679 2240 831 2290 primos
856 2240 1095 2286 cardinales,
1118 2240 1158 2277 in
1182 2239 1346 2289 publico
1369 2238 1608 2277 consistorio
1631 2237 1752 2287 petiit
1773 2251 1796 2276 a

98 2313 205 2350 papa
231 2308 279 2337 ut
307 2299 644 2349 quandoquidem
671 2314 742 2337 rex
767 2307 855 2337 erat
881 2299 985 2336 infra
1013 2307 1195 2337 aetatem
1213 2312 1415 2336 annorum
1443 2297 1684 2344 octodecim,
1712 2296 1797 2346 ipse

99 2358 334 2408 provideret
365 2358 448 2408 regi
479 2367 520 2396 et
552 2360 675 2408 regno
709 2358 756 2396 de
789 2372 961 2408 persona
994 2357 1140 2395 idonea
1173 2372 1246 2407 pro
1279 2356 1637 2395 administratione
1670 2355 1796 2404 regni.

102 2418 190 2456 Rex
211 2418 368 2456 aberat.
394 2417 559 2456 Etenim
581 2417 827 2464 dormiebat,
848 2424 890 2455 et
911 2417 1067 2467 placuit
1088 2431 1181 2455 eum
1204 2431 1285 2454 non
1307 2431 1390 2454 esse
1413 2415 1693 2453 excitandum.
1717 2414 1795 2452 Sed

99 2476 161 2515 die
193 2476 371 2524 sabbati,
404 2490 497 2515 cum
527 2474 739 2526 publicum
770 2476 1059 2514 consistorium
1090 2490 1195 2526 papa
1228 2489 1390 2513 rursum
1429 2481 1601 2521 teneret,
1641 2488 1713 2511 rex
1754 2480 1796 2511 et

99 2535 235 2585 regina
262 2535 499 2574 adfuerunt.
528 2536 632 2573 Tum
659 2549 755 2573 vero
782 2534 996 2585 episcopus
1023 2534 1144 2585 petiit
1171 2534 1248 2572 sibi
1273 2533 1509 2584 responderi
1535 2533 1586 2570 ad
1613 2532 1795 2582 postula-

99 2594 253 2634 tionem
279 2594 408 2645 pridie
437 2595 604 2633 factam.
634 2595 746 2644 Papa
772 2593 910 2643 lingua
939 2593 1079 2643 gallica
1106 2608 1202 2631 usus
1229 2600 1492 2643 peramanter
1517 2590 1729 2641 respondit
1755 2605 1796 2628 se

98 2668 148 2691 ex
172 2653 339 2692 consilio
365 2653 548 2693 omnium
573 2652 843 2705 cardinalium
867 2652 969 2702 regis
994 2660 1035 2690 et
1059 2651 1171 2701 regni
1195 2651 1365 2690 ballium
1389 2659 1430 2689 et
1455 2649 1796 2700 gubernationem

98 2712 312 2751 decernere
330 2712 505 2762 reginae,
523 2726 626 2762 quae
644 2719 776 2751 mater
791 2711 893 2761 regis
911 2719 1012 2749 erat.
1033 2712 1250 2749 Decretum
1268 2725 1364 2748 vero
1381 2709 1493 2747 ballii
1508 2708 1796 2759 pronuntiavit

99 2771 235 2821 lingua
255 2771 384 2809 latina
407 2771 542 2809 dicens
566 2786 573 2808 :
595 2770 836 2808 Auctoritate
852 2770 928 2808 Dei
948 2770 1239 2819 omnipotentis,
1261 2777 1337 2807 etc.
1362 2768 1433 2806 His
1454 2768 1511 2805 ita
1532 2767 1668 2814 factis,
1692 2766 1795 2817 epis-

73 2870 79 2873 ,
99 2845 223 2880 copus
244 2830 281 2869 ei
302 2830 465 2868 nomine
486 2829 647 2879 reginae
670 2829 820 2879 gratias
842 2829 939 2878 egit,
961 2829 1161 2878 simulque
1183 2842 1336 2878 papam
1358 2827 1492 2865 oravit
1512 2826 1575 2864 uti
1598 2840 1731 2875 regem
1754 2834 1797 2864 et

98 2889 282 2939 reginam
311 2889 509 2939 reciperet
538 2889 591 2926 ad
621 2887 858 2937 homagium
889 2896 930 2926 et
960 2895 1265 2927 sacramentum
1299 2886 1523 2925 fidelitatis.
1556 2886 1668 2935 Papa
1699 2900 1796 2923 vero

99 2948 207 2987 diem
224 2949 368 2986 horum
389 2947 641 2997 agendorum
658 2946 864 2997 praedixit
882 2946 1068 2985 futurum
1086 2954 1341 2996 sequentem.
1362 2945 1434 2983 Die
1453 2944 1576 2994 igitur
1593 2944 1796 2994 sequenti,

100 3021 203 3057 quae
225 3007 303 3044 fuit
324 3006 528 3046 dominica
550 3007 828 3052 pentecostes,
847 3020 919 3044 rex
937 3013 978 3043 et
998 3005 1135 3054 regina
1156 3004 1433 3043 interfuerunt
1454 3003 1572 3043 misse
1593 3003 1796 3041 celebrate

99 3081 169 3116 per
197 3080 363 3116 papam.
396 3066 543 3103 Postea
572 3079 644 3103 rex
671 3079 722 3102 ex
749 3064 999 3102 auctoritate
1029 3063 1171 3102 matris
1203 3063 1299 3102 fecit
1327 3062 1565 3112 homagium
1595 3070 1636 3100 et
1665 3076 1797 3100 sacra-

98 3133 238 3163 menta
258 3123 553 3163 infeudationis
573 3123 686 3173 regni
707 3122 877 3162 Siciliae.
900 3123 1083 3163 Clemens
1104 3131 1246 3162 autem
1264 3136 1372 3173 papa
1392 3121 1428 3160 ei
1448 3121 1561 3160 dedit
1580 3121 1797 3159 investitu-
